  <div class='ocr_page' id='page_1' title='image "/cluster/home/n/w/nwhite01/storage/ocr_20150623/14:no.4/coo.31924054872928/662.png"; bbox 0 0 4150 6398; ppageno 0'>
   <div class='ocr_carea' id='block_1_1' title="bbox 376 405 525 462">
    <p class='ocr_par' dir='ltr' id='par_1_1' title="bbox 376 405 525 462">
     <span class='ocr_line' id='line_1_1' title="bbox 376 405 525 462; baseline 0.034 -5"><span class='ocrx_word' id='word_1_1' title='bbox 376 405 525 462; x_wconf 69' lang='grc'>1301⁸</span> 
     </span>
    </p>
   </div>
   <div class='ocr_carea' id='block_1_2' title="bbox 1340 400 2759 462">
    <p class='ocr_par' dir='ltr' id='par_1_2' title="bbox 1340 400 2759 462">
     <span class='ocr_line' id='line_1_2' title="bbox 1340 400 2759 462; baseline -0.002 -2"><span class='ocrx_word' id='word_1_2' title='bbox 1340 403 1409 460; x_wconf 81' lang='grc' dir='ltr'><strong>ΙΝ</strong></span> <span class='ocrx_word' id='word_1_3' title='bbox 1436 400 1829 462; x_wconf 78' lang='lat' dir='ltr'><strong>EPISTULAM</strong></span> <span class='ocrx_word' id='word_1_4' title='bbox 1860 404 2012 460; x_wconf 78' lang='lat' dir='ltr'><strong>l‘AD</strong></span> <span class='ocrx_word' id='word_1_5' title='bbox 2041 401 2759 460; x_wconf 65' lang='lat' dir='ltr'><strong>THESSALONICENSES.</strong></span> 
     </span>
    </p>
   </div>
   <div class='ocr_carea' id='block_1_3' title="bbox 375 522 3650 599">
    <p class='ocr_par' dir='ltr' id='par_1_3' title="bbox 375 522 3650 599">
     <span class='ocr_line' id='line_1_3' title="bbox 375 522 3650 599; baseline 0.002 -23"><span class='ocrx_word' id='word_1_6' title='bbox 375 533 476 591; x_wconf 22' lang='lat' dir='ltr'><strong>tnr.</strong></span> <span class='ocrx_word' id='word_1_7' title='bbox 497 524 587 595; x_wconf 90' lang='lat' dir='ltr'><strong>qui</strong></span> <span class='ocrx_word' id='word_1_8' title='bbox 617 523 826 595; x_wconf 79' lang='lat' dir='ltr'><strong>vigilat,</strong></span> <span class='ocrx_word' id='word_1_9' title='bbox 878 526 961 581; x_wconf 87' lang='lat' dir='ltr'><strong>sic</strong></span> <span class='ocrx_word' id='word_1_10' title='bbox 998 526 1091 595; x_wconf 90' lang='lat' dir='ltr'><strong>qui</strong></span> <span class='ocrx_word' id='word_1_11' title='bbox 1139 526 1344 582; x_wconf 91' lang='lat' dir='ltr'><strong>dormit</strong></span> <span class='ocrx_word' id='word_1_12' title='bbox 1391 527 1538 598; x_wconf 89' lang='lat' dir='ltr'><strong>jacet</strong></span> <span class='ocrx_word' id='word_1_13' title='bbox 1587 528 1865 596; x_wconf 87' lang='lat' dir='ltr'><strong>immotus,</strong></span> <span class='ocrx_word' id='word_1_14' title='bbox 1889 536 1944 583; x_wconf 90' lang='lat' dir='ltr'><strong>et</strong></span> <span class='ocrx_word' id='word_1_15' title='bbox 1971 531 2017 589; x_wconf 78' lang='grc' dir='ltr'>Α</span> <span class='ocrx_word' id='word_1_16' title='bbox 2046 526 2418 592; x_wconf 88' lang='lat' dir='ltr'><strong>venienti,sed</strong></span> <span class='ocrx_word' id='word_1_17' title='bbox 2439 525 2493 581; x_wconf 90' lang='lat' dir='ltr'><strong>ei</strong></span> <span class='ocrx_word' id='word_1_18' title='bbox 2523 524 2617 599; x_wconf 86' lang='lat' dir='ltr'><strong>qui</strong></span> <span class='ocrx_word' id='word_1_19' title='bbox 2644 536 2730 580; x_wconf 90' lang='lat' dir='ltr'><strong>est</strong></span> <span class='ocrx_word' id='word_1_20' title='bbox 2763 524 2901 595; x_wconf 80' lang='lat' dir='ltr'><strong>apud</strong></span> <span class='ocrx_word' id='word_1_21' title='bbox 2929 522 3146 581; x_wconf 83' lang='lat' dir='ltr'><strong>Patrem</strong></span> <span class='ocrx_word' id='word_1_22' title='bbox 3174 523 3413 583; x_wconf 77' lang='lat' dir='ltr'><strong>Verbum</strong></span> <span class='ocrx_word' id='word_1_23' title='bbox 3444 525 3609 581; x_wconf 87' lang='lat' dir='ltr'><strong>Dens.</strong></span> <span class='ocrx_word' id='word_1_24' title='bbox 3639 557 3650 573; x_wconf 67' lang='grc' dir='ltr'><strong>ε</strong></span> 
     </span>
    </p>
   </div>
   <div class='ocr_carea' id='block_1_4' title="bbox 376 616 1948 688">
    <p class='ocr_par' dir='ltr' id='par_1_4' title="bbox 376 616 1948 688">
     <span class='ocr_line' id='line_1_4' title="bbox 376 616 1948 688; baseline 0.005 -18"><span class='ocrx_word' id='word_1_25' title='bbox 376 617 567 671; x_wconf 89' lang='lat' dir='ltr'><strong>mortis</strong></span> <span class='ocrx_word' id='word_1_26' title='bbox 600 623 780 688; x_wconf 92' lang='lat' dir='ltr'><strong>torpet</strong></span> <span class='ocrx_word' id='word_1_27' title='bbox 809 616 1188 673; x_wconf 82' lang='lat' dir='ltr'><strong>similitudine.</strong></span> <span class='ocrx_word' id='word_1_28' title='bbox 1215 618 1368 686; x_wconf 88' lang='lat' dir='ltr'><strong>Quod</strong></span> <span class='ocrx_word' id='word_1_29' title='bbox 1401 631 1582 675; x_wconf 89' lang='lat' dir='ltr'><strong>autem</strong></span> <span class='ocrx_word' id='word_1_30' title='bbox 1606 623 1948 678; x_wconf 86' lang='lat' dir='ltr'><strong>dormitatio-</strong></span> 
     </span>
    </p>
   </div>
   <div class='ocr_carea' id='block_1_5' title="bbox 375 714 1947 784">
    <p class='ocr_par' dir='ltr' id='par_1_5' title="bbox 375 714 1947 784">
     <span class='ocr_line' id='line_1_5' title="bbox 375 714 1947 784; baseline 0.003 -19"><span class='ocrx_word' id='word_1_31' title='bbox 375 726 499 765; x_wconf 89' lang='lat' dir='ltr'><strong>nem</strong></span> <span class='ocrx_word' id='word_1_32' title='bbox 551 721 812 782; x_wconf 76' lang='lat' dir='ltr'><strong>sequatur</strong></span> <span class='ocrx_word' id='word_1_33' title='bbox 856 727 1028 776; x_wconf 88' lang='lat' dir='ltr'><strong>mors,</strong></span> <span class='ocrx_word' id='word_1_34' title='bbox 1059 723 1114 769; x_wconf 88' lang='lat' dir='ltr'><strong>et</strong></span> <span class='ocrx_word' id='word_1_35' title='bbox 1156 714 1329 782; x_wconf 88' lang='lat' dir='ltr'><strong>prima</strong></span> <span class='ocrx_word' id='word_1_36' title='bbox 1368 716 1435 769; x_wconf 91' lang='lat' dir='ltr'><strong>ad</strong></span> <span class='ocrx_word' id='word_1_37' title='bbox 1469 716 1783 772; x_wconf 87' lang='lat' dir='ltr'><strong>Corinthios</strong></span> <span class='ocrx_word' id='word_1_38' title='bbox 1815 715 1947 784; x_wconf 86' lang='lat' dir='ltr'><strong>Epi-</strong></span> 
     </span>
    </p>
   </div>
   <div class='ocr_carea' id='block_1_6' title="bbox 373 800 1944 875">
    <p class='ocr_par' dir='ltr' id='par_1_6' title="bbox 373 800 1944 875">
     <span class='ocr_line' id='line_1_6' title="bbox 373 800 1944 875; baseline 0.001 -20"><span class='ocrx_word' id='word_1_39' title='bbox 373 800 513 855; x_wconf 84' lang='lat' dir='ltr'><strong>stola</strong></span> <span class='ocrx_word' id='word_1_40' title='bbox 544 801 741 856; x_wconf 86' lang='lat' dir='ltr'><strong>docere</strong></span> <span class='ocrx_word' id='word_1_41' title='bbox 766 815 865 855; x_wconf 91' lang='lat' dir='ltr'><strong>nos</strong></span> <span class='ocrx_word' id='word_1_42' title='bbox 896 800 1118 870; x_wconf 89' lang='lat' dir='ltr'><strong>poterit,</strong></span> <span class='ocrx_word' id='word_1_43' title='bbox 1155 803 1210 857; x_wconf 92' lang='lat' dir='ltr'><strong>in</strong></span> <span class='ocrx_word' id='word_1_44' title='bbox 1251 818 1361 873; x_wconf 87' lang='lat' dir='ltr'><strong>qua</strong></span> <span class='ocrx_word' id='word_1_45' title='bbox 1404 805 1476 858; x_wconf 88' lang='lat' dir='ltr'><strong>ita</strong></span> <span class='ocrx_word' id='word_1_46' title='bbox 1522 807 1783 875; x_wconf 87' lang='lat' dir='ltr'><strong>scriptum</strong></span> <span class='ocrx_word' id='word_1_47' title='bbox 1819 812 1944 859; x_wconf 90' lang='lat' dir='ltr'><strong>est:</strong></span> 
     </span>
    </p>
   </div>
   <div class='ocr_carea' id='block_1_7' title="bbox 375 881 1948 967">
    <p class='ocr_par' dir='ltr' id='par_1_7' title="bbox 375 881 1948 967">
     <span class='ocr_line' id='line_1_7' title="bbox 375 881 1948 967; baseline 0.005 -23"><span class='ocrx_word' id='word_1_48' title='bbox 375 889 536 945; x_wconf 84' lang='lat' dir='ltr'><strong>Nune</strong></span> <span class='ocrx_word' id='word_1_49' title='bbox 567 903 741 947; x_wconf 89' lang='lat' dir='ltr'><strong>autem</strong></span> <span class='ocrx_word' id='word_1_50' title='bbox 782 892 1025 947; x_wconf 73' lang='lat' dir='ltr'><strong>Christus</strong></span> <span class='ocrx_word' id='word_1_51' title='bbox 1066 897 1295 950; x_wconf 71' lang='lat' dir='ltr'><strong>surrexit</strong></span> <span class='ocrx_word' id='word_1_52' title='bbox 1324 911 1389 950; x_wconf 80' lang='lat' dir='ltr'><strong>ea:</strong></span> <span class='ocrx_word' id='word_1_53' title='bbox 1423 881 1948 967; x_wconf 50' lang='lat' dir='ltr'><strong>mortuisfprimitite</strong></span> 
     </span>
    </p>
   </div>
   <div class='ocr_carea' id='block_1_8' title="bbox 375 987 1949 1058">
    <p class='ocr_par' dir='ltr' id='par_1_8' title="bbox 375 987 1949 1058">
     <span class='ocr_line' id='line_1_8' title="bbox 375 987 1949 1058; baseline 0.003 -19"><span class='ocrx_word' id='word_1_54' title='bbox 375 987 759 1040; x_wconf 78' lang='lat' dir='ltr'><strong>dormientium</strong></span> <span class='ocrx_word' id='word_1_55' title='bbox 782 1000 802 1038; x_wconf 91' lang='grc'><strong>.·</strong></span> <span class='ocrx_word' id='word_1_56' title='bbox 829 988 953 1057; x_wconf 86' lang='lat' dir='ltr'><strong>quia</strong></span> <span class='ocrx_word' id='word_1_57' title='bbox 972 1005 1064 1057; x_wconf 85' lang='lat' dir='ltr'><strong>per</strong></span> <span class='ocrx_word' id='word_1_58' title='bbox 1087 987 1350 1043; x_wconf 80' lang='lat' dir='ltr'><strong>hominem</strong></span> <span class='ocrx_word' id='word_1_59' title='bbox 1380 1005 1544 1054; x_wconf 88' lang='lat' dir='ltr'><strong>mors,</strong></span> <span class='ocrx_word' id='word_1_60' title='bbox 1578 1000 1626 1044; x_wconf 88' lang='lat' dir='ltr'><strong>et</strong></span> <span class='ocrx_word' id='word_1_61' title='bbox 1649 1004 1743 1058; x_wconf 85' lang='lat' dir='ltr'><strong>per</strong></span> <span class='ocrx_word' id='word_1_62' title='bbox 1774 991 1949 1044; x_wconf 82' lang='lat' dir='ltr'><strong>homi-</strong></span> 
     </span>
    </p>
   </div>
   <div class='ocr_carea' id='block_1_9' title="bbox 379 1079 1945 1150">
    <p class='ocr_par' dir='ltr' id='par_1_9' title="bbox 379 1079 1945 1150">
     <span class='ocr_line' id='line_1_9' title="bbox 379 1079 1945 1150; baseline 0.005 -22"><span class='ocrx_word' id='word_1_63' title='bbox 379 1094 497 1130; x_wconf 85' lang='lat' dir='ltr'><strong>nent</strong></span> <span class='ocrx_word' id='word_1_64' title='bbox 557 1084 871 1132; x_wconf 74' lang='lat' dir='ltr'><strong>resurrectio</strong></span> <span class='ocrx_word' id='word_1_65' title='bbox 920 1088 1400 1143; x_wconf 79' lang='lat' dir='ltr'><strong>m0rtuorum;-et</strong></span> <span class='ocrx_word' id='word_1_66' title='bbox 1451 1090 1571 1150; x_wconf 90' lang='lat' dir='ltr'><strong>post</strong></span> <span class='ocrx_word' id='word_1_67' title='bbox 1627 1079 1945 1150; x_wconf 84' lang='lat' dir='ltr'><strong>paululum:</strong></span> 
     </span>
    </p>
   </div>
   <div class='ocr_carea' id='block_1_10' title="bbox 377 1169 1947 1239">
    <p class='ocr_par' dir='ltr' id='par_1_10' title="bbox 377 1169 1947 1239">
     <span class='ocr_line' id='line_1_10' title="bbox 377 1169 1947 1239; baseline 0.002 -15"><span class='ocrx_word' id='word_1_68' title='bbox 377 1169 505 1224; x_wconf 84' lang='lat' dir='ltr'><strong>Non</strong></span> <span class='ocrx_word' id='word_1_69' title='bbox 561 1187 739 1225; x_wconf 89' lang='lat' dir='ltr'><strong>omnes</strong></span> <span class='ocrx_word' id='word_1_70' title='bbox 785 1171 1130 1237; x_wconf 78' lang='lat' dir='ltr'><strong>dormiamus,</strong></span> <span class='ocrx_word' id='word_1_71' title='bbox 1168 1172 1261 1227; x_wconf 89' lang='lat' dir='ltr'><strong>sed</strong></span> <span class='ocrx_word' id='word_1_72' title='bbox 1306 1189 1481 1227; x_wconf 84' lang='lat' dir='ltr'><strong>omnes</strong></span> <span class='ocrx_word' id='word_1_73' title='bbox 1523 1172 1947 1239; x_wconf 83' lang='lat' dir='ltr'><strong>immutabimur,</strong></span> 
     </span>
    </p>
   </div>
   <div class='ocr_carea' id='block_1_11' title="bbox 373 1264 1950 1330">
    <p class='ocr_par' dir='ltr' id='par_1_11' title="bbox 373 1264 1950 1330">
     <span class='ocr_line' id='line_1_11' title="bbox 373 1264 1950 1330; baseline 0.003 -14"><span class='ocrx_word' id='word_1_74' title='bbox 373 1264 429 1316; x_wconf 88' lang='lat' dir='ltr'><strong>in</strong></span> <span class='ocrx_word' id='word_1_75' title='bbox 461 1274 747 1328; x_wconf 84' lang='lat' dir='ltr'><strong>momento,</strong></span> <span class='ocrx_word' id='word_1_76' title='bbox 780 1264 836 1318; x_wconf 89' lang='lat' dir='ltr'><strong>in</strong></span> <span class='ocrx_word' id='word_1_77' title='bbox 874 1265 983 1318; x_wconf 87' lang='lat' dir='ltr'><strong>ictu</strong></span> <span class='ocrx_word' id='word_1_78' title='bbox 1019 1264 1180 1330; x_wconf 84' lang='lat' dir='ltr'><strong>oculi,</strong></span> <span class='ocrx_word' id='word_1_79' title='bbox 1212 1265 1268 1318; x_wconf 89' lang='lat' dir='ltr'><strong>in</strong></span> <span class='ocrx_word' id='word_1_80' title='bbox 1300 1266 1583 1319; x_wconf 84' lang='lat' dir='ltr'><strong>novissima</strong></span> <span class='ocrx_word' id='word_1_81' title='bbox 1611 1266 1758 1319; x_wconf 87' lang='lat' dir='ltr'><strong>tuba.</strong></span> <span class='ocrx_word' id='word_1_82' title='bbox 1783 1264 1950 1320; x_wconf 84' lang='lat' dir='ltr'><strong>Canet</strong></span> 
     </span>
    </p>
   </div>
   <div class='ocr_carea' id='block_1_12' title="bbox 378 1355 1949 1427">
    <p class='ocr_par' dir='ltr' id='par_1_12' title="bbox 378 1355 1949 1427">
     <span class='ocr_line' id='line_1_12' title="bbox 378 1355 1949 1427; baseline 0.004 -21"><span class='ocrx_word' id='word_1_83' title='bbox 378 1355 520 1406; x_wconf 88' lang='lat' dir='ltr'><strong>enim</strong></span> <span class='ocrx_word' id='word_1_84' title='bbox 558 1355 707 1420; x_wconf 81' lang='lat' dir='ltr'><strong>tuba,</strong></span> <span class='ocrx_word' id='word_1_85' title='bbox 755 1366 802 1409; x_wconf 91' lang='lat' dir='ltr'><strong>et</strong></span> <span class='ocrx_word' id='word_1_86' title='bbox 843 1356 1044 1408; x_wconf 78' lang='lat' dir='ltr'><strong>mortui</strong></span> <span class='ocrx_word' id='word_1_87' title='bbox 1073 1366 1346 1425; x_wconf 86' lang='lat' dir='ltr'><strong>resurgent</strong></span> <span class='ocrx_word' id='word_1_88' title='bbox 1393 1357 1713 1427; x_wconf 83' lang='lat' dir='ltr'><strong>incorrupti,</strong></span> <span class='ocrx_word' id='word_1_89' title='bbox 1760 1365 1809 1411; x_wconf 83' lang='lat' dir='ltr'><strong>et</strong></span> <span class='ocrx_word' id='word_1_90' title='bbox 1855 1373 1949 1412; x_wconf 87' lang='lat' dir='ltr'><strong>nos</strong></span> 
     </span>
    </p>
   </div>
   <div class='ocr_carea' id='block_1_13' title="bbox 374 1443 1951 1514">
    <p class='ocr_par' dir='ltr' id='par_1_13' title="bbox 374 1443 1951 1514">
     <span class='ocr_line' id='line_1_13' title="bbox 374 1443 1951 1514; baseline 0.004 -18"><span class='ocrx_word' id='word_1_91' title='bbox 374 1443 778 1498; x_wconf 82' lang='lat' dir='ltr'><strong>immutabimur</strong></span> <span class='ocrx_word' id='word_1_92' title='bbox 816 1445 883 1499; x_wconf 82' lang='grc'><strong>⁷⁷.</strong></span> <span class='ocrx_word' id='word_1_93' title='bbox 920 1445 1054 1501; x_wconf 89' lang='lat' dir='ltr'><strong>Cum</strong></span> <span class='ocrx_word' id='word_1_94' title='bbox 1083 1459 1214 1514; x_wconf 87' lang='lat' dir='ltr'><strong>ergo</strong></span> <span class='ocrx_word' id='word_1_95' title='bbox 1246 1448 1375 1502; x_wconf 64' lang='lat' dir='ltr'><strong>hac</strong></span> <span class='ocrx_word' id='word_1_96' title='bbox 1404 1448 1469 1503; x_wconf 90' lang='lat' dir='ltr'><strong>de</strong></span> <span class='ocrx_word' id='word_1_97' title='bbox 1498 1448 1829 1503; x_wconf 87' lang='lat' dir='ltr'><strong>dormitione</strong></span> <span class='ocrx_word' id='word_1_98' title='bbox 1869 1448 1951 1502; x_wconf 90' lang='lat' dir='ltr'><strong>di-</strong></span> 
     </span>
    </p>
   </div>
   <div class='ocr_carea' id='block_1_14' title="bbox 374 1538 1952 1611">
    <p class='ocr_par' dir='ltr' id='par_1_14' title="bbox 374 1538 1952 1611">
     <span class='ocr_line' id='line_1_14' title="bbox 374 1538 1952 1611; baseline 0.003 -21"><span class='ocrx_word' id='word_1_99' title='bbox 374 1548 571 1590; x_wconf 88' lang='lat' dir='ltr'><strong>cantur</strong></span> <span class='ocrx_word' id='word_1_100' title='bbox 593 1546 648 1590; x_wconf 93' lang='lat' dir='ltr'><strong>et</strong></span> <span class='ocrx_word' id='word_1_101' title='bbox 674 1547 870 1600; x_wconf 89' lang='lat' dir='ltr'><strong>morte,</strong></span> <span class='ocrx_word' id='word_1_102' title='bbox 901 1549 957 1592; x_wconf 94' lang='lat' dir='ltr'><strong>et</strong></span> <span class='ocrx_word' id='word_1_103' title='bbox 982 1538 1115 1593; x_wconf 92' lang='lat' dir='ltr'><strong>illud</strong></span> <span class='ocrx_word' id='word_1_104' title='bbox 1143 1539 1453 1609; x_wconf 87' lang='lat' dir='ltr'><strong>legamusin</strong></span> <span class='ocrx_word' id='word_1_105' title='bbox 1471 1540 1752 1609; x_wconf 86' lang='lat' dir='ltr'><strong>Apostolo,</strong></span> <span class='ocrx_word' id='word_1_106' title='bbox 1777 1539 1952 1611; x_wconf 81' lang='lat' dir='ltr'><strong>Surge</strong></span> 
     </span>
    </p>
   </div>
   <div class='ocr_carea' id='block_1_15' title="bbox 372 1628 1952 1698">
    <p class='ocr_par' dir='ltr' id='par_1_15' title="bbox 372 1628 1952 1698">
     <span class='ocr_line' id='line_1_15' title="bbox 372 1628 1952 1698; baseline 0.005 -19"><span class='ocrx_word' id='word_1_107' title='bbox 372 1628 467 1698; x_wconf 77' lang='lat' dir='ltr'><strong>qui</strong></span> <span class='ocrx_word' id='word_1_108' title='bbox 495 1628 716 1692; x_wconf 86' lang='lat' dir='ltr'><strong>dormis,</strong></span> <span class='ocrx_word' id='word_1_109' title='bbox 747 1640 798 1683; x_wconf 91' lang='lat' dir='ltr'><strong>et</strong></span> <span class='ocrx_word' id='word_1_110' title='bbox 835 1645 1062 1698; x_wconf 74' lang='lat' dir='ltr'><strong>exsurge</strong></span> <span class='ocrx_word' id='word_1_111' title='bbox 1089 1631 1155 1685; x_wconf 83' lang='lat' dir='ltr'><strong>de</strong></span> <span class='ocrx_word' id='word_1_112' title='bbox 1186 1633 1430 1698; x_wconf 86' lang='lat' dir='ltr'><strong>mortuis,</strong></span> <span class='ocrx_word' id='word_1_113' title='bbox 1469 1641 1518 1685; x_wconf 90' lang='lat' dir='ltr'><strong>et</strong></span> <span class='ocrx_word' id='word_1_114' title='bbox 1546 1632 1868 1687; x_wconf 83' lang='lat' dir='ltr'><strong>illuminabit</strong></span> <span class='ocrx_word' id='word_1_115' title='bbox 1901 1642 1952 1687; x_wconf 91' lang='lat' dir='ltr'><strong>te</strong></span> 
     </span>
    </p>
   </div>
   <div class='ocr_carea' id='block_1_16' title="bbox 374 1720 1950 1791">
    <p class='ocr_par' dir='ltr' id='par_1_16' title="bbox 374 1720 1950 1791">
     <span class='ocr_line' id='line_1_16' title="bbox 374 1720 1950 1791; baseline 0.004 -17"><span class='ocrx_word' id='word_1_116' title='bbox 374 1720 616 1774; x_wconf 85' lang='lat' dir='ltr'><strong>Christus</strong></span> <span class='ocrx_word' id='word_1_117' title='bbox 641 1720 708 1785; x_wconf 82' lang='grc'><strong>⁷⁸,</strong></span> <span class='ocrx_word' id='word_1_118' title='bbox 748 1721 1300 1791; x_wconf 81' lang='lat' dir='ltr'><strong>jnremusDomino,</strong></span> <span class='ocrx_word' id='word_1_119' title='bbox 1351 1730 1407 1777; x_wconf 86' lang='lat' dir='ltr'><strong>et</strong></span> <span class='ocrx_word' id='word_1_120' title='bbox 1442 1734 1629 1778; x_wconf 92' lang='lat' dir='ltr'><strong>votum</strong></span> <span class='ocrx_word' id='word_1_121' title='bbox 1680 1722 1950 1781; x_wconf 80' lang='lat' dir='ltr'><strong>faciamus</strong></span> 
     </span>
    </p>
   </div>
   <div class='ocr_carea' id='block_1_17' title="bbox 376 1813 1951 1885">
    <p class='ocr_par' dir='ltr' id='par_1_17' title="bbox 376 1813 1951 1885">
     <span class='ocr_line' id='line_1_17' title="bbox 376 1813 1951 1885; baseline 0.003 -17"><span class='ocrx_word' id='word_1_122' title='bbox 376 1813 487 1868; x_wconf 88' lang='lat' dir='ltr'><strong>Deo</strong></span> <span class='ocrx_word' id='word_1_123' title='bbox 517 1813 703 1878; x_wconf 81' lang='lat' dir='ltr'><strong>lacob,</strong></span> <span class='ocrx_word' id='word_1_124' title='bbox 725 1816 1095 1885; x_wconf 83' lang='lat' dir='ltr'><strong>unusquisque</strong></span> <span class='ocrx_word' id='word_1_125' title='bbox 1121 1815 1311 1870; x_wconf 90' lang='lat' dir='ltr'><strong>dicens</strong></span> <span class='ocrx_word' id='word_1_126' title='bbox 1340 1817 1392 1870; x_wconf 91' lang='lat' dir='ltr'><strong>in</strong></span> <span class='ocrx_word' id='word_1_127' title='bbox 1425 1818 1587 1872; x_wconf 90' lang='lat' dir='ltr'><strong>corde</strong></span> <span class='ocrx_word' id='word_1_128' title='bbox 1617 1832 1751 1874; x_wconf 91' lang='lat' dir='ltr'><strong>suo:</strong></span> <span class='ocrx_word' id='word_1_129' title='bbox 1781 1817 1841 1873; x_wconf 91' lang='lat' dir='ltr'><strong>Si</strong></span> <span class='ocrx_word' id='word_1_130' title='bbox 1864 1836 1951 1873; x_wconf 80' lang='lat' dir='ltr'><strong>as-</strong></span> 
     </span>
    </p>
   </div>
   <div class='ocr_carea' id='block_1_18' title="bbox 2047 616 3628 688">
    <p class='ocr_par' dir='ltr' id='par_1_18' title="bbox 2047 616 3628 688">
     <span class='ocr_line' id='line_1_18' title="bbox 2047 616 3628 688; baseline 0.002 -16"><span class='ocrx_word' id='word_1_131' title='bbox 2047 619 2115 673; x_wconf 92' lang='lat' dir='ltr'><strong>Et</strong></span> <span class='ocrx_word' id='word_1_132' title='bbox 2152 627 2279 673; x_wconf 87' lang='lat' dir='ltr'><strong>tunc</strong></span> <span class='ocrx_word' id='word_1_133' title='bbox 2322 616 2542 688; x_wconf 87' lang='lat' dir='ltr'><strong>quidem</strong></span> <span class='ocrx_word' id='word_1_134' title='bbox 2573 616 2991 688; x_wconf 80' lang='lat' dir='ltr'><strong>egrediebantur</strong></span> <span class='ocrx_word' id='word_1_135' title='bbox 3017 618 3073 672; x_wconf 91' lang='lat' dir='ltr'><strong>in</strong></span> <span class='ocrx_word' id='word_1_136' title='bbox 3104 618 3400 679; x_wconf 76' lang='lat' dir='ltr'><strong>desertum.</strong></span> <span class='ocrx_word' id='word_1_137' title='bbox 3429 629 3489 673; x_wconf 87' lang='lat' dir='ltr'><strong>ut</strong></span> <span class='ocrx_word' id='word_1_138' title='bbox 3512 634 3628 679; x_wconf 53' lang='lat' dir='ltr'><strong>aue.</strong></span> 
     </span>
    </p>
   </div>
   <div class='ocr_carea' id='block_1_19' title="bbox 2049 706 3617 781">
    <p class='ocr_par' dir='ltr' id='par_1_19' title="bbox 2049 706 3617 781">
     <span class='ocr_line' id='line_1_19' title="bbox 2049 706 3617 781; baseline -0.003 -14"><span class='ocrx_word' id='word_1_139' title='bbox 2049 712 2233 767; x_wconf 90' lang='lat' dir='ltr'><strong>dirent</strong></span> <span class='ocrx_word' id='word_1_140' title='bbox 2261 710 2528 781; x_wconf 89' lang='lat' dir='ltr'><strong>assumpti</strong></span> <span class='ocrx_word' id='word_1_141' title='bbox 2558 706 2797 764; x_wconf 85' lang='lat' dir='ltr'><strong>hominis</strong></span> <span class='ocrx_word' id='word_1_142' title='bbox 2829 724 3247 780; x_wconf 72' lang='lat' dir='ltr'><strong>praecursorem.</strong></span> <span class='ocrx_word' id='word_1_143' title='bbox 3276 716 3332 764; x_wconf 90' lang='lat' dir='ltr'><strong>et</strong></span> <span class='ocrx_word' id='word_1_144' title='bbox 3368 709 3617 765; x_wconf 81' lang='lat' dir='ltr'><strong>viderent</strong></span> 
     </span>
    </p>
   </div>
   <div class='ocr_carea' id='block_1_20' title="bbox 2050 798 3616 872">
    <p class='ocr_par' dir='ltr' id='par_1_20' title="bbox 2050 798 3616 872">
     <span class='ocr_line' id='line_1_20' title="bbox 2050 798 3616 872; baseline -0.004 -16"><span class='ocrx_word' id='word_1_145' title='bbox 2050 803 2379 857; x_wconf 85' lang='lat' dir='ltr'><strong>arundinem</strong></span> <span class='ocrx_word' id='word_1_146' title='bbox 2420 810 2583 855; x_wconf 91' lang='lat' dir='ltr'><strong>vento</strong></span> <span class='ocrx_word' id='word_1_147' title='bbox 2635 800 2894 872; x_wconf 88' lang='lat' dir='ltr'><strong>agitatam</strong></span> <span class='ocrx_word' id='word_1_148' title='bbox 2949 799 3019 864; x_wconf 81' lang='grc'><strong>⁸⁸,</strong></span> <span class='ocrx_word' id='word_1_149' title='bbox 3052 799 3119 854; x_wconf 90' lang='lat' dir='ltr'><strong>de</strong></span> <span class='ocrx_word' id='word_1_150' title='bbox 3150 814 3255 869; x_wconf 87' lang='lat' dir='ltr'><strong>qua</strong></span> <span class='ocrx_word' id='word_1_151' title='bbox 3296 798 3454 853; x_wconf 62' lang='lat' dir='ltr'><strong>facta:</strong></span> <span class='ocrx_word' id='word_1_152' title='bbox 3490 807 3616 855; x_wconf 86' lang='lat' dir='ltr'><strong>sunt</strong></span> 
     </span>
    </p>
   </div>
   <div class='ocr_carea' id='block_1_21' title="bbox 2051 888 3617 959">
    <p class='ocr_par' dir='ltr' id='par_1_21' title="bbox 2051 888 3617 959">
     <span class='ocr_line' id='line_1_21' title="bbox 2051 888 3617 959; baseline -0.004 -13"><span class='ocrx_word' id='word_1_153' title='bbox 2051 893 2217 958; x_wconf 66' lang='lat' dir='ltr'><strong>tibiae,</strong></span> <span class='ocrx_word' id='word_1_154' title='bbox 2248 903 2313 949; x_wconf 71' lang='lat' dir='ltr'><strong>et.</strong></span> <span class='ocrx_word' id='word_1_155' title='bbox 2337 891 2538 947; x_wconf 86' lang='lat' dir='ltr'><strong>vocalis</strong></span> <span class='ocrx_word' id='word_1_156' title='bbox 2571 889 2813 945; x_wconf 89' lang='lat' dir='ltr'><strong>calamus</strong></span> <span class='ocrx_word' id='word_1_157' title='bbox 2832 888 2925 959; x_wconf 89' lang='lat' dir='ltr'><strong>qui</strong></span> <span class='ocrx_word' id='word_1_158' title='bbox 2951 888 3004 942; x_wconf 92' lang='lat' dir='ltr'><strong>in</strong></span> <span class='ocrx_word' id='word_1_159' title='bbox 3027 903 3124 944; x_wconf 85' lang='lat' dir='ltr'><strong>ore</strong></span> <span class='ocrx_word' id='word_1_160' title='bbox 3153 903 3441 958; x_wconf 90' lang='lat' dir='ltr'><strong>puerorum</strong></span> <span class='ocrx_word' id='word_1_161' title='bbox 3473 888 3617 943; x_wconf 84' lang='lat' dir='ltr'><strong>dulci</strong></span> 
     </span>
    </p>
   </div>
   <div class='ocr_carea' id='block_1_22' title="bbox 2050 979 3619 1048">
    <p class='ocr_par' dir='ltr' id='par_1_22' title="bbox 2050 979 3619 1048">
     <span class='ocr_line' id='line_1_22' title="bbox 2050 979 3619 1048; baseline -0.006 -8"><span class='ocrx_word' id='word_1_162' title='bbox 2050 995 2208 1040; x_wconf 88' lang='lat' dir='ltr'><strong>sonat</strong></span> <span class='ocrx_word' id='word_1_163' title='bbox 2251 983 2642 1048; x_wconf 76' lang='lat' dir='ltr'><strong>modulamine,</strong></span> <span class='ocrx_word' id='word_1_164' title='bbox 2679 981 2994 1037; x_wconf 88' lang='lat' dir='ltr'><strong>canentium</strong></span> <span class='ocrx_word' id='word_1_165' title='bbox 3023 980 3076 1034; x_wconf 91' lang='lat' dir='ltr'><strong>in</strong></span> <span class='ocrx_word' id='word_1_166' title='bbox 3112 979 3309 1045; x_wconf 87' lang='lat' dir='ltr'><strong>plateis</strong></span> <span class='ocrx_word' id='word_1_167' title='bbox 3338 988 3498 1048; x_wconf 87' lang='lat' dir='ltr'><strong>atque</strong></span> <span class='ocrx_word' id='word_1_168' title='bbox 3536 979 3619 1032; x_wconf 89' lang='lat' dir='ltr'><strong>di-</strong></span> 
     </span>
    </p>
   </div>
   <div class='ocr_carea' id='block_1_23' title="bbox 2051 1071 3616 1140">
    <p class='ocr_par' dir='ltr' id='par_1_23' title="bbox 2051 1071 3616 1140">
     <span class='ocr_line' id='line_1_23' title="bbox 2051 1071 3616 1140; baseline -0.004 -9"><span class='ocrx_word' id='word_1_169' title='bbox 2051 1076 2345 1131; x_wconf 83' lang='lat' dir='ltr'><strong>centium:</strong></span> <span class='ocrx_word' id='word_1_170' title='bbox 2393 1074 2738 1130; x_wconf 81' lang='lat' dir='ltr'><strong>Cantavimus</strong></span> <span class='ocrx_word' id='word_1_171' title='bbox 2794 1073 2972 1140; x_wconf 79' lang='lat' dir='ltr'><strong>vobis,</strong></span> <span class='ocrx_word' id='word_1_172' title='bbox 3014 1082 3065 1126; x_wconf 91' lang='lat' dir='ltr'><strong>et</strong></span> <span class='ocrx_word' id='word_1_173' title='bbox 3120 1088 3224 1127; x_wconf 87' lang='lat' dir='ltr'><strong>non</strong></span> <span class='ocrx_word' id='word_1_174' title='bbox 3276 1072 3510 1126; x_wconf 87' lang='lat' dir='ltr'><strong>saltastis</strong></span> <span class='ocrx_word' id='word_1_175' title='bbox 3545 1071 3616 1125; x_wconf 77' lang='lat'><strong>&quot;.</strong></span> 
     </span>
    </p>
   </div>
   <div class='ocr_carea' id='block_1_24' title="bbox 2051 1161 3619 1233">
    <p class='ocr_par' dir='ltr' id='par_1_24' title="bbox 2051 1161 3619 1233">
     <span class='ocr_line' id='line_1_24' title="bbox 2051 1161 3619 1233; baseline -0.003 -12"><span class='ocrx_word' id='word_1_176' title='bbox 2051 1165 2206 1221; x_wconf 79' lang='lat' dir='ltr'><strong>Nunc</strong></span> <span class='ocrx_word' id='word_1_177' title='bbox 2260 1175 2444 1220; x_wconf 89' lang='lat' dir='ltr'><strong>autem</strong></span> <span class='ocrx_word' id='word_1_178' title='bbox 2489 1165 2543 1220; x_wconf 92' lang='lat' dir='ltr'><strong>in</strong></span> <span class='ocrx_word' id='word_1_179' title='bbox 2576 1179 2712 1221; x_wconf 90' lang='lat' dir='ltr'><strong>voce</strong></span> <span class='ocrx_word' id='word_1_180' title='bbox 2747 1162 3057 1232; x_wconf 81' lang='lat' dir='ltr'><strong>archangeli</strong></span> <span class='ocrx_word' id='word_1_181' title='bbox 3112 1164 3473 1233; x_wconf 64' lang='lat' dir='ltr'><strong>praecedentis</strong></span> <span class='ocrx_word' id='word_1_182' title='bbox 3508 1161 3619 1217; x_wconf 91' lang='lat' dir='ltr'><strong>Do-</strong></span> 
     </span>
    </p>
   </div>
   <div class='ocr_carea' id='block_1_25' title="bbox 2053 1253 3620 1318">
    <p class='ocr_par' dir='ltr' id='par_1_25' title="bbox 2053 1253 3620 1318">
     <span class='ocr_line' id='line_1_25' title="bbox 2053 1253 3620 1318; baseline -0.003 -7"><span class='ocrx_word' id='word_1_183' title='bbox 2053 1258 2260 1312; x_wconf 87' lang='lat' dir='ltr'><strong>minum</strong></span> <span class='ocrx_word' id='word_1_184' title='bbox 2304 1256 2726 1311; x_wconf 88' lang='lat' dir='ltr'><strong>descendentem</strong></span> <span class='ocrx_word' id='word_1_185' title='bbox 2769 1254 2834 1308; x_wconf 92' lang='lat' dir='ltr'><strong>de</strong></span> <span class='ocrx_word' id='word_1_186' title='bbox 2880 1253 3059 1318; x_wconf 73' lang='lat' dir='ltr'><strong>omlis,</strong></span> <span class='ocrx_word' id='word_1_187' title='bbox 3107 1262 3163 1309; x_wconf 89' lang='lat' dir='ltr'><strong>et</strong></span> <span class='ocrx_word' id='word_1_188' title='bbox 3206 1254 3259 1307; x_wconf 92' lang='lat' dir='ltr'><strong>in</strong></span> <span class='ocrx_word' id='word_1_189' title='bbox 3311 1253 3620 1309; x_wconf 89' lang='lat' dir='ltr'><strong>clarissima</strong></span> 
     </span>
    </p>
   </div>
   <div class='ocr_carea' id='block_1_26' title="bbox 2054 1342 3622 1417">
    <p class='ocr_par' dir='ltr' id='par_1_26' title="bbox 2054 1342 3622 1417">
     <span class='ocr_line' id='line_1_26' title="bbox 2054 1342 3622 1417; baseline -0.004 -13"><span class='ocrx_word' id='word_1_190' title='bbox 2054 1350 2205 1412; x_wconf 91' lang='lat' dir='ltr'><strong>tuba,</strong></span> <span class='ocrx_word' id='word_1_191' title='bbox 2237 1347 2614 1417; x_wconf 85' lang='lat' dir='ltr'><strong>unusquisque</strong></span> <span class='ocrx_word' id='word_1_192' title='bbox 2637 1345 2971 1401; x_wconf 86' lang='lat' dir='ltr'><strong>credentium</strong></span> <span class='ocrx_word' id='word_1_193' title='bbox 3002 1342 3087 1400; x_wconf 90' lang='lat' dir='ltr'><strong>vel</strong></span> <span class='ocrx_word' id='word_1_194' title='bbox 3126 1347 3192 1401; x_wconf 89' lang='lat' dir='ltr'><strong>ad</strong></span> <span class='ocrx_word' id='word_1_195' title='bbox 3219 1345 3489 1416; x_wconf 82' lang='lat' dir='ltr'><strong>praelium,</strong></span> <span class='ocrx_word' id='word_1_196' title='bbox 3537 1343 3622 1397; x_wconf 87' lang='lat' dir='ltr'><strong>vel</strong></span> 
     </span>
    </p>
   </div>
   <div class='ocr_carea' id='block_1_27' title="bbox 2051 1433 3620 1503">
    <p class='ocr_par' dir='ltr' id='par_1_27' title="bbox 2051 1433 3620 1503">
     <span class='ocr_line' id='line_1_27' title="bbox 2051 1433 3620 1503; baseline -0.003 -12"><span class='ocrx_word' id='word_1_197' title='bbox 2051 1438 2118 1491; x_wconf 90' lang='lat' dir='ltr'><strong>ad</strong></span> <span class='ocrx_word' id='word_1_198' title='bbox 2152 1435 2513 1493; x_wconf 87' lang='lat' dir='ltr'><strong>sacerdotalia</strong></span> <span class='ocrx_word' id='word_1_199' title='bbox 2562 1434 2865 1489; x_wconf 84' lang='lat' dir='ltr'><strong>ministeria</strong></span> <span class='ocrx_word' id='word_1_200' title='bbox 2897 1445 3241 1503; x_wconf 88' lang='lat' dir='ltr'><strong>provocatur.</strong></span> <span class='ocrx_word' id='word_1_201' title='bbox 3279 1433 3533 1503; x_wconf 80' lang='lat' dir='ltr'><strong>Legimus</strong></span> <span class='ocrx_word' id='word_1_202' title='bbox 3567 1434 3620 1487; x_wconf 90' lang='lat' dir='ltr'><strong>in</strong></span> 
     </span>
    </p>
   </div>
   <div class='ocr_carea' id='block_1_28' title="bbox 2055 1521 3624 1594">
    <p class='ocr_par' dir='ltr' id='par_1_28' title="bbox 2055 1521 3624 1594">
     <span class='ocr_line' id='line_1_28' title="bbox 2055 1521 3624 1594; baseline -0.003 -12"><span class='ocrx_word' id='word_1_203' title='bbox 2055 1521 2412 1582; x_wconf 85' lang='lat' dir='ltr'><strong>Numerorum</strong></span> <span class='ocrx_word' id='word_1_204' title='bbox 2440 1527 2581 1582; x_wconf 89' lang='lat' dir='ltr'><strong>libro</strong></span> <span class='ocrx_word' id='word_1_205' title='bbox 2609 1527 2655 1559; x_wconf 84' lang='grc'><strong>⁹⁰</strong></span> <span class='ocrx_word' id='word_1_206' title='bbox 2697 1535 2942 1582; x_wconf 84' lang='lat' dir='ltr'><strong>sacratas</strong></span> <span class='ocrx_word' id='word_1_207' title='bbox 2978 1527 3087 1582; x_wconf 88' lang='lat' dir='ltr'><strong>Deo</strong></span> <span class='ocrx_word' id='word_1_208' title='bbox 3115 1526 3297 1591; x_wconf 83' lang='lat' dir='ltr'><strong>tubas,</strong></span> <span class='ocrx_word' id='word_1_209' title='bbox 3335 1540 3455 1594; x_wconf 71' lang='lat' dir='ltr'><strong>qua:</strong></span> <span class='ocrx_word' id='word_1_210' title='bbox 3496 1533 3624 1578; x_wconf 90' lang='lat' dir='ltr'><strong>ante</strong></span> 
     </span>
    </p>
   </div>
   <div class='ocr_carea' id='block_1_29' title="bbox 2055 1614 3623 1686">
    <p class='ocr_par' dir='ltr' id='par_1_29' title="bbox 2055 1614 3623 1686">
     <span class='ocr_line' id='line_1_29' title="bbox 2055 1614 3623 1686; baseline -0.004 -14"><span class='ocrx_word' id='word_1_211' title='bbox 2055 1617 2265 1672; x_wconf 86' lang='lat' dir='ltr'><strong>hostias</strong></span> <span class='ocrx_word' id='word_1_212' title='bbox 2307 1624 2622 1686; x_wconf 89' lang='lat' dir='ltr'><strong>personent.</strong></span> <span class='ocrx_word' id='word_1_213' title='bbox 2669 1614 2764 1671; x_wconf 91' lang='lat' dir='ltr'><strong>Sin</strong></span> <span class='ocrx_word' id='word_1_214' title='bbox 2823 1627 3004 1672; x_wconf 89' lang='lat' dir='ltr'><strong>autem</strong></span> <span class='ocrx_word' id='word_1_215' title='bbox 3051 1630 3244 1686; x_wconf 89' lang='lat' dir='ltr'><strong>magna</strong></span> <span class='ocrx_word' id='word_1_216' title='bbox 3277 1624 3361 1670; x_wconf 91' lang='lat' dir='ltr'><strong>est</strong></span> <span class='ocrx_word' id='word_1_217' title='bbox 3387 1629 3492 1669; x_wconf 91' lang='lat' dir='ltr'><strong>vox</strong></span> <span class='ocrx_word' id='word_1_218' title='bbox 3522 1629 3623 1667; x_wconf 85' lang='lat' dir='ltr'><strong>an-</strong></span> 
     </span>
    </p>
   </div>
   <div class='ocr_carea' id='block_1_30' title="bbox 2051 1703 3624 1780">
    <p class='ocr_par' dir='ltr' id='par_1_30' title="bbox 2051 1703 3624 1780">
     <span class='ocr_line' id='line_1_30' title="bbox 2051 1703 3624 1780; baseline -0.004 -17"><span class='ocrx_word' id='word_1_219' title='bbox 2051 1708 2177 1780; x_wconf 92' lang='lat' dir='ltr'><strong>geli,</strong></span> <span class='ocrx_word' id='word_1_220' title='bbox 2234 1717 2290 1762; x_wconf 90' lang='lat' dir='ltr'><strong>et</strong></span> <span class='ocrx_word' id='word_1_221' title='bbox 2345 1707 2509 1773; x_wconf 65' lang='lat' dir='ltr'><strong>tubm,</strong></span> <span class='ocrx_word' id='word_1_222' title='bbox 2556 1717 2610 1763; x_wconf 87' lang='lat' dir='ltr'><strong>et</strong></span> <span class='ocrx_word' id='word_1_223' title='bbox 2651 1706 2994 1776; x_wconf 82' lang='lat' dir='ltr'><strong>archangeli,</strong></span> <span class='ocrx_word' id='word_1_224' title='bbox 3043 1716 3248 1776; x_wconf 87' lang='lat' dir='ltr'><strong>quanto</strong></span> <span class='ocrx_word' id='word_1_225' title='bbox 3300 1703 3470 1776; x_wconf 88' lang='lat' dir='ltr'><strong>magis</strong></span> <span class='ocrx_word' id='word_1_226' title='bbox 3516 1704 3624 1759; x_wconf 89' lang='lat' dir='ltr'><strong>erit</strong></span> 
     </span>
    </p>
   </div>
   <div class='ocr_carea' id='block_1_31' title="bbox 2055 1799 3625 1871">
    <p class='ocr_par' dir='ltr' id='par_1_31' title="bbox 2055 1799 3625 1871">
     <span class='ocr_line' id='line_1_31' title="bbox 2055 1799 3625 1871; baseline -0.006 -12"><span class='ocrx_word' id='word_1_227' title='bbox 2055 1804 2203 1859; x_wconf 69' lang='lat' dir='ltr'><strong>tuba:</strong></span> <span class='ocrx_word' id='word_1_228' title='bbox 2234 1801 2326 1855; x_wconf 90' lang='lat' dir='ltr'><strong>Dei</strong></span> <span class='ocrx_word' id='word_1_229' title='bbox 2377 1817 2498 1871; x_wconf 75' lang='lat' dir='ltr'><strong>quae</strong></span> <span class='ocrx_word' id='word_1_230' title='bbox 2529 1808 2685 1870; x_wconf 90' lang='lat' dir='ltr'><strong>parat</strong></span> <span class='ocrx_word' id='word_1_231' title='bbox 2714 1801 2830 1856; x_wconf 88' lang='lat' dir='ltr'><strong>vias</strong></span> <span class='ocrx_word' id='word_1_232' title='bbox 2857 1801 3096 1869; x_wconf 90' lang='lat' dir='ltr'><strong>primum</strong></span> <span class='ocrx_word' id='word_1_233' title='bbox 3128 1799 3513 1853; x_wconf 90' lang='lat' dir='ltr'><strong>dormientium</strong></span> <span class='ocrx_word' id='word_1_234' title='bbox 3566 1803 3625 1849; x_wconf 87' lang='lat' dir='ltr'><strong>et</strong></span> 
     </span>
    </p>
   </div>
   <div class='ocr_carea' id='block_1_32' title="bbox 376 1876 3617 1976">
    <p class='ocr_par' dir='ltr' id='par_1_32' title="bbox 376 1876 3617 1976">
     <span class='ocr_line' id='line_1_32' title="bbox 376 1876 3617 1976; baseline -0.007 -16"><span class='ocrx_word' id='word_1_235' title='bbox 376 1907 597 1960; x_wconf 73' lang='lat' dir='ltr'><strong>rendam</strong></span> <span class='ocrx_word' id='word_1_236' title='bbox 649 1876 823 1976; x_wconf 78' lang='lat' dir='ltr'><strong>super,</strong></span> <span class='ocrx_word' id='word_1_237' title='bbox 849 1876 1078 1962; x_wconf 71' lang='grc' dir='ltr'><strong>εἱταηὶιη</strong></span> <span class='ocrx_word' id='word_1_238' title='bbox 1135 1923 1331 1972; x_wconf 78' lang='lat' dir='ltr'><strong>meum,</strong></span> <span class='ocrx_word' id='word_1_239' title='bbox 1367 1910 1414 1963; x_wconf 68' lang='grc' dir='ltr'><strong><em>οξ</em></strong></span> <span class='ocrx_word' id='word_1_240' title='bbox 1462 1909 1656 1963; x_wconf 63' lang='lat' dir='ltr'><strong>dedero</strong></span> <span class='ocrx_word' id='word_1_241' title='bbox 1703 1876 2023 1971; x_wconf 27' lang='lat' dir='ltr'><strong>somnumln</strong></span> <span class='ocrx_word' id='word_1_242' title='bbox 2056 1903 2397 1951; x_wconf 91' lang='lat' dir='ltr'><strong>mortuorum</strong></span> <span class='ocrx_word' id='word_1_243' title='bbox 2428 1895 2483 1947; x_wconf 93' lang='lat' dir='ltr'><strong>in</strong></span> <span class='ocrx_word' id='word_1_244' title='bbox 2523 1891 2762 1956; x_wconf 84' lang='lat' dir='ltr'><strong>Christo,</strong></span> <span class='ocrx_word' id='word_1_245' title='bbox 2812 1892 3011 1967; x_wconf 78' lang='lat' dir='ltr'><strong>deinde</strong></span> <span class='ocrx_word' id='word_1_246' title='bbox 3053 1905 3240 1945; x_wconf 91' lang='lat' dir='ltr'><strong>eorum</strong></span> <span class='ocrx_word' id='word_1_247' title='bbox 3279 1887 3373 1958; x_wconf 90' lang='lat' dir='ltr'><strong>qui</strong></span> <span class='ocrx_word' id='word_1_248' title='bbox 3404 1887 3617 1951; x_wconf 89' lang='lat' dir='ltr'><strong>vivunt,</strong></span> 
     </span>
    </p>
   </div>
   <div class='ocr_carea' id='block_1_33' title="bbox 376 1997 1951 2070">
    <p class='ocr_par' dir='ltr' id='par_1_33' title="bbox 376 1997 1951 2070">
     <span class='ocr_line' id='line_1_33' title="bbox 376 1997 1951 2070; baseline 0.005 -20"><span class='ocrx_word' id='word_1_249' title='bbox 376 1997 544 2052; x_wconf 85' lang='lat' dir='ltr'><strong>oculis</strong></span> <span class='ocrx_word' id='word_1_250' title='bbox 579 2000 708 2053; x_wconf 82' lang='lat' dir='ltr'><strong>meis</strong></span> <span class='ocrx_word' id='word_1_251' title='bbox 742 2008 792 2054; x_wconf 88' lang='lat' dir='ltr'><strong>et</strong></span> <span class='ocrx_word' id='word_1_252' title='bbox 831 2001 1097 2070; x_wconf 85' lang='lat' dir='ltr'><strong>palpebris</strong></span> <span class='ocrx_word' id='word_1_253' title='bbox 1129 2001 1257 2055; x_wconf 85' lang='lat' dir='ltr'><strong>meis</strong></span> <span class='ocrx_word' id='word_1_254' title='bbox 1294 2001 1746 2067; x_wconf 85' lang='lat' dir='ltr'><strong>dormitationem,</strong></span> <span class='ocrx_word' id='word_1_255' title='bbox 1786 2004 1951 2058; x_wconf 83' lang='lat' dir='ltr'><strong>donec</strong></span> 
     </span>
    </p>
   </div>
   <div class='ocr_carea' id='block_1_34' title="bbox 374 2091 1948 2165">
    <p class='ocr_par' dir='ltr' id='par_1_34' title="bbox 374 2091 1948 2165">
     <span class='ocr_line' id='line_1_34' title="bbox 374 2091 1948 2165; baseline 0.004 -22"><span class='ocrx_word' id='word_1_256' title='bbox 374 2091 638 2146; x_wconf 81' lang='lat' dir='ltr'><strong>inveniam</strong></span> <span class='ocrx_word' id='word_1_257' title='bbox 665 2093 836 2146; x_wconf 79' lang='lat' dir='ltr'><strong>locant</strong></span> <span class='ocrx_word' id='word_1_258' title='bbox 864 2092 1090 2148; x_wconf 87' lang='lat' dir='ltr'><strong>Domino</strong></span> <span class='ocrx_word' id='word_1_259' title='bbox 1112 2095 1204 2149; x_wconf 75' lang='lat'><strong>7’:</strong></span> <span class='ocrx_word' id='word_1_260' title='bbox 1255 2096 1399 2150; x_wconf 88' lang='lat' dir='ltr'><strong>haud</strong></span> <span class='ocrx_word' id='word_1_261' title='bbox 1448 2094 1670 2150; x_wconf 88' lang='lat' dir='ltr'><strong>dubium</strong></span> <span class='ocrx_word' id='word_1_262' title='bbox 1713 2096 1842 2165; x_wconf 90' lang='lat' dir='ltr'><strong>quin</strong></span> <span class='ocrx_word' id='word_1_263' title='bbox 1893 2096 1948 2150; x_wconf 92' lang='lat' dir='ltr'><strong>in</strong></span> 
     </span>
    </p>
   </div>
   <div class='ocr_carea' id='block_1_35' title="bbox 376 2185 1951 2258">
    <p class='ocr_par' dir='ltr' id='par_1_35' title="bbox 376 2185 1951 2258">
     <span class='ocr_line' id='line_1_35' title="bbox 376 2185 1951 2258; baseline 0.004 -18"><span class='ocrx_word' id='word_1_264' title='bbox 376 2185 557 2240; x_wconf 84' lang='lat' dir='ltr'><strong>anima</strong></span> <span class='ocrx_word' id='word_1_265' title='bbox 589 2200 686 2240; x_wconf 89' lang='lat' dir='ltr'><strong>sua</strong></span> <span class='ocrx_word' id='word_1_266' title='bbox 718 2185 1124 2242; x_wconf 90' lang='lat' dir='ltr'><strong>tabernaculum</strong></span> <span class='ocrx_word' id='word_1_267' title='bbox 1157 2188 1270 2243; x_wconf 92' lang='lat' dir='ltr'><strong>Deo</strong></span> <span class='ocrx_word' id='word_1_268' title='bbox 1295 2187 1485 2258; x_wconf 56' lang='lat' dir='ltr'><strong>Jacob,</strong></span> <span class='ocrx_word' id='word_1_269' title='bbox 1516 2200 1576 2245; x_wconf 93' lang='lat' dir='ltr'><strong>ut</strong></span> <span class='ocrx_word' id='word_1_270' title='bbox 1600 2191 1745 2246; x_wconf 87' lang='lat' dir='ltr'><strong>Deus</strong></span> <span class='ocrx_word' id='word_1_271' title='bbox 1775 2191 1829 2246; x_wconf 89' lang='lat' dir='ltr'><strong>in</strong></span> <span class='ocrx_word' id='word_1_272' title='bbox 1858 2191 1951 2247; x_wconf 92' lang='lat' dir='ltr'><strong>illo</strong></span> 
     </span>
    </p>
   </div>
   <div class='ocr_carea' id='block_1_36' title="bbox 374 2277 1086 2345">
    <p class='ocr_par' dir='ltr' id='par_1_36' title="bbox 374 2277 1086 2345">
     <span class='ocr_line' id='line_1_36' title="bbox 374 2277 1086 2345; baseline 0.003 -14"><span class='ocrx_word' id='word_1_273' title='bbox 374 2285 577 2331; x_wconf 72' lang='lat' dir='ltr'><strong>teterna</strong></span> <span class='ocrx_word' id='word_1_274' title='bbox 601 2278 729 2332; x_wconf 86' lang='lat' dir='ltr'><strong>sede</strong></span> <span class='ocrx_word' id='word_1_275' title='bbox 758 2277 1086 2345; x_wconf 88' lang='lat' dir='ltr'><strong>requiescat.</strong></span> 
     </span>
    </p>
   </div>
   <div class='ocr_carea' id='block_1_37' title="bbox 450 2366 1949 2442">
    <p class='ocr_par' dir='ltr' id='par_1_37' title="bbox 450 2366 1949 2442">
     <span class='ocr_line' id='line_1_37' title="bbox 450 2366 1949 2442; baseline 0.003 -19"><span class='ocrx_word' id='word_1_276' title='bbox 450 2366 739 2439; x_wconf 85' lang='lat' dir='ltr'><strong>Sequitur:</strong></span> <span class='ocrx_word' id='word_1_277' title='bbox 770 2366 910 2433; x_wconf 84' lang='lat' dir='ltr'><strong>Quia</strong></span> <span class='ocrx_word' id='word_1_278' title='bbox 944 2370 1052 2438; x_wconf 86' lang='lat' dir='ltr'><strong>ipse</strong></span> <span class='ocrx_word' id='word_1_279' title='bbox 1082 2370 1340 2427; x_wconf 84' lang='lat' dir='ltr'><strong>Dominus</strong></span> <span class='ocrx_word' id='word_1_280' title='bbox 1372 2373 1426 2426; x_wconf 88' lang='lat' dir='ltr'><strong>in</strong></span> <span class='ocrx_word' id='word_1_281' title='bbox 1448 2374 1609 2442; x_wconf 82' lang='lat' dir='ltr'><strong>jussu</strong></span> <span class='ocrx_word' id='word_1_282' title='bbox 1642 2372 1710 2439; x_wconf 76' lang='grc'><strong>⁸⁸,</strong></span> <span class='ocrx_word' id='word_1_283' title='bbox 1738 2382 1792 2429; x_wconf 92' lang='lat' dir='ltr'><strong>et</strong></span> <span class='ocrx_word' id='word_1_284' title='bbox 1819 2372 1949 2430; x_wconf 89' lang='lat' dir='ltr'><strong>reli-</strong></span> 
     </span>
    </p>
   </div>
   <div class='ocr_carea' id='block_1_38' title="bbox 376 2461 1948 2530">
    <p class='ocr_par' dir='ltr' id='par_1_38' title="bbox 376 2461 1948 2530">
     <span class='ocr_line' id='line_1_38' title="bbox 376 2461 1948 2530; baseline 0.004 -17"><span class='ocrx_word' id='word_1_285' title='bbox 376 2477 508 2530; x_wconf 88' lang='lat' dir='ltr'><strong>qua.</strong></span> <span class='ocrx_word' id='word_1_286' title='bbox 552 2461 860 2517; x_wconf 90' lang='lat' dir='ltr'><strong>Descendet</strong></span> <span class='ocrx_word' id='word_1_287' title='bbox 882 2463 1027 2517; x_wconf 90' lang='lat' dir='ltr'><strong>enim</strong></span> <span class='ocrx_word' id='word_1_288' title='bbox 1072 2465 1276 2520; x_wconf 79' lang='lat' dir='ltr'><strong>missus</strong></span> <span class='ocrx_word' id='word_1_289' title='bbox 1301 2480 1330 2518; x_wconf 89' lang='lat' dir='ltr'><strong>a</strong></span> <span class='ocrx_word' id='word_1_290' title='bbox 1358 2464 1545 2529; x_wconf 87' lang='lat' dir='ltr'><strong>Patre,</strong></span> <span class='ocrx_word' id='word_1_291' title='bbox 1584 2481 1691 2521; x_wconf 89' lang='lat' dir='ltr'><strong>non</strong></span> <span class='ocrx_word' id='word_1_292' title='bbox 1717 2467 1948 2521; x_wconf 88' lang='lat' dir='ltr'><strong>diversi-</strong></span> 
     </span>
    </p>
   </div>
   <div class='ocr_carea' id='block_1_39' title="bbox 379 2553 1949 2623">
    <p class='ocr_par' dir='ltr' id='par_1_39' title="bbox 379 2553 1949 2623">
     <span class='ocr_line' id='line_1_39' title="bbox 379 2553 1949 2623; baseline 0.004 -17"><span class='ocrx_word' id='word_1_293' title='bbox 379 2563 488 2607; x_wconf 84' lang='lat' dir='ltr'><strong>tate</strong></span> <span class='ocrx_word' id='word_1_294' title='bbox 515 2553 755 2622; x_wconf 84' lang='lat' dir='ltr'><strong>virtutis,</strong></span> <span class='ocrx_word' id='word_1_295' title='bbox 788 2555 881 2608; x_wconf 87' lang='lat' dir='ltr'><strong>sed</strong></span> <span class='ocrx_word' id='word_1_296' title='bbox 906 2555 1316 2623; x_wconf 82' lang='lat' dir='ltr'><strong>dispensatione</strong></span> <span class='ocrx_word' id='word_1_297' title='bbox 1356 2554 1596 2623; x_wconf 89' lang='lat' dir='ltr'><strong>judicis;</strong></span> <span class='ocrx_word' id='word_1_298' title='bbox 1625 2566 1682 2612; x_wconf 92' lang='lat' dir='ltr'><strong>et</strong></span> <span class='ocrx_word' id='word_1_299' title='bbox 1724 2558 1949 2612; x_wconf 86' lang='lat' dir='ltr'><strong>descen-</strong></span> 
     </span>
    </p>
   </div>
   <div class='ocr_carea' id='block_1_40' title="bbox 374 2645 1950 2717">
    <p class='ocr_par' dir='ltr' id='par_1_40' title="bbox 374 2645 1950 2717">
     <span class='ocr_line' id='line_1_40' title="bbox 374 2645 1950 2717; baseline 0.003 -19"><span class='ocrx_word' id='word_1_300' title='bbox 374 2645 464 2699; x_wconf 86' lang='lat' dir='ltr'><strong>det</strong></span> <span class='ocrx_word' id='word_1_301' title='bbox 499 2646 566 2699; x_wconf 87' lang='lat' dir='ltr'><strong>ad</strong></span> <span class='ocrx_word' id='word_1_302' title='bbox 596 2660 693 2702; x_wconf 83' lang='lat' dir='ltr'><strong>eos</strong></span> <span class='ocrx_word' id='word_1_303' title='bbox 716 2646 810 2717; x_wconf 92' lang='lat' dir='ltr'><strong>qui</strong></span> <span class='ocrx_word' id='word_1_304' title='bbox 848 2645 1097 2701; x_wconf 76' lang='lat' dir='ltr'><strong>deorsum</strong></span> <span class='ocrx_word' id='word_1_305' title='bbox 1146 2657 1276 2701; x_wconf 90' lang='lat' dir='ltr'><strong>sunt</strong></span> <span class='ocrx_word' id='word_1_306' title='bbox 1331 2648 1564 2703; x_wconf 86' lang='lat' dir='ltr'><strong>Verbum</strong></span> <span class='ocrx_word' id='word_1_307' title='bbox 1611 2648 1732 2714; x_wconf 90' lang='lat' dir='ltr'><strong>Dei,</strong></span> <span class='ocrx_word' id='word_1_308' title='bbox 1764 2657 1821 2703; x_wconf 90' lang='lat' dir='ltr'><strong>et</strong></span> <span class='ocrx_word' id='word_1_309' title='bbox 1857 2665 1950 2703; x_wconf 89' lang='lat' dir='ltr'><strong>sa-</strong></span> 
     </span>
    </p>
   </div>
   <div class='ocr_carea' id='block_1_41' title="bbox 375 2737 1948 2811">
    <p class='ocr_par' dir='ltr' id='par_1_41' title="bbox 375 2737 1948 2811">
     <span class='ocr_line' id='line_1_41' title="bbox 375 2737 1948 2811; baseline 0.003 -21"><span class='ocrx_word' id='word_1_310' title='bbox 375 2740 603 2809; x_wconf 79' lang='lat' dir='ltr'><strong>pientia,</strong></span> <span class='ocrx_word' id='word_1_311' title='bbox 649 2747 705 2794; x_wconf 87' lang='lat' dir='ltr'><strong>et</strong></span> <span class='ocrx_word' id='word_1_312' title='bbox 747 2740 974 2803; x_wconf 88' lang='lat' dir='ltr'><strong>veritas,</strong></span> <span class='ocrx_word' id='word_1_313' title='bbox 1033 2749 1195 2808; x_wconf 85' lang='lat' dir='ltr'><strong>atque</strong></span> <span class='ocrx_word' id='word_1_314' title='bbox 1232 2737 1471 2807; x_wconf 83' lang='lat' dir='ltr'><strong>jnstitia.</strong></span> <span class='ocrx_word' id='word_1_315' title='bbox 1519 2739 1948 2811; x_wconf 77' lang='lat' dir='ltr'><strong>thuanquam</strong></span> 
     </span>
    </p>
   </div>
   <div class='ocr_carea' id='block_1_42' title="bbox 379 2831 1953 2901">
    <p class='ocr_par' dir='ltr' id='par_1_42' title="bbox 379 2831 1953 2901">
     <span class='ocr_line' id='line_1_42' title="bbox 379 2831 1953 2901; baseline 0.001 -17"><span class='ocrx_word' id='word_1_316' title='bbox 379 2831 579 2885; x_wconf 88' lang='lat' dir='ltr'><strong>mortui</strong></span> <span class='ocrx_word' id='word_1_317' title='bbox 620 2833 729 2886; x_wconf 91' lang='lat' dir='ltr'><strong>sint</strong></span> <span class='ocrx_word' id='word_1_318' title='bbox 760 2834 827 2885; x_wconf 86' lang='lat' dir='ltr'><strong>ad</strong></span> <span class='ocrx_word' id='word_1_319' title='bbox 873 2847 1011 2901; x_wconf 90' lang='lat' dir='ltr'><strong>quos</strong></span> <span class='ocrx_word' id='word_1_320' title='bbox 1047 2832 1302 2901; x_wconf 87' lang='lat' dir='ltr'><strong>dignatur</strong></span> <span class='ocrx_word' id='word_1_321' title='bbox 1334 2832 1692 2899; x_wconf 86' lang='lat' dir='ltr'><strong>descendere,</strong></span> <span class='ocrx_word' id='word_1_322' title='bbox 1727 2848 1836 2888; x_wconf 87' lang='lat' dir='ltr'><strong>non</strong></span> <span class='ocrx_word' id='word_1_323' title='bbox 1871 2843 1953 2886; x_wconf 90' lang='lat' dir='ltr'><strong>ta-</strong></span> 
     </span>
    </p>
   </div>
   <div class='ocr_carea' id='block_1_43' title="bbox 379 2924 1948 2980">
    <p class='ocr_par' dir='ltr' id='par_1_43' title="bbox 379 2924 1948 2980">
     <span class='ocr_line' id='line_1_43' title="bbox 379 2924 1948 2980; baseline 0.002 -5"><span class='ocrx_word' id='word_1_324' title='bbox 379 2938 500 2977; x_wconf 88' lang='lat' dir='ltr'><strong>men</strong></span> <span class='ocrx_word' id='word_1_325' title='bbox 533 2933 660 2977; x_wconf 92' lang='lat' dir='ltr'><strong>sunt</strong></span> <span class='ocrx_word' id='word_1_326' title='bbox 700 2924 768 2979; x_wconf 86' lang='lat' dir='ltr'><strong>ab</strong></span> <span class='ocrx_word' id='word_1_327' title='bbox 810 2938 875 2978; x_wconf 91' lang='lat' dir='ltr'><strong>eo</strong></span> <span class='ocrx_word' id='word_1_328' title='bbox 907 2924 1070 2979; x_wconf 89' lang='lat' dir='ltr'><strong>alieni</strong></span> <span class='ocrx_word' id='word_1_329' title='bbox 1119 2942 1136 2980; x_wconf 93' lang='lat'><strong>:</strong></span> <span class='ocrx_word' id='word_1_330' title='bbox 1177 2925 1381 2979; x_wconf 89' lang='lat' dir='ltr'><strong>mortui</strong></span> <span class='ocrx_word' id='word_1_331' title='bbox 1414 2926 1558 2980; x_wconf 90' lang='lat' dir='ltr'><strong>enim</strong></span> <span class='ocrx_word' id='word_1_332' title='bbox 1589 2933 1855 2980; x_wconf 88' lang='lat' dir='ltr'><strong>vocantur</strong></span> <span class='ocrx_word' id='word_1_333' title='bbox 1894 2924 1948 2978; x_wconf 76' lang='lat' dir='ltr'><strong>iu</strong></span> 
     </span>
    </p>
   </div>
   <div class='ocr_carea' id='block_1_44' title="bbox 375 3014 1951 3087">
    <p class='ocr_par' dir='ltr' id='par_1_44' title="bbox 375 3014 1951 3087">
     <span class='ocr_line' id='line_1_44' title="bbox 375 3014 1951 3087; baseline 0.001 -17"><span class='ocrx_word' id='word_1_334' title='bbox 375 3014 595 3070; x_wconf 89' lang='lat' dir='ltr'><strong>Christo</strong></span> <span class='ocrx_word' id='word_1_335' title='bbox 630 3015 698 3068; x_wconf 72' lang='grc' dir='ltr'><strong>ει.</strong></span> <span class='ocrx_word' id='word_1_336' title='bbox 740 3014 840 3081; x_wconf 86' lang='lat' dir='ltr'><strong>Qui</strong></span> <span class='ocrx_word' id='word_1_337' title='bbox 877 3026 1059 3070; x_wconf 90' lang='lat' dir='ltr'><strong>autem</strong></span> <span class='ocrx_word' id='word_1_338' title='bbox 1097 3017 1306 3078; x_wconf 86' lang='lat' dir='ltr'><strong>vivunt,</strong></span> <span class='ocrx_word' id='word_1_339' title='bbox 1351 3018 1454 3072; x_wconf 89' lang='lat' dir='ltr'><strong>hoc</strong></span> <span class='ocrx_word' id='word_1_340' title='bbox 1485 3016 1691 3071; x_wconf 87' lang='lat' dir='ltr'><strong>habent</strong></span> <span class='ocrx_word' id='word_1_341' title='bbox 1725 3016 1951 3087; x_wconf 86' lang='lat' dir='ltr'><strong>privile-</strong></span> 
     </span>
    </p>
   </div>
   <div class='ocr_carea' id='block_1_45' title="bbox 378 3108 1952 3179">
    <p class='ocr_par' dir='ltr' id='par_1_45' title="bbox 378 3108 1952 3179">
     <span class='ocr_line' id='line_1_45' title="bbox 378 3108 1952 3179; baseline 0.003 -21"><span class='ocrx_word' id='word_1_342' title='bbox 378 3112 550 3176; x_wconf 86' lang='lat' dir='ltr'><strong>gium,</strong></span> <span class='ocrx_word' id='word_1_343' title='bbox 578 3108 722 3176; x_wconf 88' lang='lat' dir='ltr'><strong>quod</strong></span> <span class='ocrx_word' id='word_1_344' title='bbox 753 3108 1033 3177; x_wconf 89' lang='lat' dir='ltr'><strong>eliguntur</strong></span> <span class='ocrx_word' id='word_1_345' title='bbox 1061 3124 1092 3163; x_wconf 91' lang='lat' dir='ltr'><strong>e</strong></span> <span class='ocrx_word' id='word_1_346' title='bbox 1121 3109 1390 3179; x_wconf 92' lang='lat' dir='ltr'><strong>pluribus.</strong></span> <span class='ocrx_word' id='word_1_347' title='bbox 1431 3109 1690 3163; x_wconf 80' lang='lat' dir='ltr'><strong>Attamen</strong></span> <span class='ocrx_word' id='word_1_348' title='bbox 1740 3118 1952 3163; x_wconf 89' lang='lat' dir='ltr'><strong>utrum-</strong></span> 
     </span>
    </p>
   </div>
   <div class='ocr_carea' id='block_1_46' title="bbox 377 3198 2022 3284">
    <p class='ocr_par' dir='ltr' id='par_1_46' title="bbox 377 3198 2022 3284">
     <span class='ocr_line' id='line_1_46' title="bbox 377 3198 2022 3284; baseline 0.001 -32"><span class='ocrx_word' id='word_1_349' title='bbox 377 3213 483 3268; x_wconf 91' lang='lat' dir='ltr'><strong>qne</strong></span> <span class='ocrx_word' id='word_1_350' title='bbox 515 3214 733 3270; x_wconf 89' lang='lat' dir='ltr'><strong>agmen,</strong></span> <span class='ocrx_word' id='word_1_351' title='bbox 778 3209 833 3255; x_wconf 91' lang='lat' dir='ltr'><strong>et</strong></span> <span class='ocrx_word' id='word_1_352' title='bbox 873 3211 1212 3255; x_wconf 88' lang='lat' dir='ltr'><strong>mortuorum</strong></span> <span class='ocrx_word' id='word_1_353' title='bbox 1263 3200 1316 3255; x_wconf 91' lang='lat' dir='ltr'><strong>in</strong></span> <span class='ocrx_word' id='word_1_354' title='bbox 1378 3198 1623 3263; x_wconf 89' lang='lat' dir='ltr'><strong>Christo,</strong></span> <span class='ocrx_word' id='word_1_355' title='bbox 1664 3208 1721 3254; x_wconf 90' lang='lat' dir='ltr'><strong>et</strong></span> <span class='ocrx_word' id='word_1_356' title='bbox 1765 3199 1953 3253; x_wconf 82' lang='lat' dir='ltr'><strong>viven-</strong></span> <span class='ocrx_word' id='word_1_357' title='bbox 1979 3224 2022 3284; x_wconf 70' lang='grc' dir='ltr'>ο</span> 
     </span>
    </p>
   </div>
   <div class='ocr_carea' id='block_1_47' title="bbox 379 3289 1949 3363">
    <p class='ocr_par' dir='ltr' id='par_1_47' title="bbox 379 3289 1949 3363">
     <span class='ocr_line' id='line_1_47' title="bbox 379 3289 1949 3363; baseline -0.001 -18"><span class='ocrx_word' id='word_1_358' title='bbox 379 3292 536 3356; x_wconf 88' lang='lat' dir='ltr'><strong>tium,</strong></span> <span class='ocrx_word' id='word_1_359' title='bbox 571 3294 850 3363; x_wconf 85' lang='lat' dir='ltr'><strong>rapientur</strong></span> <span class='ocrx_word' id='word_1_360' title='bbox 892 3293 1098 3363; x_wconf 88' lang='lat' dir='ltr'><strong>pariter</strong></span> <span class='ocrx_word' id='word_1_361' title='bbox 1129 3294 1183 3346; x_wconf 93' lang='lat' dir='ltr'><strong>in</strong></span> <span class='ocrx_word' id='word_1_362' title='bbox 1225 3292 1462 3346; x_wconf 88' lang='lat' dir='ltr'><strong>nubibus</strong></span> <span class='ocrx_word' id='word_1_363' title='bbox 1517 3290 1736 3346; x_wconf 83' lang='lat' dir='ltr'><strong>obviam</strong></span> <span class='ocrx_word' id='word_1_364' title='bbox 1787 3289 1949 3346; x_wconf 89' lang='lat' dir='ltr'><strong>Chri-</strong></span> 
     </span>
    </p>
   </div>
   <div class='ocr_carea' id='block_1_48' title="bbox 376 3382 1953 3453">
    <p class='ocr_par' dir='ltr' id='par_1_48' title="bbox 376 3382 1953 3453">
     <span class='ocr_line' id='line_1_48' title="bbox 376 3382 1953 3453; baseline -0.001 -15"><span class='ocrx_word' id='word_1_365' title='bbox 376 3394 461 3439; x_wconf 89' lang='lat' dir='ltr'><strong>sto</strong></span> <span class='ocrx_word' id='word_1_366' title='bbox 493 3384 561 3449; x_wconf 81' lang='grc'><strong>⁸³,</strong></span> <span class='ocrx_word' id='word_1_367' title='bbox 590 3393 649 3438; x_wconf 86' lang='lat' dir='ltr'><strong>ut</strong></span> <span class='ocrx_word' id='word_1_368' title='bbox 679 3399 786 3437; x_wconf 89' lang='lat' dir='ltr'><strong>non</strong></span> <span class='ocrx_word' id='word_1_369' title='bbox 817 3398 941 3437; x_wconf 89' lang='lat' dir='ltr'><strong>eum</strong></span> <span class='ocrx_word' id='word_1_370' title='bbox 966 3392 1285 3453; x_wconf 77' lang='lat' dir='ltr'><strong>exspectent</strong></span> <span class='ocrx_word' id='word_1_371' title='bbox 1306 3384 1477 3439; x_wconf 90' lang='lat' dir='ltr'><strong>donec</strong></span> <span class='ocrx_word' id='word_1_372' title='bbox 1503 3382 1572 3436; x_wconf 90' lang='lat' dir='ltr'><strong>ad</strong></span> <span class='ocrx_word' id='word_1_373' title='bbox 1604 3393 1821 3437; x_wconf 89' lang='lat' dir='ltr'><strong>terrena</strong></span> <span class='ocrx_word' id='word_1_374' title='bbox 1857 3383 1953 3437; x_wconf 89' lang='lat' dir='ltr'><strong>de-</strong></span> 
     </span>
    </p>
   </div>
   <div class='ocr_carea' id='block_1_49' title="bbox 376 3473 1953 3543">
    <p class='ocr_par' dir='ltr' id='par_1_49' title="bbox 376 3473 1953 3543">
     <span class='ocr_line' id='line_1_49' title="bbox 376 3473 1953 3543; baseline 0 -13"><span class='ocrx_word' id='word_1_375' title='bbox 376 3475 623 3539; x_wconf 89' lang='lat' dir='ltr'><strong>scendat,</strong></span> <span class='ocrx_word' id='word_1_376' title='bbox 655 3474 750 3529; x_wconf 88' lang='lat' dir='ltr'><strong>sed</strong></span> <span class='ocrx_word' id='word_1_377' title='bbox 782 3475 1070 3543; x_wconf 81' lang='lat' dir='ltr'><strong>praesentia</strong></span> <span class='ocrx_word' id='word_1_378' title='bbox 1100 3475 1245 3530; x_wconf 89' lang='lat' dir='ltr'><strong>illius</strong></span> <span class='ocrx_word' id='word_1_379' title='bbox 1276 3485 1330 3530; x_wconf 89' lang='lat' dir='ltr'><strong>et</strong></span> <span class='ocrx_word' id='word_1_380' title='bbox 1357 3473 1714 3529; x_wconf 85' lang='lat' dir='ltr'><strong>contubernio</strong></span> <span class='ocrx_word' id='word_1_381' title='bbox 1737 3474 1793 3529; x_wconf 91' lang='lat' dir='ltr'><strong>in</strong></span> <span class='ocrx_word' id='word_1_382' title='bbox 1819 3474 1953 3530; x_wconf 88' lang='lat' dir='ltr'><strong>sub-</strong></span> 
     </span>
    </p>
   </div>
   <div class='ocr_carea' id='block_1_50' title="bbox 379 3564 1952 3636">
    <p class='ocr_par' dir='ltr' id='par_1_50' title="bbox 379 3564 1952 3636">
     <span class='ocr_line' id='line_1_50' title="bbox 379 3564 1952 3636; baseline -0.001 -16"><span class='ocrx_word' id='word_1_383' title='bbox 379 3565 609 3622; x_wconf 82' lang='lat' dir='ltr'><strong>limibus</strong></span> <span class='ocrx_word' id='word_1_384' title='bbox 665 3566 1043 3635; x_wconf 74' lang='lat' dir='ltr'><strong>perfruantur.</strong></span> <span class='ocrx_word' id='word_1_385' title='bbox 1097 3565 1419 3636; x_wconf 89' lang='lat' dir='ltr'><strong>Quantaque</strong></span> <span class='ocrx_word' id='word_1_386' title='bbox 1458 3564 1748 3622; x_wconf 89' lang='lat' dir='ltr'><strong>clementia</strong></span> <span class='ocrx_word' id='word_1_387' title='bbox 1795 3565 1952 3619; x_wconf 85' lang='lat' dir='ltr'><strong>Chri-</strong></span> 
     </span>
    </p>
   </div>
   <div class='ocr_carea' id='block_1_51' title="bbox 375 3656 1951 3727">
    <p class='ocr_par' dir='ltr' id='par_1_51' title="bbox 375 3656 1951 3727">
     <span class='ocr_line' id='line_1_51' title="bbox 375 3656 1951 3727; baseline -0.001 -15"><span class='ocrx_word' id='word_1_388' title='bbox 375 3658 465 3723; x_wconf 89' lang='lat' dir='ltr'><strong>sti,</strong></span> <span class='ocrx_word' id='word_1_389' title='bbox 501 3667 560 3711; x_wconf 92' lang='lat' dir='ltr'><strong>ut</strong></span> <span class='ocrx_word' id='word_1_390' title='bbox 598 3672 696 3727; x_wconf 86' lang='lat' dir='ltr'><strong>pro</strong></span> <span class='ocrx_word' id='word_1_391' title='bbox 717 3656 894 3712; x_wconf 90' lang='lat' dir='ltr'><strong>salute</strong></span> <span class='ocrx_word' id='word_1_392' title='bbox 926 3665 1110 3712; x_wconf 85' lang='lat' dir='ltr'><strong>nostra</strong></span> <span class='ocrx_word' id='word_1_393' title='bbox 1144 3672 1249 3712; x_wconf 93' lang='lat' dir='ltr'><strong>non</strong></span> <span class='ocrx_word' id='word_1_394' title='bbox 1277 3658 1450 3712; x_wconf 90' lang='lat' dir='ltr'><strong>solum</strong></span> <span class='ocrx_word' id='word_1_395' title='bbox 1484 3672 1614 3711; x_wconf 89' lang='lat' dir='ltr'><strong>caro</strong></span> <span class='ocrx_word' id='word_1_396' title='bbox 1646 3659 1826 3712; x_wconf 83' lang='lat' dir='ltr'><strong>lactus</strong></span> <span class='ocrx_word' id='word_1_397' title='bbox 1858 3657 1951 3723; x_wconf 91' lang='lat' dir='ltr'><strong>sit,</strong></span> 
     </span>
    </p>
   </div>
   <div class='ocr_carea' id='block_1_52' title="bbox 378 3750 1954 3821">
    <p class='ocr_par' dir='ltr' id='par_1_52' title="bbox 378 3750 1954 3821">
     <span class='ocr_line' id='line_1_52' title="bbox 378 3750 1954 3821; baseline -0.001 -13"><span class='ocrx_word' id='word_1_398' title='bbox 378 3756 476 3808; x_wconf 83' lang='lat' dir='ltr'><strong>sed</strong></span> <span class='ocrx_word' id='word_1_399' title='bbox 503 3753 570 3807; x_wconf 91' lang='lat' dir='ltr'><strong>ad</strong></span> <span class='ocrx_word' id='word_1_400' title='bbox 600 3759 848 3808; x_wconf 83' lang='lat' dir='ltr'><strong>mortuos</strong></span> <span class='ocrx_word' id='word_1_401' title='bbox 880 3766 1052 3820; x_wconf 89' lang='lat' dir='ltr'><strong>usque</strong></span> <span class='ocrx_word' id='word_1_402' title='bbox 1079 3750 1441 3816; x_wconf 85' lang='lat' dir='ltr'><strong>descenderit,</strong></span> <span class='ocrx_word' id='word_1_403' title='bbox 1464 3759 1520 3806; x_wconf 91' lang='lat' dir='ltr'><strong>et</strong></span> <span class='ocrx_word' id='word_1_404' title='bbox 1543 3752 1596 3806; x_wconf 93' lang='lat' dir='ltr'><strong>in</strong></span> <span class='ocrx_word' id='word_1_405' title='bbox 1628 3752 1742 3821; x_wconf 87' lang='lat' dir='ltr'><strong>ipsa</strong></span> <span class='ocrx_word' id='word_1_406' title='bbox 1777 3761 1954 3807; x_wconf 89' lang='lat' dir='ltr'><strong>morte</strong></span> 
     </span>
    </p>
   </div>
   <div class='ocr_carea' id='block_1_53' title="bbox 374 3840 1952 3914">
    <p class='ocr_par' dir='ltr' id='par_1_53' title="bbox 374 3840 1952 3914">
     <span class='ocr_line' id='line_1_53' title="bbox 374 3840 1952 3914; baseline -0.002 -16"><span class='ocrx_word' id='word_1_407' title='bbox 374 3842 577 3899; x_wconf 82' lang='lat' dir='ltr'><strong>habeat</strong></span> <span class='ocrx_word' id='word_1_408' title='bbox 615 3844 766 3914; x_wconf 82' lang='lat' dir='ltr'><strong>signa</strong></span> <span class='ocrx_word' id='word_1_409' title='bbox 804 3842 1108 3898; x_wconf 89' lang='lat' dir='ltr'><strong>viventium</strong></span> <span class='ocrx_word' id='word_1_410' title='bbox 1138 3842 1151 3896; x_wconf 88' lang='lat'><strong>!</strong></span> <span class='ocrx_word' id='word_1_411' title='bbox 1188 3856 1329 3909; x_wconf 88' lang='lat' dir='ltr'><strong>aqua</strong></span> <span class='ocrx_word' id='word_1_412' title='bbox 1363 3840 1512 3896; x_wconf 91' lang='lat' dir='ltr'><strong>enim</strong></span> <span class='ocrx_word' id='word_1_413' title='bbox 1545 3851 1602 3897; x_wconf 92' lang='lat' dir='ltr'><strong>et</strong></span> <span class='ocrx_word' id='word_1_414' title='bbox 1635 3840 1861 3911; x_wconf 86' lang='lat' dir='ltr'><strong>sanguis</strong></span> <span class='ocrx_word' id='word_1_415' title='bbox 1885 3841 1952 3896; x_wconf 91' lang='lat' dir='ltr'><strong>de</strong></span> 
     </span>
    </p>
   </div>
   <div class='ocr_carea' id='block_1_54' title="bbox 375 3932 1952 4005">
    <p class='ocr_par' dir='ltr' id='par_1_54' title="bbox 375 3932 1952 4005">
     <span class='ocr_line' id='line_1_54' title="bbox 375 3932 1952 4005; baseline -0.002 -15"><span class='ocrx_word' id='word_1_416' title='bbox 375 3935 545 3990; x_wconf 88' lang='lat' dir='ltr'><strong>latere</strong></span> <span class='ocrx_word' id='word_1_417' title='bbox 575 3934 693 4004; x_wconf 86' lang='lat' dir='ltr'><strong>ejus</strong></span> <span class='ocrx_word' id='word_1_418' title='bbox 724 3949 946 4005; x_wconf 86' lang='lat' dir='ltr'><strong>egressa</strong></span> <span class='ocrx_word' id='word_1_419' title='bbox 983 3940 1110 3989; x_wconf 90' lang='lat' dir='ltr'><strong>sunt</strong></span> <span class='ocrx_word' id='word_1_420' title='bbox 1138 3932 1206 3986; x_wconf 84' lang='grc'><strong>⁸³.</strong></span> <span class='ocrx_word' id='word_1_421' title='bbox 1237 3932 1529 3988; x_wconf 78' lang='lat' dir='ltr'><strong>Descendit</strong></span> <span class='ocrx_word' id='word_1_422' title='bbox 1576 3932 1744 4002; x_wconf 83' lang='lat' dir='ltr'><strong>igitur</strong></span> <span class='ocrx_word' id='word_1_423' title='bbox 1774 3946 1952 3987; x_wconf 90' lang='lat' dir='ltr'><strong>sermo</strong></span> 
     </span>
    </p>
   </div>
   <div class='ocr_carea' id='block_1_55' title="bbox 376 4026 1953 4099">
    <p class='ocr_par' dir='ltr' id='par_1_55' title="bbox 376 4026 1953 4099">
     <span class='ocr_line' id='line_1_55' title="bbox 376 4026 1953 4099; baseline -0.003 -17"><span class='ocrx_word' id='word_1_424' title='bbox 376 4028 593 4083; x_wconf 86' lang='lat' dir='ltr'><strong>divinus</strong></span> <span class='ocrx_word' id='word_1_425' title='bbox 622 4043 753 4082; x_wconf 87' lang='lat' dir='ltr'><strong>voce</strong></span> <span class='ocrx_word' id='word_1_426' title='bbox 790 4029 1105 4099; x_wconf 83' lang='lat' dir='ltr'><strong>archangeli</strong></span> <span class='ocrx_word' id='word_1_427' title='bbox 1135 4026 1500 4098; x_wconf 66' lang='lat' dir='ltr'><strong>praecedente,</strong></span> <span class='ocrx_word' id='word_1_428' title='bbox 1529 4036 1585 4082; x_wconf 89' lang='lat' dir='ltr'><strong>et</strong></span> <span class='ocrx_word' id='word_1_429' title='bbox 1615 4031 1953 4094; x_wconf 73' lang='lat' dir='ltr'><strong>praeparante</strong></span> 
     </span>
    </p>
   </div>
   <div class='ocr_carea' id='block_1_56' title="bbox 374 4116 1950 4192">
    <p class='ocr_par' dir='ltr' id='par_1_56' title="bbox 374 4116 1950 4192">
     <span class='ocr_line' id='line_1_56' title="bbox 374 4116 1950 4192; baseline -0.004 -17"><span class='ocrx_word' id='word_1_430' title='bbox 374 4121 478 4175; x_wconf 81' lang='lat' dir='ltr'><strong>sibi</strong></span> <span class='ocrx_word' id='word_1_431' title='bbox 524 4122 665 4175; x_wconf 86' lang='lat' dir='ltr'><strong>viam</strong></span> <span class='ocrx_word' id='word_1_432' title='bbox 715 4121 769 4175; x_wconf 91' lang='lat' dir='ltr'><strong>in</strong></span> <span class='ocrx_word' id='word_1_433' title='bbox 828 4119 917 4176; x_wconf 88' lang='lat' dir='ltr'><strong>his</strong></span> <span class='ocrx_word' id='word_1_434' title='bbox 953 4122 1045 4192; x_wconf 89' lang='lat' dir='ltr'><strong>qui</strong></span> <span class='ocrx_word' id='word_1_435' title='bbox 1078 4122 1198 4192; x_wconf 84' lang='lat' dir='ltr'><strong>ejus</strong></span> <span class='ocrx_word' id='word_1_436' title='bbox 1249 4127 1478 4189; x_wconf 88' lang='lat' dir='ltr'><strong>possunt</strong></span> <span class='ocrx_word' id='word_1_437' title='bbox 1526 4116 1672 4171; x_wconf 80' lang='lat' dir='ltr'><strong>ferre</strong></span> <span class='ocrx_word' id='word_1_438' title='bbox 1710 4130 1950 4186; x_wconf 68' lang='lat' dir='ltr'><strong>praesen-</strong></span> 
     </span>
    </p>
   </div>
   <div class='ocr_carea' id='block_1_57' title="bbox 376 4213 523 4265">
    <p class='ocr_par' dir='ltr' id='par_1_57' title="bbox 376 4213 523 4265">
     <span class='ocr_line' id='line_1_57' title="bbox 376 4213 523 4265; baseline 0 0"><span class='ocrx_word' id='word_1_439' title='bbox 376 4213 523 4265; x_wconf 68' lang='lat' dir='ltr'><strong>aiant.</strong></span> 
     </span>
    </p>
   </div>
   <div class='ocr_carea' id='block_1_58' title="bbox 445 4304 1954 4376">
    <p class='ocr_par' dir='ltr' id='par_1_58' title="bbox 445 4304 1954 4376">
     <span class='ocr_line' id='line_1_58' title="bbox 445 4304 1954 4376; baseline -0.001 -17"><span class='ocrx_word' id='word_1_440' title='bbox 445 4304 600 4373; x_wconf 92' lang='lat' dir='ltr'><strong>Quod</strong></span> <span class='ocrx_word' id='word_1_441' title='bbox 637 4314 694 4358; x_wconf 91' lang='lat' dir='ltr'><strong>ut</strong></span> <span class='ocrx_word' id='word_1_442' title='bbox 723 4320 987 4375; x_wconf 85' lang='lat' dir='ltr'><strong>queamus</strong></span> <span class='ocrx_word' id='word_1_443' title='bbox 1010 4305 1334 4376; x_wconf 88' lang='lat' dir='ltr'><strong>intelligere,</strong></span> <span class='ocrx_word' id='word_1_444' title='bbox 1363 4304 1521 4374; x_wconf 89' lang='lat' dir='ltr'><strong>primi</strong></span> <span class='ocrx_word' id='word_1_445' title='bbox 1548 4305 1811 4360; x_wconf 88' lang='lat' dir='ltr'><strong>adventus</strong></span> <span class='ocrx_word' id='word_1_446' title='bbox 1838 4321 1954 4376; x_wconf 86' lang='lat' dir='ltr'><strong>my-</strong></span> 
     </span>
    </p>
   </div>
   <div class='ocr_carea' id='block_1_59' title="bbox 374 4396 1952 4469">
    <p class='ocr_par' dir='ltr' id='par_1_59' title="bbox 374 4396 1952 4469">
     <span class='ocr_line' id='line_1_59' title="bbox 374 4396 1952 4469; baseline 0.001 -18"><span class='ocrx_word' id='word_1_447' title='bbox 374 4399 543 4452; x_wconf 82' lang='lat' dir='ltr'><strong>steria</strong></span> <span class='ocrx_word' id='word_1_448' title='bbox 575 4413 991 4467; x_wconf 82' lang='lat' dir='ltr'><strong>cognoscamus.</strong></span> <span class='ocrx_word' id='word_1_449' title='bbox 1025 4398 1299 4469; x_wconf 90' lang='lat' dir='ltr'><strong>Scriptum</strong></span> <span class='ocrx_word' id='word_1_450' title='bbox 1351 4408 1438 4455; x_wconf 90' lang='lat' dir='ltr'><strong>est</strong></span> <span class='ocrx_word' id='word_1_451' title='bbox 1483 4399 1552 4453; x_wconf 91' lang='lat' dir='ltr'><strong>de</strong></span> <span class='ocrx_word' id='word_1_452' title='bbox 1599 4396 1811 4453; x_wconf 85' lang='lat' dir='ltr'><strong>Joanne</strong></span> <span class='ocrx_word' id='word_1_453' title='bbox 1859 4399 1952 4467; x_wconf 92' lang='lat' dir='ltr'><strong>qui</strong></span> 
     </span>
    </p>
   </div>
   <div class='ocr_carea' id='block_1_60' title="bbox 376 4490 1953 4563">
    <p class='ocr_par' dir='ltr' id='par_1_60' title="bbox 376 4490 1953 4563">
     <span class='ocr_line' id='line_1_60' title="bbox 376 4490 1953 4563; baseline 0.001 -21"><span class='ocrx_word' id='word_1_454' title='bbox 376 4506 681 4560; x_wconf 69' lang='lat' dir='ltr'><strong>praecursor</strong></span> <span class='ocrx_word' id='word_1_455' title='bbox 717 4491 835 4562; x_wconf 86' lang='lat' dir='ltr'><strong>ejus</strong></span> <span class='ocrx_word' id='word_1_456' title='bbox 881 4491 1002 4560; x_wconf 87' lang='lat' dir='ltr'><strong>l‘nit,</strong></span> <span class='ocrx_word' id='word_1_457' title='bbox 1051 4493 1196 4563; x_wconf 90' lang='lat' dir='ltr'><strong>quod</strong></span> <span class='ocrx_word' id='word_1_458' title='bbox 1230 4494 1282 4547; x_wconf 92' lang='lat' dir='ltr'><strong>in</strong></span> <span class='ocrx_word' id='word_1_459' title='bbox 1317 4507 1504 4548; x_wconf 89' lang='lat' dir='ltr'><strong>eremo</strong></span> <span class='ocrx_word' id='word_1_460' title='bbox 1554 4491 1797 4547; x_wconf 81' lang='lat' dir='ltr'><strong>dixerit:</strong></span> <span class='ocrx_word' id='word_1_461' title='bbox 1840 4490 1953 4560; x_wconf 82' lang='lat' dir='ltr'><strong>Ego</strong></span> 
     </span>
    </p>
   </div>
   <div class='ocr_carea' id='block_1_61' title="bbox 375 4563 2028 4655">
    <p class='ocr_par' dir='ltr' id='par_1_61' title="bbox 375 4563 2028 4655">
     <span class='ocr_line' id='line_1_61' title="bbox 375 4563 2028 4655; baseline -0.001 -19"><span class='ocrx_word' id='word_1_462' title='bbox 375 4598 474 4637; x_wconf 67' lang='lat' dir='ltr'><strong>vos:</strong></span> <span class='ocrx_word' id='word_1_463' title='bbox 497 4582 780 4638; x_wconf 76' lang='lat' dir='ltr'><strong>clamantis</strong></span> <span class='ocrx_word' id='word_1_464' title='bbox 810 4585 863 4637; x_wconf 87' lang='lat' dir='ltr'><strong>in</strong></span> <span class='ocrx_word' id='word_1_465' title='bbox 903 4585 1112 4638; x_wconf 84' lang='lat' dir='ltr'><strong>deserto</strong></span> <span class='ocrx_word' id='word_1_466' title='bbox 1135 4584 1223 4649; x_wconf 61' lang='lat'><strong>3‘;</strong></span> <span class='ocrx_word' id='word_1_467' title='bbox 1258 4594 1315 4638; x_wconf 83' lang='lat' dir='ltr'><strong>et</strong></span> <span class='ocrx_word' id='word_1_468' title='bbox 1354 4584 1590 4655; x_wconf 88' lang='lat' dir='ltr'><strong>reliqua.</strong></span> <span class='ocrx_word' id='word_1_469' title='bbox 1647 4581 1787 4650; x_wconf 89' lang='lat' dir='ltr'><strong>Quid</strong></span> <span class='ocrx_word' id='word_1_470' title='bbox 1839 4563 2028 4639; x_wconf 78' lang='lat' dir='ltr'><strong>cla-,D</strong></span> 
     </span>
    </p>
   </div>
   <div class='ocr_carea' id='block_1_62' title="bbox 375 4675 1949 4741">
    <p class='ocr_par' dir='ltr' id='par_1_62' title="bbox 375 4675 1949 4741">
     <span class='ocr_line' id='line_1_62' title="bbox 375 4675 1949 4741; baseline 0 -13"><span class='ocrx_word' id='word_1_471' title='bbox 375 4679 545 4729; x_wconf 89' lang='lat' dir='ltr'><strong>mavit</strong></span> <span class='ocrx_word' id='word_1_472' title='bbox 581 4689 681 4729; x_wconf 80' lang='lat' dir='ltr'><strong>vox</strong></span> <span class='ocrx_word' id='word_1_473' title='bbox 718 4675 773 4729; x_wconf 91' lang='lat' dir='ltr'><strong>in</strong></span> <span class='ocrx_word' id='word_1_474' title='bbox 806 4676 1063 4731; x_wconf 87' lang='lat' dir='ltr'><strong>deserto:</strong></span> <span class='ocrx_word' id='word_1_475' title='bbox 1098 4675 1295 4731; x_wconf 81' lang='lat' dir='ltr'><strong>Parata</strong></span> <span class='ocrx_word' id='word_1_476' title='bbox 1325 4678 1465 4730; x_wconf 82' lang='lat' dir='ltr'><strong>uiam</strong></span> <span class='ocrx_word' id='word_1_477' title='bbox 1506 4676 1743 4741; x_wconf 88' lang='lat' dir='ltr'><strong>Domini,</strong></span> <span class='ocrx_word' id='word_1_478' title='bbox 1780 4684 1949 4729; x_wconf 84' lang='lat' dir='ltr'><strong>rectas</strong></span> 
     </span>
    </p>
   </div>
   <div class='ocr_carea' id='block_1_63' title="bbox 374 4766 1951 4839">
    <p class='ocr_par' dir='ltr' id='par_1_63' title="bbox 374 4766 1951 4839">
     <span class='ocr_line' id='line_1_63' title="bbox 374 4766 1951 4839; baseline 0 -18"><span class='ocrx_word' id='word_1_479' title='bbox 374 4767 538 4837; x_wconf 75' lang='lat' dir='ltr'><strong>facite</strong></span> <span class='ocrx_word' id='word_1_480' title='bbox 565 4767 780 4821; x_wconf 88' lang='lat' dir='ltr'><strong>semitas</strong></span> <span class='ocrx_word' id='word_1_481' title='bbox 807 4766 921 4838; x_wconf 88' lang='lat' dir='ltr'><strong>ejus</strong></span> <span class='ocrx_word' id='word_1_482' title='bbox 962 4767 1050 4821; x_wconf 76' lang='lat'><strong>&quot;?</strong></span> <span class='ocrx_word' id='word_1_483' title='bbox 1086 4768 1167 4823; x_wconf 88' lang='lat' dir='ltr'><strong>Ob</strong></span> <span class='ocrx_word' id='word_1_484' title='bbox 1205 4769 1349 4839; x_wconf 85' lang='lat' dir='ltr'><strong>quod</strong></span> <span class='ocrx_word' id='word_1_485' title='bbox 1383 4770 1665 4837; x_wconf 67' lang='lat' dir='ltr'><strong>praemium</strong></span> <span class='ocrx_word' id='word_1_486' title='bbox 1718 4783 1951 4836; x_wconf 87' lang='lat' dir='ltr'><strong>quamve</strong></span> 
     </span>
    </p>
   </div>
   <div class='ocr_carea' id='block_1_64' title="bbox 373 4857 1948 4931">
    <p class='ocr_par' dir='ltr' id='par_1_64' title="bbox 373 4857 1948 4931">
     <span class='ocr_line' id='line_1_64' title="bbox 373 4857 1948 4931; baseline 0.001 -18"><span class='ocrx_word' id='word_1_487' title='bbox 373 4859 678 4916; x_wconf 81' lang='lat' dir='ltr'><strong>mercedem</strong></span> <span class='ocrx_word' id='word_1_488' title='bbox 705 4879 720 4915; x_wconf 90' lang='lat'><strong>:</strong></span> <span class='ocrx_word' id='word_1_489' title='bbox 752 4857 938 4915; x_wconf 85' lang='lat' dir='ltr'><strong>Omnis</strong></span> <span class='ocrx_word' id='word_1_490' title='bbox 974 4860 1129 4916; x_wconf 76' lang='lat' dir='ltr'><strong>uallis</strong></span> <span class='ocrx_word' id='word_1_491' title='bbox 1157 4861 1481 4931; x_wconf 86' lang='lat' dir='ltr'><strong>implebitur,</strong></span> <span class='ocrx_word' id='word_1_492' title='bbox 1516 4870 1564 4914; x_wconf 91' lang='lat' dir='ltr'><strong>et</strong></span> <span class='ocrx_word' id='word_1_493' title='bbox 1595 4861 1765 4914; x_wconf 88' lang='lat' dir='ltr'><strong>omnis</strong></span> <span class='ocrx_word' id='word_1_494' title='bbox 1798 4875 1948 4914; x_wconf 86' lang='lat' dir='ltr'><strong>mons</strong></span> 
     </span>
    </p>
   </div>
   <div class='ocr_carea' id='block_1_65' title="bbox 371 4950 1948 5021">
    <p class='ocr_par' dir='ltr' id='par_1_65' title="bbox 371 4950 1948 5021">
     <span class='ocr_line' id='line_1_65' title="bbox 371 4950 1948 5021; baseline 0 -18"><span class='ocrx_word' id='word_1_495' title='bbox 371 4959 421 5004; x_wconf 90' lang='lat' dir='ltr'><strong>et</strong></span> <span class='ocrx_word' id='word_1_496' title='bbox 446 4950 596 5004; x_wconf 86' lang='lat' dir='ltr'><strong>collis</strong></span> <span class='ocrx_word' id='word_1_497' title='bbox 629 4951 1002 5005; x_wconf 85' lang='lat' dir='ltr'><strong>humiliabitur</strong></span> <span class='ocrx_word' id='word_1_498' title='bbox 1031 4966 1054 5005; x_wconf 89' lang='lat'><strong>:</strong></span> <span class='ocrx_word' id='word_1_499' title='bbox 1098 4959 1150 5005; x_wconf 84' lang='lat' dir='ltr'><strong>et</strong></span> <span class='ocrx_word' id='word_1_500' title='bbox 1183 4961 1337 5006; x_wconf 90' lang='lat' dir='ltr'><strong>erunt</strong></span> <span class='ocrx_word' id='word_1_501' title='bbox 1356 4968 1519 5021; x_wconf 80' lang='lat' dir='ltr'><strong>praua</strong></span> <span class='ocrx_word' id='word_1_502' title='bbox 1547 4951 1603 5005; x_wconf 88' lang='lat' dir='ltr'><strong>in</strong></span> <span class='ocrx_word' id='word_1_503' title='bbox 1634 4952 1856 5016; x_wconf 88' lang='lat' dir='ltr'><strong>directa,</strong></span> <span class='ocrx_word' id='word_1_504' title='bbox 1894 4959 1948 5004; x_wconf 89' lang='lat' dir='ltr'><strong>et</strong></span> 
     </span>
    </p>
   </div>
   <div class='ocr_carea' id='block_1_66' title="bbox 373 5040 1948 5113">
    <p class='ocr_par' dir='ltr' id='par_1_66' title="bbox 373 5040 1948 5113">
     <span class='ocr_line' id='line_1_66' title="bbox 373 5040 1948 5113; baseline 0.003 -20"><span class='ocrx_word' id='word_1_505' title='bbox 373 5057 563 5109; x_wconf 86' lang='lat' dir='ltr'><strong>aspera</strong></span> <span class='ocrx_word' id='word_1_506' title='bbox 589 5040 845 5113; x_wconf 58' lang='lat' dir='ltr'><strong>395m</strong></span> <span class='ocrx_word' id='word_1_507' title='bbox 876 5043 984 5096; x_wconf 82' lang='lat' dir='ltr'><strong>vias</strong></span> <span class='ocrx_word' id='word_1_508' title='bbox 1008 5043 1196 5110; x_wconf 88' lang='lat' dir='ltr'><strong>planas</strong></span> <span class='ocrx_word' id='word_1_509' title='bbox 1225 5060 1246 5110; x_wconf 87' lang='lat'><strong><em>;</em></strong></span> <span class='ocrx_word' id='word_1_510' title='bbox 1288 5052 1338 5098; x_wconf 92' lang='lat' dir='ltr'><strong>et</strong></span> <span class='ocrx_word' id='word_1_511' title='bbox 1367 5044 1563 5099; x_wconf 81' lang='lat' dir='ltr'><strong>uidebit</strong></span> <span class='ocrx_word' id='word_1_512' title='bbox 1603 5044 1773 5097; x_wconf 89' lang='lat' dir='ltr'><strong>omnis</strong></span> <span class='ocrx_word' id='word_1_513' title='bbox 1822 5059 1948 5098; x_wconf 86' lang='lat' dir='ltr'><strong>caro</strong></span> 
     </span>
    </p>
   </div>
   <div class='ocr_carea' id='block_1_67' title="bbox 373 5132 1949 5206">
    <p class='ocr_par' dir='ltr' id='par_1_67' title="bbox 373 5132 1949 5206">
     <span class='ocr_line' id='line_1_67' title="bbox 373 5132 1949 5206; baseline -0.002 -16"><span class='ocrx_word' id='word_1_514' title='bbox 373 5132 624 5190; x_wconf 86' lang='lat' dir='ltr'><strong>Salutare</strong></span> <span class='ocrx_word' id='word_1_515' title='bbox 655 5132 754 5187; x_wconf 87' lang='lat' dir='ltr'><strong>Dei</strong></span> <span class='ocrx_word' id='word_1_516' title='bbox 778 5133 859 5188; x_wconf 68' lang='lat' dir='ltr'><strong>8‘i</strong></span> <span class='ocrx_word' id='word_1_517' title='bbox 893 5132 1006 5188; x_wconf 90' lang='lat' dir='ltr'><strong>Hoc</strong></span> <span class='ocrx_word' id='word_1_518' title='bbox 1027 5144 1208 5188; x_wconf 90' lang='lat' dir='ltr'><strong>autem</strong></span> <span class='ocrx_word' id='word_1_519' title='bbox 1239 5135 1381 5202; x_wconf 90' lang='lat' dir='ltr'><strong>ideo,</strong></span> <span class='ocrx_word' id='word_1_520' title='bbox 1409 5135 1537 5206; x_wconf 88' lang='lat' dir='ltr'><strong>quia</strong></span> <span class='ocrx_word' id='word_1_521' title='bbox 1573 5132 1795 5190; x_wconf 85' lang='lat' dir='ltr'><strong>Verbum</strong></span> <span class='ocrx_word' id='word_1_522' title='bbox 1823 5151 1949 5189; x_wconf 84' lang='lat' dir='ltr'><strong>caro</strong></span> 
     </span>
    </p>
   </div>
   <div class='ocr_carea' id='block_1_68' title="bbox 375 5226 1948 5299">
    <p class='ocr_par' dir='ltr' id='par_1_68' title="bbox 375 5226 1948 5299">
     <span class='ocr_line' id='line_1_68' title="bbox 375 5226 1948 5299; baseline 0.001 -18"><span class='ocrx_word' id='word_1_523' title='bbox 375 5227 575 5299; x_wconf 76' lang='lat' dir='ltr'><strong>factum</strong></span> <span class='ocrx_word' id='word_1_524' title='bbox 609 5237 708 5291; x_wconf 85' lang='lat' dir='ltr'><strong>est,</strong></span> <span class='ocrx_word' id='word_1_525' title='bbox 728 5233 791 5281; x_wconf 84' lang='lat' dir='ltr'><strong>.et</strong></span> <span class='ocrx_word' id='word_1_526' title='bbox 822 5227 1073 5281; x_wconf 75' lang='lat' dir='ltr'><strong>habitauit</strong></span> <span class='ocrx_word' id='word_1_527' title='bbox 1098 5226 1152 5280; x_wconf 88' lang='lat' dir='ltr'><strong>in</strong></span> <span class='ocrx_word' id='word_1_528' title='bbox 1185 5226 1333 5280; x_wconf 85' lang='lat' dir='ltr'><strong>nobis</strong></span> <span class='ocrx_word' id='word_1_529' title='bbox 1363 5226 1431 5282; x_wconf 79' lang='grc'><strong>⁸⁷.</strong></span> <span class='ocrx_word' id='word_1_530' title='bbox 1459 5226 1611 5282; x_wconf 83' lang='lat' dir='ltr'><strong>Nunc</strong></span> <span class='ocrx_word' id='word_1_531' title='bbox 1643 5237 1823 5283; x_wconf 90' lang='lat' dir='ltr'><strong>autem</strong></span> <span class='ocrx_word' id='word_1_532' title='bbox 1849 5242 1948 5283; x_wconf 61' lang='lat' dir='ltr'><strong>ne.</strong></span> 
     </span>
    </p>
   </div>
   <div class='ocr_carea' id='block_1_69' title="bbox 373 5316 2021 5388">
    <p class='ocr_par' dir='ltr' id='par_1_69' title="bbox 373 5316 2021 5388">
     <span class='ocr_line' id='line_1_69' title="bbox 373 5316 2021 5388; baseline 0.001 -17"><span class='ocrx_word' id='word_1_533' title='bbox 373 5331 645 5388; x_wconf 87' lang='lat' dir='ltr'><strong>quaquam</strong></span> <span class='ocrx_word' id='word_1_534' title='bbox 700 5330 809 5370; x_wconf 86' lang='lat' dir='ltr'><strong>vox-</strong></span> <span class='ocrx_word' id='word_1_535' title='bbox 858 5316 1142 5386; x_wconf 73' lang='lat' dir='ltr'><strong>propheta:</strong></span> <span class='ocrx_word' id='word_1_536' title='bbox 1190 5316 1244 5372; x_wconf 92' lang='lat' dir='ltr'><strong>in</strong></span> <span class='ocrx_word' id='word_1_537' title='bbox 1298 5317 1518 5374; x_wconf 88' lang='lat' dir='ltr'><strong>deserto</strong></span> <span class='ocrx_word' id='word_1_538' title='bbox 1557 5316 1685 5382; x_wconf 89' lang='lat' dir='ltr'><strong>erit,</strong></span> <span class='ocrx_word' id='word_1_539' title='bbox 1715 5317 1812 5372; x_wconf 90' lang='lat' dir='ltr'><strong>sed</strong></span> <span class='ocrx_word' id='word_1_540' title='bbox 1840 5332 1945 5374; x_wconf 87' lang='lat' dir='ltr'><strong>vox</strong></span> <span class='ocrx_word' id='word_1_541' title='bbox 2014 5366 2021 5373; x_wconf 86' lang='lat'><strong>.</strong></span> 
     </span>
    </p>
   </div>
   <div class='ocr_carea' id='block_1_70' title="bbox 372 5406 1947 5481">
    <p class='ocr_par' dir='ltr' id='par_1_70' title="bbox 372 5406 1947 5481">
     <span class='ocr_line' id='line_1_70' title="bbox 372 5406 1947 5481; baseline 0 -16"><span class='ocrx_word' id='word_1_542' title='bbox 372 5407 691 5481; x_wconf 81' lang='lat' dir='ltr'><strong>archangeli</strong></span> <span class='ocrx_word' id='word_1_543' title='bbox 732 5409 980 5479; x_wconf 86' lang='lat' dir='ltr'><strong>parantis</strong></span> <span class='ocrx_word' id='word_1_544' title='bbox 1023 5408 1142 5464; x_wconf 87' lang='lat' dir='ltr'><strong>vias</strong></span> <span class='ocrx_word' id='word_1_545' title='bbox 1189 5423 1294 5465; x_wconf 92' lang='lat' dir='ltr'><strong>non</strong></span> <span class='ocrx_word' id='word_1_546' title='bbox 1325 5409 1382 5464; x_wconf 89' lang='lat' dir='ltr'><strong>in</strong></span> <span class='ocrx_word' id='word_1_547' title='bbox 1410 5408 1597 5465; x_wconf 80' lang='lat' dir='ltr'><strong>carnis</strong></span> <span class='ocrx_word' id='word_1_548' title='bbox 1636 5406 1947 5465; x_wconf 87' lang='lat' dir='ltr'><strong>humilitate</strong></span> 
     </span>
    </p>
   </div>
   <div class='ocr_carea' id='block_1_71' title="bbox 476 5553 2749 5643">
    <p class='ocr_par' dir='ltr' id='par_1_71' title="bbox 476 5553 2749 5643">
     <span class='ocr_line' id='line_1_71' title="bbox 476 5553 2749 5643; baseline -0.008 -14"><span class='ocrx_word' id='word_1_549' title='bbox 476 5575 521 5608; x_wconf 78' lang='grc'><strong>⁷⁷</strong></span> <span class='ocrx_word' id='word_1_550' title='bbox 568 5571 586 5629; x_wconf 93' lang='lat' dir='ltr'><strong>l</strong></span> <span class='ocrx_word' id='word_1_551' title='bbox 634 5576 763 5632; x_wconf 86' lang='lat' dir='ltr'><strong>Cor.</strong></span> <span class='ocrx_word' id='word_1_552' title='bbox 809 5591 901 5643; x_wconf 88' lang='lat' dir='ltr'><strong>xv,</strong></span> <span class='ocrx_word' id='word_1_553' title='bbox 941 5575 1049 5642; x_wconf 78' lang='lat'><strong>20,.</strong></span> <span class='ocrx_word' id='word_1_554' title='bbox 1084 5569 1809 5643; x_wconf 22' lang='grc' dir='ltr'><strong>21,.51,.δἰηρτθλιῖιιιιιξεἑ</strong></span> <span class='ocrx_word' id='word_1_555' title='bbox 1847 5568 2009 5643; x_wconf 72' lang='lat' dir='ltr'><strong>v_,_u.</strong></span> <span class='ocrx_word' id='word_1_556' title='bbox 2085 5568 2129 5602; x_wconf 76' lang='grc'><strong>⁷⁸</strong></span> <span class='ocrx_word' id='word_1_557' title='bbox 2158 5565 2513 5643; x_wconf 54' lang='grc' dir='ltr'><strong>ξξθιερξιιι,</strong></span> <span class='ocrx_word' id='word_1_558' title='bbox 2537 5553 2749 5643; x_wconf 48' lang='lat'><strong>2,4,5:</strong></span> 
     </span>
    </p>
   </div>
   <div class='ocr_carea' id='block_1_72' title="bbox 371 5627 1954 5711">
    <p class='ocr_par' dir='ltr' id='par_1_72' title="bbox 371 5627 1954 5711">
     <span class='ocr_line' id='line_1_72' title="bbox 371 5627 1954 5711; baseline -0.005 -10"><span class='ocrx_word' id='word_1_559' title='bbox 371 5645 421 5679; x_wconf 84' lang='grc'><strong>⁸⁸</strong></span> <span class='ocrx_word' id='word_1_560' title='bbox 456 5627 589 5701; x_wconf 66' lang='lat' dir='ltr'><strong>ibid.</strong></span> <span class='ocrx_word' id='word_1_561' title='bbox 616 5627 842 5701; x_wconf 26' lang='lat'><strong>1&#39;6?”—</strong></span> <span class='ocrx_word' id='word_1_562' title='bbox 847 5627 1034 5702; x_wconf 55' lang='lat' dir='ltr'><strong>ibaﬁ&#39;.’</strong></span> <span class='ocrx_word' id='word_1_563' title='bbox 1076 5627 1195 5711; x_wconf 61' lang='grc' dir='ltr'><strong>χιῖ,</strong></span> <span class='ocrx_word' id='word_1_564' title='bbox 1220 5627 1314 5699; x_wconf 59' lang='grc'><strong>34.</strong></span> <span class='ocrx_word' id='word_1_565' title='bbox 1385 5642 1433 5675; x_wconf 72' lang='grc'><strong>⁸⁸</strong></span> <span class='ocrx_word' id='word_1_566' title='bbox 1453 5627 1755 5703; x_wconf 73' lang='grc' dir='ltr'>ΜιιιιΙι.ἰιι,</span> <span class='ocrx_word' id='word_1_567' title='bbox 1779 5640 1814 5695; x_wconf 77' lang='lat'><strong>5</strong></span> <span class='ocrx_word' id='word_1_568' title='bbox 1839 5627 1954 5711; x_wconf 72' lang='lat' dir='ltr'><strong>;_Ma</strong></span> 
     </span>
    </p>
   </div>
   <div class='ocr_carea' id='block_1_73' title="bbox 2054 5627 2697 5711">
    <p class='ocr_par' dir='ltr' id='par_1_73' title="bbox 2062 5627 2697 5711">
     <span class='ocr_line' id='line_1_73' title="bbox 2062 5627 2697 5711; baseline -0.02 -19"><span class='ocrx_word' id='word_1_569' title='bbox 2062 5654 2121 5711; x_wconf 65' lang='grc' dir='ltr'><strong>Δι,</strong></span> <span class='ocrx_word' id='word_1_570' title='bbox 2161 5627 2337 5711; x_wconf 50' lang='lat'><strong>5.&#39;__”</strong></span> <span class='ocrx_word' id='word_1_571' title='bbox 2369 5632 2507 5711; x_wconf 85' lang='lat' dir='ltr'><strong>_Luc.</strong></span> <span class='ocrx_word' id='word_1_572' title='bbox 2542 5627 2697 5711; x_wconf 47' lang='lat' dir='ltr'><strong>m,4;&#39;</strong></span> 
     </span>
    </p>
   </div>
   <div class='ocr_carea' id='block_1_74' title="bbox 2051 1976 3621 2051">
    <p class='ocr_par' dir='ltr' id='par_1_74' title="bbox 2051 1976 3621 2051">
     <span class='ocr_line' id='line_1_74' title="bbox 2051 1976 3621 2051; baseline -0.008 -9"><span class='ocrx_word' id='word_1_573' title='bbox 2051 1976 2109 2042; x_wconf 79' lang='lat' dir='ltr'><strong>et</strong></span> <span class='ocrx_word' id='word_1_574' title='bbox 2136 1984 2338 2041; x_wconf 87' lang='lat' dir='ltr'><strong>residui</strong></span> <span class='ocrx_word' id='word_1_575' title='bbox 2368 1994 2523 2051; x_wconf 89' lang='lat' dir='ltr'><strong>sunt,</strong></span> <span class='ocrx_word' id='word_1_576' title='bbox 2554 1994 2610 2037; x_wconf 90' lang='lat' dir='ltr'><strong>et</strong></span> <span class='ocrx_word' id='word_1_577' title='bbox 2641 1982 2911 2038; x_wconf 84' lang='lat' dir='ltr'><strong>sermonis</strong></span> <span class='ocrx_word' id='word_1_578' title='bbox 2962 1982 3056 2037; x_wconf 91' lang='lat' dir='ltr'><strong>Dei</strong></span> <span class='ocrx_word' id='word_1_579' title='bbox 3104 1980 3486 2051; x_wconf 82' lang='lat' dir='ltr'><strong>praestolamur</strong></span> <span class='ocrx_word' id='word_1_580' title='bbox 3520 1979 3621 2030; x_wconf 86' lang='lat' dir='ltr'><strong>ad-</strong></span> 
     </span>
    </p>
   </div>
   <div class='ocr_carea' id='block_1_75' title="bbox 2051 2067 3621 2142">
    <p class='ocr_par' dir='ltr' id='par_1_75' title="bbox 2051 2067 3621 2142">
     <span class='ocr_line' id='line_1_75' title="bbox 2051 2067 3621 2142; baseline -0.006 -13"><span class='ocrx_word' id='word_1_581' title='bbox 2051 2085 2270 2131; x_wconf 91' lang='lat' dir='ltr'><strong>ventum</strong></span> <span class='ocrx_word' id='word_1_582' title='bbox 2293 2074 2317 2130; x_wconf 86' lang='lat'><strong>?</strong></span> <span class='ocrx_word' id='word_1_583' title='bbox 2338 2073 2591 2130; x_wconf 86' lang='lat' dir='ltr'><strong>Forsitan</strong></span> <span class='ocrx_word' id='word_1_584' title='bbox 2619 2071 2882 2142; x_wconf 89' lang='lat' dir='ltr'><strong>simplicis</strong></span> <span class='ocrx_word' id='word_1_585' title='bbox 2919 2072 3058 2126; x_wconf 72' lang='lat' dir='ltr'><strong>tuba:</strong></span> <span class='ocrx_word' id='word_1_586' title='bbox 3086 2073 3311 2139; x_wconf 86' lang='lat' dir='ltr'><strong>clangor</strong></span> <span class='ocrx_word' id='word_1_587' title='bbox 3339 2067 3621 2122; x_wconf 83' lang='lat' dir='ltr'><strong>dormien-</strong></span> 
     </span>
    </p>
   </div>
   <div class='ocr_carea' id='block_1_76' title="bbox 2051 2162 3619 2228">
    <p class='ocr_par' dir='ltr' id='par_1_76' title="bbox 2051 2162 3619 2228">
     <span class='ocr_line' id='line_1_76' title="bbox 2051 2162 3619 2228; baseline -0.006 -6"><span class='ocrx_word' id='word_1_588' title='bbox 2051 2169 2200 2225; x_wconf 89' lang='lat' dir='ltr'><strong>tibus</strong></span> <span class='ocrx_word' id='word_1_589' title='bbox 2231 2175 2287 2223; x_wconf 86' lang='lat' dir='ltr'><strong>et</strong></span> <span class='ocrx_word' id='word_1_590' title='bbox 2318 2164 2551 2222; x_wconf 86' lang='lat' dir='ltr'><strong>mortuis</strong></span> <span class='ocrx_word' id='word_1_591' title='bbox 2603 2165 2658 2219; x_wconf 90' lang='lat' dir='ltr'><strong>in</strong></span> <span class='ocrx_word' id='word_1_592' title='bbox 2706 2162 2922 2220; x_wconf 88' lang='lat' dir='ltr'><strong>Christo</strong></span> <span class='ocrx_word' id='word_1_593' title='bbox 2969 2163 3310 2218; x_wconf 89' lang='lat' dir='ltr'><strong>necessarius</strong></span> <span class='ocrx_word' id='word_1_594' title='bbox 3340 2170 3462 2228; x_wconf 90' lang='lat' dir='ltr'><strong>est;</strong></span> <span class='ocrx_word' id='word_1_595' title='bbox 3507 2174 3619 2214; x_wconf 85' lang='lat' dir='ltr'><strong>vox-</strong></span> 
     </span>
    </p>
   </div>
   <div class='ocr_carea' id='block_1_77' title="bbox 2051 2252 3619 2326">
    <p class='ocr_par' dir='ltr' id='par_1_77' title="bbox 2051 2252 3619 2326">
     <span class='ocr_line' id='line_1_77' title="bbox 2051 2252 3619 2326; baseline -0.006 -11"><span class='ocrx_word' id='word_1_596' title='bbox 2051 2272 2237 2316; x_wconf 91' lang='lat' dir='ltr'><strong>autem</strong></span> <span class='ocrx_word' id='word_1_597' title='bbox 2267 2256 2578 2326; x_wconf 87' lang='lat' dir='ltr'><strong>archangeli</strong></span> <span class='ocrx_word' id='word_1_598' title='bbox 2628 2265 2683 2311; x_wconf 93' lang='lat' dir='ltr'><strong>et</strong></span> <span class='ocrx_word' id='word_1_599' title='bbox 2730 2255 2870 2309; x_wconf 74' lang='lat' dir='ltr'><strong>tuba:</strong></span> <span class='ocrx_word' id='word_1_600' title='bbox 2898 2254 2991 2311; x_wconf 91' lang='lat' dir='ltr'><strong>Dei</strong></span> <span class='ocrx_word' id='word_1_601' title='bbox 3026 2254 3109 2310; x_wconf 90' lang='lat' dir='ltr'><strong>his</strong></span> <span class='ocrx_word' id='word_1_602' title='bbox 3139 2255 3230 2324; x_wconf 91' lang='lat' dir='ltr'><strong>qui</strong></span> <span class='ocrx_word' id='word_1_603' title='bbox 3260 2254 3450 2308; x_wconf 90' lang='lat' dir='ltr'><strong>vivunt</strong></span> <span class='ocrx_word' id='word_1_604' title='bbox 3481 2261 3536 2307; x_wconf 91' lang='lat' dir='ltr'><strong>et</strong></span> <span class='ocrx_word' id='word_1_605' title='bbox 3563 2252 3619 2306; x_wconf 87' lang='lat' dir='ltr'><strong>in</strong></span> 
     </span>
    </p>
   </div>
   <div class='ocr_carea' id='block_1_78' title="bbox 2053 2350 2868 2425">
    <p class='ocr_par' dir='ltr' id='par_1_78' title="bbox 2053 2350 2868 2425">
     <span class='ocr_line' id='line_1_78' title="bbox 2053 2350 2868 2425; baseline -0.01 -16"><span class='ocrx_word' id='word_1_606' title='bbox 2053 2352 2343 2425; x_wconf 77' lang='lat' dir='ltr'><strong>praesentia</strong></span> <span class='ocrx_word' id='word_1_607' title='bbox 2382 2350 2476 2405; x_wconf 87' lang='lat' dir='ltr'><strong>Dei</strong></span> <span class='ocrx_word' id='word_1_608' title='bbox 2502 2357 2868 2404; x_wconf 90' lang='lat' dir='ltr'><strong>reservantur.</strong></span> 
     </span>
    </p>
   </div>
   <div class='ocr_carea' id='block_1_79' title="bbox 2127 2434 3620 2513">
    <p class='ocr_par' dir='ltr' id='par_1_79' title="bbox 2127 2434 3620 2513">
     <span class='ocr_line' id='line_1_79' title="bbox 2127 2434 3620 2513; baseline -0.007 -15"><span class='ocrx_word' id='word_1_609' title='bbox 2127 2445 2418 2500; x_wconf 81' lang='lat' dir='ltr'><strong>Videamus</strong></span> <span class='ocrx_word' id='word_1_610' title='bbox 2447 2443 2576 2513; x_wconf 88' lang='lat' dir='ltr'><strong>quid</strong></span> <span class='ocrx_word' id='word_1_611' title='bbox 2609 2441 2778 2513; x_wconf 84' lang='lat' dir='ltr'><strong>possit</strong></span> <span class='ocrx_word' id='word_1_612' title='bbox 2802 2438 3029 2508; x_wconf 89' lang='lat' dir='ltr'><strong>intelligi</strong></span> <span class='ocrx_word' id='word_1_613' title='bbox 3067 2448 3125 2493; x_wconf 90' lang='lat' dir='ltr'><strong>et</strong></span> <span class='ocrx_word' id='word_1_614' title='bbox 3160 2436 3214 2492; x_wconf 89' lang='lat' dir='ltr'><strong>id</strong></span> <span class='ocrx_word' id='word_1_615' title='bbox 3243 2435 3388 2507; x_wconf 89' lang='lat' dir='ltr'><strong>quod</strong></span> <span class='ocrx_word' id='word_1_616' title='bbox 3432 2434 3620 2505; x_wconf 88' lang='lat' dir='ltr'><strong>sequi-</strong></span> 
     </span>
    </p>
   </div>
   <div class='ocr_carea' id='block_1_80' title="bbox 2056 2528 3624 2604">
    <p class='ocr_par' dir='ltr' id='par_1_80' title="bbox 2056 2528 3624 2604">
     <span class='ocr_line' id='line_1_80' title="bbox 2056 2528 3624 2604; baseline -0.006 -12"><span class='ocrx_word' id='word_1_617' title='bbox 2056 2549 2145 2593; x_wconf 91' lang='lat' dir='ltr'><strong>tur</strong></span> <span class='ocrx_word' id='word_1_618' title='bbox 2169 2555 2184 2593; x_wconf 90' lang='lat'><strong>:</strong></span> <span class='ocrx_word' id='word_1_619' title='bbox 2208 2535 2383 2593; x_wconf 73' lang='lat' dir='ltr'><strong>Simul</strong></span> <span class='ocrx_word' id='word_1_620' title='bbox 2414 2551 2535 2590; x_wconf 87' lang='lat' dir='ltr'><strong>cum</strong></span> <span class='ocrx_word' id='word_1_621' title='bbox 2554 2535 2659 2589; x_wconf 81' lang='lat' dir='ltr'><strong>illis</strong></span> <span class='ocrx_word' id='word_1_622' title='bbox 2684 2533 2950 2604; x_wconf 76' lang='lat' dir='ltr'><strong>rapientur</strong></span> <span class='ocrx_word' id='word_1_623' title='bbox 2976 2531 3042 2585; x_wconf 80' lang='grc'><strong>⁹¹.</strong></span> <span class='ocrx_word' id='word_1_624' title='bbox 3069 2530 3190 2597; x_wconf 87' lang='lat' dir='ltr'><strong>Quo</strong></span> <span class='ocrx_word' id='word_1_625' title='bbox 3216 2529 3382 2584; x_wconf 90' lang='lat' dir='ltr'><strong>verbo</strong></span> <span class='ocrx_word' id='word_1_626' title='bbox 3407 2528 3624 2583; x_wconf 88' lang='lat' dir='ltr'><strong>ostendi</strong></span> 
     </span>
    </p>
   </div>
   <div class='ocr_carea' id='block_1_81' title="bbox 2059 2618 3623 2700">
    <p class='ocr_par' dir='ltr' id='par_1_81' title="bbox 2059 2618 3623 2700">
     <span class='ocr_line' id='line_1_81' title="bbox 2059 2618 3623 2700; baseline -0.007 -17"><span class='ocrx_word' id='word_1_627' title='bbox 2059 2628 2193 2700; x_wconf 87' lang='lat' dir='ltr'><strong>puto</strong></span> <span class='ocrx_word' id='word_1_628' title='bbox 2226 2628 2464 2684; x_wconf 87' lang='lat' dir='ltr'><strong>subitum</strong></span> <span class='ocrx_word' id='word_1_629' title='bbox 2519 2627 2585 2681; x_wconf 89' lang='lat' dir='ltr'><strong>ad</strong></span> <span class='ocrx_word' id='word_1_630' title='bbox 2621 2625 2850 2692; x_wconf 77' lang='lat' dir='ltr'><strong>meliora</strong></span> <span class='ocrx_word' id='word_1_631' title='bbox 2887 2635 3288 2687; x_wconf 89' lang='lat' dir='ltr'><strong>transcensum,</strong></span> <span class='ocrx_word' id='word_1_632' title='bbox 3336 2627 3392 2673; x_wconf 92' lang='lat' dir='ltr'><strong>et</strong></span> <span class='ocrx_word' id='word_1_633' title='bbox 3417 2618 3623 2674; x_wconf 89' lang='lat' dir='ltr'><strong>idcirco</strong></span> 
     </span>
    </p>
   </div>
   <div class='ocr_carea' id='block_1_82' title="bbox 2058 2709 3621 2792">
    <p class='ocr_par' dir='ltr' id='par_1_82' title="bbox 2058 2709 3621 2792">
     <span class='ocr_line' id='line_1_82' title="bbox 2058 2709 3621 2792; baseline -0.008 -17"><span class='ocrx_word' id='word_1_634' title='bbox 2058 2731 2272 2792; x_wconf 86' lang='lat' dir='ltr'><strong>raptum</strong></span> <span class='ocrx_word' id='word_1_635' title='bbox 2302 2735 2363 2775; x_wconf 88' lang='lat' dir='ltr'><strong>se</strong></span> <span class='ocrx_word' id='word_1_636' title='bbox 2393 2718 2634 2775; x_wconf 85' lang='lat' dir='ltr'><strong>voluisse</strong></span> <span class='ocrx_word' id='word_1_637' title='bbox 2667 2716 2870 2779; x_wconf 90' lang='lat' dir='ltr'><strong>dicere,</strong></span> <span class='ocrx_word' id='word_1_638' title='bbox 2903 2723 2963 2769; x_wconf 94' lang='lat' dir='ltr'><strong>ut</strong></span> <span class='ocrx_word' id='word_1_639' title='bbox 2988 2712 3244 2768; x_wconf 83' lang='lat' dir='ltr'><strong>velocitas</strong></span> <span class='ocrx_word' id='word_1_640' title='bbox 3286 2709 3621 2764; x_wconf 87' lang='lat' dir='ltr'><strong>transeuntis</strong></span> 
     </span>
    </p>
   </div>
   <div class='ocr_carea' id='block_1_83' title="bbox 2055 2798 3620 2879">
    <p class='ocr_par' dir='ltr' id='par_1_83' title="bbox 2055 2798 3620 2879">
     <span class='ocr_line' id='line_1_83' title="bbox 2055 2798 3620 2879; baseline -0.009 -11"><span class='ocrx_word' id='word_1_641' title='bbox 2055 2827 2277 2868; x_wconf 86' lang='lat' dir='ltr'><strong>sensum</strong></span> <span class='ocrx_word' id='word_1_642' title='bbox 2308 2809 2603 2879; x_wconf 85' lang='lat' dir='ltr'><strong>cogitantis</strong></span> <span class='ocrx_word' id='word_1_643' title='bbox 2629 2806 2944 2863; x_wconf 82' lang='lat' dir='ltr'><strong>excederet.</strong></span> <span class='ocrx_word' id='word_1_644' title='bbox 2974 2801 3129 2870; x_wconf 91' lang='lat' dir='ltr'><strong>Quod</strong></span> <span class='ocrx_word' id='word_1_645' title='bbox 3176 2809 3233 2857; x_wconf 90' lang='lat' dir='ltr'><strong>et</strong></span> <span class='ocrx_word' id='word_1_646' title='bbox 3274 2800 3330 2854; x_wconf 92' lang='lat' dir='ltr'><strong>in</strong></span> <span class='ocrx_word' id='word_1_647' title='bbox 3359 2799 3466 2854; x_wconf 90' lang='lat' dir='ltr'><strong>alio</strong></span> <span class='ocrx_word' id='word_1_648' title='bbox 3498 2798 3620 2854; x_wconf 92' lang='lat' dir='ltr'><strong>loco</strong></span> 
     </span>
    </p>
   </div>
   <div class='ocr_carea' id='block_1_84' title="bbox 2056 2890 3620 2977">
    <p class='ocr_par' dir='ltr' id='par_1_84' title="bbox 2056 2890 3620 2977">
     <span class='ocr_line' id='line_1_84' title="bbox 2056 2890 3620 2977; baseline -0.011 -17"><span class='ocrx_word' id='word_1_649' title='bbox 2056 2905 2299 2977; x_wconf 90' lang='lat' dir='ltr'><strong>ejusdem</strong></span> <span class='ocrx_word' id='word_1_650' title='bbox 2332 2902 2483 2958; x_wconf 89' lang='lat' dir='ltr'><strong>verbi</strong></span> <span class='ocrx_word' id='word_1_651' title='bbox 2519 2901 2854 2973; x_wconf 89' lang='lat' dir='ltr'><strong>proprietate</strong></span> <span class='ocrx_word' id='word_1_652' title='bbox 2878 2895 3113 2967; x_wconf 89' lang='lat' dir='ltr'><strong>signavit</strong></span> <span class='ocrx_word' id='word_1_653' title='bbox 3151 2913 3164 2950; x_wconf 91' lang='lat'><strong>:</strong></span> <span class='ocrx_word' id='word_1_654' title='bbox 3202 2890 3323 2947; x_wconf 83' lang='lat' dir='ltr'><strong>Scio</strong></span> <span class='ocrx_word' id='word_1_655' title='bbox 3360 2892 3620 2945; x_wconf 79' lang='lat' dir='ltr'><strong>hominem</strong></span> 
     </span>
    </p>
   </div>
   <div class='ocr_carea' id='block_1_85' title="bbox 2053 2984 3623 3058">
    <p class='ocr_par' dir='ltr' id='par_1_85' title="bbox 2053 2984 3623 3058">
     <span class='ocr_line' id='line_1_85' title="bbox 2053 2984 3623 3058; baseline -0.011 -8"><span class='ocrx_word' id='word_1_656' title='bbox 2053 2997 2109 3050; x_wconf 88' lang='lat' dir='ltr'><strong>in</strong></span> <span class='ocrx_word' id='word_1_657' title='bbox 2131 2992 2343 3049; x_wconf 83' lang='lat' dir='ltr'><strong>Christo</strong></span> <span class='ocrx_word' id='word_1_658' title='bbox 2370 3000 2492 3046; x_wconf 86' lang='lat' dir='ltr'><strong>ante</strong></span> <span class='ocrx_word' id='word_1_659' title='bbox 2523 3006 2688 3045; x_wconf 88' lang='lat' dir='ltr'><strong>annos</strong></span> <span class='ocrx_word' id='word_1_660' title='bbox 2714 2986 3129 3058; x_wconf 86' lang='lat' dir='ltr'><strong>quatuordecim,</strong></span> <span class='ocrx_word' id='word_1_661' title='bbox 3160 2984 3265 3039; x_wconf 83' lang='lat' dir='ltr'><strong>sive</strong></span> <span class='ocrx_word' id='word_1_662' title='bbox 3291 2984 3346 3036; x_wconf 88' lang='lat' dir='ltr'><strong>in</strong></span> <span class='ocrx_word' id='word_1_663' title='bbox 3372 2996 3623 3052; x_wconf 77' lang='lat' dir='ltr'><strong>_corpore,</strong></span> 
     </span>
    </p>
   </div>
   <div class='ocr_carea' id='block_1_86' title="bbox 2057 3072 3686 3149">
    <p class='ocr_par' dir='ltr' id='par_1_86' title="bbox 2057 3072 3686 3149">
     <span class='ocr_line' id='line_1_86' title="bbox 2057 3072 3686 3149; baseline -0.012 -9"><span class='ocrx_word' id='word_1_664' title='bbox 2057 3088 2252 3149; x_wconf 83' lang='lat' dir='ltr'><strong>nescio,</strong></span> <span class='ocrx_word' id='word_1_665' title='bbox 2294 3082 2399 3136; x_wconf 74' lang='lat' dir='ltr'><strong>sive</strong></span> <span class='ocrx_word' id='word_1_666' title='bbox 2431 3093 2583 3136; x_wconf 70' lang='lat' dir='ltr'><strong>extra</strong></span> <span class='ocrx_word' id='word_1_667' title='bbox 2610 3095 2821 3149; x_wconf 88' lang='lat' dir='ltr'><strong>corpus,</strong></span> <span class='ocrx_word' id='word_1_668' title='bbox 2853 3077 3047 3140; x_wconf 84' lang='lat' dir='ltr'><strong>nescio,</strong></span> <span class='ocrx_word' id='word_1_669' title='bbox 3080 3073 3223 3128; x_wconf 84' lang='lat' dir='ltr'><strong>Deus</strong></span> <span class='ocrx_word' id='word_1_670' title='bbox 3255 3072 3375 3139; x_wconf 87' lang='lat' dir='ltr'><strong>scit,</strong></span> <span class='ocrx_word' id='word_1_671' title='bbox 3416 3080 3626 3141; x_wconf 73' lang='lat' dir='ltr'><strong>raptim</strong></span> <span class='ocrx_word' id='word_1_672' title='bbox 3682 3136 3686 3141; x_wconf 20' lang='grc'><strong>⁴</strong></span> 
     </span>
    </p>
   </div>
   <div class='ocr_carea' id='block_1_87' title="bbox 2057 3159 3627 3240">
    <p class='ocr_par' dir='ltr' id='par_1_87' title="bbox 2057 3159 3627 3240">
     <span class='ocr_line' id='line_1_87' title="bbox 2057 3159 3627 3240; baseline -0.012 -11"><span class='ocrx_word' id='word_1_673' title='bbox 2057 3172 2362 3229; x_wconf 82' lang='lat' dir='ltr'><strong>istiusmodi</strong></span> <span class='ocrx_word' id='word_1_674' title='bbox 2388 3185 2552 3240; x_wconf 87' lang='lat' dir='ltr'><strong>usque</strong></span> <span class='ocrx_word' id='word_1_675' title='bbox 2582 3168 2652 3221; x_wconf 88' lang='lat' dir='ltr'><strong>ad</strong></span> <span class='ocrx_word' id='word_1_676' title='bbox 2679 3167 2891 3221; x_wconf 88' lang='lat' dir='ltr'><strong>tertium</strong></span> <span class='ocrx_word' id='word_1_677' title='bbox 2924 3164 3130 3219; x_wconf 73' lang='lat' dir='ltr'><strong>caelum.</strong></span> <span class='ocrx_word' id='word_1_678' title='bbox 3174 3159 3238 3214; x_wconf 86' lang='lat' dir='ltr'><strong>Et</strong></span> <span class='ocrx_word' id='word_1_679' title='bbox 3281 3161 3390 3215; x_wconf 88' lang='lat' dir='ltr'><strong>scio</strong></span> <span class='ocrx_word' id='word_1_680' title='bbox 3432 3159 3627 3229; x_wconf 82' lang='lat' dir='ltr'><strong>hujus-</strong></span> 
     </span>
    </p>
   </div>
   <div class='ocr_carea' id='block_1_88' title="bbox 2059 3253 3651 3327">
    <p class='ocr_par' dir='ltr' id='par_1_88' title="bbox 2059 3253 3651 3327">
     <span class='ocr_line' id='line_1_88' title="bbox 2059 3253 3651 3327; baseline -0.012 -8"><span class='ocrx_word' id='word_1_681' title='bbox 2059 3264 2200 3319; x_wconf 86' lang='lat' dir='ltr'><strong>modi</strong></span> <span class='ocrx_word' id='word_1_682' title='bbox 2224 3264 2508 3327; x_wconf 86' lang='lat' dir='ltr'><strong>hominem,</strong></span> <span class='ocrx_word' id='word_1_683' title='bbox 2550 3261 2655 3314; x_wconf 83' lang='lat' dir='ltr'><strong>sive</strong></span> <span class='ocrx_word' id='word_1_684' title='bbox 2691 3260 2746 3312; x_wconf 91' lang='lat' dir='ltr'><strong>in</strong></span> <span class='ocrx_word' id='word_1_685' title='bbox 2797 3270 3039 3326; x_wconf 82' lang='lat' dir='ltr'><strong>corpore,</strong></span> <span class='ocrx_word' id='word_1_686' title='bbox 3077 3253 3186 3307; x_wconf 80' lang='lat' dir='ltr'><strong>sive</strong></span> <span class='ocrx_word' id='word_1_687' title='bbox 3221 3259 3389 3306; x_wconf 70' lang='lat' dir='ltr'><strong>extra</strong></span> <span class='ocrx_word' id='word_1_688' title='bbox 3413 3265 3651 3319; x_wconf 71' lang='lat' dir='ltr'><strong>corpus,-</strong></span> 
     </span>
    </p>
   </div>
   <div class='ocr_carea' id='block_1_89' title="bbox 2058 3342 3624 3422">
    <p class='ocr_par' dir='ltr' id='par_1_89' title="bbox 2058 3342 3624 3422">
     <span class='ocr_line' id='line_1_89' title="bbox 2058 3342 3624 3422; baseline -0.012 -10"><span class='ocrx_word' id='word_1_689' title='bbox 2058 3359 2251 3422; x_wconf 85' lang='lat' dir='ltr'><strong>nescia,</strong></span> <span class='ocrx_word' id='word_1_690' title='bbox 2284 3355 2422 3408; x_wconf 88' lang='lat' dir='ltr'><strong>Deus</strong></span> <span class='ocrx_word' id='word_1_691' title='bbox 2460 3353 2581 3418; x_wconf 85' lang='lat' dir='ltr'><strong>scit,</strong></span> <span class='ocrx_word' id='word_1_692' title='bbox 2614 3352 2738 3421; x_wconf 89' lang='lat' dir='ltr'><strong>quia</strong></span> <span class='ocrx_word' id='word_1_693' title='bbox 2776 3360 2957 3417; x_wconf 85' lang='lat' dir='ltr'><strong>raptus</strong></span> <span class='ocrx_word' id='word_1_694' title='bbox 3000 3357 3074 3401; x_wconf 85' lang='lat' dir='ltr'><strong>est</strong></span> <span class='ocrx_word' id='word_1_695' title='bbox 3117 3346 3174 3398; x_wconf 84' lang='lat' dir='ltr'><strong>in</strong></span> <span class='ocrx_word' id='word_1_696' title='bbox 3215 3342 3543 3413; x_wconf 84' lang='lat' dir='ltr'><strong>paradisum,</strong></span> <span class='ocrx_word' id='word_1_697' title='bbox 3573 3349 3624 3393; x_wconf 85' lang='lat' dir='ltr'><strong>et</strong></span> 
     </span>
    </p>
   </div>
   <div class='ocr_carea' id='block_1_90' title="bbox 2058 3431 3632 3514">
    <p class='ocr_par' dir='ltr' id='par_1_90' title="bbox 2058 3431 3632 3514">
     <span class='ocr_line' id='line_1_90' title="bbox 2058 3431 3632 3514; baseline -0.015 -7"><span class='ocrx_word' id='word_1_698' title='bbox 2058 3452 2256 3507; x_wconf 84' lang='lat' dir='ltr'><strong>audivit</strong></span> <span class='ocrx_word' id='word_1_699' title='bbox 2278 3450 2432 3505; x_wconf 80' lang='lat' dir='ltr'><strong>verba</strong></span> <span class='ocrx_word' id='word_1_700' title='bbox 2471 3443 2764 3514; x_wconf 76' lang='lat' dir='ltr'><strong>ineffabilia</strong></span> <span class='ocrx_word' id='word_1_701' title='bbox 2781 3456 2898 3511; x_wconf 76' lang='lat' dir='ltr'><strong>qua:</strong></span> <span class='ocrx_word' id='word_1_702' title='bbox 2921 3455 3026 3494; x_wconf 89' lang='lat' dir='ltr'><strong>non</strong></span> <span class='ocrx_word' id='word_1_703' title='bbox 3042 3438 3162 3491; x_wconf 86' lang='lat' dir='ltr'><strong>licet</strong></span> <span class='ocrx_word' id='word_1_704' title='bbox 3182 3435 3379 3489; x_wconf 85' lang='lat' dir='ltr'><strong>homini</strong></span> <span class='ocrx_word' id='word_1_705' title='bbox 3389 3432 3535 3504; x_wconf 85' lang='lat' dir='ltr'><strong>loqui</strong></span> <span class='ocrx_word' id='word_1_706' title='bbox 3552 3431 3632 3484; x_wconf 72' lang='grc'><strong>⁸⁸.</strong></span> 
     </span>
    </p>
   </div>
   <div class='ocr_carea' id='block_1_91' title="bbox 2053 3524 3633 3611">
    <p class='ocr_par' dir='ltr' id='par_1_91' title="bbox 2053 3524 3633 3611">
     <span class='ocr_line' id='line_1_91' title="bbox 2053 3524 3633 3611; baseline -0.015 -11"><span class='ocrx_word' id='word_1_707' title='bbox 2053 3545 2160 3600; x_wconf 87' lang='lat' dir='ltr'><strong>Alii</strong></span> <span class='ocrx_word' id='word_1_708' title='bbox 2199 3543 2344 3599; x_wconf 89' lang='lat' dir='ltr'><strong>enim</strong></span> <span class='ocrx_word' id='word_1_709' title='bbox 2376 3538 2746 3611; x_wconf 85' lang='lat' dir='ltr'><strong>proﬁcientes,</strong></span> <span class='ocrx_word' id='word_1_710' title='bbox 2776 3542 2849 3596; x_wconf 90' lang='lat' dir='ltr'><strong>et,</strong></span> <span class='ocrx_word' id='word_1_711' title='bbox 2885 3540 2943 3586; x_wconf 94' lang='lat' dir='ltr'><strong>ut</strong></span> <span class='ocrx_word' id='word_1_712' title='bbox 2970 3531 3042 3585; x_wconf 90' lang='lat' dir='ltr'><strong>ita</strong></span> <span class='ocrx_word' id='word_1_713' title='bbox 3075 3530 3271 3592; x_wconf 89' lang='lat' dir='ltr'><strong>dicam,</strong></span> <span class='ocrx_word' id='word_1_714' title='bbox 3312 3524 3633 3594; x_wconf 83' lang='lat' dir='ltr'><strong>gradientes</strong></span> 
     </span>
    </p>
   </div>
   <div class='ocr_carea' id='block_1_92' title="bbox 2052 3617 3627 3706">
    <p class='ocr_par' dir='ltr' id='par_1_92' title="bbox 2052 3617 3627 3706">
     <span class='ocr_line' id='line_1_92' title="bbox 2052 3617 3627 3706; baseline -0.018 -8"><span class='ocrx_word' id='word_1_715' title='bbox 2052 3643 2121 3698; x_wconf 89' lang='lat' dir='ltr'><strong>ad</strong></span> <span class='ocrx_word' id='word_1_716' title='bbox 2162 3640 2367 3706; x_wconf 86' lang='lat' dir='ltr'><strong>majora</strong></span> <span class='ocrx_word' id='word_1_717' title='bbox 2395 3632 2742 3693; x_wconf 88' lang='lat' dir='ltr'><strong>crescebant,</strong></span> <span class='ocrx_word' id='word_1_718' title='bbox 2772 3629 2945 3683; x_wconf 90' lang='lat' dir='ltr'><strong>donec</strong></span> <span class='ocrx_word' id='word_1_719' title='bbox 2976 3625 3188 3685; x_wconf 85' lang='lat' dir='ltr'><strong>tierent,</strong></span> <span class='ocrx_word' id='word_1_720' title='bbox 3215 3620 3373 3690; x_wconf 85' lang='lat' dir='ltr'><strong>juxta</strong></span> <span class='ocrx_word' id='word_1_721' title='bbox 3399 3618 3452 3672; x_wconf 91' lang='lat' dir='ltr'><strong>id</strong></span> <span class='ocrx_word' id='word_1_722' title='bbox 3478 3617 3627 3686; x_wconf 83' lang='lat' dir='ltr'><strong>quod</strong></span> 
     </span>
    </p>
   </div>
   <div class='ocr_carea' id='block_1_93' title="bbox 2054 3710 3626 3802">
    <p class='ocr_par' dir='ltr' id='par_1_93' title="bbox 2054 3710 3626 3802">
     <span class='ocr_line' id='line_1_93' title="bbox 2054 3710 3626 3802; baseline -0.02 -12"><span class='ocrx_word' id='word_1_723' title='bbox 2054 3734 2318 3802; x_wconf 85' lang='lat' dir='ltr'><strong>scriptum</strong></span> <span class='ocrx_word' id='word_1_724' title='bbox 2354 3736 2458 3791; x_wconf 89' lang='lat' dir='ltr'><strong>est,</strong></span> <span class='ocrx_word' id='word_1_725' title='bbox 2499 3724 2678 3793; x_wconf 81' lang='lat' dir='ltr'><strong>magni</strong></span> <span class='ocrx_word' id='word_1_726' title='bbox 2733 3718 2882 3774; x_wconf 80' lang='lat' dir='ltr'><strong>valde</strong></span> <span class='ocrx_word' id='word_1_727' title='bbox 2934 3716 3089 3767; x_wconf 88' lang='lat' dir='ltr'><strong>nimis</strong></span> <span class='ocrx_word' id='word_1_728' title='bbox 3131 3712 3176 3744; x_wconf 72' lang='grc'>⁸³</span> <span class='ocrx_word' id='word_1_729' title='bbox 3213 3727 3229 3777; x_wconf 86' lang='grc'><strong>;</strong></span> <span class='ocrx_word' id='word_1_730' title='bbox 3265 3724 3322 3766; x_wconf 88' lang='lat' dir='ltr'><strong>et</strong></span> <span class='ocrx_word' id='word_1_731' title='bbox 3356 3710 3626 3779; x_wconf 85' lang='lat' dir='ltr'><strong>quosdam</strong></span> 
     </span>
    </p>
   </div>
   <div class='ocr_carea' id='block_1_94' title="bbox 2054 3802 3626 3881">
    <p class='ocr_par' dir='ltr' id='par_1_94' title="bbox 2054 3802 3626 3881">
     <span class='ocr_line' id='line_1_94' title="bbox 2054 3802 3626 3881; baseline -0.017 -3"><span class='ocrx_word' id='word_1_732' title='bbox 2054 3823 2108 3878; x_wconf 86' lang='lat' dir='ltr'><strong>in</strong></span> <span class='ocrx_word' id='word_1_733' title='bbox 2141 3820 2342 3876; x_wconf 71' lang='lat' dir='ltr'><strong>omium</strong></span> <span class='ocrx_word' id='word_1_734' title='bbox 2388 3822 2699 3881; x_wconf 84' lang='lat' dir='ltr'><strong>assumptos</strong></span> <span class='ocrx_word' id='word_1_735' title='bbox 2741 3809 2995 3878; x_wconf 83' lang='lat' dir='ltr'><strong>legimus.</strong></span> <span class='ocrx_word' id='word_1_736' title='bbox 3043 3802 3243 3857; x_wconf 90' lang='lat' dir='ltr'><strong>Paulus</strong></span> <span class='ocrx_word' id='word_1_737' title='bbox 3294 3811 3476 3854; x_wconf 88' lang='lat' dir='ltr'><strong>autem</strong></span> <span class='ocrx_word' id='word_1_738' title='bbox 3526 3811 3626 3852; x_wconf 86' lang='lat' dir='ltr'><strong>vas</strong></span> 
     </span>
    </p>
   </div>
   <div class='ocr_carea' id='block_1_95' title="bbox 2054 3887 3639 3969">
    <p class='ocr_par' dir='ltr' id='par_1_95' title="bbox 2054 3887 3639 3969">
     <span class='ocr_line' id='line_1_95' title="bbox 2054 3887 3639 3969; baseline -0.018 0"><span class='ocrx_word' id='word_1_739' title='bbox 2054 3910 2337 3969; x_wconf 87' lang='lat' dir='ltr'><strong>electionis</strong></span> <span class='ocrx_word' id='word_1_740' title='bbox 2362 3910 2415 3962; x_wconf 93' lang='lat' dir='ltr'><strong>in</strong></span> <span class='ocrx_word' id='word_1_741' title='bbox 2440 3892 2660 3961; x_wconf 75' lang='lat' dir='ltr'><strong>tertium</strong></span> <span class='ocrx_word' id='word_1_742' title='bbox 2706 3895 2905 3956; x_wconf 85' lang='lat' dir='ltr'><strong>coelum</strong></span> <span class='ocrx_word' id='word_1_743' title='bbox 2955 3904 3144 3963; x_wconf 88' lang='lat' dir='ltr'><strong>raptus</strong></span> <span class='ocrx_word' id='word_1_744' title='bbox 3172 3891 3435 3955; x_wconf 89' lang='lat' dir='ltr'><strong>ascendit,</strong></span> <span class='ocrx_word' id='word_1_745' title='bbox 3468 3887 3639 3943; x_wconf 19' lang='lat' dir='ltr'><strong>ctid-r</strong></span> 
     </span>
    </p>
   </div>
   <div class='ocr_carea' id='block_1_96' title="bbox 2059 3981 3625 4061">
    <p class='ocr_par' dir='ltr' id='par_1_96' title="bbox 2059 3981 3625 4061">
     <span class='ocr_line' id='line_1_96' title="bbox 2059 3981 3625 4061; baseline -0.015 0"><span class='ocrx_word' id='word_1_746' title='bbox 2059 4007 2208 4061; x_wconf 91' lang='lat' dir='ltr'><strong>circo</strong></span> <span class='ocrx_word' id='word_1_747' title='bbox 2240 4001 2452 4056; x_wconf 88' lang='lat' dir='ltr'><strong>audivit</strong></span> <span class='ocrx_word' id='word_1_748' title='bbox 2479 3998 2646 4053; x_wconf 91' lang='lat' dir='ltr'><strong>verba</strong></span> <span class='ocrx_word' id='word_1_749' title='bbox 2682 3990 2998 4048; x_wconf 75' lang='lat' dir='ltr'><strong>ineli‘abilia.</strong></span> <span class='ocrx_word' id='word_1_750' title='bbox 3029 3986 3311 4055; x_wconf 89' lang='lat' dir='ltr'><strong>Quomodo</strong></span> <span class='ocrx_word' id='word_1_751' title='bbox 3356 3992 3540 4038; x_wconf 91' lang='lat' dir='ltr'><strong>autem</strong></span> <span class='ocrx_word' id='word_1_752' title='bbox 3568 3981 3625 4037; x_wconf 84' lang='lat' dir='ltr'><strong>hi</strong></span> 
     </span>
    </p>
   </div>
   <div class='ocr_carea' id='block_1_97' title="bbox 2056 4073 3711 4168">
    <p class='ocr_par' dir='ltr' id='par_1_97' title="bbox 2056 4073 3711 4168">
     <span class='ocr_line' id='line_1_97' title="bbox 2056 4073 3711 4168; baseline -0.018 -17"><span class='ocrx_word' id='word_1_753' title='bbox 2056 4097 2150 4168; x_wconf 88' lang='lat' dir='ltr'><strong>qui</strong></span> <span class='ocrx_word' id='word_1_754' title='bbox 2191 4094 2476 4164; x_wconf 86' lang='lat' dir='ltr'><strong>rapiuntur</strong></span> <span class='ocrx_word' id='word_1_755' title='bbox 2512 4090 2570 4143; x_wconf 89' lang='lat' dir='ltr'><strong>in</strong></span> <span class='ocrx_word' id='word_1_756' title='bbox 2614 4086 2862 4149; x_wconf 87' lang='lat' dir='ltr'><strong>nubibus,</strong></span> <span class='ocrx_word' id='word_1_757' title='bbox 2903 4083 3189 4151; x_wconf 89' lang='lat' dir='ltr'><strong>rapiantur</strong></span> <span class='ocrx_word' id='word_1_758' title='bbox 3225 4076 3429 4131; x_wconf 78' lang='lat' dir='ltr'><strong>obuiam</strong></span> <span class='ocrx_word' id='word_1_759' title='bbox 3471 4073 3639 4128; x_wconf 56' lang='grc' dir='ltr'>ωηιξη</span> <span class='ocrx_word' id='word_1_760' title='bbox 3706 4116 3711 4121; x_wconf 88' lang='grc'><strong>.</strong></span> 
     </span>
    </p>
   </div>
   <div class='ocr_carea' id='block_1_98' title="bbox 2059 4169 3709 4255">
    <p class='ocr_par' dir='ltr' id='par_1_98' title="bbox 2059 4169 3709 4255">
     <span class='ocr_line' id='line_1_98' title="bbox 2059 4169 3709 4255; baseline -0.018 -11"><span class='ocrx_word' id='word_1_761' title='bbox 2059 4199 2142 4244; x_wconf 89' lang='lat' dir='ltr'><strong>sto</strong></span> <span class='ocrx_word' id='word_1_762' title='bbox 2164 4186 2234 4254; x_wconf 76' lang='lat'><strong>“,</strong></span> <span class='ocrx_word' id='word_1_763' title='bbox 2263 4182 2577 4255; x_wconf 86' lang='lat' dir='ltr'><strong>diligentius</strong></span> <span class='ocrx_word' id='word_1_764' title='bbox 2621 4177 3099 4247; x_wconf 87' lang='lat' dir='ltr'><strong>contemplandum</strong></span> <span class='ocrx_word' id='word_1_765' title='bbox 3127 4181 3230 4228; x_wconf 91' lang='lat' dir='ltr'><strong>est.</strong></span> <span class='ocrx_word' id='word_1_766' title='bbox 3279 4169 3493 4225; x_wconf 84' lang='lat' dir='ltr'><strong>Scimus</strong></span> <span class='ocrx_word' id='word_1_767' title='bbox 3519 4181 3625 4220; x_wconf 88' lang='lat' dir='ltr'><strong>nu-</strong></span> <span class='ocrx_word' id='word_1_768' title='bbox 3704 4212 3709 4215; x_wconf 86' lang='lat'><strong>.</strong></span> 
     </span>
    </p>
   </div>
   <div class='ocr_carea' id='block_1_99' title="bbox 2053 4257 3646 4348">
    <p class='ocr_par' dir='ltr' id='par_1_99' title="bbox 2053 4257 3646 4348">
     <span class='ocr_line' id='line_1_99' title="bbox 2053 4257 3646 4348; baseline -0.015 -14"><span class='ocrx_word' id='word_1_769' title='bbox 2053 4279 2152 4334; x_wconf 85' lang='lat' dir='ltr'><strong>bes</strong></span> <span class='ocrx_word' id='word_1_770' title='bbox 2181 4276 2498 4348; x_wconf 85' lang='lat' dir='ltr'><strong>prophetas,</strong></span> <span class='ocrx_word' id='word_1_771' title='bbox 2528 4271 2720 4342; x_wconf 87' lang='lat' dir='ltr'><strong>quibus</strong></span> <span class='ocrx_word' id='word_1_772' title='bbox 2757 4266 3014 4338; x_wconf 67' lang='lat' dir='ltr'><strong>prateepit</strong></span> <span class='ocrx_word' id='word_1_773' title='bbox 3040 4261 3242 4318; x_wconf 76' lang='lat' dir='ltr'><strong>Deus”</strong></span> <span class='ocrx_word' id='word_1_774' title='bbox 3272 4274 3347 4315; x_wconf 84' lang='lat' dir='ltr'><strong>ne</strong></span> <span class='ocrx_word' id='word_1_775' title='bbox 3373 4257 3646 4328; x_wconf 86' lang='lat' dir='ltr'><strong>pluerent-</strong></span> 
     </span>
    </p>
   </div>
   <div class='ocr_carea' id='block_1_100' title="bbox 2058 4355 3624 4443">
    <p class='ocr_par' dir='ltr' id='par_1_100' title="bbox 2058 4355 3624 4443">
     <span class='ocr_line' id='line_1_100' title="bbox 2058 4355 3624 4443; baseline -0.017 -15"><span class='ocrx_word' id='word_1_776' title='bbox 2058 4386 2218 4443; x_wconf 91' lang='lat' dir='ltr'><strong>super</strong></span> <span class='ocrx_word' id='word_1_777' title='bbox 2246 4367 2498 4424; x_wconf 84' lang='lat' dir='ltr'><strong>lsraelcm</strong></span> <span class='ocrx_word' id='word_1_778' title='bbox 2536 4366 2790 4425; x_wconf 88' lang='lat' dir='ltr'><strong>imbrem,</strong></span> <span class='ocrx_word' id='word_1_779' title='bbox 2823 4361 3039 4431; x_wconf 86' lang='lat' dir='ltr'><strong>quando</strong></span> <span class='ocrx_word' id='word_1_780' title='bbox 3074 4355 3434 4422; x_wconf 85' lang='lat' dir='ltr'><strong>impleverunt</strong></span> <span class='ocrx_word' id='word_1_781' title='bbox 3464 4364 3624 4405; x_wconf 81' lang='lat' dir='ltr'><strong>men-</strong></span> 
     </span>
    </p>
   </div>
   <div class='ocr_carea' id='block_1_101' title="bbox 2060 4444 3624 4529">
    <p class='ocr_par' dir='ltr' id='par_1_101' title="bbox 2060 4444 3624 4529">
     <span class='ocr_line' id='line_1_101' title="bbox 2060 4444 3624 4529; baseline -0.015 -12"><span class='ocrx_word' id='word_1_782' title='bbox 2060 4478 2245 4519; x_wconf 88' lang='lat' dir='ltr'><strong>suram</strong></span> <span class='ocrx_word' id='word_1_783' title='bbox 2276 4467 2487 4529; x_wconf 85' lang='lat' dir='ltr'><strong>patrum</strong></span> <span class='ocrx_word' id='word_1_784' title='bbox 2519 4469 2740 4509; x_wconf 85' lang='lat' dir='ltr'><strong>suorum</strong></span> <span class='ocrx_word' id='word_1_785' title='bbox 2770 4453 2839 4515; x_wconf 78' lang='lat'><strong>“,</strong></span> <span class='ocrx_word' id='word_1_786' title='bbox 2873 4461 2928 4506; x_wconf 90' lang='lat' dir='ltr'><strong>et</strong></span> <span class='ocrx_word' id='word_1_787' title='bbox 2959 4450 3097 4503; x_wconf 79' lang='lat' dir='ltr'><strong>facta</strong></span> <span class='ocrx_word' id='word_1_788' title='bbox 3128 4458 3212 4502; x_wconf 79' lang='lat' dir='ltr'><strong>est</strong></span> <span class='ocrx_word' id='word_1_789' title='bbox 3257 4444 3345 4498; x_wconf 81' lang='lat' dir='ltr'><strong>lex</strong></span> <span class='ocrx_word' id='word_1_790' title='bbox 3388 4450 3446 4497; x_wconf 92' lang='lat' dir='ltr'><strong>et</strong></span> <span class='ocrx_word' id='word_1_791' title='bbox 3494 4456 3624 4510; x_wconf 82' lang='lat' dir='ltr'><strong>pm-</strong></span> 
     </span>
    </p>
   </div>
   <div class='ocr_carea' id='block_1_102' title="bbox 2062 4531 3626 4625">
    <p class='ocr_par' dir='ltr' id='par_1_102' title="bbox 2062 4531 3626 4625">
     <span class='ocr_line' id='line_1_102' title="bbox 2062 4531 3626 4625; baseline -0.016 -16"><span class='ocrx_word' id='word_1_792' title='bbox 2062 4555 2246 4625; x_wconf 83' lang='lat' dir='ltr'><strong>phetae</strong></span> <span class='ocrx_word' id='word_1_793' title='bbox 2284 4562 2457 4618; x_wconf 89' lang='lat' dir='ltr'><strong>usque</strong></span> <span class='ocrx_word' id='word_1_794' title='bbox 2514 4545 2580 4600; x_wconf 88' lang='lat' dir='ltr'><strong>ad</strong></span> <span class='ocrx_word' id='word_1_795' title='bbox 2632 4542 2899 4600; x_wconf 80' lang='lat' dir='ltr'><strong>Joannem</strong></span> <span class='ocrx_word' id='word_1_796' title='bbox 2953 4540 3252 4611; x_wconf 86' lang='lat' dir='ltr'><strong>Baptistam</strong></span> <span class='ocrx_word' id='word_1_797' title='bbox 3293 4536 3361 4592; x_wconf 76' lang='lat'><strong>&quot;.</strong></span> <span class='ocrx_word' id='word_1_798' title='bbox 3402 4535 3470 4588; x_wconf 81' lang='lat' dir='ltr'><strong>Et</strong></span> <span class='ocrx_word' id='word_1_799' title='bbox 3498 4531 3626 4625; x_wconf 84' lang='lat' dir='ltr'><strong>quia</strong></span> 
     </span>
    </p>
   </div>
   <div class='ocr_carea' id='block_1_103' title="bbox 2062 4624 3625 4712">
    <p class='ocr_par' dir='ltr' id='par_1_103' title="bbox 2062 4624 3625 4712">
     <span class='ocr_line' id='line_1_103' title="bbox 2062 4624 3625 4712; baseline -0.017 -11"><span class='ocrx_word' id='word_1_800' title='bbox 2062 4624 2202 4702; x_wconf 89' lang='lat' dir='ltr'><strong>Deus</strong></span> <span class='ocrx_word' id='word_1_801' title='bbox 2243 4643 2426 4712; x_wconf 90' lang='lat' dir='ltr'><strong>posuit</strong></span> <span class='ocrx_word' id='word_1_802' title='bbox 2451 4640 2504 4694; x_wconf 88' lang='lat' dir='ltr'><strong>in</strong></span> <span class='ocrx_word' id='word_1_803' title='bbox 2527 4635 2770 4693; x_wconf 78' lang='lat' dir='ltr'><strong>Ecclesia</strong></span> <span class='ocrx_word' id='word_1_804' title='bbox 2802 4632 3035 4704; x_wconf 79' lang='lat' dir='ltr'><strong>primum</strong></span> <span class='ocrx_word' id='word_1_805' title='bbox 3065 4627 3360 4700; x_wconf 85' lang='lat' dir='ltr'><strong>apostolos,</strong></span> <span class='ocrx_word' id='word_1_806' title='bbox 3385 4624 3625 4681; x_wconf 87' lang='lat' dir='ltr'><strong>secundo</strong></span> 
     </span>
    </p>
   </div>
   <div class='ocr_carea' id='block_1_104' title="bbox 2063 4715 3626 4808">
    <p class='ocr_par' dir='ltr' id='par_1_104' title="bbox 2063 4715 3626 4808">
     <span class='ocr_line' id='line_1_104' title="bbox 2063 4715 3626 4808; baseline -0.015 -16"><span class='ocrx_word' id='word_1_807' title='bbox 2063 4736 2360 4808; x_wconf 86' lang='lat' dir='ltr'><strong>prophetas</strong></span> <span class='ocrx_word' id='word_1_808' title='bbox 2385 4732 2453 4801; x_wconf 77' lang='grc'><strong>³⁸,</strong></span> <span class='ocrx_word' id='word_1_809' title='bbox 2488 4744 2596 4785; x_wconf 91' lang='lat' dir='ltr'><strong>non</strong></span> <span class='ocrx_word' id='word_1_810' title='bbox 2645 4728 2821 4784; x_wconf 91' lang='lat' dir='ltr'><strong>solum</strong></span> <span class='ocrx_word' id='word_1_811' title='bbox 2855 4722 3151 4795; x_wconf 67' lang='lat' dir='ltr'><strong>prop-betae,</strong></span> <span class='ocrx_word' id='word_1_812' title='bbox 3189 4719 3282 4774; x_wconf 87' lang='lat' dir='ltr'><strong>sed</strong></span> <span class='ocrx_word' id='word_1_813' title='bbox 3306 4726 3363 4773; x_wconf 92' lang='lat' dir='ltr'><strong>et</strong></span> <span class='ocrx_word' id='word_1_814' title='bbox 3393 4715 3626 4786; x_wconf 87' lang='lat' dir='ltr'><strong>apostoli</strong></span> 
     </span>
    </p>
   </div>
   <div class='ocr_carea' id='block_1_105' title="bbox 2059 4809 3625 4896">
    <p class='ocr_par' dir='ltr' id='par_1_105' title="bbox 2059 4809 3625 4896">
     <span class='ocr_line' id='line_1_105' title="bbox 2059 4809 3625 4896; baseline -0.015 -11"><span class='ocrx_word' id='word_1_815' title='bbox 2059 4831 2231 4885; x_wconf 90' lang='lat' dir='ltr'><strong>nubes</strong></span> <span class='ocrx_word' id='word_1_816' title='bbox 2281 4821 2618 4896; x_wconf 80' lang='lat' dir='ltr'><strong>intelligendi</strong></span> <span class='ocrx_word' id='word_1_817' title='bbox 2666 4826 2813 4875; x_wconf 89' lang='lat' dir='ltr'><strong>sunt.</strong></span> <span class='ocrx_word' id='word_1_818' title='bbox 2853 4816 2911 4871; x_wconf 85' lang='lat' dir='ltr'><strong>Si</strong></span> <span class='ocrx_word' id='word_1_819' title='bbox 2939 4816 3062 4885; x_wconf 82' lang='lat' dir='ltr'><strong>quis</strong></span> <span class='ocrx_word' id='word_1_820' title='bbox 3112 4812 3280 4884; x_wconf 89' lang='lat' dir='ltr'><strong>igitur</strong></span> <span class='ocrx_word' id='word_1_821' title='bbox 3312 4810 3521 4880; x_wconf 88' lang='lat' dir='ltr'><strong>rapitur</strong></span> <span class='ocrx_word' id='word_1_822' title='bbox 3553 4809 3625 4862; x_wconf 87' lang='lat' dir='ltr'><strong>ad</strong></span> 
     </span>
    </p>
   </div>
   <div class='ocr_carea' id='block_1_106' title="bbox 2054 4901 3623 4988">
    <p class='ocr_par' dir='ltr' id='par_1_106' title="bbox 2054 4901 3623 4988">
     <span class='ocr_line' id='line_1_106' title="bbox 2054 4901 3623 4988; baseline -0.015 -9"><span class='ocrx_word' id='word_1_823' title='bbox 2054 4923 2357 4988; x_wconf 86' lang='lat' dir='ltr'><strong>Christum,</strong></span> <span class='ocrx_word' id='word_1_824' title='bbox 2388 4914 2634 4974; x_wconf 89' lang='lat' dir='ltr'><strong>ascendit</strong></span> <span class='ocrx_word' id='word_1_825' title='bbox 2661 4926 2835 4984; x_wconf 84' lang='lat' dir='ltr'><strong>super</strong></span> <span class='ocrx_word' id='word_1_826' title='bbox 2872 4909 3043 4965; x_wconf 89' lang='lat' dir='ltr'><strong>nubes</strong></span> <span class='ocrx_word' id='word_1_827' title='bbox 3068 4906 3200 4976; x_wconf 83' lang='lat' dir='ltr'><strong>legis</strong></span> <span class='ocrx_word' id='word_1_828' title='bbox 3232 4912 3291 4960; x_wconf 91' lang='lat' dir='ltr'><strong>et</strong></span> <span class='ocrx_word' id='word_1_829' title='bbox 3323 4901 3623 4973; x_wconf 86' lang='lat' dir='ltr'><strong>Evangelii,</strong></span> 
     </span>
    </p>
   </div>
   <div class='ocr_carea' id='block_1_107' title="bbox 2056 4996 3629 5086">
    <p class='ocr_par' dir='ltr' id='par_1_107' title="bbox 2056 4996 3629 5086">
     <span class='ocr_line' id='line_1_107' title="bbox 2056 4996 3629 5086; baseline -0.015 -12"><span class='ocrx_word' id='word_1_830' title='bbox 2056 5030 2221 5086; x_wconf 89' lang='lat' dir='ltr'><strong>super</strong></span> <span class='ocrx_word' id='word_1_831' title='bbox 2254 5013 2549 5086; x_wconf 82' lang='lat' dir='ltr'><strong>prOphetas</strong></span> <span class='ocrx_word' id='word_1_832' title='bbox 2577 5017 2634 5065; x_wconf 92' lang='lat' dir='ltr'><strong>et</strong></span> <span class='ocrx_word' id='word_1_833' title='bbox 2664 5003 2938 5078; x_wconf 88' lang='lat' dir='ltr'><strong>apostolos</strong></span> <span class='ocrx_word' id='word_1_834' title='bbox 2960 5020 2977 5071; x_wconf 87' lang='lat'><strong>;</strong></span> <span class='ocrx_word' id='word_1_835' title='bbox 2999 5011 3055 5057; x_wconf 92' lang='lat' dir='ltr'><strong>et</strong></span> <span class='ocrx_word' id='word_1_836' title='bbox 3083 4998 3380 5069; x_wconf 88' lang='lat' dir='ltr'><strong>assumptis</strong></span> <span class='ocrx_word' id='word_1_837' title='bbox 3408 4996 3510 5052; x_wconf 90' lang='lat' dir='ltr'><strong>alis</strong></span> <span class='ocrx_word' id='word_1_838' title='bbox 3533 5009 3629 5051; x_wconf 82' lang='lat' dir='ltr'><strong>co-</strong></span> 
     </span>
    </p>
   </div>
   <div class='ocr_carea' id='block_1_108' title="bbox 2057 5089 3621 5176">
    <p class='ocr_par' dir='ltr' id='par_1_108' title="bbox 2057 5089 3621 5176">
     <span class='ocr_line' id='line_1_108' title="bbox 2057 5089 3621 5176; baseline -0.015 -10"><span class='ocrx_word' id='word_1_839' title='bbox 2057 5110 2274 5176; x_wconf 83' lang='lat' dir='ltr'><strong>lumb‘ae,</strong></span> <span class='ocrx_word' id='word_1_840' title='bbox 2325 5116 2626 5174; x_wconf 88' lang='lat' dir='ltr'><strong>eorumque</strong></span> <span class='ocrx_word' id='word_1_841' title='bbox 2677 5098 2920 5156; x_wconf 85' lang='lat' dir='ltr'><strong>doctrina</strong></span> <span class='ocrx_word' id='word_1_842' title='bbox 2984 5096 3053 5151; x_wconf 89' lang='lat' dir='ltr'><strong>ad</strong></span> <span class='ocrx_word' id='word_1_843' title='bbox 3100 5093 3315 5149; x_wconf 84' lang='lat' dir='ltr'><strong>excelsa</strong></span> <span class='ocrx_word' id='word_1_844' title='bbox 3357 5089 3621 5154; x_wconf 89' lang='lat' dir='ltr'><strong>sublatus,</strong></span> 
     </span>
    </p>
   </div>
   <div class='ocr_carea' id='block_1_109' title="bbox 2055 5181 3621 5268">
    <p class='ocr_par' dir='ltr' id='par_1_109' title="bbox 2055 5181 3621 5268">
     <span class='ocr_line' id='line_1_109' title="bbox 2055 5181 3621 5268; baseline -0.017 -5"><span class='ocrx_word' id='word_1_845' title='bbox 2055 5202 2319 5268; x_wconf 89' lang='lat' dir='ltr'><strong>occurrit,</strong></span> <span class='ocrx_word' id='word_1_846' title='bbox 2374 5215 2481 5255; x_wconf 93' lang='lat' dir='ltr'><strong>non</strong></span> <span class='ocrx_word' id='word_1_847' title='bbox 2524 5196 2801 5258; x_wconf 86' lang='lat' dir='ltr'><strong>deorsum,</strong></span> <span class='ocrx_word' id='word_1_848' title='bbox 2833 5192 2928 5245; x_wconf 88' lang='lat' dir='ltr'><strong>sed</strong></span> <span class='ocrx_word' id='word_1_849' title='bbox 2973 5188 3029 5243; x_wconf 90' lang='lat' dir='ltr'><strong>in</strong></span> <span class='ocrx_word' id='word_1_850' title='bbox 3082 5199 3228 5252; x_wconf 88' lang='lat' dir='ltr'><strong>aere,</strong></span> <span class='ocrx_word' id='word_1_851' title='bbox 3262 5193 3320 5239; x_wconf 92' lang='lat' dir='ltr'><strong>et</strong></span> <span class='ocrx_word' id='word_1_852' title='bbox 3350 5181 3621 5252; x_wconf 87' lang='lat' dir='ltr'><strong>spirituali</strong></span> 
     </span>
    </p>
   </div>
   <div class='ocr_carea' id='block_1_110' title="bbox 2055 5274 3621 5366">
    <p class='ocr_par' dir='ltr' id='par_1_110' title="bbox 2055 5274 3621 5366">
     <span class='ocr_line' id='line_1_110' title="bbox 2055 5274 3621 5366; baseline -0.019 -9"><span class='ocrx_word' id='word_1_853' title='bbox 2055 5293 2414 5366; x_wconf 87' lang='lat' dir='ltr'><strong>intelligentia</strong></span> <span class='ocrx_word' id='word_1_854' title='bbox 2477 5286 2910 5358; x_wconf 80' lang='lat' dir='ltr'><strong>Scripturarum.</strong></span> <span class='ocrx_word' id='word_1_855' title='bbox 2979 5278 3284 5337; x_wconf 88' lang='lat' dir='ltr'><strong>Occurrens</strong></span> <span class='ocrx_word' id='word_1_856' title='bbox 3335 5284 3514 5330; x_wconf 89' lang='lat' dir='ltr'><strong>autem</strong></span> <span class='ocrx_word' id='word_1_857' title='bbox 3565 5274 3621 5328; x_wconf 91' lang='lat' dir='ltr'><strong>in</strong></span> 
     </span>
    </p>
   </div>
   <div class='ocr_carea' id='block_1_111' title="bbox 2057 5366 3600 5464">
    <p class='ocr_par' dir='ltr' id='par_1_111' title="bbox 2057 5366 3600 5464">
     <span class='ocr_line' id='line_1_111' title="bbox 2057 5366 3600 5464; baseline -0.019 -14"><span class='ocrx_word' id='word_1_858' title='bbox 2057 5390 2449 5464; x_wconf 75' lang='lat' dir='ltr'><strong>Spiritualibus,</strong></span> <span class='ocrx_word' id='word_1_859' title='bbox 2499 5393 2556 5441; x_wconf 91' lang='lat' dir='ltr'><strong>et</strong></span> <span class='ocrx_word' id='word_1_860' title='bbox 2616 5392 2830 5439; x_wconf 88' lang='lat' dir='ltr'><strong>terrena</strong></span> <span class='ocrx_word' id='word_1_861' title='bbox 2893 5374 3194 5440; x_wconf 87' lang='lat' dir='ltr'><strong>dimittens,</strong></span> <span class='ocrx_word' id='word_1_862' title='bbox 3256 5369 3373 5427; x_wconf 89' lang='lat' dir='ltr'><strong>sive</strong></span> <span class='ocrx_word' id='word_1_863' title='bbox 3414 5367 3509 5423; x_wconf 89' lang='lat' dir='ltr'><strong>ille</strong></span> <span class='ocrx_word' id='word_1_864' title='bbox 3551 5366 3600 5423; x_wconf 91' lang='lat' dir='ltr'><strong>si</strong></span> 
     </span>
    </p>
   </div>
   <div class='ocr_carea' id='block_1_112' title="bbox 2821 5543 3623 5611">
    <p class='ocr_par' dir='ltr' id='par_1_112' title="bbox 2821 5543 3623 5611">
     <span class='ocr_line' id='line_1_112' title="bbox 2821 5543 3623 5611; baseline -0.001 -8"><span class='ocrx_word' id='word_1_865' title='bbox 2821 5547 2909 5603; x_wconf 80' lang='grc'><strong>⁸⁸1</strong></span> <span class='ocrx_word' id='word_1_866' title='bbox 2941 5545 3133 5602; x_wconf 86' lang='lat' dir='ltr'><strong>Thess.</strong></span> <span class='ocrx_word' id='word_1_867' title='bbox 3155 5557 3235 5611; x_wconf 78' lang='lat' dir='ltr'><strong>vr,</strong></span> <span class='ocrx_word' id='word_1_868' title='bbox 3259 5544 3348 5601; x_wconf 73' lang='lat'><strong>15.</strong></span> <span class='ocrx_word' id='word_1_869' title='bbox 3422 5543 3468 5576; x_wconf 81' lang='grc'>⁸¹</span> <span class='ocrx_word' id='word_1_870' title='bbox 3492 5543 3623 5602; x_wconf 84' lang='lat' dir='ltr'><strong>ibid.</strong></span> 
     </span>
    </p>
   </div>
   <div class='ocr_carea' id='block_1_113' title="bbox 2726 5615 3620 5683">
    <p class='ocr_par' dir='ltr' id='par_1_113' title="bbox 2726 5615 3620 5683">
     <span class='ocr_line' id='line_1_113' title="bbox 2726 5615 3620 5683; baseline -0.01 -6"><span class='ocrx_word' id='word_1_871' title='bbox 2726 5620 2946 5683; x_wconf 79' lang='lat' dir='ltr'><strong>Joan.&#39;i,</strong></span> <span class='ocrx_word' id='word_1_872' title='bbox 2974 5616 3067 5672; x_wconf 73' lang='lat'><strong>23.</strong></span> <span class='ocrx_word' id='word_1_873' title='bbox 3142 5616 3188 5649; x_wconf 83' lang='grc'><strong>⁸⁸</strong></span> <span class='ocrx_word' id='word_1_874' title='bbox 3229 5616 3331 5671; x_wconf 90' lang='lat' dir='ltr'><strong>lsa.</strong></span> <span class='ocrx_word' id='word_1_875' title='bbox 3368 5630 3456 5680; x_wconf 68' lang='grc' dir='ltr'>ιι..</span> <span class='ocrx_word' id='word_1_876' title='bbox 3478 5615 3532 5677; x_wconf 84' lang='grc'><strong>5,</strong></span> <span class='ocrx_word' id='word_1_877' title='bbox 3557 5615 3620 5681; x_wconf 68' lang='grc' dir='ltr'>ις</span> 
     </span>
    </p>
   </div>
   <div class='ocr_carea' id='block_1_114' title="bbox 376 5687 1954 5783">
    <p class='ocr_par' dir='ltr' id='par_1_114' title="bbox 376 5687 1954 5783">
     <span class='ocr_line' id='line_1_114' title="bbox 376 5687 1954 5783; baseline -0.004 -13"><span class='ocrx_word' id='word_1_878' title='bbox 376 5687 704 5783; x_wconf 56' lang='grc' dir='ltr'>ιιιὶῖᾜὶίέ</span> <span class='ocrx_word' id='word_1_879' title='bbox 723 5716 779 5772; x_wconf 85' lang='grc'><strong>6.</strong></span> <span class='ocrx_word' id='word_1_880' title='bbox 804 5738 813 5755; x_wconf 74' lang='grc' dir='ltr'><strong>ι</strong></span> <span class='ocrx_word' id='word_1_881' title='bbox 847 5687 1310 5781; x_wconf 57' lang='grc' dir='ltr'><strong>ἳῗῖιὲὶηῗιῖίἴ</strong></span> <span class='ocrx_word' id='word_1_882' title='bbox 1341 5713 1389 5746; x_wconf 74' lang='grc' dir='ltr'><strong>ιι</strong></span> <span class='ocrx_word' id='word_1_883' title='bbox 1410 5687 1809 5783; x_wconf 59' lang='grc' dir='ltr'><strong>ιῖιέξὶῖίἱξξζ</strong></span> <span class='ocrx_word' id='word_1_884' title='bbox 1841 5687 1954 5763; x_wconf 59' lang='grc' dir='ltr'><strong>ῗοῖῑ</strong></span> 
     </span>
    </p>
   </div>
   <div class='ocr_carea' id='block_1_115' title="bbox 2054 5687 3621 5783">
    <p class='ocr_par' dir='ltr' id='par_1_115' title="bbox 2062 5687 3621 5783">
     <span class='ocr_line' id='line_1_115' title="bbox 2062 5687 3621 5783; baseline 0 0"><span class='ocrx_word' id='word_1_885' title='bbox 2062 5687 2498 5783; x_wconf 55' lang='grc' dir='ltr'><strong>ιὶζέιὶέῐλέέυοο</strong></span> <span class='ocrx_word' id='word_1_886' title='bbox 2543 5687 2818 5783; x_wconf 54' lang='grc' dir='ltr'><strong>νιίρέδεέ..</strong></span> <span class='ocrx_word' id='word_1_887' title='bbox 2845 5689 3086 5783; x_wconf 57' lang='grc' dir='ltr'><strong>,Ἰξίιξέηλ</strong></span> <span class='ocrx_word' id='word_1_888' title='bbox 3126 5687 3621 5783; x_wconf 62' lang='grc' dir='ltr'><strong>κ’..¹3,ξ.ἕῗ⁶³ὶ;.ἔῗ·</strong></span> 
     </span>
    </p>
   </div>
   <div class='ocr_carea' id='block_1_116' title="bbox 374 5762 3108 5852">
    <p class='ocr_par' dir='ltr' id='par_1_116' title="bbox 374 5762 3108 5852">
     <span class='ocr_line' id='line_1_116' title="bbox 374 5762 3108 5852; baseline -0.01 -12"><span class='ocrx_word' id='word_1_889' title='bbox 374 5762 699 5843; x_wconf 54' lang='lat' dir='ltr'><strong>Wi&#39;ﬁiésif</strong></span> <span class='ocrx_word' id='word_1_890' title='bbox 726 5762 820 5852; x_wconf 53' lang='lat' dir='ltr'><strong>TV,</strong></span> <span class='ocrx_word' id='word_1_891' title='bbox 857 5762 1862 5851; x_wconf 46' lang='lat' dir='ltr'><strong>16:&quot;‘5&#39;li&#39;cbi&#39;.xnjééqf’ifaen;</strong></span> <span class='ocrx_word' id='word_1_892' title='bbox 1889 5762 2035 5847; x_wconf 76' lang='lat' dir='ltr'><strong>sxw,</strong></span> <span class='ocrx_word' id='word_1_893' title='bbox 2068 5779 2155 5834; x_wconf 80' lang='lat' dir='ltr'><strong>l5.</strong></span> <span class='ocrx_word' id='word_1_894' title='bbox 2198 5762 2275 5808; x_wconf 54' lang='lat'><strong>&quot;”</strong></span> <span class='ocrx_word' id='word_1_895' title='bbox 2298 5762 2580 5837; x_wconf 52' lang='lat' dir='ltr'><strong>l&#39;Thesnv,</strong></span> <span class='ocrx_word' id='word_1_896' title='bbox 2613 5767 2697 5824; x_wconf 86' lang='lat' dir='ltr'><strong>l6.</strong></span> <span class='ocrx_word' id='word_1_897' title='bbox 2773 5765 2818 5801; x_wconf 81' lang='lat'><strong>&quot;</strong></span> <span class='ocrx_word' id='word_1_898' title='bbox 2845 5763 2965 5820; x_wconf 90' lang='lat' dir='ltr'><strong>lsai.</strong></span> <span class='ocrx_word' id='word_1_899' title='bbox 2990 5762 3108 5828; x_wconf 82' lang='lat' dir='ltr'><strong>v,6.</strong></span> 
     </span>
    </p>
   </div>
   <div class='ocr_carea' id='block_1_117' title="bbox 373 5853 1657 5929">
    <p class='ocr_par' dir='ltr' id='par_1_117' title="bbox 373 5853 1657 5929">
     <span class='ocr_line' id='line_1_117' title="bbox 373 5853 1657 5929; baseline -0.005 -16"><span class='ocrx_word' id='word_1_900' title='bbox 373 5857 463 5913; x_wconf 68' lang='lat' dir='ltr'><strong>se.</strong></span> <span class='ocrx_word' id='word_1_901' title='bbox 537 5856 802 5914; x_wconf 80' lang='lat' dir='ltr'><strong>&quot;Matth.</strong></span> <span class='ocrx_word' id='word_1_902' title='bbox 880 5854 1066 5924; x_wconf 78' lang='lat' dir='ltr'><strong>xt,l5.</strong></span> <span class='ocrx_word' id='word_1_903' title='bbox 1142 5853 1657 5929; x_wconf 64' lang='lat' dir='ltr'><strong>&quot;Ephes.tv,_ll.,</strong></span> 
     </span>
    </p>
   </div>
   <div class='ocr_carea' id='block_1_118' title="bbox 3184 5757 3628 5823">
    <p class='ocr_par' dir='ltr' id='par_1_118' title="bbox 3184 5757 3628 5823">
     <span class='ocr_line' id='line_1_118' title="bbox 3184 5757 3628 5823; baseline -0.002 -11"><span class='ocrx_word' id='word_1_904' title='bbox 3184 5758 3230 5793; x_wconf 80' lang='lat'>“</span> <span class='ocrx_word' id='word_1_905' title='bbox 3255 5757 3442 5814; x_wconf 76' lang='lat' dir='ltr'><strong>Matth.</strong></span> <span class='ocrx_word' id='word_1_906' title='bbox 3469 5771 3628 5823; x_wconf 74' lang='lat' dir='ltr'><strong>sxw,</strong></span> 
     </span>
    </p>
   </div>
   <div class='ocr_carea' id='block_1_119' title="bbox 3475 404 3711 461">
    <p class='ocr_par' dir='ltr' id='par_1_119' title="bbox 3475 404 3711 461">
     <span class='ocr_line' id='line_1_119' title="bbox 3475 404 3711 461; baseline 0.013 -3"><span class='ocrx_word' id='word_1_907' title='bbox 3475 404 3711 461; x_wconf 71' lang='grc'><strong>1302·</strong></span> 
     </span>
    </p>
   </div>
  </div>
