4150 6410
443 432 590 491 1505

1530 420 1599 478 ΙΝ
1633 417 2020 476 EPISTOLAM
2057 416 2149 471 AD
2188 407 2658 470 PHILEMONEM.

3551 401 3688 458 ωσι,

447 551 547 604 fuit
575 551 626 604 in
662 548 917 617 apostolis
953 545 1159 602 Domini
1190 541 1360 598 nosui
1408 539 1534 596 Jesn
1582 540 1808 604 Christi,
1851 555 2016 593 ιιιιιηη
2045 545 2093 600 Α
2125 536 2325 589 bonum
2347 541 2433 586 est
2469 539 2528 585 et
2556 525 2728 600 potuit
2757 532 2814 580 et
2844 521 3049 579 debuit.
3082 521 3237 589 Quod
3269 521 3436 578 etiam
3468 520 3540 617 de
3571 522 3690 617 ipso

449 653 614 713 alque
661 643 806 696 idem
857 641 1108 696 delictum
1162 639 1456 708 impietatis
1513 636 1826 698 admittunt,
1872 634 2016 702 quod

450 735 548 800 illi,
597 734 710 804 qui,
746 741 1007 801 quantum
1041 730 1093 785 in
1125 744 1182 784 se
1231 739 1338 792 est,
1373 739 1622 782 naturam
1674 725 1904 780 Deitatis
1932 738 2020 778 se-

447 834 596 890 cant,
645 835 700 880 et
757 825 1011 878 scindunt
1072 837 1235 874 unum
1305 820 1437 886 legis
1483 829 1537 873 et
1593 816 2015 884 Evangeliorum

451 917 640 970 Deum.
677 915 783 970 Sed
815 925 870 968 et
908 915 982 968 illi
1016 913 1106 982 qui
1149 928 1253 966 non
1295 926 1484 966 oumes
1515 911 1783 964 humanas
1808 908 2020 960 animas

450 1008 612 1062 tutius
648 1009 1002 1078 ejusdemque
1027 1015 1233 1058 natura:
1263 1003 1449 1056 dicunt
1478 1015 1601 1057 esse
1627 1001 1712 1054 vel
1763 1000 2020 1054 substan-

451 1103 560 1163 ti:e,
591 1103 684 1154 sed
715 1101 957 1153 diversas
991 1107 1218 1152 naturas
1250 1095 1577 1156 animarum,
1605 1094 1748 1146 inter
1775 1106 1867 1146 eas
1907 1091 2018 1147 bte-

458 1209 605 1246 reses
631 1193 948 1246 numerandi
972 1201 1096 1246 sunt
1121 1205 1242 1258 quae
1274 1189 1614 1258 iniquitatem
1649 1187 1700 1240 iu
1729 1185 2016 1240 Excelsnm

451 1281 766 1348 loquuntur,
800 1291 853 1333 et
883 1279 1199 1347 injustitiam
1232 1277 1684 1345 iniquitatemque
1714 1275 1831 1342 ejus
1859 1290 2018 1329 accu-

452 1381 597 1424 sant.
642 1369 865 1423 Necnon
897 1379 952 1423 et
987 1368 1060 1422 illi
1093 1367 1181 1436 qui
1219 1365 1377 1420 liberi
1429 1365 1641 1420 arbitrii
1696 1374 2015 1434 potestatem

449 1478 516 1514 ex
555 1461 840 1514 animabus
867 1458 1083 1512 auferre
1113 1457 1362 1511 nituntur
1401 1456 1546 1509 velut
1583 1457 1888 1525 perniciosa
1922 1457 2020 1510 do-

451 1561 657 1619 gmata.
707 1555 980 1605 communi
1038 1551 1291 1605 humanm
1334 1551 1482 1612 vitaz,
1519 1559 1573 1602 et
1610 1549 1790 1602 virtuti
1843 1549 2018 1602 conti-

453 1645 648 1695 nentia:
682 1643 856 1696 labent
884 1643 1174 1711 quamdam
1207 1641 1412 1695 inferre
1458 1641 1734 1709 judicandi
1774 1651 1918 1702 sunt,
1951 1653 2017 1694 ne

451 1733 672 1786 humani
719 1736 980 1802 propositi
1035 1749 1120 1788 res
1173 1741 1392 1802 putetur
1431 1735 1630 1788 bonum
1666 1733 1793 1802 quid
1824 1734 1906 1786 vel
1937 1731 2018 1786 fa-

454 1839 598 1888 cere,
628 1826 713 1880 vel
740 1827 1038 1891 dicere,vel
1074 1825 1301 1892 sentire,
1331 1841 1396 1880 ex
1425 1841 1532 1895 quo
1557 1827 1622 1880 ad
1648 1835 2016 1895 contemptum

2119 624 2334 678 diabolo
2361 620 2703 676 sentiendum
2735 626 2837 682 est,
2869 616 2964 683 qui
3020 616 3074 668 in
3127 621 3420 682 conspectu
3468 611 3686 668 Domini

2118 713 2508 783 omnipotentis
2551 709 2881 765 describitur
2931 707 3197 762 restitisse
3223 707 3270 771 ⁷,
3299 716 3354 761 et
3382 706 3690 760 deseruisse

2120 818 2320 861 statum
2350 820 2504 858 suum
2525 804 2577 856 in
2601 816 2708 871 quo
2732 799 2912 854 fuerat
2945 797 3321 852 immaculatus
3348 798 3474 865 :qui
3503 796 3691 864 utique

2121 899 2391 969 potuisset
2432 897 2484 949 in
2521 895 2623 948 hoc
2658 902 2803 947 statu
2837 893 2888 944 in
2919 905 3030 960 quo
3072 889 3139 944 ab
3169 889 3321 944 initio
3360 888 3483 952 fuit,
3519 901 3692 955 usque

2120 989 2186 1043 ad
2221 990 2380 1041 linem
2435 997 2780 1055 perseverare
2823 982 2866 1036 si
2915 981 3196 1035 voluisset.
3238 978 3592 1046 Designatus,
3634 984 3694 1028 ut

2121 1081 2381 1144 arbitror,
2415 1078 2573 1132 nobis
2613 1085 2720 1138 est,
2757 1083 2920 1142 prout
2965 1075 3261 1142 pOIIIiIIIIIS,
3292 1081 3350 1124 et
3385 1069 3692 1136 descriptus

2123 1174 2247 1240 quis
2275 1179 2330 1223 et
2363 1168 2538 1238 qualis
2564 1174 2710 1220 esset
2741 1164 3050 1225 haereticus,
3089 1171 3144 1215 et
3177 1176 3318 1230 quae,
3351 1158 3433 1212 vel
3472 1157 3525 1210 in
3569 1154 3693 1223 qui-

2125 1263 2224 1315 bus
2253 1260 2367 1325 cjus
2410 1259 2685 1327 dogmata,
2724 1252 2980 1320 falsmque
3028 1250 3314 1319 opiniones
3366 1245 3689 1308 habeantur,

2125 1360 2179 1404 et
2203 1365 2320 1418 qua:
2346 1348 2418 1402 sit
2448 1343 2829 1400 ecclesiastica:
2863 1341 3222 1396 observantiae
3249 1337 3478 1407 puritas.

2695 1437 2759 1489 Et
2796 1445 2908 1504 post
2942 1450 3129 1502 pauca.

2197 1531 2589 1600 Requisierunt
2639 1543 2773 1582 sane
2804 1527 3019 1596 quidam
3071 1535 3253 1576 utrum
3307 1519 3578 1583 haeresim,
3625 1529 3694 1570 an

2125 1625 2366 1679 sehisma
2402 1630 2648 1692 Oporteat
2677 1621 2854 1675 vocari
2888 1635 2982 1673 eos
3005 1617 3095 1684 qui
3125 1615 3482 1684 Cataphryga:
3521 1608 3698 1664 nomi-

2126 1729 2346 1779 nantur,
2375 1717 2728 1771 observantes
2760 1714 2920 1769 falsos
2945 1715 3260 1783 prophetas,
3290 1718 3343 1762 et
3393 1707 3639 1758 dicentes
3676 1719 3692 1756 :

2136 1828 2154 1860 ι
2187 1807 2268 1863 Ne
2298 1809 2528 1862 accedas
2571 1809 2638 1860 ad
2673 1823 2782 1870 me,
2807 1807 3066 1872 quoniam
3111 1803 3342 1858 mundus
3391 1815 3508 1854 sum
3539 1815 3553 1852 :
3587 1812 3696 1850 non

454 1929 517 1967 ac
548 1916 930 1985 negligentiam
958 1919 1122 1972 divini
1155 1919 1344 1988 judicii
1371 1935 1523 1974 mens
1550 1920 1783 1974 humana
1819 1919 2022 1972 forma-

2127 1902 2270 1954 enim
2293 1899 2480 1966 accepi
2517 1914 2762 1962 uxorem,
2792 1914 2891 1952 nec
2914 1908 2996 1952 est
3022 1897 3326 1965 sepulcrum
3354 1904 3544 1960 patens
3569 1898 3698 1958 gut-

453 2005 623 2058 bitur.
659 2004 742 2059 Sit
795 2017 975 2062 autem
1022 2007 1076 2060 in
1116 2009 1490 2063 ecclesiastico
1530 2009 1720 2061 ordine
1755 2007 1921 2060 etiam
1958 2008 2026 2062 de

454 2105 803 2163 peccatorum
841 2098 1121 2168 suppliciis
1153 2099 1306 2162 ﬁdes,
1331 2111 1388 2154 et
1419 2101 1485 2154 de
1531 2100 1618 2154 his
1653 2100 1744 2168 qui
1801 2100 2020 2167 praemia

453 2185 610 2240 home
631 2191 1061 2245 conversationis
1094 2203 1150 2246 et
1179 2193 1303 2246 vitae
1329 2192 1380 2245 in
1412 2207 1576 2261 regno
1622 2192 1834 2245 Domini
1878 2191 2026 2258 justo

455 2277 575 2346 ejus
626 2277 834 2345 judicio
879 2284 1146 2351 recepturi
1186 2294 1334 2336 sunt.
1375 2283 1431 2337 Si
1488 2284 1613 2352 quis
1657 2299 1788 2355 ergo
1831 2286 2024 2339 horum

459 2369 666 2439 aliquid
713 2388 832 2441 qua:
888 2388 1050 2443 supra
1107 2378 1480 2446 exposuimus,
1551 2389 1887 2432 commutare
1941 2380 2024 2432 vel

460 2465 778 2519 subvertere
813 2478 1064 2533 conatur,
1099 2469 1248 2522 velut
1279 2486 1574 2538 perversus,
1605 2480 1660 2524 et
1687 2488 1718 2523 a
1752 2474 2027 2536 semetipso

454 2556 739 2613 damnatus
768 2559 789 2592 ³
819 2561 1117 2617 secundum
1169 2563 1494 2617 sententiam
1549 2565 1816 2634 Apostoli,
1864 2566 2026 2620 etiam

457 2665 487 2703 a
518 2652 674 2705 nobis
712 2663 981 2724 prmeepto
1021 2655 1453 2725 obsequentihus
1475 2659 1594 2729 ejus
1629 2659 1885 2714 similiter
1934 2659 2030 2714 ha-

457 2741 669 2795 bendus
698 2750 804 2795 est.
855 2742 1108 2813 Designet
1151 2753 1333 2799 autem
1376 2746 1809 2801 ecclesiasticum
1852 2748 2026 2800 virum

458 2847 582 2886 cum
612 2834 694 2887 his
721 2835 974 2889 omnibus
1001 2851 1120 2904 quae
1154 2852 1315 2906 supra
1348 2837 1724 2907 exposuimus,
1762 2837 1928 2891 etiam
1963 2839 2030 2893 de

457 2937 795 2980 mortuorum
854 2929 1258 2984 resurrectione
1308 2929 1460 2992 ﬁdes.
1524 2932 1590 2985 de
1635 2945 1741 3000 qua
1803 2940 2030 2985 sanctus

457 3015 733 3084 apostolus
754 3016 946 3071 Paulus
969 3017 1044 3070 ita
1065 3019 1436 3085 pronuntiat“,
1462 3020 1613 3087 quia,
1654 3021 1700 3074 si
1727 3021 1850 3088 quis
1871 3029 2031 3091 negat

457 3109 913 3162 resurrectionem
972 3119 1356 3174 mortuorum,
1412 3125 1761 3182 consequens
1815 3123 1896 3166 est
1971 3121 2031 3165 III.

455 3199 655 3255 Christi
679 3203 1140 3256 resurrectionem
1177 3213 1354 3271 neget.
1377 3203 2032 3277 liabeatur696nihilo-

453 3291 633 3347 minus
677 3291 728 3345 in
783 3293 1158 3348 ecclesiastico
1210 3294 1404 3350 ordine
1447 3298 1610 3350 etiam
1680 3301 1750 3352 de
1811 3297 2028 3352 diabolo

457 3385 618 3450 ratio,
642 3394 697 3438 et
731 3385 797 3438 de
823 3386 970 3440 omni
1005 3385 1123 3455 ejus
1169 3387 1598 3459 exercitu,quod
1633 3404 1833 3460 agones
1861 3404 2027 3460 quos-

455 3475 575 3530 dam
605 3485 661 3530 et
697 3478 993 3532 certamina
1028 3478 1318 3534 adversum
1380 3495 1569 3535 omnes
1590 3483 1860 3544 homines.
1889 3498 2029 3552 prte-

455 3567 614 3636 cipue
655 3578 836 3624 tamen
865 3573 1125 3628 adversus
1151 3588 1248 3629 eos
1269 3571 1359 3641 qui
1394 3572 1626 3626 credunt
1662 3574 1714 3627 in
1747 3571 2021 3628 Christqu

457 3657 746 3716 Dominum
797 3660 1009 3728 Jesum,
1063 3675 1313 3730 movent;
1361 3674 1418 3721 et
1465 3668 1609 3735 quod
1645 3660 2024 3720 necessitatem

459 3751 675 3820 quidem
699 3753 976 3824 imponere
1010 3756 1265 3826 peccandi
1292 3771 1390 3826 per
1412 3772 1613 3827 agones
1644 3766 1698 3811 et
1726 3758 2024 3812 certamina

459 3856 564 3896 non
590 3843 793 3912 valent,
825 3849 1154 3914 persuadere
1183 3857 1364 3902 tamen
1401 3860 1456 3903 et
1490 3850 1740 3917 decipere
1787 3849 1854 3902 al
1893 3849 2024 3905 sub-

454 3935 759 3990 versionem
796 3949 1022 4006 possunt
1055 3955 1151 3995 eos
1194 3942 1288 4010 qui
1321 3956 1429 3996 non
1470 3941 1616 3995 omni
1653 3941 1896 3996 custodia
1928 3957 2024 3996 sua

457 4025 626 4080 corda
656 4031 1040 4096 praemuniunt.
1079 4031 1397 4087 ilabendum
1433 4042 1518 4088 est
1545 4043 1724 4086 autem
1769 4032 1820 4087 in
1851 4034 2026 4089 eccle-

457 4117 698 4174 siasticis
741 4122 1235 4186 observationibus,
1295 4123 1438 4193 quod
1506 4139 1680 4191 neque
1742 4124 2022 4180 hominum

457 4210 582 4279 quis
609 4227 640 4264 a
675 4211 783 4267 Deo
822 4214 876 4266 in
919 4214 1276 4284 perditionem
1311 4216 1549 4269 traditus
1599 4224 1707 4282 est,
1740 4217 1834 4271 sed
1859 4233 2026 4272 unus-

456 4303 689 4373 quisque
769 4306 1115 4374 pereuntium
1185 4320 1284 4360 sua
1348 4307 1674 4377 negligentia
1729 4319 1915 4374 pereat
1971 4317 2028 4364 et

456 4393 632 4464 culpa,
659 4395 751 4466 qui
788 4397 992 4453 habens
1019 4397 1234 4453 arbitrii
1261 4397 1600 4462 libertatem,
1642 4398 1844 4469 eligere
1877 4401 2024 4470 quod

2128 2000 2216 2044 tur
2252 2006 2454 2052 meum,
2487 1991 2580 2042 sed
2628 2004 2747 2042 sum
2780 1986 3066 2041 Nazara'us
3107 1985 3225 2049 Dei,
3265 1997 3372 2037 non
3401 1980 3593 2036 bibens
3616 1979 3698 2033 vi-

2125 2097 2258 2136 num
2293 2083 2432 2136 sicut
2457 2081 2554 2136 illi.
2598 2099 2621 2133 ι

2693 2168 2888 2224 Postea
2933 2180 3127 2222 autem.

2199 2284 2340 2338 Sunt
2363 2299 2493 2338 vero
2522 2293 2576 2339 et
2606 2283 2712 2338 alia
2748 2283 2993 2352 quaedam
3037 2285 3288 2351 dogmata
3325 2295 3444 2350 quae
3477 2278 3530 2332 in
3564 2295 3697 2347 apo.

2126 2376 2338 2430 stohcis
2373 2375 2759 2430 traditionibus
2799 2389 2904 2426 non
2957 2371 3245 2435 habentur,
3278 2369 3345 2423 de
3378 2369 3576 2438 quibus
3611 2382 3698 2421 re-

2127 2468 2313 2538 quires
2346 2468 2391 2522 si
2421 2476 2636 2536 oportet
2665 2480 2760 2520 cos
2793 2463 2883 2532 qui
2911 2462 3190 2533 quodlibet
3216 2465 3282 2518 de
3323 2461 3411 2516 his
3456 2461 3701 2515 sentiunt

2130 2560 2216 2614 vel
2247 2568 2607 2629 pertractant,
2641 2558 2928 2612 lnereticos
2953 2557 3219 2627 putandos
3244 2573 3257 2620 ;
3291 2563 3349 2608 ut
3377 2567 3527 2624 puta,
3547 2553 3699 2607 verbi

2130 2665 2290 2704 causa
2341 2648 2602 2712 dixerim,
2637 2647 2683 2700 si
2719 2647 2844 2717 quis
2888 2652 3151 2700 rationem
3208 2645 3457 2699 humanae
3504 2641 3701 2697 anilitas

2130 2743 2396 2811 inquirat,
2424 2755 2545 2796 cum
2567 2739 2634 2794 de
2663 2753 2724 2792 ea
2754 2755 2928 2808 neque
2949 2738 3091 2809 quod
3121 2753 3190 2792 ex
3219 2735 3442 2791 seminis
3478 2735 3703 2788 traduce

2130 2835 2380 2900 ducatur,
2419 2845 2592 2900 neque
2619 2833 2762 2901 quod
2795 2829 3165 2885 honorabilior
3196 2839 3251 2884 et
3280 2827 3559 2897 antiquior
3579 2841 3702 2881 cor-

2131 2940 2318 2996 porum
2346 2937 2610 2992 compage
2637 2923 2728 2990 sit,
2758 2921 3042 2975 tradiderit
3081 2918 3450 2974 ecclesiastica
3493 2916 3700 2986 regula.

2131 3019 2360 3086 Propter
2386 3015 2527 3085 quod
2565 3014 2718 3068 multi
2766 3029 2864 3069 nec
2895 3012 3360 3082 comprehendere
3409 3017 3706 3080 potuerunt

2130 3108 2362 3177 qualiter
2392 3107 2583 3162 sentiri
2609 3116 2885 3174 oporteret
2915 3103 2980 3158 de
3013 3104 3208 3158 anima:
3242 3103 3453 3158 ratione
3482 3119 3496 3156 :
3524 3103 3618 3157 sed
3647 3109 3705 3157 et

2132 3197 2222 3264 qui
2255 3194 2461 3263 aliquid
2491 3195 2693 3248 sentire
2732 3195 2812 3248 vel
2850 3195 3116 3249 disserere
3150 3193 3250 3247 visi
3297 3204 3448 3256 sunt,
3489 3208 3518 3246 a
3569 3209 3706 3246 non-

2135 3287 2294 3340 nullis
2337 3287 2388 3339 in
2451 3287 2762 3354 suspicione
2812 3286 3080 3341 habentur
3128 3287 3274 3340 velut
3323 3284 3448 3340 novi
3495 3283 3703 3355 aliquid

2135 3379 2559 3433 introducentes.

2561 3468 2762 3524 Deinde
2790 3479 2904 3539 post
2933 3486 3103 3540 pauca
3152 3469 3225 3523 ait
3255 3486 3276 3524 :

2202 3580 2308 3636 Sed
2334 3590 2390 3636 et
2425 3591 2479 3635 tu
2506 3581 2619 3652 ipse
2643 3582 2785 3652 apud
2817 3580 3161 3650 temetipsmn
3198 3579 3492 3635 discutiens
3519 3578 3706 3637 consi-

2133 3674 2261 3725 dera
2302 3671 2347 3725 si
2382 3681 2593 3738 oportet
2627 3671 2867 3739 eumqui
2901 3670 3144 3739 quolibet
3185 3669 3342 3722 modo
3375 3668 3554 3722 dehis
3583 3667 3704 3736 opi-

2133 3774 2313 3829 natur,
2351 3763 2436 3818 vel
2493 3763 2835 3827 hat-relicum,
2876 3762 2962 3816 vel
3011 3760 3443 3818 ecclesiasticum
3500 3769 3708 3816 temere

2127 3856 2372 3922 deliniri;
2399 3865 2493 3909 aut
2531 3855 2576 3909 si
2610 3871 2716 3908 non
2765 3864 2849 3909 est
2882 3855 3248 3924 periculosum
3277 3854 3343 3909 de
3363 3867 3428 3907 eo
3460 3869 3704 3922 pronun-

2127 3949 2197 4002 tia
2211 3963 2267 4002 re
2288 3950 2544 4019 quoniam
2572 3959 2627 4002 et
2663 3950 2774 4017 ipse
2808 3962 3102 4016 pervorsus
3132 3949 3206 4001 sit
3234 3955 3282 4001 et
3314 3956 3524 4016 peccet,
3552 3953 3608 3998 et
3631 3945 3706 4000 sit

2127 4054 2157 4092 a
2185 4041 2479 4108 semetipso
2505 4040 2791 4094 damnatus
2829 4039 2873 4108 ⁸,
2911 4040 3056 4110 quod
3081 4038 3148 4093 de
3176 4037 3443 4092 haereticis
3483 4037 3704 4103 dicitur,

2129 4131 2174 4186 si
2200 4133 2324 4200 quis
2365 4131 2502 4185 forte
2532 4147 2598 4185 ex
2638 4132 2721 4186 his
2757 4147 2877 4201 qua:
2905 4145 3068 4200 supra
3117 4132 3374 4196 diximus,
3406 4129 3708 4200 quamlibet.

2131 4225 2461 4294 opinionem,
2503 4224 2631 4277 licet
2681 4240 2874 4278 novam
2923 4233 2980 4279 et
3011 4223 3429 4295 quamplurimis
3465 4223 3708 4295 perauri-

2133 4330 2281 4382 nam,
2314 4316 2562 4372 videatur
2597 4316 2878 4372 inducere.

756 4675 872 4735 EX
909 4674 1508 4738 COMMENTARIO
1530 4674 1908 4740 ORIGENIS
1936 4678 2018 4740 IN
2045 4679 2501 4743 EPISTOLAM
2533 4682 2641 4743 AD
2671 4683 2806 4745 PHI
2825 4683 3221 4746 LEMONEM
3257 4685 3406 4767 (92).

529 4991 638 5048 Sed
668 5002 722 5049 et
751 4993 820 5049 de
864 4993 1092 5065 singulis
1132 5007 1448 5053 sanctorum
1490 5000 1584 5070 qui
1643 5001 1697 5057 in
1743 5001 2027 5072 Scriptura
2059 5007 2104 5063 Ι)
2135 5013 2186 5078 ta
2225 5003 2344 5073 ejus
2379 5020 2504 5060 vera
2542 5019 2665 5060 esse
2717 5006 3040 5075 susceperit.
3077 5006 3253 5060 credit
3299 5015 3356 5060 et
3403 5017 3530 5071 hoc,
3561 5007 3722 5077 quod;

456 5097 642 5140 sancta
675 5087 968 5156 conscripti
1015 5097 1166 5153 sunt,
1197 5105 1450 5162 quosque
1492 5093 1670 5162 justos
1716 5103 1772 5148 et
1821 5094 2023 5152 electos

458 5179 548 5232 Dei
577 5193 698 5233 esse
729 5178 1010 5249 Scriptura
1046 5189 1299 5248 testatur,
1329 5186 1487 5240 debet
1517 5201 1638 5242 esse
1670 5187 1802 5243 lides
1829 5189 1896 5243 ab
1937 5189 2022 5245 his

454 5271 544 5338 qni
575 5269 769 5324 salvari
799 5270 1045 5339 cupiunt.
1076 5269 1192 5326 Non
1228 5275 1372 5330 enim
1413 5287 1594 5344 potest
1627 5294 1750 5334 esse
1781 5282 2020 5348 perfecta

456 5362 510 5414 in
543 5361 708 5414 Deum
744 5363 896 5425 tides,
926 5362 1031 5416 nisi
1076 5365 1195 5432 quis
1235 5367 1430 5421 habent
1466 5379 1517 5422 et
1552 5371 1693 5425 hanc
1727 5370 1884 5424 ﬁdem
1918 5387 2023 5440 qua

455 5452 524 5504 de
566 5451 775 5506 sanctis
803 5453 946 5520 quod
987 5454 1163 5506 sancti
1199 5466 1319 5508 sunt
1361 5459 1621 5513 creditur.
1653 5459 1804 5526 Quod
1836 5469 2021 5514 autem

459 5543 690 5598 dicimus
718 5543 826 5598 tale
848 5553 954 5599 est.
983 5541 1085 5610 Qui
1101 5547 1390 5602 crediderit
1417 5549 1471 5603 in
1496 5549 1688 5616 Deum,
1719 5559 1774 5606 et
1798 5551 2024 5620 dogma-

2129 5097 2302 5151 Adam
2338 5097 2555 5166 quidem
2585 5099 2793 5166 primus
2818 5100 2980 5152 homo
3011 5097 3279 5152 formatus
3309 5109 3421 5163 est;
3459 5099 3711 5154 creditet

2128 5188 2196 5242 de
2241 5188 2374 5252 Eva,
2411 5187 2555 5256 quod
2605 5203 2766 5240 uuam
2818 5203 2846 5243 e
2877 5191 3045 5243 costis
3071 5189 3245 5240 Adam
3299 5202 3519 5242 sumens
3565 5185 3724 5244 Deusr'

2131 5278 2480 5332 azdilicaverit
2523 5291 2644 5330 eam
2700 5287 2760 5331 ut
2802 5286 2947 5332 esset
2979 5275 3096 5345 ejus
3145 5277 3343 5332 mulier
3377 5291 3391 5327 :
3431 5277 3607 5332 credit
3651 5289 3712 5331 et

2131 5372 2274 5438 quod
2319 5369 2463 5424 Enos
2495 5384 2621 5425 vere
2646 5369 2929 5439 speraverit
2975 5369 3220 5422 invocare
3262 5385 3452 5424 nomen
3496 5368 3720 5423 Domini

2130 5461 2228 5514 Dei
2256 5463 2298 5525 ’,
2330 5463 2554 5530 etquod
2577 5461 2782 5526 Enoch,
2815 5459 2941 5530 quia
2990 5459 3046 5513 in
3097 5461 3257 5515 annis
3306 5458 3561 5514 ducentis
3586 5459 3720 5531 μιν

2128 5554 2303 5609 cuerit
2335 5553 2466 5623 Deo,
2497 5565 2681 5625 postea
2699 5570 2860 5625 quam
2889 5553 3250 5610 Mathusalem
3278 5553 3486 5625 genuit,
3523 5563 3728 5610 trans—'

527 5730 679 5787 'Tit.
711 5731 911 5800 1",“.
986 5731 1009 5763 ⁸
1040 5729 1064 5786 Ι
1093 5732 1217 5789 Cor.
1294 5745 1388 5800 xv,
1430 5731 1521 5786 t5.
1594 5731 1617 5764 τ
1666 5729 1801 5786 Dan.
1834 5747 1894 5798 x,
1951 5731 2053 5802 t3;
2093 5734 2259 5806 Apoc.
2301 5751 2400 5806 xu,
2443 5738 2504 5804 7;
2536 5738 2662 5796 Jnd.
2691 5740 2745 5797 6.
2821 5741 2972 5797 “Tit.
3006 5757 3086 5808 ut,
3127 5741 3214 5795 Η.
3289 5740 3310 5771 ⁹
3341 5738 3480 5795 Gen.
3511 5736 3715 5807 ιηεσι

526 5847 638 5919 (99.)
665 5848 743 5903 Ex
769 5847 1028 5922 Apologia
1065 5847 1332 5923 Pamphili
1358 5849 1613 5923 martyris
1634 5865 1731 5923 pro
1756 5850 2013 5923 Origene.
