4150 6404
1105 402 1427 460 ORIGENIS
1457 403 1883 462 FRAGMENTA
1920 405 1990 462 IN
2027 405 2415 463 EPISTOLAM
2452 408 2546 463 AD
2584 409 2946 467 HEBREOS.

3514 418 3653 476 i508

406 525 550 580 latus
599 533 684 580 est
714 541 730 578 :
771 531 828 580 et
859 525 928 580 de
965 522 1105 589 Noe,
1131 527 1256 594 quia
1287 540 1546 596 responsa
1569 527 1779 596 accepit
1809 536 1870 582 ut
1894 527 1976 582 fa-
2005 537 2053 593 Α
2082 529 2223 599 perit
2255 546 2269 582 :
2307 538 2364 584 et
2416 528 2485 584 de
2534 529 2700 584 David
2745 544 2904 599 quem
2948 530 3239 600 assumpsit
3277 530 3537 588 Dominus
3583 537 3653 590 ab

405 616 650 672 bricaret
675 632 881 682 arcam,
917 627 970 673 et
993 618 1142 672 solus
1168 619 1410 673 salvatus
1440 628 1611 675 estex
1637 619 1840 675 diluvio
1855 634 1976 675 cum

405 709 494 764 his
523 709 898 764 tantummodo
919 711 1010 778 qui
1041 725 1229 764 secum
1256 725 1437 764 arcam
1474 710 1690 765 fuerant
1719 711 1975 781 ingressi.

408 798 670 854 Similiter
701 808 756 854 et
803 799 873 854 de
914 801 1214 864 Abraham,
1256 800 1401 868 quod
1440 801 1700 855 meruerit
1733 801 1978 855 testimo-

407 893 557 947 nium
589 893 703 959 Dei,
727 901 780 948 et
800 892 942 961 quod
963 892 1266 960 susceperit
1289 892 1542 960 hospitio,
1562 907 1682 946 cum
1710 901 1856 946 esset
1877 891 1977 946 sub

406 985 534 1042 ilice
579 984 843 1049 Mambre,
883 994 993 1039 tres
1022 986 1167 1038 viros
1199 1000 1261 1038 ex
1297 986 1496 1053 quibus
1545 999 1684 1038 unus
1717 985 1976 1038 Dominus

406 1089 548 1132 erat.
585 1077 772 1132 Credit
801 1087 857 1131 et
885 1077 955 1132 de
986 1075 1134 1131 Isaac
1162 1078 1245 1131 vel
1278 1079 1547 1146 quomodo
1579 1087 1737 1130 natus
1760 1085 1864 1139 est,
1890 1076 1977 1130 vel

406 1171 677 1238 quomodo
701 1169 914 1224 oblatus
942 1177 1024 1223 est
1058 1185 1086 1221 a
1120 1181 1290 1236 patre,
1314 1169 1396 1223 vel
1425 1169 1694 1236 quomodo
1718 1183 1972 1237 responsa

406 1261 500 1316 Dei
538 1261 728 1314 sudire
764 1261 1028 1314 meruerit
1070 1277 1084 1313 :
1129 1264 1220 1312 sed
1253 1270 1308 1314 et
1338 1261 1403 1314 de
1434 1259 1608 1313 Jacob
1640 1260 1817 1327 quod,
1852 1275 1974 1311 mu-

408 1361 520 1403 tan
549 1350 789 1414 nomine,
820 1349 986 1404 Israel
1020 1365 1048 1402 a
1081 1351 1192 1404 Deo
1221 1351 1632 1418 cognominatus
1654 1362 1734 1404 est
1775 1367 1788 1402 :
1827 1359 1881 1404 et
1909 1353 1976 1406 de

402 1439 565 1508 697
597 1437 802 1508 Moyse,
844 1438 984 1507 quod
1017 1452 1111 1507 per
1142 1440 1292 1506 signa
1323 1448 1378 1492 et
1439 1439 1665 1492 virtutes
1691 1439 1973 1492 ministra-

404 1532 544 1584 verit
588 1529 718 1581 Deo.
753 1530 938 1583 Credit
972 1539 1026 1582 et
1066 1531 1207 1597 quod
1237 1528 1398 1582 Jesus
1431 1529 1579 1583 Nave
1618 1529 1906 1584 exauditus
1942 1546 1972 1584 a

407 1622 536 1686 Deo,
573 1633 720 1678 stare
766 1621 958 1674 fecerit
1000 1621 1170 1674 solem
1213 1636 1378 1689 super
1419 1620 1664 1684 Gabaon,
1692 1631 1746 1674 et
1787 1623 1972 1674 lunam

403 1727 566 1780 super
595 1713 785 1764 vallem
822 1709 1012 1765 IIeIon.
1061 1709 1196 1776 Quid
1243 1721 1422 1764 autem
1469 1711 1750 1765 dicendmn
1801 1711 1975 1765 estde

407 1803 650 1856 fidelibus
672 1802 980 1869 judicibus,
1013 1810 1069 1856 et
1098 1803 1162 1856 de
1195 1803 1279 1855 his
1305 1817 1424 1870 quae
1449 1817 1544 1869 per
1573 1817 1666 1855 eos
1703 1813 1851 1870 gesta
1884 1817 1973 1856 re-

2079 622 2271 676 ovibus
2322 630 2381 675 ut
2419 631 2634 691 regeret
2685 620 2854 676 Iacob
2913 635 3138 691 puerum
3177 639 3356 687 suum,
3397 635 3451 680 et
3489 625 3652 682 Israel

2080 711 2457 766 haereditatem
2490 727 2645 767 suam
2681 732 2692 766 :
2721 713 2872 768 etde
2904 713 3138 778 Nathan,
3182 715 3326 783 quod
3356 717 3648 786 propheta-

2080 803 2241 868 vcrit,
2279 818 2486 859 necnon
2523 812 2580 857 et
2617 804 2731 858 Gad
2763 821 2778 856 :
2813 804 2906 858 sed
2938 813 2994 858 et
3032 805 3099 858 de
3143 804 3470 872 Salomone,
3506 808 3649 876 quod

2078 896 2391 963 apparuerit
2437 896 2486 949 ei
2531 897 2584 950 in
2624 895 2742 950 visu
2797 896 3100 950 Dominus:
3131 905 3186 950 et
3225 897 3296 950 de
3335 897 3472 961 Elia,
3505 899 3649 968 quod

2076 996 2391 1055 assumptus
2419 995 2499 1041 est
2539 1002 2634 1055 per
2674 988 3050 1040 ascensionem
3091 985 3145 1040 in
3195 986 3414 1052 coelum,
3446 986 3653 1043 effectis

2078 1077 2184 1132 illis
2207 1079 2483 1141 omnibus,
2515 1093 2636 1147 quae
2660 1079 2860 1148 scripta
2889 1089 3038 1144 sunt,
3063 1079 3234 1150 signis
3263 1089 3317 1134 et
3339 1080 3602 1148 prodigiis
3634 1099 3648 1134 :

2077 1169 2169 1222 sed
2199 1179 2252 1222 et
2280 1169 2348 1222 de
2389 1168 2600 1235 Eliseo,
2651 1171 2907 1236 quoniam
2959 1185 3066 1223 non
3103 1169 3276 1223 solum
3307 1170 3653 1224 resuscitavit

2078 1259 2242 1313 filium
2270 1257 2606 1322 Sunamitis,
2647 1261 2741 1314 sed
2790 1269 2844 1314 et
2882 1269 3154 1313 mortuum
3191 1274 3351 1328 super
3385 1275 3506 1312 ossa
3553 1273 3651 1312 sua

2074 1348 2670 1419 projectum?0portet
2731 1365 2863 1417 ergo
2912 1364 3349 1419 unumquemque
3412 1350 3649 1403 fidelium

2074 1441 2298 1494 credere
2323 1449 2376 1492 et
2408 1439 2661 1492 omnibus
2708 1455 2825 1508 quze
2872 1441 3078 1510 scripta
3119 1449 3248 1494 sunt
3288 1440 3355 1494 de
3384 1439 3649 1504 Ezechia,

2073 1531 2216 1598 quod
2264 1533 2315 1584 in
2359 1531 2548 1587 diebus
2590 1531 2708 1598 ejus
2739 1543 3038 1586 retrorsum
3075 1533 3416 1602 repedaverit
3458 1533 3648 1584 umbra

2075 1623 2224 1676 solis.
2255 1623 2347 1676 Est
2382 1637 2512 1693 ergo
2549 1623 2682 1676 fides
2715 1634 2896 1676 nostra
2933 1623 3113 1691 primo
3157 1623 3374 1692 quidem
3405 1622 3647 1676 omnium

2077 1713 2126 1766 in
2150 1714 2434 1768 Dominum
2455 1725 2702 1769 nostrum
2724 1714 2907 1769 Jesutn
2931 1714 3234 1777 Christum,
3253 1724 3650 1782 consequenter

2075 1819 2203 1857 vero
2233 1804 2396 1857 etiam
2435 1803 2485 1857 in
2519 1819 2708 1858 omnes
2738 1813 2958 1858 sanctos
2991 1803 3333 1874 patriarchas
3353 1841 3369 1867 ,
3399 1804 3482 1856 vel
3519 1818 3649 1870 pru-

401 1893 692 1948 feruntur:
726 1896 810 1948 vel
842 1896 893 1947 in
932 1894 1242 1962 Regnorum
1285 1895 1437 1949 libris
1473 1896 1538 1946 de
1559 1893 1798 1958 Samuel,
1827 1895 1972 1961 quod
2008 1877 2048 1934 Β
2081 1893 2288 1962 phetas,
2323 1893 2406 1948 vel
2447 1895 2718 1963 apostolos
2757 1895 2985 1963 Christi,
3019 1909 3086 1950 eo
3114 1895 3309 1950 ordine
3340 1909 3448 1964 quo
3483 1910 3644 1965 supe-

403 1989 656 2038 messium
684 1994 924 2055 tempore
955 1986 1162 2054 pluvias
1189 2000 1219 2038 a
1259 1984 1372 2040 Deo
1391 1986 1698 2054 poposcerit
1730 1994 1784 2039 et
1818 2000 1976 2040 acce-

2083 1987 2194 2040 rius
2215 1985 2472 2040 diximus.

425 2129 3594 2164 —-—-———-————————————————.—————-—L_——_—___

955 2281 1061 2341 EX
1091 2281 1349 2343 LIBRIS
1379 2281 1568 2344 ORIG
1585 2283 1756 2344 ENIS
1783 2283 1860 2343 IN
1894 2282 2352 2345 EPISTOLAM
2385 2284 2494 2346 AD
2525 2285 2917 2348 HEBRIEOS
2949 2287 3092 2367 (93).

467 2599 580 2655 Lex
623 2608 799 2654 autem
848 2610 1049 2652 aeterna
1099 2598 1228 2667 quid
1265 2599 1407 2652 aliud
1458 2609 1540 2654 est
1591 2602 1968 2664 sentiendum,

397 2703 559 2759 quam
603 2691 743 2743 Deus
784 2687 969 2753 Pater,
1005 2691 1096 2758 qui
1145 2706 1418 2760 nunquam
1465 2690 1568 2746 fuit
1615 2695 1831 2761 quando
1879 2694 1966 2747 lux

398 2781 618 2849 quidem
657 2790 819 2842 esset,
849 2781 1106 2848 splendor
1130 2797 1257 2834 vero
1289 2783 1335 2835 ei
1369 2797 1474 2836 non
1511 2783 1761 2837 adesset?
1785 2783 1969 2852 Neque

395 2873 542 2924 enini
575 2873 662 2924 lux
687 2874 804 2924 sine
823 2873 1109 2940 Splendore
1138 2887 1234 2927 Suo
1260 2890 1492 2943 unquam
1523 2875 1746 2944 intelligi
1765 2886 1960 2945 potest.

397 2962 549 3028 Quod
575 2963 618 3016 si
652 2978 835 3014 verum
863 2973 965 3025 est,
1000 2979 1270 3030 nunquam
1303 2975 1387 3017 est
1408 2967 1627 3034 quando
1659 2966 1830 3020 Filius
1854 2983 1958 3020 non

395 3053 569 3108 Filius
593 3052 710 3105 fuit.
748 3051 868 3106 Erit
907 3063 1084 3106 autent
1112 3070 1214 3106 non
1233 3056 1370 3109 sicut
1403 3061 1470 3109 de
1497 3067 1701 3110 attenta
1734 3057 1855 3112 luce
1881 3059 1964 3112 (Ii-

395 3144 573 3198 ximus
613 3145 852 3210 innatus,
890 3160 955 3198 ne
989 3147 1092 3198 duo
1127 3145 1386 3216 principia
1417 3146 1551 3202 lucis
1575 3150 1854 3203 videamur
1879 3151 1963 3204 in-

2080 2611 2167 2655 tur
2197 2599 2354 2654 simul
2393 2598 2770 2653 disserendum
2817 2605 2872 2651 et
2912 2595 3045 2650 illud
3092 2596 3235 2664 quod
3283 2595 3488 2650 dictum
3539 2603 3642 2663 est,

2077 2708 2180 2746 non
2214 2691 2388 2744 solum
2423 2690 2565 2757 quod
2607 2687 2860 2756 splendor
2900 2697 2986 2742 est
3023 2689 3158 2743 lucis
3192 2697 3434 2752 aeternae,
3464 2689 3558 2742 sed
3591 2697 3646 2744 et

2073 2781 2216 2850 quod
2251 2780 2376 2834 huic
2412 2778 2588 2832 simile
2621 2780 2671 2832 in
2710 2777 2986 2848 Sapientia
3026 2777 3338 2833 Solomonis
3369 2776 3641 2844 refertur,

2073 2873 2126 2926 in
2158 2885 2262 2939 qua
2294 2872 2530 2939 seipsam
2571 2870 2849 2938 Sapientia
2895 2869 3160 2924 describit
3195 2870 3384 2924 dicens
3415 2885 3430 2922 :
3467 2868 3648 2940 I’apor

2071 2961 2208 3014 enim
2230 2969 2303 3012 est
2331 2960 2538 3013 virtutis
2567 2958 2684 3024 Dei,
2705 2968 2750 3012 et
2781 2959 3058 3026 apart-lusa
3085 2957 3268 3028 gloria:
3298 2957 3642 3028 Omnipoten-

2070 3053 2137 3105 tis
2163 3053 2446 3121 purissima
2479 3052 2545 3107 ³⁸.

2582 3143 2650 3197 Ει
2687 3151 2802 3210 post
2829 3143 3124 3213 aliquanta.

397 3219 615 3301 ducere,
653 3237 744 3292 sed
788 3237 928 3290 sicut
976 3237 1227 3308 ingenitae
1271 3239 1407 3293 lucis
1452 3241 1742 3308 Splendor,
1788 3242 1957 3310 ipsam
1986 3237 2030 3295 C
2133 3241 2358 3310 Oportet
2378 3247 2559 3292 autem
2591 3237 2730 3290 scire
2758 3252 2856 3289 nos
2873 3237 2997 3304 quia
3023 3251 3120 3304 per
3161 3233 3453 3289 ineffabilia
3486 3248 3642 3302 qius-

396 3328 540 3383 illam
575 3329 745 3384 lucem
786 3331 998 3384 initium
1045 3333 1251 3386 habens
1283 3349 1346 3385 ac
1375 3331 1614 3397 fontem,
1650 3343 1811 3388 natus
1844 3334 1967 3404 qui-

393 3420 514 3474 dem
546 3438 611 3476 ex
647 3425 778 3492 ipsa,
821 3426 914 3477 sed
943 3441 1046 3478 non
1079 3433 1195 3478 erat
1229 3427 1445 3494 quando
1473 3441 1576 3479 non
1612 3434 1750 3480 erat.

391 3512 595 3566 Deinde
632 3517 857 3582 probam
900 3514 1097 3570 Filium
1137 3519 1292 3572 unius
1334 3533 1453 3570 cum
1494 3515 1660 3572 Patre
1705 3534 1818 3572 esse
1844 3521 1967 3572 sub-

464 3605 709 3674 stantiw,
761 3607 993 3661 alienum
1041 3623 1162 3663 vero
1225 3626 1258 3662 a
1306 3609 1614 3663 substantiis
1669 3620 1964 3678 creaturw,

462 3705 559 3750 all.

462 3786 1048 3859 Interrogamusigilur
1081 3802 1175 3843 eos
1196 3803 1331 3857 quos
1357 3789 1503 3858 piget
1531 3789 1778 3845 confiteri
1796 3789 1966 3846 Dem

390 3893 512 3934 esse
538 3879 731 3934 Filium
765 3880 882 3942 Dei,
915 3879 1187 3948 quomodo
1217 3889 1431 3948 paterat
1453 3881 1567 3933 sola
1600 3881 1836 3934 humana
1873 3897 1969 3934 na-

390 3983 512 4027 tura
548 3971 682 4024 nihil
719 3973 770 4024 in
795 3988 855 4025 se
897 3971 1101 4026 habens
1130 3972 1409 4036 eximium,
1447 3987 1621 4042 neque
1653 3973 1853 4044 aliquid
1887 3976 1969 4030 di-

390 4064 532 4118 vinae
555 4064 894 4124 substantiae,
930 4065 1300 4117 haereditalem
1334 4079 1530 4132 capere
1571 4078 1784 4118 omnem
1814 4065 1966 4134 priu-

392 4155 725 4222 cipalum.et
747 4170 964 4208 eminent
999 4164 1344 4221 potestatem,
1379 4163 1433 4208 et
1471 4155 1723 4209 virtutem
1749 4196 1764 4221 ,
1798 4166 1851 4211 et
1886 4158 1969 4213 his

390 4243 643 4298 omnibus
669 4244 912 4312 praeferri
945 4260 1007 4298 ac
1039 4244 1276 4313 prmponi
1304 4261 1332 4297 a
1362 4243 1542 4302 Patre.
1583 4245 1734 4300 Unde
1764 4257 1968 4301 rectum

391 4335 608 4390 videtur
629 4335 770 4403 quod
813 4337 1157 4404 praestantior
1192 4351 1316 4390 esse
1355 4337 1546 4390 debeat
1583 4337 1634 4391 is
1663 4337 1755 4406 qui
1793 4339 1967 4392 haere-

391 4427 612 4482 ditatem
645 4427 814 4494 capit,
853 4438 907 4480 et
947 4443 1145 4497 genere
1187 4430 1397 4498 utique,
1433 4438 1487 4484 et
1513 4431 1727 4500 specie,
1760 4441 1809 4485 et
1844 4433 1970 4485 sub-

397 4519 620 4581 stantia,
646 4528 700 4571 et
741 4518 1097 4571 subsistentia
1137 4519 1220 4573 vel
1266 4531 1497 4585 natura,
1533 4533 1696 4590 atque
1718 4523 1969 4578 omnibus

390 4612 702 4680 quibusque
733 4610 908 4666 modis
944 4613 1106 4665 debet
1134 4628 1255 4666 esse
1283 4617 1648 4683 praestantior.

941 4702 1006 4756 Et
1037 4714 1148 4772 post
1179 4721 1372 4771 pauca.

461 4791 594 4846 Cum
636 4804 815 4848 autem
861 4796 1150 4851 discutitur
1192 4798 1314 4874 hoc.
1335 4798 1478 4867 quod
1527 4798 1734 4852 dictum
1778 4807 1862 4854 est
1898 4797 1966 4854 de

391 4880 529 4938 Filio
554 4883 674 4950 Dei,
703 4886 845 4954 quod
864 4888 939 4942 sit
966 4887 1223 4957 Splendor
1243 4889 1450 4957 gloriae,
1479 4888 1790 4943 necessario
1814 4890 1965 4944 vide-

2068 3332 2213 3395 dam,
2240 3339 2296 3385 et
2323 3339 2554 3394 secreta,
2577 3343 2639 3383 ac
2672 3327 2948 3382 recondita
2971 3327 3259 3396 quemdam
3293 3328 3511 3379 modum
3539 3324 3642 3378 sibi

2069 3419 2272 3475 faciens
2317 3420 2600 3488 Scriptura
2647 3428 2834 3472 sancta
2877 3429 3108 3472 conatur
3145 3417 3458 3472 hominibus
3499 3416 3642 3470 indi-

2069 3527 2217 3578 care,
2257 3521 2312 3566 et
2357 3509 2697 3565 intellectum
2743 3524 3037 3577 suggerere
3084 3510 3360 3564 subtilem.
3415 3509 3642 3579 Vaporis

2068 3605 2211 3659 enim
2243 3604 2759 3680 nomeu_iuducens,
2798 3603 2900 3657 hoc
2927 3602 3047 3658 ideo
3083 3603 3150 3657 de
3197 3603 3361 3657 rebus
3383 3617 3642 3672 corpora-

2071 3699 2210 3754 libus
2243 3697 2559 3765 assumpsit,
2605 3705 2663 3748 ut
2700 3695 2787 3748 vel
2824 3709 2887 3748 ex
2924 3705 3078 3764 parte
3121 3694 3302 3764 aliqua
3337 3694 3641 3761 intelligere

2070 3789 2339 3860 possimus
2367 3786 2635 3856 quomodo
2665 3785 2912 3839 Christus
2955 3784 3045 3852 qui
3089 3793 3172 3837 est
3213 3783 3476 3852 sapientia
3501 3821 3519 3849 ,
3553 3795 3640 3837 se-

2069 3882 2300 3936 cundum
2319 3879 2728 3933 similitudinem
2752 3877 2872 3948 ejus
2907 3876 3129 3945 vaporis
3161 3877 3253 3944 qui
3279 3877 3345 3930 de
3379 3875 3638 3930 substan-

2071 3976 2143 4028 tia
2169 3973 2346 4042 aliqua
2374 3985 2635 4040 corporea
2668 3969 2936 4040 procedit,
2973 3969 3053 4023 sic
3089 3968 3253 4022 etiam
3281 3968 3396 4036 ipse
3434 3977 3492 4021 ut
3521 3967 3639 4037 qui-

2068 4065 2192 4117 dam
2233 4078 2401 4132 vapor
2448 4061 2694 4116 exoritur
2734 4062 2803 4116 de
2843 4060 3046 4116 virtute
3085 4059 3254 4128 ipsius
3296 4059 3389 4114 Dei
3422 4075 3437 4112 :
3477 4060 3557 4114 sic
3584 4070 3640 4114 et

2069 4153 2334 4224 sapientia
2367 4168 2433 4208 ex
2473 4167 2538 4207 eo
2567 4152 2897 4221 procedens,
2937 4165 3004 4206 ex
3051 4151 3165 4219 ipsa
3207 4151 3301 4205 Dei
3334 4151 3638 4205 substantia

2071 4254 2382 4317 generatur.
2413 4245 2505 4300 Sic
2535 4245 2890 4299 nihilominus
2917 4250 2972 4298 et
3003 4243 3302 4298 secundum
3330 4243 3638 4296 similitudi-

2070 4355 2192 4395 nem
2234 4337 2536 4406 corporalis
2566 4339 2902 4405 aporrhreaa,
2947 4351 3070 4392 esse
3109 4335 3309 4390 dicitur
3355 4335 3637 4404 aporrhtea

2071 4431 2257 4502 gloriae
2292 4428 2688 4498 Omnipotentis
2717 4444 2847 4498 pura
2879 4426 3126 4498 quaedam
3157 4436 3213 4480 et
3240 4427 3470 4480 sincera.
3509 4425 3639 4492 Quae

2071 4533 2312 4590 utraeque
2381 4520 2768 4574 similitudines
2833 4518 3280 4574 manifestissime
3344 4517 3640 4572 ostendunt

1990 4606 2042 4665 D
2069 4611 2505 4666 communionem
2548 4612 2870 4666 substantiae
2913 4626 3033 4666 esse
3085 4611 3228 4665 Filio
3285 4624 3407 4664 cum
3451 4607 3636 4661 Patre.

2072 4705 2364 4776 Aporrhma
2415 4704 2557 4758 enim
2613 4704 2893 4774 ὀμοοὺσιος
2947 4705 3178 4761 videtur.
3242 4704 3291 4757 id
3339 4712 3423 4756 est
3480 4700 3640 4755 unius

2071 4797 2392 4852 substantia:
2418 4812 2538 4853 cum
2566 4795 2656 4850 illo
2677 4812 2903 4867 corpore
2919 4811 2986 4850 ex
3011 4812 3117 4866 quo
3137 4797 3314 4853 estvel
3337 4791 3637 4867 aporrltcea.

2071 4889 2158 4944 vel
2191 4903 2379 4957 vapor.

891 5166 1010 5229 ΕΧ
1038 5168 1419 5230 ORIGENIS
1444 5169 1816 5231 HOMILIIS
1851 5170 1934 5230 IN
1957 5169 2418 5233 EPISTOLAM
2441 5173 2552 5233 AD
2583 5170 2975 5232 HEBBEOS
2999 5170 3149 5250 (9ft).

457 5461 626 5532 698
658 5459 844 5532 Stylus
887 5461 1183 5533 Epistolas,
1215 5478 1334 5533 qua:
1377 5465 1693 5521 inscribitur
1740 5469 1808 5521 ad
1849 5467 1960 5523 lle-

381 5551 586 5622 ‘brwos.
618 5563 771 5609 caret
797 5553 894 5608 illa
932 5556 1204 5614 sermonis
1227 5560 1553 5628 rusticitate,
1592 5575 1713 5631 quae
1743 5563 1960 5637 pr0pria

463 5643 506 5674 ¹⁶
534 5645 664 5714 Sap.
694 5660 790 5710 vn,
819 5644 911 5702 25.

393 5731 575 5869 84333)
623 5733 705 5791 Ex
751 5736 1011 5809 Apologia
1064 5736 1334 5810 Pamphili
1385 5738 1643 5810 martyris
1689 5736 1962 5809 pTO'OI‘I-

2147 5467 2206 5519 Ὀ
2226 5465 2508 5539 χαρακτὴρ
2523 5463 2623 5532 τῆς
2642 5461 2839 5527 λέξεως
2867 5462 2967 5534 τῆς
2998 5461 3145 5530 πρὸς
3185 5463 3490 5532 Ἐϐραίους
3518 5467 3638 5521 ἐπι-

2067 5555 2459 5629 γεγραμμένης
2501 5553 2819 5624 Ἐπιστολῆς
2841 5553 2942 5607 οὺκ
2970 5551 3081 5623 ἔχει
3103 5551 3164 5605 τὸ
3186 5555 3244 5606 ὲν
3257 5552 3402 5625 λόγῳ
3436 5555 3637 5611 ἰδιωτι-
3665 5601 3667 5606 .

2143 5735 2258 5805 (94)
2295 5737 2588 5811 pesumpta
2613 5746 2746 5811 sunt
2770 5737 3278 5811 haecc_e__l'ragmenta
3304 5753 3374 5796 ex
3404 5739 3638 5800 Eusebio

2067 5806 2158 5863 lib.
2201 5822 2249 5862 vi
2289 5806 2721 5874 Hister-{etclam
2755 5822 2872 5879 cap.
2902 5807 3000 5866 25.
