4156 6370
1717 466 2675 599 ELENCHUS

861 889 1364 1009 QPERUM
1423 896 1696 1009 QUAE
1769 898 1892 981 IN
1944 896 2185 982 HAC
2249 896 2722 983 PRIORIS
2774 895 3071 983 TOMI
3144 896 3529 986 PARTE

1435 1410 2957 1452 ψ-

1899 1055 2482 1124 CONTINENTUR.

705 1807 1153 1869 Hexaemeron
1182 1806 1328 1868 libri
1364 1824 1480 1867 sex
1508 1849 1523 1878 ,
1561 1805 1780 1883 scripti
1820 1806 1992 1868 circa
2030 1820 2276 1867 annum
2320 1802 2458 1866 389.
3206 1800 3324 1867 col.
3539 1803 3656 1866 123

699 1911 786 1972 De
821 1911 1127 1972 Paradiso
1159 1910 1323 1971 liber
1348 1927 1551 1978 unus,
1582 1911 1804 1987 seript.
1834 1909 1991 1971 circ.
2026 1924 2133 1971 an.
2169 1909 2310 1973 375.
3535 1908 3658 1970 275

698 2012 784 2072 De
812 2011 970 2074 Cain
997 2018 1059 2074 et
1087 2013 1244 2073 Abel
1278 2014 1421 2076 libri
1450 2013 1602 2091 duo,
1632 2016 1851 2095 script.
1891 2016 2047 2077 circ.
2084 2032 2191 2076 an.
2223 2014 2362 2076 375.
3535 2014 3655 2074 315

694 2111 783 2173 De
822 2114 953 2176 Noe
987 2120 1049 2175 et
1078 2117 1243 2177 Arca
1272 2114 1436 2176 liber
1468 2133 1665 2189 unus,
1699 2117 1912 2195 script.
1955 2118 2107 2184 circ.
2141 2134 2248 2179 an.
2281 2117 2420 2179 379.
3531 2114 3646 2176 361

694 2220 783 2280 De
814 2216 1141 2280 Abraham
1174 2215 1318 2277 libri
1349 2215 1501 2288 duo,
1531 2216 1751 2296 script.
1783 2217 1935 2278 circ.
1974 2232 2081 2279 an.
2118 2215 2257 2275 387.
3533 2214 3653 2276 1ι17

688 2318 779 2381 De
805 2319 989 2381 Isaac
1023 2322 1086 2379 et
1120 2315 1351 2379 Anima
1378 2310 1542 2378 liber
1569 2330 1765 2389 unus,
1803 2314 2022 2394 script.
2059 2316 2206 2377 circ.
2245 2328 2350 2377 an.
2387 2312 2527 2375 387.
3526 2315 3638 2376 501

690 2421 776 2479 De
807 2420 989 2481 Bono
1020 2418 1242 2480 Mortis
1281 2418 1447 2479 liber
1479 2434 1678 2491 unus,
1715 2416 1935 2493 script.
1978 2416 2131 2479 circ.
2164 2432 2272 2479 an.
2308 2415 2450 2478 387.
3530 2416 3649 2478 539

686 2520 777 2583 De
802 2518 987 2599 Fuga
1016 2510 1242 2581 Saeculi
1278 2518 1442 2580 liber
1468 2532 1663 2590 unus,
1695 2515 1914 2594 script.
1946 2517 2098 2579 circ.
2130 2532 2238 2580 an.
2270 2512 2409 2579 387.
3524 2516 3647 2580 569

684 2619 773 2679 De
806 2617 1005 2679 Jacob
1034 2620 1097 2678 et
1128 2612 1277 2678 Vita
1310 2614 1499 2679 beata
1525 2613 1671 2676 libri
1702 2614 1854 2689 duo,
1881 2612 2101 2693 script.
2131 2617 2283 2679 circ.
2318 2632 2426 2679 an.
2462 2612 2602 2676 387.
3523 2614 3645 2681 597

682 2719 771 2780 De
805 2717 1043 2796 Joseph
1079 2716 1451 2795 patriarcha
1476 2717 1641 2777 liber
1674 2731 1869 2793 unus,
1902 2717 2121 2798 script.
2152 2718 2301 2779 circ.
2336 2734 2444 2780 an.
2477 2716 2617 2777 387.
3270 2728 3273 2731 '
3525 2720 3639 2785 6M

680 2820 769 2881 De
803 2816 1362 2881 Benedictionibus
1396 2815 1908 2898 patriarcharum
1930 2814 2099 2880 liber
2129 2837 2321 2893 unus,
2353 2821 2574 2899 script.
2605 2837 2713 2883 an.
2749 2818 2888 2883 387.
3523 2820 3645 2881 673

678 2922 767 2982 De
801 2922 944 2985 Elia
976 2925 1040 2984 et
1072 2922 1329 3001 Jejunio
1362 2922 1526 2985 liber
1553 2938 1747 2995 unus,
1779 2921 2000 2999 script.
2032 2923 2183 2985 circ.
2216 2939 2324 2984 an.
2361 2922 2501 2984 390.
3525 2923 3644 2983 697

678 3024 764 3084 De
792 3024 1088 3086 Nabulhe
1113 3022 1458 3087 Jezraelita
1485 3023 1649 3085 iiber
1674 3038 1871 3098 unus,
1901 3026 2118 3104 script.
2154 3026 2311 3087 forte
2345 3027 2498 3089 circ.
2537 3042 2643 3090 an.
2674 3022 2817 3087 395.
3238 3024 3241 3027 ’
3486 3040 3489 3041 ⁷
3521 3023 3637 3084 731

676 3124 764 3186 De
792 3125 994 3188 Tobia
1020 3125 1188 3187 liber
1213 3143 1413 3201 unus,
1443 3127 1664 3204 script.
1695 3126 1847 3188 circ.
1880 3138 1985 3188 an.
2018 3122 2158 3187 377.
3221 3196 3227 3200 _
3514 3123 3638 3183 759

673 3228 761 3288 De
788 3229 1325 3307 interpretatione
1348 3230 1469 3290 Job
1504 3234 1567 3290 et
1595 3226 1800 3291 David
1833 3229 1981 3290 libri
2012 3237 2319 3307 quatuor,
2348 3231 2568 3308 script.
2600 3230 2762 3292 forte
2793 3231 2945 3291 circ.
2974 3246 3081 3292 an.
3112 3224 3251 3290 383.
3346 3240 3355 3247 ’
3519 3223 3637 3282 797

673 3331 991 3408 Apologia
1024 3331 1351 3407 propheta:
1377 3331 1577 3394 David
1610 3331 1829 3409 script.
1866 3331 2026 3391 forte
2058 3331 2208 3392 circ.
2247 3347 2354 3392 an.
2392 3329 2533 3391 38h.
3204 3406 3215 3411 ι
3517 3322 3631 3384 851

673 3426 987 3503 Apologia
1020 3426 1224 3487 altera
1261 3427 1585 3503 prophetae
1620 3425 1841 3488 David.
3516 3421 3635 3483 337

667 3524 1129 3587 Enarratioues
1178 3524 1243 3585 in
1291 3525 1569 3602 psalmos
1600 3524 1929 3585 duodecim
1960 3546 1974 3586 :
2005 3539 2280 3602 quarum
2324 3522 2503 3603 prior
2550 3540 2680 3586 non
2719 3526 2889 3587 ultra
2948 3542 3189 3587 annum
3232 3526 3390 3599 390;

787 3623 1078 3700 quinque
1113 3627 1480 3700 sequentes,
1517 3639 1644 3683 non
1679 3624 1798 3684 nisi
1830 3631 1975 3702 post
2006 3625 2149 3685 VllI
2185 3621 2327 3687 idus
2359 3626 2528 3703 Sept.
2569 3625 2721 3688 anni
2752 3626 2895 3702 393,
2932 3628 3184 3706 scriptae
3210 3632 3392 3702 sunt;

790 3726 856 3788 in
896 3725 1213 3802 psalmum
1245 3742 1401 3786 vero
1430 3726 1631 3787 XLlll
1671 3741 1845 3787 anno
1874 3724 2027 3797 397;
2061 3732 2343 3804 quatuor
2378 3728 2619 3789 ultima:
2652 3727 2804 3789 circ.
2837 3744 3081 3791 annum
3114 3728 3253 3791 390.
3513 3728 3621 3789 921

1876 4444 2379 4561 ERRATA.

853 4714 973 4771 Col.
1000 4714 1128 4782 275,
1165 4715 1263 4771 lin.
1296 4713 1329 4768 4
1363 4730 1374 4765 :
1405 4715 1472 4769 ad
1504 4715 1840 4784 mysterium;
1873 4714 1977 4783 leg.
2007 4714 2075 4767 ad
2103 4713 2388 4782 mysticum.

848 4811 964 4865 Col.
996 4811 1119 4878 789,
1154 4810 1250 4865 lin.
1288 4810 1354 4864 12
1381 4808 1773 4881 (ascendendo)
1806 4826 1816 4861 :
1850 4806 2217 4878 obligandum;
2249 4807 2354 4877 leg.
2388 4803 2683 4877 obliganda.

846 4904 967 4963 Col.
998 4906 1122 4974 834,
1157 4907 1255 4963 lin.
1286 4906 1356 4960 22
1390 4925 1402 4961 :
1438 4906 1749 4983 optandam;
1782 4906 1883 4976 leg.
1917 4905 2219 4975 optandum.
