4102 6360
651 498 1634 652 EPISTULA
1733 455 3180 650 DEDICATORIA.

275 985 640 1042 Illustrissimo
681 983 929 1043 Ecclesia
969 986 1192 1059 principi
1229 985 1301 1042 ι).
1365 987 1433 1042 D.
1484 985 1768 1044 Francisco
1808 988 1872 1045 de
1899 991 1951 1054 Α
1975 999 2091 1056 qua
2137 982 2338 1056 publice
2367 982 2468 1039 tuis
2496 983 2549 1038 in
2569 984 2766 1041 adibus
2791 985 3106 1045 habebantur
3125 992 3586 1061 disceptationibus

347 1080 400 1135 Η
405 1081 576 1153 arluy,
602 1080 988 1152 archiepiscopo
1017 1080 1324 1150 Parisiensi,
1352 1083 1612 1152 regiorum
1637 1083 1880 1137 ordinum

346 1173 781 1240 commendatori,
810 1173 932 1228 duci
967 1191 1028 1229 ac
1067 1173 1199 1229 Pari
1230 1173 1476 1230 Francia
1499 1215 1514 1241 ,
1549 1174 1798 1231 Sorbona
1833 1183 1881 1230 et

349 1267 605 1326 Navarra
632 1269 910 1341 provisori,
942 1277 1048 1324 etc.

351 1361 604 1434 Perfectis
617 1379 773 1436 quam
800 1363 1062 1435 potuimus
1079 1363 1487 1427 accuratissime,
1514 1378 1628 1434 qua
1648 1362 1702 1416 in
1721 1362 1880 1416 ador—

276 1459 453 1514 nanda
477 1456 575 1511 huc
605 1473 818 1529 operum
847 1456 1307 1512 Ambrosianorum
1337 1455 1560 1510 editione
1588 1463 1884 1526 exspectare

277 1551 418 1606 visus
468 1567 520 1605 es
545 1592 562 1618 ,
592 1548 942 1604 illustrissime
991 1547 1242 1604 Ecclesia
1285 1546 1571 1618 Princeps‘,
1603 1563 1662 1601 ea
1706 1553 1786 1601 re‘s
1816 1544 1884 1600 ad

278 1659 574 1713 supremum
598 1643 751 1697 decus
780 1642 892 1697 sola
917 1640 1157 1706 restabat,
1183 1649 1237 1694 ut
1265 1641 1486 1712 frontem
1513 1639 1682 1708 operis
1711 1638 1886 1709 splen-

282 1736 409 1791 dore
437 1734 712 1790 clarissimi
748 1734 970 1807 alicujus
1001 1733 1222 1787 nominis
1253 1731 1661 1799 illustraremu',
1690 1732 1781 1803 qui
1809 1740 1887 1786 to-

281 1839 390 1886 tum
412 1847 540 1902 opus
567 1828 682 1884 luce
702 1845 797 1884 sua
818 1827 1166 1900 perfunderet,
1187 1827 1690 1898 adscisceremusque
1711 1835 1887 1897 patro-

280 1941 404 1980 num
429 1924 518 1996 qui
548 1939 641 1994 pro
671 1939 766 1976 sua
790 1920 1109 1976 humanitate
1143 1920 1314 1988 vellet,
1344 1937 1437 1992 pro
1467 1936 1561 1974 sua
1587 1919 1890 1974 auctoritate

282 2025 452 2090 posset
482 2015 584 2069 vim
612 2023 660 2068 et
691 2015 940 2084 impetum
969 2013 1393 2068 obtrectactorum
1429 2011 1652 2066 amoliri.
1689 2009 1768 2064 Tu
1794 2027 1888 2065 no-

281 2109 358 2165 bis
390 2109 532 2164 illico
567 2106 866 2164 occurrebas
892 2109 946 2162 in
984 2124 1085 2179 quo
1124 2123 1240 2178 qua
1263 2107 1340 2161 vel
1369 2106 1438 2159 ad
1465 2105 1790 2160 securitatem
1810 2105 1889 2160 vel

283 2213 640 2260 ornamentum
665 2203 834 2257 valere
860 2210 1088 2270 possunt,
1124 2201 1253 2255 miro
1281 2199 1486 2273 fulgore
1506 2197 1743 2252 universa
1763 2199 1892 2253 enti-

284 2311 399 2355 cant
421 2315 441 2366 ;
464 2307 508 2354 et
537 2313 637 2370 quo
676 2313 822 2353 nemo
845 2297 973 2352 alter
995 2306 1083 2352 aut
1103 2296 1268 2369 gloria
1294 2294 1489 2349 clarior
1510 2333 1526 2358 ,
1555 2300 1646 2346 aut
1666 2293 1892 2348 auctori-

1981 1079 2046 1134 de
2065 1077 2312 1147 moribus,
2328 1078 2392 1134 de
2411 1079 2533 1147 ﬁde,
2547 1080 2612 1135 de
2630 1081 2926 1152 disciplina,
2955 1095 3151 1141 tantum
3175 1090 3438 1148 exhiberes
3461 1108 3584 1160 pru-

1982 1172 2170 1227 dentia
2220 1173 2274 1226 in
2317 1171 2642 1228 declinandis
2687 1175 2886 1229 duobus
2910 1179 3170 1248 scopulis,
3202 1182 3270 1235 ad
3316 1200 3443 1254 quos
3482 1188 3589 1255 fere

1983 1267 2156 1321 cateri
2186 1282 2357 1321 omnes
2386 1265 2700 1344 alliduntur,
2724 1268 3001 1324 intensiore
3049 1273 3241 1326 scilicet
3270 1278 3539 1330 severitate
3566 1315 3582 1343 ,

1984 1359 2062 1413 vel
2094 1358 2387 1413 remissiore
2413 1358 2768 1431 indulgentia,
2794 1377 3064 1433 rerumque
3091 1364 3294 1433 pondus
3316 1375 3363 1420 et
3386 1368 3592 1422 dicendi

1985 1451 2087 1506 vim
2135 1451 2206 1505 sic
2234 1440 2540 1522 eloquentia
2565 1453 2738 1525 lepore
2765 1462 3074 1526 temperares
3093 1474 3112 1522 ;
3138 1467 3195 1511 ut
3222 1459 3404 1528 pronis
3443 1461 3590 1514 auri-

1987 1544 2080 1600 bus
2109 1556 2321 1616 excepta
2352 1547 2538 1602 veritas
2567 1548 2794 1601 omnium
2821 1547 2916 1602 sibi
2949 1551 3247 1605 conciliaret
3277 1569 3543 1608 assensum
3575 1595 3591 1621 ,

1987 1647 2032 1700 et
2062 1640 2189 1694 nulli
2229 1640 2549 1710 quantumvis
2593 1641 2884 1696 contumaci
2918 1652 3008 1696 aut
3053 1642 3261 1712 liceret,
3284 1653 3374 1700 aut
3413 1645 3600 1702 liberet
3690 1636 3694 1638 ⁷

1987 1747 2061 1785 νει
2069 1748 2262 1785 raaart.

2069 1748 2095 1784 r
2163 1748 2262 1785 ari.

2045 1731 2161 1878 {ﬂag
2182 1823 2364 1896 gloria
2390 1832 2490 1880 tua
2519 1825 2743 1896 fontibus
2769 1843 2930 1882 novus
2957 1836 3006 1882 et
3035 1828 3124 1884 ille
3153 1829 3348 1902 largior
3378 1831 3600 1888 clarior-

1989 1933 2090 1989 que
2117 1918 2248 1973 lucis
2275 1919 2416 1973 rivus
2444 1920 2663 1988 accedit,
2691 1921 2827 1992 quod
2849 1922 2902 1975 in
2926 1924 3305 1995 augustissimis
3329 1927 3452 1981 cleri
3472 1925 3606 1982 Gal-

1991 2008 2151 2064 licani
2193 2013 2517 2068 concessibus
2536 2054 2551 2079 ,
2573 2029 2689 2068 cum
2721 2023 2776 2067 tu
2819 2014 3160 2084 infulatorum
3189 2013 3394 2087 patrum
3419 2059 3434 2085 ,
3467 2019 3603 2074 alio-

1990 2119 2205 2175 rumque
2233 2120 2296 2159 ex
2323 2113 2429 2160 toto
2459 2106 2674 2177 imperio
2696 2106 2999 2162 selectorum
3031 2109 3253 2164 comitiis
3281 2126 3344 2165 ex
3369 2112 3599 2166 omnium

1991 2203 2106 2250 voto
2136 2195 2200 2249 de
2249 2213 2389 2250 more
2415 2198 2723 2267 prasideres
2747 2240 2764 2266 ,
2791 2198 3036 2255 Ecclesia
3083 2211 3129 2255 et
3181 2203 3423 2274 religioni
3460 2214 3604 2261 tanta

1991 2288 2161 2343 studio
2189 2290 2494 2345 consuluisti
2516 2308 2536 2358 ;
2565 2292 2768 2363 agenda
2797 2303 2901 2347 tant
2925 2295 3145 2364 sapienti
3172 2307 3284 2350 arte
3311 2297 3568 2370 digessisti
3584 2340 3602 2366 ,

285 2402 388 2448 tate
415 2392 646 2464 gravior,
665 2401 756 2446 aut
785 2407 899 2465 qua
920 2391 1173 2462 imprimis
1195 2388 1392 2459 allexit,
1415 2388 1734 2444 humanitate
1757 2388 1890 2460 faci-
1918 2403 1967 2466 Β
1993 2393 2051 2438 ut
2100 2385 2277 2440 nullas
2318 2402 2423 2441 non
2467 2385 2747 2460 intelligat,
2779 2405 3030 2460 nusquam
3073 2391 3294 2460 feliciori
3343 2410 3604 2449 consensu

287 2483 384 2538 lior
406 2484 741 2539 inveniretur.

359 2576 542 2646 Neque
572 2578 728 2645 enim,
758 2577 895 2647 quod
923 2577 1146 2648 proclive
1174 2581 1317 2650 factu
1343 2576 1541 2648 fuerat,
1570 2576 1779 2635 Ilarlea
1806 2578 1890 2634 hic

287 2673 501 2744 familia
531 2672 757 2744 dignitas
785 2689 850 2728 ex
892 2672 1074 2727 ultima
1099 2672 1401 2742 antiquitate
1431 2672 1705 2744 repetenda
1724 2716 1740 2740 ,
1774 2689 1888 2727 ma-

287 2767 442 2822 ximis
488 2765 718 2836 Europa
756 2767 1074 2839 principibus
1103 2770 1212 2836 iam
1251 2766 1376 2822 olim
1419 2766 1537 2822 licet
1565 2767 1811 2839 affinitate
1846 2776 1893 2824 et

289 2860 732 2930 consanguinitate
757 2863 1063 2934 conjuncta,
1083 2877 1498 2931 summorumque
1512 2861 1737 2915 virorunt
1752 2877 1890 2916 sem-

289 2967 383 3023 per
413 2952 602 3021 feracis
630 2991 645 3017 ,
672 2968 888 3020 quorum
926 2954 981 3007 in
1027 2954 1305 3026 pracipuis
1335 2951 1582 3009 Ecclesia
1610 2964 1658 3008 et
1701 2954 1896 3025 Reipu-

291 3042 442 3098 blica
461 3043 757 3098 muneribus
778 3045 934 3101 virtus
958 3046 1264 3100 mirabiliter
1291 3045 1471 3099 enituit
1494 3062 1513 3100 :
1539 3056 1593 3100 tu
1616 3047 1752 3101 enim
1779 3063 1895 3100 om-

291 3137 436 3191 nium
458 3145 763 3192 ornamenta
791 3137 847 3192 in
873 3146 922 3194 te
951 3138 1250 3208 complexus
1269 3148 1316 3192 et
1336 3137 1655 3211 pracipuum
1684 3139 1898 3206 familia

291 3239 396 3285 tua
448 3229 640 3295 decus,
665 3231 784 3303 aliis
839 3232 1012 3300 potius
1058 3229 1386 3302 splendorem
1439 3241 1583 3285 tuum
1631 3229 1896 3299 a/fundis,

288 3338 444 3395 quam
472 3322 687 3377 aliunde
731 3323 997 3395 dignitatis
1033 3324 1315 3396 quidquam
1347 3324 1816 3396 amplitudinisque}
1844 3326 1900 3380 in

292 3426 345 3473 te
370 3417 705 3489 refundatur.

363 3513 586 3585 Apertus
610 3511 694 3567 hic
720 3512 900 3585 ingens
941 3513 1317 3585 immensasque
1343 3530 1558 3586 campus
1596 3514 1666 3569 ad
1712 3531 1898 3570 excur-

292 3605 509 3662 rendum
538 3606 594 3660 in
621 3606 801 3660 laudes
829 3607 1024 3680 ingenii
1050 3605 1269 3673 excelsi,
1299 3607 1525 3671 subtilis,
1551 3609 1684 3663 acris
1706 3623 1726 3672 ;
1756 3609 1895 3662 acuti

293 3700 362 3755 ad
390 3700 806 3772 excogitandum,
838 3701 1028 3755 maturi
1056 3700 1124 3754 ad
1137 3699 1503 3773 judicandum,
1537 3701 1605 3754 ad
1630 3701 1899 3774 explican-

295 3889 523 3946 concessi
573 3889 848 3957 divinitus,
874 3897 930 3943 ut
961 3905 1056 3960 par
1094 3887 1163 3942 ad
1209 3889 1436 3943 maxima
1474 3904 1687 3960 quaque
1715 3892 1856 3960 fores
1881 3929 1900 3956 ,

296 3983 479 4055 quibus
522 3999 554 4036 a
594 3982 819 4052 prapitio
859 3980 1024 4037 Gallis
1066 3979 1295 4036 Numine
1343 3981 1702 4036 destinabaris.
1748 3977 1906 4036 Com-

298 4081 456 4138 moda
482 4081 817 4136 nihilominus
845 4081 1048 4137 occasio
1097 4082 1364 4152 praeclara
1390 4091 1492 4136 tua
1513 4081 1818 4136 eruditionis
1855 4090 1904 4135 et

301 4176 551 4232 doctrina
590 4175 970 4249 pradicanda,
995 4175 1077 4230 cui
1107 4171 1239 4229 nihil
1277 4174 1333 4229 in
1361 4174 1578 4230 historia
1613 4173 1905 4242 incomper-

301 4278 428 4338 tum,
455 4271 511 4324 in
555 4267 880 4340 dogmatibus
909 4269 1135 4323 arduum
1159 4309 1172 4334 ,
1200 4267 1253 4320 in
1282 4267 1490 4339 juribus
1527 4283 1716 4341 anceps
1743 4267 1906 4322 ambi-

301 4377 542 4435 guumve,
567 4361 840 4417 obscurum
880 4361 1012 4418 nihil
1054 4362 1112 4416 in
1147 4360 1297 4432 factis
1322 4401 1337 4428 ,
1363 4376 1616 4432 quamque
1647 4360 1777 4416 nihil
1811 4369 1906 4414 aut

303 4456 518 4530 effugiat
539 4466 630 4512 aut
661 4457 834 4528 fallat.

376 4550 440 4604 At
470 4559 606 4606 certe
635 4566 805 4604 rerum
839 4567 870 4603 a
899 4558 947 4604 te
971 4557 1253 4620 gestarum,
1283 4547 1477 4620 prasul
1505 4547 1854 4604 illustrissime
1885 4587 1902 4615 ,

308 4643 702 4698 celebratissima
718 4647 859 4714 fama
875 4643 1023 4714 longe
1037 4641 1360 4712 splendidius
1383 4643 1586 4697 emicat.
1617 4640 1758 4696 Vidit
1780 4642 1902 4696 olim

307 4744 356 4790 te
380 4744 469 4790 tua
512 4747 619 4790 tum
647 4734 1003 4808 Rothomagus
1019 4736 1137 4807 jam
1159 4735 1282 4792 inde
1304 4752 1338 4789 a
1380 4736 1562 4806 primis
1587 4737 1760 4800 annis,
1791 4737 1907 4807 qui-

309 4829 402 4883 bus
449 4829 616 4898 fauste
661 4833 1015 4900 fortunataque
1058 4845 1261 4883 sacram
1303 4830 1539 4900 prasulis
1574 4837 1624 4883 et
1671 4831 1908 4898 primatis

308 4923 472 4980 iniisti
501 4924 800 4996 dignitatem
827 4933 1008 4996 patruo
1035 4933 1121 4978 tuo
1161 4925 1270 4978 viro
1295 4933 1344 4977 et
1359 4924 1544 4994 pietate
1574 4932 1619 4977 et
1651 4923 1904 4991 doctrina,

311 5030 359 5076 et
386 5020 633 5090 pastorali
659 5019 836 5075 labore
869 5019 1311 5074 immortalitatem
1351 5017 1610 5072 memoria
1632 5017 1909 5090 proarerito

312 5130 574 5170 successor
609 5114 758 5169 datus
778 5155 794 5176 ,
825 5114 878 5168 in
907 5115 1006 5168 tuis
1037 5112 1256 5184 publicis
1303 5111 1632 5167 concionibus
1667 5110 1909 5180 privatis-

1993 2476 2266 2546 imperium
2313 2495 2431 2532 cum
2495 2481 2781 2536 sacerdotio
2806 2482 3181 2546 ,sacerdotium
3225 2501 3342 2539 cum
3393 2486 3613 2558 imperio

1993 2572 2320 2644 conspirasse
2347 2614 2360 2636 ,
2413 2590 2566 2646 quam
2611 2583 2660 2629 te
2706 2573 2982 2629 sacerdotii
3038 2577 3291 2645 praside;
3340 2576 3608 2634 Ludovico

1997 2665 2192 2738 Magno
2252 2667 2578 2723 moderatore
2607 2669 2812 2740 imperii
2842 2684 2859 2723 :
2886 2685 3064 2739 nempe
3104 2687 3328 2742 magnus
3368 2670 3615 2729 Harlaus

1993 2760 2120 2815 cleri
2149 2777 2338 2833 prases
2367 2778 2550 2835 regum
2579 2763 2805 2818 maximo
2824 2762 3102 2818 debebatur
3125 2781 3144 2830 ;
3176 2781 3364 2837 magno
3394 2764 3612 2823 Harlao

1996 2854 2122 2910 cieri
2168 2857 2375 2926 prasidi
2403 2898 2418 2924 ,
2447 2857 2579 2912 absit
2624 2857 2774 2912 verbo
2825 2858 3022 2912 invidia
3045 2899 3060 2925 ,
3088 2856 3384 2916 Ludovicus
3408 2877 3427 2928 ;
3459 2861 3611 2916 ambo

1996 2951 2259 3004 communi
2287 2950 2562 3006 sacerdotii
2578 2961 2626 3005 et
2648 2951 2851 3022 imperii
2882 2968 2995 3006 cum
3019 2953 3254 3024 felicitati
3276 2965 3382 3008 tum
3406 2956 3608 3025 gloria.

2074 3042 2204 3098 Hac
2221 3055 2274 3098 ut
2301 3047 2582 3114 peculiaria
2606 3056 2652 3100 et
2669 3063 2790 3100 rara
2811 3047 2881 3104 ad
2903 3047 3110 3101 laudem
3135 3057 3274 3115 sunt,
3289 3051 3364 3103 ita
3379 3067 3610 3116 summa;

2001 3151 2164 3201 neque
2190 3138 2325 3190 enim
2371 3139 2438 3190 ad
2466 3138 2674 3193 laudem
2721 3140 3317 3209 commendationemque
3365 3141 3610 3198 Nominis

1999 3227 2236 3283 accidere
2261 3229 2356 3282 ulli
2375 3229 2654 3300 quidquam
2676 3231 2952 3300 gloriosius
2984 3240 3168 3301 potest,
3187 3250 3339 3303 quam
3366 3237 3411 3289 si
3436 3235 3616 3292 Ludo-

2001 3320 2112 3374 vico
2156 3320 2269 3390 regi
2308 3331 2422 3391 post
2453 3321 2750 3375 memoriam
2777 3321 3044 3376 hominum
3073 3325 3450 3394 sapientissimo
3490 3347 3617 3399 pro-

2001 3413 2165 3468 betur.
2208 3411 2375 3468 Porro
2427 3413 2525 3468 sibi
2568 3415 2844 3484 probatum
2869 3456 2883 3482 ,
2917 3426 2964 3470 et
3005 3417 3214 3486 quidem
3261 3421 3466 3488 abunde
3512 3441 3615 3494 quo

1997 3507 2164 3577 potuit
2211 3505 2539 3560 luculentiori
2579 3507 2852 3564 clariorive
2893 3510 3185 3566 testimonio
3232 3513 3620 3592 palam,facere

1999 3595 2294 3652 Ludovicus
2336 3600 2446 3670 ipse
2475 3598 2652 3670 largus
2682 3603 2800 3671 fons
2830 3600 3046 3656 luminis
3075 3604 3176 3672 sol,
3205 3621 3359 3675 quam
3387 3607 3502 3664 cum
3544 3611 3615 3665 ad

1999 3693 2260 3765 primaria
2285 3689 2580 3747 Galliarum
2607 3693 2747 3748 urbis
2773 3696 2943 3749 sedem
2979 3713 3005 3750 c
3032 3702 3432 3770 metropolitano
3473 3702 3620 3759 Nett-

200 3860 208 3867 _
295 3795 417 3849 dum
444 3795 638 3865 facilis,
669 3794 738 3848 ad
762 3794 1065 3850 memoriam
1096 3795 1235 3864 firmi
1260 3803 1410 3865 atque
1437 3795 1693 3867 diuturni,
1721 3811 1780 3850 eo
1805 3795 1896 3850 tibi
1922 3801 1970 3866 ο
2002 3792 2143 3846 stria
2172 3791 2479 3846 translatum
2503 3792 2665 3846 voluit
2693 3792 2802 3859 ;ad
2827 3796 3096 3850 arctiorem
3127 3798 3426 3853 sacratioris
3448 3801 3618 3854 consi-

2007 3885 2156 3939 storii
2182 3886 2476 3940 societatem
2493 3887 2806 3958 assumpsit;
2826 3888 2893 3941 ad
2914 3887 3614 3958 frequentissimamcomita-
3713 3878 3719 3885 ’

2008 3987 2090 4032 tus
2117 3988 2165 4033 et
2191 3979 2437 4045 colloquii
2459 3981 2642 4034 arcani
2671 3983 3097 4037 consuetudinem
3126 3984 3392 4040 advocavit
3425 3987 3450 4038 .9
3481 3987 3613 4053 Qui-

2006 4069 2100 4127 bus
2142 4073 2194 4126 in
2233 4073 2468 4127 omnibus
2525 4090 2628 4129 non
2684 4084 2788 4128 tam
2838 4077 3053 4146 pramia
3102 4083 3406 4134 meritorum
3458 4097 3613 4154 quam

2008 4164 2191 4218 merita
2213 4164 2329 4234 ipsa
2351 4165 2621 4220 miramur.

2080 4253 2188 4312 Illa
2226 4255 2760 4322 sunt,.illustrissime
2812 4258 3063 4316 Ecclesia
3107 4263 3375 4335 princeps,
3404 4278 3615 4338 prapter

2007 4372 2122 4427 qua
2159 4366 2334 4413 nostro
2364 4357 2484 4411 huic
2525 4357 2642 4412 licet
2671 4374 2774 4413 non
2801 4360 2943 4414 tenui
2966 4400 2982 4426 ,
3017 4371 3185 4417 tamen
3226 4379 3288 4418 ex
3321 4367 3616 4422 conditione

2009 4461 2189 4508 nostra
2219 4451 2536 4508 subobscuro
2559 4452 2726 4513 labori
2751 4463 2799 4508 te
2823 4463 3043 4510 tutorem
3071 4456 3174 4510 imo
3196 4467 3413 4526 patrem,
3439 4458 3611 4514 lumen

2010 4559 2059 4605 et
2080 4550 2312 4605 columen
2341 4549 2689 4616 advocamus;
2721 4549 2904 4620 conﬁsi
2932 4566 3195 4624 magnum,
3217 4551 3264 4606 si
3292 4555 3467 4624 favens
3519 4569 3611 4607 su-

2009 4645 2254 4718 sceperis,
2305 4643 2450 4698 illius
2493 4645 2743 4716 pretium,
2798 4661 3139 4718 magnamque
3186 4648 3612 4704 existimationem

2010 4739 2150 4813 apud
2175 4754 2350 4794 omnes
2372 4741 2503 4810 fore,
2535 4739 2622 4810 qui
2651 4739 3070 4811 comprobatione
3099 4750 3210 4803 tua,
3243 4749 3418 4804 tuique
3445 4745 3616 4799 nomi-

2010 4838 2092 4891 nis
2137 4834 2470 4902 inscriptione
2494 4833 2723 4904 quadam
2763 4833 2899 4889 velut
2947 4839 3062 4904 face
3087 4839 3279 4906 pravis
3320 4837 3568 4893 illustrati
3597 4881 3614 4908 ,

2011 4930 2244 5001 infinitos
2275 4929 2651 4998 propemodum
2681 4928 2938 4984 Ambrosii
2976 4929 3115 4983 locos
3141 4929 3374 4999 pristina
3398 4947 3506 4986 sua
3534 4932 3618 4986 in-

2015 5023 2237 5095 tegritati
2263 5022 2524 5076 restitutos
2547 5033 2593 5077 et
2618 5032 2884 5094 reparatas
2909 5022 3327 5093 gratulabuntur.

2088 5112 2204 5169 Nec
2229 5124 2361 5168 certe
2385 5113 2667 5168 timendum
2695 5115 2862 5176 nobis,
2892 5113 3288 5169 dubitandumve
3311 5116 3409 5186 fuit
3438 5134 3499 5170 ne
3516 5134 3620 5173 non

312 5224 412 5280 que
440 5207 866 5264 collocutionibus
884 5249 898 5273 ,
932 5224 1087 5274 quam
1108 5213 1348 5278 prompta
1373 5214 1420 5258 et
1443 5203 1779 5274 extemporali
1805 5211 1899 5256 tam

2015 5209 2141 5264 satis
2170 5209 2462 5263 humaniter
2483 5225 2515 5262 a
2545 5218 2592 5261 te
2620 5207 2846 5262 maximo
2877 5209 3098 5276 prasule
3126 5211 3622 5280 occupatissimoque

313 5303 454 5376 felici
480 5305 788 5377 eloquentia,
815 5302 1139 5358 sanctissima
1181 5315 1394 5371 quaque
1437 5297 1789 5369 infundentem
1815 5312 1916 5349 au-

315 5398 590 5461 ditoribus,
614 5397 1019 5452 recanditissima
1072 5403 1349 5458 eruentem,
1385 5390 1748 5447 obscurissima
1790 5387 1912 5442 illu-

317 5501 584 5557 strantent,
617 5493 1002 5547 intricatissima
1042 5508 1146 5547 non
1170 5491 1343 5545 minus
1363 5487 1561 5544 erudite
1590 5501 1743 5556 quam
1772 5483 1908 5536 dilu-

317 5587 428 5641 cide
451 5595 782 5641 reserantem.
815 5584 1130 5640 Audiverunt
1156 5594 1205 5640 et
1252 5595 1300 5639 te
1326 5584 1401 5638 tui
1431 5581 1628 5637 Parisii
1655 5597 1674 5646 ;
1705 5578 1919 5632 audive-

319 5689 439 5733 runt
459 5678 672 5734 advena
691 5679 1081 5750 frequentissimi
1101 5680 1224 5734 illuc
1245 5679 1564 5749 conﬂuentes
1585 5693 1604 5742 ;
1627 5673 1917 5727 audivimus

321 5777 374 5824 et
395 5786 487 5826 nos
513 5770 966 5846 obstupuimusque
991 5774 1338 5840 vehementer,
1367 5785 1483 5825 cum
1511 5770 1566 5824 in
1607 5762 1918 5822 doctissimis

763 5867 1042 5930 Ριτιιοι.
1086 5865 1260 5928 XIV.

2014 5302 2409 5373 exciperemur:
2441 5309 2714 5372 occupato,
2746 5300 2956 5370 scimus,
2992 5300 3081 5355 tibi
3104 5309 3377 5354 occurrunt
3405 5317 3581 5359 omnes
3608 5347 3624 5371 ,

2015 5405 2070 5449 at
2103 5393 2276 5448 nullus
2315 5391 2581 5461 impedito,
2605 5391 2694 5462 qui
2724 5391 2794 5444 ad
2819 5393 2979 5446 multo
3011 5393 3165 5463 plura
3193 5390 3487 5460 plenissime
3512 5400 3627 5468 suf-

2021 5485 2168 5556 ficias
2189 5500 2207 5541 :
2230 5483 2398 5553 aperit
2423 5481 2652 5549 alioquin
2683 5491 2800 5536 tuas
2822 5485 2956 5552 fores
2975 5492 3022 5536 et
3050 5481 3117 5533 ad
3143 5479 3321 5548 palatii
3342 5483 3419 5535 tui
3443 5483 3628 5541 limina

2020 5578 2202 5630 invitat
2243 5572 2564 5628 inimitabilis
2610 5571 2932 5638 alfabilitatis
2969 5571 3141 5643 gratia
3186 5579 3233 5623 et
3261 5574 3493 5639 comitas,
3525 5594 3631 5646 qua

2025 5670 2299 5744 cujuslibet
2341 5666 2540 5720 ordinis
2562 5709 2577 5732 ,
2603 5675 2649 5720 et
2681 5665 2991 5718 conditionis
3017 5663 3250 5717 homines
3281 5665 3354 5717 sic
3391 5671 3586 5736 excipis
3612 5710 3629 5736 ,

2029 5773 2086 5820 ut
2116 5778 2263 5819 nemo
2306 5777 2338 5815 a
2366 5767 2413 5814 te
2439 5758 2680 5814 dimissus
2701 5771 2940 5824 umquam
2982 5756 3164 5827 fuerit,
3186 5755 3282 5808 nisi
3301 5757 3524 5824 quadam
3535 5763 3637 5830 ju-

2993 5846 3023 5904 1
