  <div class='ocr_page' id='page_1' title='image "/cluster/home/n/w/nwhite01/storage/ocr_20150623/14/hvd.32044015471303/011.png"; bbox 0 0 4102 6360; ppageno 0'>
   <div class='ocr_carea' id='block_1_1' title="bbox 515 297 3837 383">
    <p class='ocr_par' dir='ltr' id='par_1_1' title="bbox 515 297 3837 383">
     <span class='ocr_line' id='line_1_1' title="bbox 515 297 3837 383; baseline 0 -17"><span class='ocrx_word' id='word_1_1' title='bbox 515 317 578 380; x_wconf 71' lang='grc' dir='ltr'><strong><em>ις</em></strong></span> <span class='ocrx_word' id='word_1_2' title='bbox 1725 301 2064 366; x_wconf 76' lang='lat' dir='ltr'><strong><em>EPISTOLA</em></strong></span> <span class='ocrx_word' id='word_1_3' title='bbox 2105 297 2599 367; x_wconf 72' lang='lat' dir='ltr'><strong><em>DEDICA&#39;I&#39;ORI&#39;A.</em></strong></span> <span class='ocrx_word' id='word_1_4' title='bbox 3755 321 3837 383; x_wconf 65' lang='grc' dir='ltr'><strong><em>ιε</em></strong></span> 
     </span>
    </p>
   </div>
   <div class='ocr_carea' id='block_1_2' title="bbox 509 421 3828 512">
    <p class='ocr_par' dir='ltr' id='par_1_2' title="bbox 509 421 3828 512">
     <span class='ocr_line' id='line_1_2' title="bbox 509 421 3828 512; baseline 0 -17"><span class='ocrx_word' id='word_1_5' title='bbox 509 438 771 495; x_wconf 85' lang='lat' dir='ltr'><strong><em>cunditate</em></strong></span> <span class='ocrx_word' id='word_1_6' title='bbox 799 445 950 506; x_wconf 88' lang='lat' dir='ltr'><strong><em>atque</em></strong></span> <span class='ocrx_word' id='word_1_7' title='bbox 975 431 1158 490; x_wconf 86' lang='lat' dir='ltr'><strong><em>solatio</em></strong></span> <span class='ocrx_word' id='word_1_8' title='bbox 1186 431 1422 506; x_wconf 85' lang='lat' dir='ltr'><strong><em>perfusus</em></strong></span> <span class='ocrx_word' id='word_1_9' title='bbox 1441 471 1456 498; x_wconf 89' lang='lat'><strong><em>,</em></strong></span> <span class='ocrx_word' id='word_1_10' title='bbox 1489 439 1536 485; x_wconf 89' lang='lat' dir='ltr'><strong><em>et</em></strong></span> <span class='ocrx_word' id='word_1_11' title='bbox 1565 429 1643 484; x_wconf 92' lang='lat' dir='ltr'><strong><em>vel</em></strong></span> <span class='ocrx_word' id='word_1_12' title='bbox 1673 429 1978 484; x_wconf 74' lang='lat' dir='ltr'><strong><em>humillima:</em></strong></span> <span class='ocrx_word' id='word_1_13' title='bbox 2005 445 2114 482; x_wconf 89' lang='lat' dir='ltr'><strong><em>sor-</em></strong></span> <span class='ocrx_word' id='word_1_14' title='bbox 2142 421 2197 482; x_wconf 81' lang='grc' dir='ltr'><strong>Α</strong></span> <span class='ocrx_word' id='word_1_15' title='bbox 2221 424 2530 482; x_wconf 87' lang='lat' dir='ltr'><strong><em>ciosissimos</em></strong></span> <span class='ocrx_word' id='word_1_16' title='bbox 2573 443 2746 484; x_wconf 89' lang='lat' dir='ltr'><strong><em>omnes</em></strong></span> <span class='ocrx_word' id='word_1_17' title='bbox 2775 428 2956 499; x_wconf 86' lang='lat' dir='ltr'><strong><em>quibus</em></strong></span> <span class='ocrx_word' id='word_1_18' title='bbox 2994 431 3092 486; x_wconf 89' lang='lat' dir='ltr'><strong><em>sibi</em></strong></span> <span class='ocrx_word' id='word_1_19' title='bbox 3121 431 3250 503; x_wconf 86' lang='lat' dir='ltr'><strong><em>ipsis</em></strong></span> <span class='ocrx_word' id='word_1_20' title='bbox 3293 449 3462 491; x_wconf 83' lang='lat' dir='ltr'><strong><em>necem</em></strong></span> <span class='ocrx_word' id='word_1_21' title='bbox 3487 436 3780 512; x_wconf 84' lang='lat' dir='ltr'><strong><em>inferebant</em></strong></span> <span class='ocrx_word' id='word_1_22' title='bbox 3807 487 3828 512; x_wconf 81' lang='lat'><strong><em>,</em></strong></span> 
     </span>
    </p>
   </div>
   <div class='ocr_carea' id='block_1_3' title="bbox 509 517 3833 605">
    <p class='ocr_par' dir='ltr' id='par_1_3' title="bbox 509 517 3833 605">
     <span class='ocr_line' id='line_1_3' title="bbox 509 517 3833 605; baseline 0 -17"><span class='ocrx_word' id='word_1_23' title='bbox 509 533 576 588; x_wconf 89' lang='lat' dir='ltr'><strong><em>tis</em></strong></span> <span class='ocrx_word' id='word_1_24' title='bbox 602 530 892 586; x_wconf 85' lang='lat' dir='ltr'><strong><em>hominibus</em></strong></span> <span class='ocrx_word' id='word_1_25' title='bbox 921 529 1166 584; x_wconf 85' lang='lat' dir='ltr'><strong><em>audacem</em></strong></span> <span class='ocrx_word' id='word_1_26' title='bbox 1195 526 1471 582; x_wconf 76' lang='lat' dir='ltr'><strong><em>accedendi</em></strong></span> <span class='ocrx_word' id='word_1_27' title='bbox 1499 531 1546 580; x_wconf 89' lang='lat' dir='ltr'><strong><em>et</em></strong></span> <span class='ocrx_word' id='word_1_28' title='bbox 1575 524 1836 580; x_wconf 75' lang='lat' dir='ltr'><strong><em>obtinendi</em></strong></span> <span class='ocrx_word' id='word_1_29' title='bbox 1865 524 2112 594; x_wconf 74' lang='lat' dir='ltr'><strong><em>fiduciam</em></strong></span> <span class='ocrx_word' id='word_1_30' title='bbox 2217 517 2374 572; x_wconf 89' lang='lat' dir='ltr'><strong><em>libros</em></strong></span> <span class='ocrx_word' id='word_1_31' title='bbox 2417 519 2728 592; x_wconf 83' lang='lat' dir='ltr'><strong><em>auferendos</em></strong></span> <span class='ocrx_word' id='word_1_32' title='bbox 2775 523 3172 593; x_wconf 68' lang='lat' dir='ltr'><strong><em>prudentissime</em></strong></span> <span class='ocrx_word' id='word_1_33' title='bbox 3213 529 3506 596; x_wconf 86' lang='lat' dir='ltr'><strong><em>providisti.</em></strong></span> <span class='ocrx_word' id='word_1_34' title='bbox 3559 531 3674 588; x_wconf 80' lang='lat' dir='ltr'><strong><em>Nec</em></strong></span> <span class='ocrx_word' id='word_1_35' title='bbox 3717 539 3833 605; x_wconf 80' lang='lat' dir='ltr'><strong><em>fuit</em></strong></span> 
     </span>
    </p>
   </div>
   <div class='ocr_carea' id='block_1_4' title="bbox 508 609 3830 698">
    <p class='ocr_par' dir='ltr' id='par_1_4' title="bbox 508 609 3830 698">
     <span class='ocr_line' id='line_1_4' title="bbox 508 609 3830 698; baseline 0.001 -19"><span class='ocrx_word' id='word_1_36' title='bbox 508 626 748 698; x_wconf 76' lang='lat' dir='ltr'><strong><em>inspires.</em></strong></span> <span class='ocrx_word' id='word_1_37' title='bbox 777 623 890 678; x_wconf 88' lang='lat' dir='ltr'><strong><em>Tua</em></strong></span> <span class='ocrx_word' id='word_1_38' title='bbox 911 633 984 676; x_wconf 89' lang='lat' dir='ltr'><strong><em>est</em></strong></span> <span class='ocrx_word' id='word_1_39' title='bbox 1011 621 1105 676; x_wconf 88' lang='lat' dir='ltr'><strong><em>illa</em></strong></span> <span class='ocrx_word' id='word_1_40' title='bbox 1129 619 1410 692; x_wconf 77' lang='lat' dir='ltr'><strong><em>singularis</em></strong></span> <span class='ocrx_word' id='word_1_41' title='bbox 1438 627 1528 672; x_wconf 88' lang='lat' dir='ltr'><strong><em>aut</em></strong></span> <span class='ocrx_word' id='word_1_42' title='bbox 1556 617 1649 671; x_wconf 86' lang='lat' dir='ltr'><strong><em>dos</em></strong></span> <span class='ocrx_word' id='word_1_43' title='bbox 1679 625 1770 670; x_wconf 90' lang='lat' dir='ltr'><strong><em>aut</em></strong></span> <span class='ocrx_word' id='word_1_44' title='bbox 1801 617 1986 676; x_wconf 85' lang='lat' dir='ltr'><strong><em>virtus,</em></strong></span> <span class='ocrx_word' id='word_1_45' title='bbox 2019 623 2114 669; x_wconf 90' lang='lat' dir='ltr'><strong><em>aut</em></strong></span> <span class='ocrx_word' id='word_1_46' title='bbox 2215 609 2307 663; x_wconf 79' lang='lat' dir='ltr'><strong><em>tibi</em></strong></span> <span class='ocrx_word' id='word_1_47' title='bbox 2333 611 2456 666; x_wconf 90' lang='lat' dir='ltr'><strong><em>satis</em></strong></span> <span class='ocrx_word' id='word_1_48' title='bbox 2480 613 2594 680; x_wconf 84' lang='lat' dir='ltr'><strong><em>ipso</em></strong></span> <span class='ocrx_word' id='word_1_49' title='bbox 2621 630 2740 668; x_wconf 86' lang='lat' dir='ltr'><strong><em>cum</em></strong></span> <span class='ocrx_word' id='word_1_50' title='bbox 2767 614 3038 672; x_wconf 82' lang='lat' dir='ltr'><strong><em>Ambrosio</em></strong></span> <span class='ocrx_word' id='word_1_51' title='bbox 3079 619 3276 676; x_wconf 88' lang='lat' dir='ltr'><strong><em>dixisse</em></strong></span> <span class='ocrx_word' id='word_1_52' title='bbox 3309 637 3326 675; x_wconf 90' lang='lat'><strong><em>:</em></strong></span> <span class='ocrx_word' id='word_1_53' title='bbox 3361 621 3612 693; x_wconf 76' lang='lat' dir='ltr'><strong><em>Legimus</em></strong></span> <span class='ocrx_word' id='word_1_54' title='bbox 3643 642 3712 682; x_wconf 88' lang='lat' dir='ltr'><strong><em>ne</em></strong></span> <span class='ocrx_word' id='word_1_55' title='bbox 3739 628 3830 684; x_wconf 87' lang='lat' dir='ltr'><strong><em>le-</em></strong></span> 
     </span>
    </p>
   </div>
   <div class='ocr_carea' id='block_1_5' title="bbox 509 705 3828 790">
    <p class='ocr_par' dir='ltr' id='par_1_5' title="bbox 509 705 3828 790">
     <span class='ocr_line' id='line_1_5' title="bbox 509 705 3828 790; baseline 0.002 -18"><span class='ocrx_word' id='word_1_56' title='bbox 509 719 689 774; x_wconf 90' lang='lat' dir='ltr'><strong><em>dotum</em></strong></span> <span class='ocrx_word' id='word_1_57' title='bbox 713 719 1054 784; x_wconf 78' lang='lat' dir='ltr'><strong><em>virtutumque</em></strong></span> <span class='ocrx_word' id='word_1_58' title='bbox 1079 731 1180 770; x_wconf 91' lang='lat' dir='ltr'><strong><em>non</em></strong></span> <span class='ocrx_word' id='word_1_59' title='bbox 1209 725 1312 768; x_wconf 91' lang='lat' dir='ltr'><strong><em>tam</em></strong></span> <span class='ocrx_word' id='word_1_60' title='bbox 1342 731 1444 766; x_wconf 89' lang='lat' dir='ltr'><strong><em>una</em></strong></span> <span class='ocrx_word' id='word_1_61' title='bbox 1467 755 1481 778; x_wconf 86' lang='lat'><strong><em>,</em></strong></span> <span class='ocrx_word' id='word_1_62' title='bbox 1501 728 1657 784; x_wconf 90' lang='lat' dir='ltr'><strong><em>quam</em></strong></span> <span class='ocrx_word' id='word_1_63' title='bbox 1693 711 1843 781; x_wconf 84' lang='lat' dir='ltr'><strong><em>longe</em></strong></span> <span class='ocrx_word' id='word_1_64' title='bbox 1867 709 2112 764; x_wconf 89' lang='lat' dir='ltr'><strong><em>suavissi-</em></strong></span> <span class='ocrx_word' id='word_1_65' title='bbox 2213 713 2441 774; x_wconf 76' lang='lat' dir='ltr'><strong><em>ganlur;</em></strong></span> <span class='ocrx_word' id='word_1_66' title='bbox 2494 705 2700 776; x_wconf 76' lang='lat' dir='ltr'><strong><em>illisque</em></strong></span> <span class='ocrx_word' id='word_1_67' title='bbox 2753 719 3002 764; x_wconf 73' lang='lat' dir='ltr'><strong><em>venenata</em></strong></span> <span class='ocrx_word' id='word_1_68' title='bbox 3059 713 3248 780; x_wconf 74' lang='lat' dir='ltr'><strong><em>pocula</em></strong></span> <span class='ocrx_word' id='word_1_69' title='bbox 3267 759 3281 782; x_wconf 83' lang='lat'><strong><em>,</em></strong></span> <span class='ocrx_word' id='word_1_70' title='bbox 3339 731 3540 771; x_wconf 78' lang='lat' dir='ltr'><strong><em>atmena</em></strong></span> <span class='ocrx_word' id='word_1_71' title='bbox 3591 721 3828 790; x_wconf 89' lang='lat' dir='ltr'><strong><em>quadam</em></strong></span> 
     </span>
    </p>
   </div>
   <div class='ocr_carea' id='block_1_6' title="bbox 506 797 3826 876">
    <p class='ocr_par' dir='ltr' id='par_1_6' title="bbox 506 797 3826 876">
     <span class='ocr_line' id='line_1_6' title="bbox 506 797 3826 876; baseline 0.002 -12"><span class='ocrx_word' id='word_1_72' title='bbox 506 826 649 864; x_wconf 89' lang='lat' dir='ltr'><strong><em>mum</em></strong></span> <span class='ocrx_word' id='word_1_73' title='bbox 679 809 908 864; x_wconf 88' lang='lat' dir='ltr'><strong><em>omnium</em></strong></span> <span class='ocrx_word' id='word_1_74' title='bbox 954 807 1352 868; x_wconf 80' lang='lat' dir='ltr'><strong><em>condimentum,</em></strong></span> <span class='ocrx_word' id='word_1_75' title='bbox 1379 819 1492 876; x_wconf 65' lang='lat' dir='ltr'><strong><em>quae</em></strong></span> <span class='ocrx_word' id='word_1_76' title='bbox 1531 813 1577 858; x_wconf 88' lang='lat' dir='ltr'><strong><em>te</em></strong></span> <span class='ocrx_word' id='word_1_77' title='bbox 1623 819 1724 856; x_wconf 91' lang='lat' dir='ltr'><strong><em>non</em></strong></span> <span class='ocrx_word' id='word_1_78' title='bbox 1771 802 1914 872; x_wconf 89' lang='lat' dir='ltr'><strong><em>prius</em></strong></span> <span class='ocrx_word' id='word_1_79' title='bbox 1945 800 2108 854; x_wconf 89' lang='lat' dir='ltr'><strong><em>oculis</em></strong></span> <span class='ocrx_word' id='word_1_80' title='bbox 2212 797 2482 852; x_wconf 77' lang='lat' dir='ltr'><strong><em>suavitatis</em></strong></span> <span class='ocrx_word' id='word_1_81' title='bbox 2529 797 2703 868; x_wconf 82' lang='lat' dir='ltr'><strong><em>specie</em></strong></span> <span class='ocrx_word' id='word_1_82' title='bbox 2753 810 2801 855; x_wconf 91' lang='lat' dir='ltr'><strong><em>et</em></strong></span> <span class='ocrx_word' id='word_1_83' title='bbox 2835 803 2982 872; x_wconf 87' lang='lat' dir='ltr'><strong><em>quasi</em></strong></span> <span class='ocrx_word' id='word_1_84' title='bbox 3021 805 3193 860; x_wconf 81' lang='lat' dir='ltr'><strong><em>mellis</em></strong></span> <span class='ocrx_word' id='word_1_85' title='bbox 3227 807 3494 864; x_wconf 87' lang='lat' dir='ltr'><strong><em>stillicidia</em></strong></span> <span class='ocrx_word' id='word_1_86' title='bbox 3525 813 3826 872; x_wconf 84' lang='lat' dir='ltr'><strong><em>hominibus</em></strong></span> 
     </span>
    </p>
   </div>
   <div class='ocr_carea' id='block_1_7' title="bbox 508 891 3822 974">
    <p class='ocr_par' dir='ltr' id='par_1_7' title="bbox 508 891 3822 974">
     <span class='ocr_line' id='line_1_7' title="bbox 508 891 3822 974; baseline 0.002 -18"><span class='ocrx_word' id='word_1_87' title='bbox 508 903 762 967; x_wconf 69' lang='lat' dir='ltr'><strong><em>exhibeat,</em></strong></span> <span class='ocrx_word' id='word_1_88' title='bbox 793 917 944 974; x_wconf 88' lang='lat' dir='ltr'><strong><em>quam</em></strong></span> <span class='ocrx_word' id='word_1_89' title='bbox 977 900 1161 954; x_wconf 87' lang='lat' dir='ltr'><strong><em>animis</em></strong></span> <span class='ocrx_word' id='word_1_90' title='bbox 1194 897 1497 968; x_wconf 66' lang='lat' dir='ltr'><strong><em>praepotenti</em></strong></span> <span class='ocrx_word' id='word_1_91' title='bbox 1534 895 1756 964; x_wconf 87' lang='lat' dir='ltr'><strong><em>quadam</em></strong></span> <span class='ocrx_word' id='word_1_92' title='bbox 1782 895 1968 947; x_wconf 87' lang='lat' dir='ltr'><strong><em>virtute</em></strong></span> <span class='ocrx_word' id='word_1_93' title='bbox 1991 893 2108 946; x_wconf 88' lang='lat' dir='ltr'><strong><em>red-</em></strong></span> <span class='ocrx_word' id='word_1_94' title='bbox 2211 891 2448 960; x_wconf 68' lang='lat' dir='ltr'><strong><em>aegrotis,</em></strong></span> <span class='ocrx_word' id='word_1_95' title='bbox 2503 909 2752 958; x_wconf 86' lang='lat' dir='ltr'><strong><em>suumque</em></strong></span> <span class='ocrx_word' id='word_1_96' title='bbox 2799 895 3034 952; x_wconf 88' lang='lat' dir='ltr'><strong><em>morbum</em></strong></span> <span class='ocrx_word' id='word_1_97' title='bbox 3079 899 3448 956; x_wconf 86' lang='lat' dir='ltr'><strong><em>adamantibus</em></strong></span> <span class='ocrx_word' id='word_1_98' title='bbox 3497 901 3822 964; x_wconf 86' lang='lat' dir='ltr'><strong><em>blandientia</em></strong></span> 
     </span>
    </p>
   </div>
   <div class='ocr_carea' id='block_1_8' title="bbox 504 985 3822 1076">
    <p class='ocr_par' dir='ltr' id='par_1_8' title="bbox 504 985 3822 1076">
     <span class='ocr_line' id='line_1_8' title="bbox 504 985 3822 1076; baseline 0.006 -34"><span class='ocrx_word' id='word_1_99' title='bbox 504 995 594 1050; x_wconf 79' lang='lat' dir='ltr'><strong><em>dat</em></strong></span> <span class='ocrx_word' id='word_1_100' title='bbox 621 996 955 1066; x_wconf 75' lang='lat' dir='ltr'><strong><em>imperantem</em></strong></span> <span class='ocrx_word' id='word_1_101' title='bbox 987 994 1120 1048; x_wconf 90' lang='lat' dir='ltr'><strong><em>:illa</em></strong></span> <span class='ocrx_word' id='word_1_102' title='bbox 1159 1001 1236 1046; x_wconf 86' lang='lat' dir='ltr'><strong><em>est</em></strong></span> <span class='ocrx_word' id='word_1_103' title='bbox 1263 1007 1381 1062; x_wconf 69' lang='lat' dir='ltr'><strong><em>qua:</em></strong></span> <span class='ocrx_word' id='word_1_104' title='bbox 1423 1005 1518 1043; x_wconf 87' lang='lat' dir='ltr'><strong><em>nos</em></strong></span> <span class='ocrx_word' id='word_1_105' title='bbox 1547 1003 1749 1043; x_wconf 86' lang='lat' dir='ltr'><strong><em>securos</em></strong></span> <span class='ocrx_word' id='word_1_106' title='bbox 1783 1003 1896 1042; x_wconf 85' lang='lat' dir='ltr'><strong><em>esse</em></strong></span> <span class='ocrx_word' id='word_1_107' title='bbox 1911 985 2060 1060; x_wconf 80' lang='lat' dir='ltr'><strong><em>jubet</em></strong></span> <span class='ocrx_word' id='word_1_108' title='bbox 2087 1025 2104 1056; x_wconf 89' lang='lat'><strong><em>,</em></strong></span> <span class='ocrx_word' id='word_1_109' title='bbox 2207 987 2462 1056; x_wconf 76' lang='lat' dir='ltr'><strong><em>eripuisse</em></strong></span> <span class='ocrx_word' id='word_1_110' title='bbox 2491 1004 2510 1044; x_wconf 89' lang='lat'><strong><em>:</em></strong></span> <span class='ocrx_word' id='word_1_111' title='bbox 2548 989 2648 1046; x_wconf 84' lang='lat' dir='ltr'><strong><em>nisi</em></strong></span> <span class='ocrx_word' id='word_1_112' title='bbox 2677 991 2890 1060; x_wconf 83' lang='lat' dir='ltr'><strong><em>insuper</em></strong></span> <span class='ocrx_word' id='word_1_113' title='bbox 2925 993 3112 1050; x_wconf 87' lang='lat' dir='ltr'><strong><em>iisdem</em></strong></span> <span class='ocrx_word' id='word_1_114' title='bbox 3141 995 3310 1052; x_wconf 80' lang='lat' dir='ltr'><strong><em>amica</em></strong></span> <span class='ocrx_word' id='word_1_115' title='bbox 3337 1013 3494 1054; x_wconf 74' lang='lat' dir='ltr'><strong><em>manu</em></strong></span> <span class='ocrx_word' id='word_1_116' title='bbox 3523 1005 3822 1076; x_wconf 73' lang='lat' dir='ltr'><strong><em>porrigens</em></strong></span> 
     </span>
    </p>
   </div>
   <div class='ocr_carea' id='block_1_9' title="bbox 502 1079 3817 1162">
    <p class='ocr_par' dir='ltr' id='par_1_9' title="bbox 502 1079 3817 1162">
     <span class='ocr_line' id='line_1_9' title="bbox 502 1079 3817 1162; baseline 0.006 -30"><span class='ocrx_word' id='word_1_117' title='bbox 502 1090 750 1162; x_wconf 62' lang='grc' dir='ltr'><strong><em>εηῑοίιςαε</em></strong></span> <span class='ocrx_word' id='word_1_118' title='bbox 771 1089 980 1160; x_wconf 76' lang='lat' dir='ltr'><strong><em>utquod</em></strong></span> <span class='ocrx_word' id='word_1_119' title='bbox 1005 1087 1150 1159; x_wconf 86' lang='lat' dir='ltr'><strong><em>operi</em></strong></span> <span class='ocrx_word' id='word_1_120' title='bbox 1177 1095 1350 1141; x_wconf 87' lang='lat' dir='ltr'><strong><em>nostra</em></strong></span> <span class='ocrx_word' id='word_1_121' title='bbox 1373 1085 1529 1142; x_wconf 82' lang='lat' dir='ltr'><strong><em>decus</em></strong></span> <span class='ocrx_word' id='word_1_122' title='bbox 1561 1093 1608 1138; x_wconf 92' lang='lat' dir='ltr'><strong><em>et</em></strong></span> <span class='ocrx_word' id='word_1_123' title='bbox 1637 1083 1982 1156; x_wconf 81' lang='lat' dir='ltr'><strong><em>patrocinium</em></strong></span> <span class='ocrx_word' id='word_1_124' title='bbox 2011 1097 2104 1136; x_wconf 86' lang='lat' dir='ltr'><strong><em>vo-</em></strong></span> <span class='ocrx_word' id='word_1_125' title='bbox 2207 1079 2407 1136; x_wconf 84' lang='lat' dir='ltr'><strong><em>divinos</em></strong></span> <span class='ocrx_word' id='word_1_126' title='bbox 2429 1123 2444 1144; x_wconf 84' lang='lat'>.</span> <span class='ocrx_word' id='word_1_127' title='bbox 2493 1083 2728 1154; x_wconf 86' lang='lat' dir='ltr'><strong><em>aliosque</em></strong></span> <span class='ocrx_word' id='word_1_128' title='bbox 2781 1087 2894 1156; x_wconf 85' lang='lat' dir='ltr'><strong><em>pios</em></strong></span> <span class='ocrx_word' id='word_1_129' title='bbox 2947 1087 3107 1142; x_wconf 89' lang='lat' dir='ltr'><strong><em>libros</em></strong></span> <span class='ocrx_word' id='word_1_130' title='bbox 3131 1131 3147 1154; x_wconf 88' lang='lat'><strong><em>,</em></strong></span> <span class='ocrx_word' id='word_1_131' title='bbox 3199 1091 3386 1161; x_wconf 82' lang='lat' dir='ltr'><strong><em>quibus</em></strong></span> <span class='ocrx_word' id='word_1_132' title='bbox 3431 1105 3640 1162; x_wconf 76' lang='lat' dir='ltr'><strong><em>possent</em></strong></span> <span class='ocrx_word' id='word_1_133' title='bbox 3683 1105 3817 1152; x_wconf 86' lang='lat' dir='ltr'><strong><em>tam-</em></strong></span> 
     </span>
    </p>
   </div>
   <div class='ocr_carea' id='block_1_10' title="bbox 501 1175 3816 1255">
    <p class='ocr_par' dir='ltr' id='par_1_10' title="bbox 501 1175 3816 1255">
     <span class='ocr_line' id='line_1_10' title="bbox 501 1175 3816 1255; baseline 0.001 -15"><span class='ocrx_word' id='word_1_134' title='bbox 501 1185 690 1244; x_wconf 82' lang='lat' dir='ltr'><strong><em>lumus.</em></strong></span> <span class='ocrx_word' id='word_1_135' title='bbox 721 1185 776 1238; x_wconf 90' lang='lat' dir='ltr'><strong><em>id</em></strong></span> <span class='ocrx_word' id='word_1_136' title='bbox 801 1203 834 1238; x_wconf 91' lang='lat' dir='ltr'><strong><em>a</em></strong></span> <span class='ocrx_word' id='word_1_137' title='bbox 858 1195 904 1238; x_wconf 87' lang='lat' dir='ltr'><strong><em>te</em></strong></span> <span class='ocrx_word' id='word_1_138' title='bbox 930 1192 1278 1250; x_wconf 65' lang='lat' dir='ltr'><strong><em>exspectemus</em></strong></span> <span class='ocrx_word' id='word_1_139' title='bbox 1299 1223 1314 1245; x_wconf 93' lang='lat'><strong><em>,</em></strong></span> <span class='ocrx_word' id='word_1_140' title='bbox 1347 1179 1484 1252; x_wconf 87' lang='lat' dir='ltr'><strong><em>quod</em></strong></span> <span class='ocrx_word' id='word_1_141' title='bbox 1507 1189 1562 1234; x_wconf 85' lang='lat' dir='ltr'><strong><em>ut</em></strong></span> <span class='ocrx_word' id='word_1_142' title='bbox 1591 1189 1694 1232; x_wconf 89' lang='lat' dir='ltr'><strong><em>tam</em></strong></span> <span class='ocrx_word' id='word_1_143' title='bbox 1719 1189 1857 1234; x_wconf 90' lang='lat' dir='ltr'><strong><em>certo</em></strong></span> <span class='ocrx_word' id='word_1_144' title='bbox 1901 1189 2106 1249; x_wconf 85' lang='lat' dir='ltr'><strong><em>tamque</em></strong></span> <span class='ocrx_word' id='word_1_145' title='bbox 2205 1188 2357 1238; x_wconf 86' lang='lat' dir='ltr'><strong><em>quam</em></strong></span> <span class='ocrx_word' id='word_1_146' title='bbox 2388 1189 2452 1228; x_wconf 77' lang='lat' dir='ltr'><strong><em>ex</em></strong></span> <span class='ocrx_word' id='word_1_147' title='bbox 2481 1175 2625 1230; x_wconf 85' lang='lat' dir='ltr'><strong><em>alveo</em></strong></span> <span class='ocrx_word' id='word_1_148' title='bbox 2651 1177 2872 1246; x_wconf 84' lang='lat' dir='ltr'><strong><em>quodam</em></strong></span> <span class='ocrx_word' id='word_1_149' title='bbox 2903 1179 3240 1237; x_wconf 84' lang='lat' dir='ltr'><strong><em>saluberrimo</em></strong></span> <span class='ocrx_word' id='word_1_150' title='bbox 3283 1183 3640 1255; x_wconf 79' lang='lat' dir='ltr'><strong><em>plenissimam</em></strong></span> <span class='ocrx_word' id='word_1_151' title='bbox 3683 1187 3816 1246; x_wconf 80' lang='grc' dir='ltr'><strong><em>Ιιαιι-</em></strong></span> 
     </span>
    </p>
   </div>
   <div class='ocr_carea' id='block_1_11' title="bbox 499 1267 3804 1348">
    <p class='ocr_par' dir='ltr' id='par_1_11' title="bbox 499 1267 3804 1348">
     <span class='ocr_line' id='line_1_11' title="bbox 499 1267 3804 1348; baseline 0.003 -18"><span class='ocrx_word' id='word_1_152' title='bbox 499 1276 816 1343; x_wconf 85' lang='lat' dir='ltr'><strong><em>confidenter</em></strong></span> <span class='ocrx_word' id='word_1_153' title='bbox 845 1291 1076 1348; x_wconf 85' lang='lat' dir='ltr'><strong><em>sperare,</em></strong></span> <span class='ocrx_word' id='word_1_154' title='bbox 1103 1285 1150 1330; x_wconf 91' lang='lat' dir='ltr'><strong><em>et</em></strong></span> <span class='ocrx_word' id='word_1_155' title='bbox 1177 1285 1358 1329; x_wconf 89' lang='lat' dir='ltr'><strong><em>nostro</em></strong></span> <span class='ocrx_word' id='word_1_156' title='bbox 1387 1274 1535 1344; x_wconf 89' lang='lat' dir='ltr'><strong><em>quasi</em></strong></span> <span class='ocrx_word' id='word_1_157' title='bbox 1567 1274 1678 1339; x_wconf 79' lang='lat' dir='ltr'><strong><em>iure</em></strong></span> <span class='ocrx_word' id='word_1_158' title='bbox 1709 1287 1976 1344; x_wconf 85' lang='lat' dir='ltr'><strong><em>reposcere</em></strong></span> <span class='ocrx_word' id='word_1_159' title='bbox 2001 1287 2097 1326; x_wconf 82' lang='lat' dir='ltr'><strong><em>au-</em></strong></span> <span class='ocrx_word' id='word_1_160' title='bbox 2204 1267 2308 1322; x_wconf 89' lang='lat' dir='ltr'><strong><em>rire</em></strong></span> <span class='ocrx_word' id='word_1_161' title='bbox 2361 1269 2654 1324; x_wconf 80' lang='lat' dir='ltr'><strong><em>sanitatem.</em></strong></span> <span class='ocrx_word' id='word_1_162' title='bbox 2710 1271 2848 1327; x_wconf 84' lang='lat' dir='ltr'><strong><em>Ecce</em></strong></span> <span class='ocrx_word' id='word_1_163' title='bbox 2893 1275 3053 1346; x_wconf 86' lang='lat' dir='ltr'><strong><em>igitur</em></strong></span> <span class='ocrx_word' id='word_1_164' title='bbox 3093 1277 3224 1332; x_wconf 85' lang='lat' dir='ltr'><strong><em>votis</em></strong></span> <span class='ocrx_word' id='word_1_165' title='bbox 3257 1279 3358 1332; x_wconf 90' lang='lat' dir='ltr'><strong><em>tuis</em></strong></span> <span class='ocrx_word' id='word_1_166' title='bbox 3389 1279 3684 1338; x_wconf 80' lang='lat' dir='ltr'><strong><em>Ambrosius</em></strong></span> <span class='ocrx_word' id='word_1_167' title='bbox 3715 1285 3804 1338; x_wconf 88' lang='lat' dir='ltr'><strong><em>ad-</em></strong></span> 
     </span>
    </p>
   </div>
   <div class='ocr_carea' id='block_1_12' title="bbox 495 1362 3810 1448">
    <p class='ocr_par' dir='ltr' id='par_1_12' title="bbox 495 1362 3810 1448">
     <span class='ocr_line' id='line_1_12' title="bbox 495 1362 3810 1448; baseline 0.001 -21"><span class='ocrx_word' id='word_1_168' title='bbox 495 1371 730 1437; x_wconf 82' lang='lat' dir='ltr'><strong><em>deamus,</em></strong></span> <span class='ocrx_word' id='word_1_169' title='bbox 765 1379 952 1441; x_wconf 68' lang='lat' dir='ltr'><strong><em>praeter</em></strong></span> <span class='ocrx_word' id='word_1_170' title='bbox 979 1369 1412 1424; x_wconf 75' lang='lat' dir='ltr'><strong><em>huntanissimum</em></strong></span> <span class='ocrx_word' id='word_1_171' title='bbox 1453 1367 1604 1422; x_wconf 82' lang='lat' dir='ltr'><strong><em>illum</em></strong></span> <span class='ocrx_word' id='word_1_172' title='bbox 1631 1367 1862 1422; x_wconf 87' lang='lat' dir='ltr'><strong><em>animum</em></strong></span> <span class='ocrx_word' id='word_1_173' title='bbox 1905 1377 2046 1420; x_wconf 88' lang='lat' dir='ltr'><strong><em>tuum</em></strong></span> <span class='ocrx_word' id='word_1_174' title='bbox 2079 1407 2094 1433; x_wconf 91' lang='lat'><strong><em>,</em></strong></span> <span class='ocrx_word' id='word_1_175' title='bbox 2192 1362 2341 1433; x_wconf 84' lang='lat' dir='ltr'><strong><em>jutor</em></strong></span> <span class='ocrx_word' id='word_1_176' title='bbox 2383 1373 2432 1416; x_wconf 83' lang='lat' dir='ltr'><strong><em>et</em></strong></span> <span class='ocrx_word' id='word_1_177' title='bbox 2477 1365 2650 1434; x_wconf 81' lang='lat' dir='ltr'><strong><em>fautor</em></strong></span> <span class='ocrx_word' id='word_1_178' title='bbox 2677 1369 2938 1433; x_wconf 82' lang='lat' dir='ltr'><strong><em>occurrit.</em></strong></span> <span class='ocrx_word' id='word_1_179' title='bbox 2969 1373 3082 1426; x_wconf 82' lang='lat' dir='ltr'><strong><em>sine</em></strong></span> <span class='ocrx_word' id='word_1_180' title='bbox 3105 1387 3206 1442; x_wconf 79' lang='lat' dir='ltr'><strong><em>quo</em></strong></span> <span class='ocrx_word' id='word_1_181' title='bbox 3240 1371 3472 1434; x_wconf 68' lang='lat' dir='ltr'><strong><em>invalida</em></strong></span> <span class='ocrx_word' id='word_1_182' title='bbox 3511 1379 3622 1446; x_wconf 88' lang='lat' dir='ltr'><strong><em>fere</em></strong></span> <span class='ocrx_word' id='word_1_183' title='bbox 3661 1392 3810 1448; x_wconf 68' lang='lat' dir='ltr'><strong><em>quas-</em></strong></span> 
     </span>
    </p>
   </div>
   <div class='ocr_carea' id='block_1_13' title="bbox 492 1453 3810 1540">
    <p class='ocr_par' dir='ltr' id='par_1_13' title="bbox 492 1453 3810 1540">
     <span class='ocr_line' id='line_1_13' title="bbox 492 1453 3810 1540; baseline -0.002 -21"><span class='ocrx_word' id='word_1_184' title='bbox 492 1465 694 1538; x_wconf 84' lang='lat' dir='ltr'><strong><em>faciunt</em></strong></span> <span class='ocrx_word' id='word_1_185' title='bbox 723 1465 936 1537; x_wconf 82' lang='lat' dir='ltr'><strong><em>insuper</em></strong></span> <span class='ocrx_word' id='word_1_186' title='bbox 973 1470 1021 1520; x_wconf 87' lang='lat' dir='ltr'><strong><em>et</em></strong></span> <span class='ocrx_word' id='word_1_187' title='bbox 1064 1479 1264 1518; x_wconf 88' lang='lat' dir='ltr'><strong><em>summa</em></strong></span> <span class='ocrx_word' id='word_1_188' title='bbox 1291 1463 1522 1516; x_wconf 84' lang='lat' dir='ltr'><strong><em>auctoris</em></strong></span> <span class='ocrx_word' id='word_1_189' title='bbox 1550 1462 1798 1535; x_wconf 85' lang='lat' dir='ltr'><strong><em>dignitas,</em></strong></span> <span class='ocrx_word' id='word_1_190' title='bbox 1831 1472 1880 1515; x_wconf 90' lang='lat' dir='ltr'><strong><em>et</em></strong></span> <span class='ocrx_word' id='word_1_191' title='bbox 1909 1461 2100 1516; x_wconf 72' lang='lat' dir='ltr'><strong><em>eximia</em></strong></span> <span class='ocrx_word' id='word_1_192' title='bbox 2201 1453 2322 1510; x_wconf 75' lang='lat' dir='ltr'><strong><em>libet</em></strong></span> <span class='ocrx_word' id='word_1_193' title='bbox 2363 1455 2645 1530; x_wconf 76' lang='lat' dir='ltr'><strong><em>debilisque</em></strong></span> <span class='ocrx_word' id='word_1_194' title='bbox 2687 1460 2967 1517; x_wconf 76' lang='lat' dir='ltr'><strong><em>medicina.</em></strong></span> <span class='ocrx_word' id='word_1_195' title='bbox 3023 1461 3159 1518; x_wconf 85' lang='lat' dir='ltr'><strong><em>Ecce</em></strong></span> <span class='ocrx_word' id='word_1_196' title='bbox 3199 1463 3416 1520; x_wconf 72' lang='lat' dir='ltr'><strong><em>illimem</em></strong></span> <span class='ocrx_word' id='word_1_197' title='bbox 3459 1478 3509 1522; x_wconf 71' lang='grc' dir='ltr'><strong><em>οι</em></strong></span> <span class='ocrx_word' id='word_1_198' title='bbox 3551 1469 3810 1540; x_wconf 51' lang='lat' dir='ltr'><strong><em>limpida.</em></strong></span> 
     </span>
    </p>
   </div>
   <div class='ocr_carea' id='block_1_14' title="bbox 493 1547 3812 1631">
    <p class='ocr_par' dir='ltr' id='par_1_14' title="bbox 493 1547 3812 1631">
     <span class='ocr_line' id='line_1_14' title="bbox 493 1547 3812 1631; baseline -0.001 -19"><span class='ocrx_word' id='word_1_199' title='bbox 493 1557 792 1614; x_wconf 62' lang='lat' dir='ltr'><strong><em>excellentis</em></strong></span> <span class='ocrx_word' id='word_1_200' title='bbox 821 1557 1036 1631; x_wconf 79' lang='lat' dir='ltr'><strong><em>hujusce</em></strong></span> <span class='ocrx_word' id='word_1_201' title='bbox 1065 1557 1236 1630; x_wconf 88' lang='lat' dir='ltr'><strong><em>operis</em></strong></span> <span class='ocrx_word' id='word_1_202' title='bbox 1275 1555 1580 1624; x_wconf 83' lang='lat' dir='ltr'><strong><em>auctoritas,</em></strong></span> <span class='ocrx_word' id='word_1_203' title='bbox 1609 1565 1656 1610; x_wconf 89' lang='lat' dir='ltr'><strong><em>et</em></strong></span> <span class='ocrx_word' id='word_1_204' title='bbox 1695 1557 1828 1610; x_wconf 88' lang='lat' dir='ltr'><strong><em>mira</em></strong></span> <span class='ocrx_word' id='word_1_205' title='bbox 1857 1554 2096 1628; x_wconf 69' lang='lat' dir='ltr'><strong><em>quaedam</em></strong></span> <span class='ocrx_word' id='word_1_206' title='bbox 2197 1547 2384 1602; x_wconf 77' lang='lat' dir='ltr'><strong><em>sitttttm</em></strong></span> <span class='ocrx_word' id='word_1_207' title='bbox 2449 1565 2596 1620; x_wconf 74' lang='lat' dir='ltr'><strong><em>aqua!</em></strong></span> <span class='ocrx_word' id='word_1_208' title='bbox 2659 1553 2784 1608; x_wconf 68' lang='lat' dir='ltr'><strong><em>vim</em></strong></span> <span class='ocrx_word' id='word_1_209' title='bbox 2845 1559 3069 1627; x_wconf 78' lang='lat' dir='ltr'><strong><em>fontem,</em></strong></span> <span class='ocrx_word' id='word_1_210' title='bbox 3125 1558 3212 1628; x_wconf 85' lang='lat' dir='ltr'><strong><em>qui</em></strong></span> <span class='ocrx_word' id='word_1_211' title='bbox 3251 1559 3315 1613; x_wconf 85' lang='lat' dir='ltr'><strong><em>de</em></strong></span> <span class='ocrx_word' id='word_1_212' title='bbox 3365 1561 3584 1617; x_wconf 75' lang='lat' dir='ltr'><strong><em>salutari</em></strong></span> <span class='ocrx_word' id='word_1_213' title='bbox 3641 1575 3812 1622; x_wconf 58' lang='lat' dir='ltr'><strong><em>mium</em></strong></span> 
     </span>
    </p>
   </div>
   <div class='ocr_carea' id='block_1_15' title="bbox 496 1639 3810 1730">
    <p class='ocr_par' dir='ltr' id='par_1_15' title="bbox 496 1639 3810 1730">
     <span class='ocr_line' id='line_1_15' title="bbox 496 1639 3810 1730; baseline 0.006 -35"><span class='ocrx_word' id='word_1_214' title='bbox 496 1650 860 1720; x_wconf 65' lang='lat' dir='ltr'><strong><em>opportunitas</em></strong></span> <span class='ocrx_word' id='word_1_215' title='bbox 885 1651 1152 1723; x_wconf 59' lang='lat' dir='ltr'><strong><em>(culparis.</em></strong></span> <span class='ocrx_word' id='word_1_216' title='bbox 2195 1639 2404 1698; x_wconf 77' lang='lat' dir='ltr'><strong><em>Christo</em></strong></span> <span class='ocrx_word' id='word_1_217' title='bbox 2443 1647 2706 1718; x_wconf 83' lang='lat' dir='ltr'><strong><em>profluens</em></strong></span> <span class='ocrx_word' id='word_1_218' title='bbox 2733 1651 2906 1704; x_wconf 65' lang='lat' dir='ltr'><strong><em>exsilit</em></strong></span> <span class='ocrx_word' id='word_1_219' title='bbox 2927 1652 2984 1706; x_wconf 80' lang='lat' dir='ltr'><strong><em>in</em></strong></span> <span class='ocrx_word' id='word_1_220' title='bbox 3025 1653 3180 1707; x_wconf 72' lang='lat' dir='ltr'><strong><em>vitam</em></strong></span> <span class='ocrx_word' id='word_1_221' title='bbox 3210 1665 3474 1724; x_wconf 73' lang='lat' dir='ltr'><strong><em>teternom,</em></strong></span> <span class='ocrx_word' id='word_1_222' title='bbox 3507 1667 3562 1710; x_wconf 89' lang='lat' dir='ltr'><strong><em>ut</em></strong></span> <span class='ocrx_word' id='word_1_223' title='bbox 3583 1658 3810 1730; x_wconf 62' lang='lat' dir='ltr'><strong><em>latiﬁcet</em></strong></span> 
     </span>
    </p>
   </div>
   <div class='ocr_carea' id='block_1_16' title="bbox 562 1736 3807 1826">
    <p class='ocr_par' dir='ltr' id='par_1_16' title="bbox 562 1736 3807 1826">
     <span class='ocr_line' id='line_1_16' title="bbox 562 1736 3807 1826; baseline 0.002 -27"><span class='ocrx_word' id='word_1_224' title='bbox 562 1745 864 1800; x_wconf 81' lang='lat' dir='ltr'><strong><em>Ambrosius</em></strong></span> <span class='ocrx_word' id='word_1_225' title='bbox 921 1755 994 1798; x_wconf 89' lang='lat' dir='ltr'><strong><em>est</em></strong></span> <span class='ocrx_word' id='word_1_226' title='bbox 1040 1762 1190 1812; x_wconf 88' lang='lat' dir='ltr'><strong><em>quem</em></strong></span> <span class='ocrx_word' id='word_1_227' title='bbox 1237 1745 1325 1800; x_wconf 88' lang='lat' dir='ltr'><strong><em>tibi</em></strong></span> <span class='ocrx_word' id='word_1_228' title='bbox 1375 1745 1656 1800; x_wconf 85' lang='lat' dir='ltr'><strong><em>redivivum</em></strong></span> <span class='ocrx_word' id='word_1_229' title='bbox 1703 1746 1962 1810; x_wconf 85' lang='lat' dir='ltr'><strong><em>sistimus,</em></strong></span> <span class='ocrx_word' id='word_1_230' title='bbox 2005 1758 2090 1798; x_wconf 84' lang='lat' dir='ltr'><strong><em>ar-</em></strong></span> <span class='ocrx_word' id='word_1_231' title='bbox 2132 1822 2154 1826; x_wconf 34' lang='grc' dir='ltr'><strong>Α</strong></span> <span class='ocrx_word' id='word_1_232' title='bbox 2195 1736 2450 1792; x_wconf 73' lang='lat' dir='ltr'><strong><em>Civitatem</em></strong></span> <span class='ocrx_word' id='word_1_233' title='bbox 2483 1737 2576 1794; x_wconf 76' lang='lat' dir='ltr'><strong><em>Dei</em></strong></span> <span class='ocrx_word' id='word_1_234' title='bbox 2603 1755 2626 1796; x_wconf 72' lang='grc' dir='ltr'><strong><em>ἔ</em></strong></span> <span class='ocrx_word' id='word_1_235' title='bbox 2653 1751 2702 1796; x_wconf 79' lang='lat' dir='ltr'><strong><em>et</em></strong></span> <span class='ocrx_word' id='word_1_236' title='bbox 2731 1753 2911 1813; x_wconf 78' lang='lat' dir='ltr'><strong><em>epotus</em></strong></span> <span class='ocrx_word' id='word_1_237' title='bbox 2949 1755 3096 1800; x_wconf 77' lang='lat' dir='ltr'><strong><em>sonet</em></strong></span> <span class='ocrx_word' id='word_1_238' title='bbox 3139 1763 3290 1802; x_wconf 82' lang='lat' dir='ltr'><strong><em>omne</em></strong></span> <span class='ocrx_word' id='word_1_239' title='bbox 3333 1762 3498 1820; x_wconf 86' lang='lat' dir='ltr'><strong><em>genus</em></strong></span> <span class='ocrx_word' id='word_1_240' title='bbox 3547 1749 3807 1826; x_wconf 83' lang='lat' dir='ltr'><strong><em>languen-</em></strong></span> 
     </span>
    </p>
   </div>
   <div class='ocr_carea' id='block_1_17' title="bbox 493 1822 3811 1916">
    <p class='ocr_par' dir='ltr' id='par_1_17' title="bbox 493 1822 3811 1916">
     <span class='ocr_line' id='line_1_17' title="bbox 493 1822 3811 1916; baseline 0.006 -33"><span class='ocrx_word' id='word_1_241' title='bbox 493 1841 773 1910; x_wconf 63' lang='lat' dir='ltr'><strong><em>ohiprmut</em></strong></span> <span class='ocrx_word' id='word_1_242' title='bbox 824 1841 1046 1894; x_wconf 61' lang='lat' dir='ltr'><strong><em>maxime</em></strong></span> <span class='ocrx_word' id='word_1_243' title='bbox 1065 1881 1080 1906; x_wconf 62' lang='lat'><strong>,</strong></span> <span class='ocrx_word' id='word_1_244' title='bbox 1111 1839 1250 1911; x_wconf 71' lang='lat' dir='ltr'><strong><em>quod</em></strong></span> <span class='ocrx_word' id='word_1_245' title='bbox 1276 1840 1322 1894; x_wconf 72' lang='grc' dir='ltr'><strong><em>εί</em></strong></span> <span class='ocrx_word' id='word_1_246' title='bbox 1359 1841 1586 1894; x_wconf 70' lang='lat' dir='ltr'><strong><em>nondum</em></strong></span> <span class='ocrx_word' id='word_1_247' title='bbox 1622 1855 1682 1894; x_wconf 68' lang='lat' dir='ltr'><strong><em>ea</em></strong></span> <span class='ocrx_word' id='word_1_248' title='bbox 1717 1855 1873 1903; x_wconf 75' lang='lat' dir='ltr'><strong><em>cura,</em></strong></span> <span class='ocrx_word' id='word_1_249' title='bbox 1905 1839 1969 1894; x_wconf 70' lang='lat' dir='ltr'><strong><em>iis</em></strong></span> <span class='ocrx_word' id='word_1_250' title='bbox 2001 1853 2096 1892; x_wconf 69' lang='lat' dir='ltr'><strong><em>ex-</em></strong></span> <span class='ocrx_word' id='word_1_251' title='bbox 2128 1822 2177 1886; x_wconf 90' lang='lat' dir='ltr'><strong>B</strong></span> <span class='ocrx_word' id='word_1_252' title='bbox 2205 1831 2334 1886; x_wconf 90' lang='lat' dir='ltr'><strong><em>tium</em></strong></span> <span class='ocrx_word' id='word_1_253' title='bbox 2363 1843 2410 1888; x_wconf 94' lang='lat' dir='ltr'><strong><em>et</em></strong></span> <span class='ocrx_word' id='word_1_254' title='bbox 2437 1846 2752 1908; x_wconf 63' lang='lat' dir='ltr'><strong><em>aegrotorum</em></strong></span> <span class='ocrx_word' id='word_1_255' title='bbox 2795 1853 2814 1892; x_wconf 86' lang='lat'><strong><em>:</em></strong></span> <span class='ocrx_word' id='word_1_256' title='bbox 2859 1842 3058 1912; x_wconf 82' lang='lat' dir='ltr'><strong><em>fontem</em></strong></span> <span class='ocrx_word' id='word_1_257' title='bbox 3087 1857 3152 1896; x_wconf 68' lang='lat' dir='ltr'><strong><em>ea</em></strong></span> <span class='ocrx_word' id='word_1_258' title='bbox 3179 1845 3330 1916; x_wconf 82' lang='lat' dir='ltr'><strong><em>cujus</em></strong></span> <span class='ocrx_word' id='word_1_259' title='bbox 3357 1859 3484 1898; x_wconf 86' lang='lat' dir='ltr'><strong><em>vena</em></strong></span> <span class='ocrx_word' id='word_1_260' title='bbox 3515 1853 3571 1898; x_wconf 86' lang='lat' dir='ltr'><strong><em>ut</em></strong></span> <span class='ocrx_word' id='word_1_261' title='bbox 3597 1822 3811 1903; x_wconf 77' lang='lat' dir='ltr'><strong><em>haurire</em></strong></span> 
     </span>
    </p>
   </div>
   <div class='ocr_carea' id='block_1_18' title="bbox 491 1931 3810 2007">
    <p class='ocr_par' dir='ltr' id='par_1_18' title="bbox 491 1931 3810 2007">
     <span class='ocr_line' id='line_1_18' title="bbox 491 1931 3810 2007; baseline 0.001 -15"><span class='ocrx_word' id='word_1_262' title='bbox 491 1935 689 1992; x_wconf 87' lang='lat' dir='ltr'><strong><em>cultum</em></strong></span> <span class='ocrx_word' id='word_1_263' title='bbox 734 1935 956 2007; x_wconf 89' lang='lat' dir='ltr'><strong><em>vigiliis,</em></strong></span> <span class='ocrx_word' id='word_1_264' title='bbox 993 1951 1052 1990; x_wconf 90' lang='lat' dir='ltr'><strong><em>ea</em></strong></span> <span class='ocrx_word' id='word_1_265' title='bbox 1089 1945 1196 1990; x_wconf 89' lang='lat' dir='ltr'><strong><em>tota</em></strong></span> <span class='ocrx_word' id='word_1_266' title='bbox 1233 1935 1403 2005; x_wconf 89' lang='lat' dir='ltr'><strong><em>forma</em></strong></span> <span class='ocrx_word' id='word_1_267' title='bbox 1442 1943 1646 2005; x_wconf 87' lang='lat' dir='ltr'><strong><em>totaque</em></strong></span> <span class='ocrx_word' id='word_1_268' title='bbox 1671 1937 1934 2006; x_wconf 81' lang='lat' dir='ltr'><strong><em>majestate</em></strong></span> <span class='ocrx_word' id='word_1_269' title='bbox 1957 1949 2104 2003; x_wconf 82' lang='lat' dir='ltr'><strong><em>spec-</em></strong></span> <span class='ocrx_word' id='word_1_270' title='bbox 2207 1937 2413 1996; x_wconf 73' lang='grc' dir='ltr'><strong><em>Ροδεεηι</em></strong></span> <span class='ocrx_word' id='word_1_271' title='bbox 2459 1931 2829 1999; x_wconf 74' lang='lat' dir='ltr'><strong><em>sapientissimi</em></strong></span> <span class='ocrx_word' id='word_1_272' title='bbox 2879 1935 3319 2006; x_wconf 77' lang='lat' dir='ltr'><strong><em>potentissimique</em></strong></span> <span class='ocrx_word' id='word_1_273' title='bbox 3379 1937 3691 2006; x_wconf 83' lang='lat' dir='ltr'><strong><em>Persarum,</em></strong></span> <span class='ocrx_word' id='word_1_274' title='bbox 3741 1940 3810 1996; x_wconf 83' lang='lat' dir='ltr'><strong><em>de</em></strong></span> 
     </span>
    </p>
   </div>
   <div class='ocr_carea' id='block_1_19' title="bbox 490 2025 3806 2102">
    <p class='ocr_par' dir='ltr' id='par_1_19' title="bbox 490 2025 3806 2102">
     <span class='ocr_line' id='line_1_19' title="bbox 490 2025 3806 2102; baseline 0.002 -16"><span class='ocrx_word' id='word_1_275' title='bbox 490 2030 697 2086; x_wconf 81' lang='lat' dir='ltr'><strong><em>labilem</em></strong></span> <span class='ocrx_word' id='word_1_276' title='bbox 761 2045 864 2102; x_wconf 88' lang='lat' dir='ltr'><strong><em>qua</em></strong></span> <span class='ocrx_word' id='word_1_277' title='bbox 915 2031 1185 2102; x_wconf 77' lang='lat' dir='ltr'><strong><em>semetipso</em></strong></span> <span class='ocrx_word' id='word_1_278' title='bbox 1239 2031 1365 2084; x_wconf 90' lang='lat' dir='ltr'><strong><em>olim</em></strong></span> <span class='ocrx_word' id='word_1_279' title='bbox 1406 2031 1632 2084; x_wconf 72' lang='lat' dir='ltr'><strong><em>exhibuit</em></strong></span> <span class='ocrx_word' id='word_1_280' title='bbox 1695 2028 2100 2094; x_wconf 84' lang='lat' dir='ltr'><strong><em>Valentinianis,</em></strong></span> <span class='ocrx_word' id='word_1_281' title='bbox 2203 2025 2558 2080; x_wconf 86' lang='lat' dir='ltr'><strong><em>remotissimis</em></strong></span> <span class='ocrx_word' id='word_1_282' title='bbox 2603 2025 2830 2082; x_wconf 74' lang='lat' dir='ltr'><strong><em>Orientis</em></strong></span> <span class='ocrx_word' id='word_1_283' title='bbox 2873 2029 3066 2098; x_wconf 76' lang='lat' dir='ltr'><strong><em>ﬁnibus</em></strong></span> <span class='ocrx_word' id='word_1_284' title='bbox 3105 2030 3354 2086; x_wconf 87' lang='lat' dir='ltr'><strong><em>sitibundi</em></strong></span> <span class='ocrx_word' id='word_1_285' title='bbox 3397 2033 3520 2088; x_wconf 90' lang='lat' dir='ltr'><strong><em>olim</em></strong></span> <span class='ocrx_word' id='word_1_286' title='bbox 3566 2051 3806 2092; x_wconf 87' lang='lat' dir='ltr'><strong><em>accurre-</em></strong></span> 
     </span>
    </p>
   </div>
   <div class='ocr_carea' id='block_1_20' title="bbox 489 2119 3806 2198">
    <p class='ocr_par' dir='ltr' id='par_1_20' title="bbox 489 2119 3806 2198">
     <span class='ocr_line' id='line_1_20' title="bbox 489 2119 3806 2198; baseline 0 -17"><span class='ocrx_word' id='word_1_287' title='bbox 489 2123 751 2181; x_wconf 81' lang='lat' dir='ltr'><strong><em>Gratianis</em></strong></span> <span class='ocrx_word' id='word_1_288' title='bbox 772 2165 786 2192; x_wconf 90' lang='lat'><strong><em>,</em></strong></span> <span class='ocrx_word' id='word_1_289' title='bbox 815 2123 1114 2180; x_wconf 84' lang='lat' dir='ltr'><strong><em>Tlteodosiis</em></strong></span> <span class='ocrx_word' id='word_1_290' title='bbox 1141 2124 1428 2196; x_wconf 81' lang='lat' dir='ltr'><strong><em>Augustis;</em></strong></span> <span class='ocrx_word' id='word_1_291' title='bbox 1473 2123 1778 2178; x_wconf 83' lang='lat' dir='ltr'><strong><em>Ambrosias</em></strong></span> <span class='ocrx_word' id='word_1_292' title='bbox 1821 2133 1992 2178; x_wconf 88' lang='lat' dir='ltr'><strong><em>tamen</em></strong></span> <span class='ocrx_word' id='word_1_293' title='bbox 2023 2131 2100 2178; x_wconf 86' lang='lat' dir='ltr'><strong><em>est</em></strong></span> <span class='ocrx_word' id='word_1_294' title='bbox 2201 2127 2318 2172; x_wconf 85' lang='lat' dir='ltr'><strong><em>runt</em></strong></span> <span class='ocrx_word' id='word_1_295' title='bbox 2335 2135 2356 2184; x_wconf 89' lang='lat'><strong><em>;</em></strong></span> <span class='ocrx_word' id='word_1_296' title='bbox 2399 2119 2585 2190; x_wconf 79' lang='lat' dir='ltr'><strong><em>quique</em></strong></span> <span class='ocrx_word' id='word_1_297' title='bbox 2615 2121 2696 2176; x_wconf 89' lang='lat' dir='ltr'><strong><em>vel</em></strong></span> <span class='ocrx_word' id='word_1_298' title='bbox 2721 2123 2898 2190; x_wconf 84' lang='lat' dir='ltr'><strong><em>paucis</em></strong></span> <span class='ocrx_word' id='word_1_299' title='bbox 2926 2123 3140 2198; x_wconf 86' lang='lat' dir='ltr'><strong><em>gnttulis</em></strong></span> <span class='ocrx_word' id='word_1_300' title='bbox 3163 2126 3443 2197; x_wconf 77' lang='lat' dir='ltr'><strong><em>perfectam</em></strong></span> <span class='ocrx_word' id='word_1_301' title='bbox 3491 2127 3616 2198; x_wconf 82' lang='lat' dir='ltr'><strong><em>ﬁdei</em></strong></span> <span class='ocrx_word' id='word_1_302' title='bbox 3659 2129 3806 2182; x_wconf 87' lang='lat' dir='ltr'><strong><em>sani-</em></strong></span> 
     </span>
    </p>
   </div>
   <div class='ocr_carea' id='block_1_21' title="bbox 481 2214 2101 2294">
    <p class='ocr_par' dir='ltr' id='par_1_21' title="bbox 481 2214 2096 2294">
     <span class='ocr_line' id='line_1_21' title="bbox 481 2214 2096 2294; baseline -0.001 -18"><span class='ocrx_word' id='word_1_303' title='bbox 481 2214 766 2294; x_wconf 78' lang='lat' dir='ltr'><strong><em>integritati</em></strong></span> <span class='ocrx_word' id='word_1_304' title='bbox 795 2233 842 2276; x_wconf 87' lang='lat' dir='ltr'><strong><em>et</em></strong></span> <span class='ocrx_word' id='word_1_305' title='bbox 873 2222 1029 2276; x_wconf 87' lang='lat' dir='ltr'><strong><em>nitori</em></strong></span> <span class='ocrx_word' id='word_1_306' title='bbox 1060 2221 1288 2293; x_wconf 83' lang='lat' dir='ltr'><strong><em>pristinis</em></strong></span> <span class='ocrx_word' id='word_1_307' title='bbox 1315 2264 1328 2286; x_wconf 87' lang='lat'><strong><em>,</em></strong></span> <span class='ocrx_word' id='word_1_308' title='bbox 1365 2237 1463 2291; x_wconf 91' lang='lat' dir='ltr'><strong><em>quo</em></strong></span> <span class='ocrx_word' id='word_1_309' title='bbox 1503 2221 1758 2276; x_wconf 86' lang='lat' dir='ltr'><strong><em>valuimus</em></strong></span> <span class='ocrx_word' id='word_1_310' title='bbox 1805 2221 1980 2275; x_wconf 85' lang='lat' dir='ltr'><strong><em>studio</em></strong></span> <span class='ocrx_word' id='word_1_311' title='bbox 2011 2237 2096 2274; x_wconf 89' lang='lat' dir='ltr'><strong><em>re-</em></strong></span> 
     </span>
    </p>
   </div>
   <div class='ocr_carea' id='block_1_22' title="bbox 2205 2214 3825 2294">
    <p class='ocr_par' dir='ltr' id='par_1_22' title="bbox 2205 2214 3825 2288">
     <span class='ocr_line' id='line_1_22' title="bbox 2205 2214 3825 2288; baseline 0.008 -24"><span class='ocrx_word' id='word_1_312' title='bbox 2205 2221 2358 2265; x_wconf 89' lang='lat' dir='ltr'><strong><em>tatem</em></strong></span> <span class='ocrx_word' id='word_1_313' title='bbox 2387 2214 2526 2286; x_wconf 87' lang='lat' dir='ltr'><strong><em>regi,</em></strong></span> <span class='ocrx_word' id='word_1_314' title='bbox 2556 2215 2751 2288; x_wconf 74' lang='lat' dir='ltr'><strong><em>reginae</em></strong></span> <span class='ocrx_word' id='word_1_315' title='bbox 2775 2257 2790 2282; x_wconf 89' lang='lat'><strong><em>,</em></strong></span> <span class='ocrx_word' id='word_1_316' title='bbox 2819 2217 3056 2287; x_wconf 81' lang='lat' dir='ltr'><strong><em>gentique</em></strong></span> <span class='ocrx_word' id='word_1_317' title='bbox 3098 2217 3592 2274; x_wconf 83' lang='lat' dir='ltr'><strong><em>Marcomannorum</em></strong></span> <span class='ocrx_word' id='word_1_318' title='bbox 3631 2221 3825 2276; x_wconf 88' lang='lat' dir='ltr'><strong><em>instil--</em></strong></span> 
     </span>
    </p>
   </div>
   <div class='ocr_carea' id='block_1_23' title="bbox 480 2305 2100 2388">
    <p class='ocr_par' dir='ltr' id='par_1_23' title="bbox 480 2313 2094 2388">
     <span class='ocr_line' id='line_1_23' title="bbox 480 2313 2094 2388; baseline 0 -18"><span class='ocrx_word' id='word_1_319' title='bbox 480 2315 708 2370; x_wconf 87' lang='lat' dir='ltr'><strong><em>stitutus.</em></strong></span> <span class='ocrx_word' id='word_1_320' title='bbox 743 2315 887 2384; x_wconf 85' lang='lat' dir='ltr'><strong><em>Quas</em></strong></span> <span class='ocrx_word' id='word_1_321' title='bbox 911 2332 1065 2388; x_wconf 86' lang='lat' dir='ltr'><strong><em>porro</em></strong></span> <span class='ocrx_word' id='word_1_322' title='bbox 1097 2317 1232 2370; x_wconf 74' lang='lat' dir='ltr'><strong><em>(edes</em></strong></span> <span class='ocrx_word' id='word_1_323' title='bbox 1259 2313 1708 2388; x_wconf 80' lang='lat' dir='ltr'><strong><em>archiepiscOpum</em></strong></span> <span class='ocrx_word' id='word_1_324' title='bbox 1731 2315 2094 2370; x_wconf 74' lang='lat' dir='ltr'><strong><em>ecclesiasticae</em></strong></span> 
     </span>
    </p>
   </div>
   <div class='ocr_carea' id='block_1_24' title="bbox 2185 2305 3805 2388">
    <p class='ocr_par' dir='ltr' id='par_1_24' title="bbox 2201 2305 3805 2386">
     <span class='ocr_line' id='line_1_24' title="bbox 2201 2305 3805 2386; baseline 0.008 -28"><span class='ocrx_word' id='word_1_325' title='bbox 2201 2305 2345 2360; x_wconf 88' lang='lat' dir='ltr'><strong><em>lavit.</em></strong></span> <span class='ocrx_word' id='word_1_326' title='bbox 2381 2305 2514 2362; x_wconf 86' lang='lat' dir='ltr'><strong><em>Ecce</em></strong></span> <span class='ocrx_word' id='word_1_327' title='bbox 2543 2309 2764 2380; x_wconf 88' lang='lat' dir='ltr'><strong><em>denique</em></strong></span> <span class='ocrx_word' id='word_1_328' title='bbox 2817 2311 3229 2366; x_wconf 72' lang='lat' dir='ltr'><strong><em>strenuissimus»</em></strong></span> <span class='ocrx_word' id='word_1_329' title='bbox 3253 2355 3268 2380; x_wconf 90' lang='lat'><strong><em>,</em></strong></span> <span class='ocrx_word' id='word_1_330' title='bbox 3317 2315 3658 2386; x_wconf 84' lang='lat' dir='ltr'><strong><em>invictumque</em></strong></span> <span class='ocrx_word' id='word_1_331' title='bbox 3707 2317 3805 2370; x_wconf 83' lang='lat' dir='ltr'><strong><em>ad—</em></strong></span> 
     </span>
    </p>
   </div>
   <div class='ocr_carea' id='block_1_25' title="bbox 479 2400 3800 2480">
    <p class='ocr_par' dir='ltr' id='par_1_25' title="bbox 479 2400 3800 2480">
     <span class='ocr_line' id='line_1_25' title="bbox 479 2400 3800 2480; baseline 0 -17"><span class='ocrx_word' id='word_1_332' title='bbox 479 2407 770 2478; x_wconf 77' lang='lat' dir='ltr'><strong><em>disciplinte</em></strong></span> <span class='ocrx_word' id='word_1_333' title='bbox 813 2409 1196 2464; x_wconf 87' lang='lat' dir='ltr'><strong><em>tenacissimum</em></strong></span> <span class='ocrx_word' id='word_1_334' title='bbox 1233 2410 1379 2462; x_wconf 88' lang='lat' dir='ltr'><strong><em>adire</em></strong></span> <span class='ocrx_word' id='word_1_335' title='bbox 1411 2409 1558 2480; x_wconf 89' lang='lat' dir='ltr'><strong><em>prius</em></strong></span> <span class='ocrx_word' id='word_1_336' title='bbox 1597 2409 1895 2480; x_wconf 83' lang='lat' dir='ltr'><strong><em>Oportebat,</em></strong></span> <span class='ocrx_word' id='word_1_337' title='bbox 1937 2425 2091 2480; x_wconf 83' lang='lat' dir='ltr'><strong><em>quam</em></strong></span> <span class='ocrx_word' id='word_1_338' title='bbox 2197 2415 2371 2456; x_wconf 68' lang='lat' dir='ltr'><strong><em>versus</em></strong></span> <span class='ocrx_word' id='word_1_339' title='bbox 2417 2400 2703 2474; x_wconf 68' lang='lat' dir='ltr'><strong><em>Religionis</em></strong></span> <span class='ocrx_word' id='word_1_340' title='bbox 2731 2413 2778 2459; x_wconf 81' lang='lat' dir='ltr'><strong><em>et</em></strong></span> <span class='ocrx_word' id='word_1_341' title='bbox 2807 2403 3055 2462; x_wconf 74' lang='lat' dir='ltr'><strong><em>Ecclesia!</em></strong></span> <span class='ocrx_word' id='word_1_342' title='bbox 3076 2407 3244 2462; x_wconf 79' lang='lat' dir='ltr'><strong><em>hostes</em></strong></span> <span class='ocrx_word' id='word_1_343' title='bbox 3267 2415 3404 2463; x_wconf 83' lang='lat' dir='ltr'><strong><em>sacri</em></strong></span> <span class='ocrx_word' id='word_1_344' title='bbox 3425 2409 3563 2464; x_wconf 88' lang='lat' dir='ltr'><strong><em>verbi</em></strong></span> <span class='ocrx_word' id='word_1_345' title='bbox 3589 2410 3800 2478; x_wconf 81' lang='lat' dir='ltr'><strong><em>ducem,</em></strong></span> 
     </span>
    </p>
   </div>
   <div class='ocr_carea' id='block_1_26' title="bbox 476 2498 3808 2577">
    <p class='ocr_par' dir='ltr' id='par_1_26' title="bbox 476 2498 3808 2577">
     <span class='ocr_line' id='line_1_26' title="bbox 476 2498 3808 2577; baseline -0 -19"><span class='ocrx_word' id='word_1_346' title='bbox 476 2501 989 2576; x_wconf 74' lang='lat' dir='ltr'><strong><em>archiepiscopales?</em></strong></span> <span class='ocrx_word' id='word_1_347' title='bbox 1051 2503 1214 2568; x_wconf 79' lang='lat' dir='ltr'><strong><em>Quem</em></strong></span> <span class='ocrx_word' id='word_1_348' title='bbox 1267 2512 1387 2557; x_wconf 89' lang='lat' dir='ltr'><strong><em>ante</em></strong></span> <span class='ocrx_word' id='word_1_349' title='bbox 1439 2517 1612 2557; x_wconf 87' lang='lat' dir='ltr'><strong><em>omnes</em></strong></span> <span class='ocrx_word' id='word_1_350' title='bbox 1651 2503 1918 2558; x_wconf 89' lang='lat' dir='ltr'><strong><em>convenire</em></strong></span> <span class='ocrx_word' id='word_1_351' title='bbox 1970 2519 2094 2556; x_wconf 89' lang='lat' dir='ltr'><strong><em>con-</em></strong></span> <span class='ocrx_word' id='word_1_352' title='bbox 2196 2507 2455 2550; x_wconf 78' lang='lat' dir='ltr'><strong><em>assuetum</em></strong></span> <span class='ocrx_word' id='word_1_353' title='bbox 2482 2498 2746 2566; x_wconf 86' lang='lat' dir='ltr'><strong><em>victoriis,</em></strong></span> <span class='ocrx_word' id='word_1_354' title='bbox 2795 2500 2886 2570; x_wconf 88' lang='lat' dir='ltr'><strong><em>qui</em></strong></span> <span class='ocrx_word' id='word_1_355' title='bbox 2915 2501 3692 2577; x_wconf 77' lang='lat' dir='ltr'><strong><em>instructissimumpanopliam</em></strong></span> <span class='ocrx_word' id='word_1_356' title='bbox 3723 2507 3808 2576; x_wconf 78' lang='lat' dir='ltr'><strong><em>of-</em></strong></span> 
     </span>
    </p>
   </div>
   <div class='ocr_carea' id='block_1_27' title="bbox 477 2587 3800 2672">
    <p class='ocr_par' dir='ltr' id='par_1_27' title="bbox 477 2587 3800 2672">
     <span class='ocr_line' id='line_1_27' title="bbox 477 2587 3800 2672; baseline 0 -22"><span class='ocrx_word' id='word_1_357' title='bbox 477 2597 688 2672; x_wconf 85' lang='lat' dir='ltr'><strong><em>gruebat</em></strong></span> <span class='ocrx_word' id='word_1_358' title='bbox 727 2597 987 2653; x_wconf 83' lang='lat' dir='ltr'><strong><em>doctorem</em></strong></span> <span class='ocrx_word' id='word_1_359' title='bbox 1041 2597 1288 2653; x_wconf 79' lang='lat' dir='ltr'><strong><em>Ecclesia:</em></strong></span> <span class='ocrx_word' id='word_1_360' title='bbox 1327 2598 1746 2662; x_wconf 83' lang='lat' dir='ltr'><strong><em>celeberrimum,</em></strong></span> <span class='ocrx_word' id='word_1_361' title='bbox 1795 2598 1894 2651; x_wconf 82' lang='lat' dir='ltr'><strong><em>nisi</em></strong></span> <span class='ocrx_word' id='word_1_362' title='bbox 1933 2597 2089 2650; x_wconf 88' lang='lat' dir='ltr'><strong><em>meri-</em></strong></span> <span class='ocrx_word' id='word_1_363' title='bbox 2195 2593 2334 2662; x_wconf 78' lang='lat' dir='ltr'><strong><em>fort,</em></strong></span> <span class='ocrx_word' id='word_1_364' title='bbox 2365 2593 2417 2645; x_wconf 80' lang='lat' dir='ltr'><strong><em>in</em></strong></span> <span class='ocrx_word' id='word_1_365' title='bbox 2439 2609 2539 2664; x_wconf 80' lang='lat' dir='ltr'><strong><em>qua</em></strong></span> <span class='ocrx_word' id='word_1_366' title='bbox 2571 2593 2660 2648; x_wconf 85' lang='lat' dir='ltr'><strong><em>ille</em></strong></span> <span class='ocrx_word' id='word_1_367' title='bbox 2697 2609 2846 2664; x_wconf 81' lang='lat' dir='ltr'><strong><em>quem</em></strong></span> <span class='ocrx_word' id='word_1_368' title='bbox 2871 2597 2962 2650; x_wconf 87' lang='lat' dir='ltr'><strong><em>toti</em></strong></span> <span class='ocrx_word' id='word_1_369' title='bbox 2989 2587 3179 2650; x_wconf 71' lang='lat' dir='ltr'><strong><em>(ialliaz</em></strong></span> <span class='ocrx_word' id='word_1_370' title='bbox 3205 2597 3462 2669; x_wconf 83' lang='lat' dir='ltr'><strong><em>collegisti</em></strong></span> <span class='ocrx_word' id='word_1_371' title='bbox 3489 2609 3534 2654; x_wconf 87' lang='lat' dir='ltr'><strong><em>et</em></strong></span> <span class='ocrx_word' id='word_1_372' title='bbox 3557 2598 3800 2668; x_wconf 76' lang='lat' dir='ltr'><strong><em>formasti</em></strong></span> 
     </span>
    </p>
   </div>
   <div class='ocr_carea' id='block_1_28' title="bbox 471 2682 3800 2766">
    <p class='ocr_par' dir='ltr' id='par_1_28' title="bbox 471 2682 3800 2766">
     <span class='ocr_line' id='line_1_28' title="bbox 471 2682 3800 2766; baseline 0.002 -25"><span class='ocrx_word' id='word_1_373' title='bbox 471 2692 733 2746; x_wconf 72' lang='lat' dir='ltr'><strong><em>sissimum</em></strong></span> <span class='ocrx_word' id='word_1_374' title='bbox 807 2693 1201 2766; x_wconf 62' lang='lat' dir='ltr'><strong><em>sapientissimus</em></strong></span> <span class='ocrx_word' id='word_1_375' title='bbox 1268 2691 1556 2756; x_wconf 80' lang='lat' dir='ltr'><strong><em>Sorbonce,</em></strong></span> <span class='ocrx_word' id='word_1_376' title='bbox 1607 2682 2088 2761; x_wconf 63' lang='lat' dir='ltr'><strong><em>~eruditissimteque</em></strong></span> <span class='ocrx_word' id='word_1_377' title='bbox 2196 2687 2556 2754; x_wconf 86' lang='lat' dir='ltr'><strong><em>operariorum</em></strong></span> <span class='ocrx_word' id='word_1_378' title='bbox 2599 2688 3008 2760; x_wconf 73' lang='lat' dir='ltr'><strong><em>evarsgelicorum</em></strong></span> <span class='ocrx_word' id='word_1_379' title='bbox 3051 2693 3304 2746; x_wconf 77' lang='lat' dir='ltr'><strong><em>exercitus</em></strong></span> <span class='ocrx_word' id='word_1_380' title='bbox 3347 2692 3554 2746; x_wconf 70' lang='lat' dir='ltr'><strong><em>cuilibet</em></strong></span> <span class='ocrx_word' id='word_1_381' title='bbox 3601 2701 3648 2746; x_wconf 87' lang='lat' dir='ltr'><strong><em>et</em></strong></span> <span class='ocrx_word' id='word_1_382' title='bbox 3689 2693 3800 2746; x_wconf 87' lang='lat' dir='ltr'><strong><em>sin-</em></strong></span> 
     </span>
    </p>
   </div>
   <div class='ocr_carea' id='block_1_29' title="bbox 477 2776 3804 2860">
    <p class='ocr_par' dir='ltr' id='par_1_29' title="bbox 477 2776 3804 2860">
     <span class='ocr_line' id='line_1_29' title="bbox 477 2776 3804 2860; baseline -0.002 -18"><span class='ocrx_word' id='word_1_383' title='bbox 477 2785 737 2842; x_wconf 82' lang='lat' dir='ltr'><strong><em>Navarrte</em></strong></span> <span class='ocrx_word' id='word_1_384' title='bbox 779 2791 1092 2860; x_wconf 89' lang='lat' dir='ltr'><strong><em>provisorem</em></strong></span> <span class='ocrx_word' id='word_1_385' title='bbox 1114 2829 1128 2853; x_wconf 88' lang='lat'><strong><em>,</em></strong></span> <span class='ocrx_word' id='word_1_386' title='bbox 1171 2795 1222 2842; x_wconf 89' lang='lat' dir='ltr'><strong><em>et</em></strong></span> <span class='ocrx_word' id='word_1_387' title='bbox 1257 2787 1428 2858; x_wconf 89' lang='lat' dir='ltr'><strong><em>ipsum</em></strong></span> <span class='ocrx_word' id='word_1_388' title='bbox 1459 2788 1718 2842; x_wconf 80' lang='lat' dir='ltr'><strong><em>declarent</em></strong></span> <span class='ocrx_word' id='word_1_389' title='bbox 1743 2787 1990 2842; x_wconf 80' lang='lat' dir='ltr'><strong><em>eximium</em></strong></span> <span class='ocrx_word' id='word_1_390' title='bbox 2029 2787 2083 2839; x_wconf 87' lang='lat' dir='ltr'><strong><em>in</em></strong></span> <span class='ocrx_word' id='word_1_391' title='bbox 2200 2776 2338 2848; x_wconf 77' lang='lat' dir='ltr'><strong><em>gulis</em></strong></span> <span class='ocrx_word' id='word_1_392' title='bbox 2385 2777 2610 2834; x_wconf 66' lang='lat' dir='ltr'><strong><em>inveniat</em></strong></span> <span class='ocrx_word' id='word_1_393' title='bbox 2647 2779 2932 2852; x_wconf 71' lang='lat' dir='ltr'><strong><em>habeatque</em></strong></span> <span class='ocrx_word' id='word_1_394' title='bbox 2961 2793 3169 2840; x_wconf 66' lang='lat' dir='ltr'><strong><em>clerate</em></strong></span> <span class='ocrx_word' id='word_1_395' title='bbox 3197 2785 3376 2839; x_wconf 82' lang='lat' dir='ltr'><strong><em>salutis</em></strong></span> <span class='ocrx_word' id='word_1_396' title='bbox 3403 2783 3606 2854; x_wconf 80' lang='lat' dir='ltr'><strong><em>galeam</em></strong></span> <span class='ocrx_word' id='word_1_397' title='bbox 3636 2825 3649 2850; x_wconf 83' lang='lat'><strong><em>,</em></strong></span> <span class='ocrx_word' id='word_1_398' title='bbox 3677 2783 3804 2850; x_wconf 80' lang='lat' dir='ltr'><strong><em>ﬁdei</em></strong></span> 
     </span>
    </p>
   </div>
   <div class='ocr_carea' id='block_1_30' title="bbox 472 2873 3800 2953">
    <p class='ocr_par' dir='ltr' id='par_1_30' title="bbox 472 2873 3800 2953">
     <span class='ocr_line' id='line_1_30' title="bbox 472 2873 3800 2953; baseline 0.003 -29"><span class='ocrx_word' id='word_1_399' title='bbox 472 2879 711 2935; x_wconf 71' lang='grc' dir='ltr'><strong><em>Εσσιεεῑα</em></strong></span> <span class='ocrx_word' id='word_1_400' title='bbox 765 2881 902 2935; x_wconf 60' lang='lat' dir='ltr'><strong><em>Dei?</em></strong></span> <span class='ocrx_word' id='word_1_401' title='bbox 939 2881 1103 2947; x_wconf 69' lang='lat' dir='ltr'><strong><em>Quem</em></strong></span> <span class='ocrx_word' id='word_1_402' title='bbox 1145 2881 1362 2950; x_wconf 68' lang='lat' dir='ltr'><strong><em>denique</em></strong></span> <span class='ocrx_word' id='word_1_403' title='bbox 1415 2883 1669 2938; x_wconf 58' lang='lat' dir='ltr'><strong><em>lubentius</em></strong></span> <span class='ocrx_word' id='word_1_404' title='bbox 1715 2883 1940 2953; x_wconf 69' lang='grc' dir='ltr'><strong><em>αηοφιξο</em></strong></span> <span class='ocrx_word' id='word_1_405' title='bbox 1988 2897 2083 2936; x_wconf 53' lang='lat' dir='ltr'><strong><em>suo</em></strong></span> <span class='ocrx_word' id='word_1_406' title='bbox 2193 2873 3096 2948; x_wconf 81' lang='lat' dir='ltr'><strong><em>scutuminexpugnabile,ancipitem</em></strong></span> <span class='ocrx_word' id='word_1_407' title='bbox 3125 2879 3800 2951; x_wconf 84' lang='lat' dir='ltr'><strong><em>diviniVerbigladium,et</em></strong></span> 
     </span>
    </p>
   </div>
   <div class='ocr_carea' id='block_1_31' title="bbox 475 2975 3569 3074">
    <p class='ocr_par' dir='ltr' id='par_1_31' title="bbox 475 2975 3569 3074">
     <span class='ocr_line' id='line_1_31' title="bbox 475 2975 3569 3074; baseline 0.006 -24"><span class='ocrx_word' id='word_1_408' title='bbox 475 2975 780 3050; x_wconf 58' lang='lat' dir='ltr'><strong><em>dignam&quot;</em></strong></span> <span class='ocrx_word' id='word_1_409' title='bbox 831 2987 1003 3032; x_wconf 71' lang='grc' dir='ltr'><strong><em>οτατοτ</em></strong></span> <span class='ocrx_word' id='word_1_410' title='bbox 1045 2993 1158 3033; x_wconf 66' lang='grc' dir='ltr'><strong><em>⁸⁸ῖέ</em></strong></span> <span class='ocrx_word' id='word_1_411' title='bbox 1209 2979 1494 3056; x_wconf 66' lang='grc' dir='ltr'><strong><em>ἀμϐρόσιος</em></strong></span> <span class='ocrx_word' id='word_1_412' title='bbox 1509 3019 1524 3044; x_wconf 66' lang='grc' dir='ltr'><strong><em>ν</em></strong></span> <span class='ocrx_word' id='word_1_413' title='bbox 1567 2995 1720 3051; x_wconf 70' lang='lat' dir='ltr'><strong><em>quam</em></strong></span> <span class='ocrx_word' id='word_1_414' title='bbox 1754 2988 1802 3033; x_wconf 67' lang='grc' dir='ltr'><strong><em>τε</em></strong></span> <span class='ocrx_word' id='word_1_415' title='bbox 1835 2979 1986 3051; x_wconf 64' lang='lat' dir='ltr'><strong><em>cuius</em></strong></span> <span class='ocrx_word' id='word_1_416' title='bbox 2021 2991 2086 3032; x_wconf 61' lang='lat' dir='ltr'><strong><em>ex</em></strong></span> <span class='ocrx_word' id='word_1_417' title='bbox 2315 3007 2562 3074; x_wconf 86' lang='lat' dir='ltr'><strong><em>Quidquid</em></strong></span> <span class='ocrx_word' id='word_1_418' title='bbox 2591 3011 2772 3064; x_wconf 84' lang='lat' dir='ltr'><strong><em>habent</em></strong></span> <span class='ocrx_word' id='word_1_419' title='bbox 2796 3013 3012 3066; x_wconf 81' lang='lat' dir='ltr'><strong><em>telorum</em></strong></span> <span class='ocrx_word' id='word_1_420' title='bbox 3037 3015 3414 3068; x_wconf 82' lang='lat' dir='ltr'><strong><em>armamentaria</em></strong></span> <span class='ocrx_word' id='word_1_421' title='bbox 3439 3015 3569 3068; x_wconf 63' lang='lat' dir='ltr'><strong><em>caeli.</em></strong></span> 
     </span>
    </p>
   </div>
   <div class='ocr_carea' id='block_1_32' title="bbox 477 3071 1422 3128">
    <p class='ocr_par' dir='ltr' id='par_1_32' title="bbox 477 3071 1422 3128">
     <span class='ocr_line' id='line_1_32' title="bbox 477 3071 1422 3128; baseline 0 0"><span class='ocrx_word' id='word_1_422' title='bbox 477 3089 564 3128; x_wconf 91' lang='lat' dir='ltr'><strong><em>ore</em></strong></span> <span class='ocrx_word' id='word_1_423' title='bbox 593 3071 824 3128; x_wconf 84' lang='lat' dir='ltr'><strong><em>docentis</em></strong></span> <span class='ocrx_word' id='word_1_424' title='bbox 855 3073 1082 3128; x_wconf 87' lang='lat' dir='ltr'><strong><em>exundat</em></strong></span> <span class='ocrx_word' id='word_1_425' title='bbox 1116 3073 1422 3128; x_wconf 65' lang='lat' dir='ltr'><strong><em>ambrosia?</em></strong></span> 
     </span>
    </p>
   </div>
   <div class='ocr_carea' id='block_1_33' title="bbox 547 3157 3798 3240">
    <p class='ocr_par' dir='ltr' id='par_1_33' title="bbox 547 3157 3798 3240">
     <span class='ocr_line' id='line_1_33' title="bbox 547 3157 3798 3240; baseline 0.001 -23"><span class='ocrx_word' id='word_1_426' title='bbox 547 3165 612 3223; x_wconf 85' lang='grc' dir='ltr'><strong><em>Αι</em></strong></span> <span class='ocrx_word' id='word_1_427' title='bbox 636 3183 752 3222; x_wconf 88' lang='lat' dir='ltr'><strong><em>vero</em></strong></span> <span class='ocrx_word' id='word_1_428' title='bbox 780 3183 935 3239; x_wconf 82' lang='lat' dir='ltr'><strong><em>quam</em></strong></span> <span class='ocrx_word' id='word_1_429' title='bbox 964 3185 995 3220; x_wconf 88' lang='lat' dir='ltr'><strong><em>a</em></strong></span> <span class='ocrx_word' id='word_1_430' title='bbox 1027 3177 1077 3222; x_wconf 83' lang='lat' dir='ltr'><strong><em>te</em></strong></span> <span class='ocrx_word' id='word_1_431' title='bbox 1117 3169 1336 3238; x_wconf 78' lang='lat' dir='ltr'><strong><em>gratiam</em></strong></span> <span class='ocrx_word' id='word_1_432' title='bbox 1371 3177 1723 3240; x_wconf 65' lang='lat' dir='ltr'><strong><em>reportatum;</em></strong></span> <span class='ocrx_word' id='word_1_433' title='bbox 1757 3183 1852 3224; x_wconf 67' lang='lat' dir='ltr'><strong><em>nos</em></strong></span> <span class='ocrx_word' id='word_1_434' title='bbox 1885 3167 1978 3222; x_wconf 77' lang='lat' dir='ltr'><strong><em>illo</em></strong></span> <span class='ocrx_word' id='word_1_435' title='bbox 2008 3167 2084 3224; x_wconf 70' lang='grc' dir='ltr'><strong><em>εἰσ</em></strong></span> <span class='ocrx_word' id='word_1_436' title='bbox 2115 3221 2156 3240; x_wconf 54' lang='grc' dir='ltr'><strong><em>Α</em></strong></span> <span class='ocrx_word' id='word_1_437' title='bbox 2262 3157 2372 3214; x_wconf 85' lang='lat' dir='ltr'><strong><em>Sed</em></strong></span> <span class='ocrx_word' id='word_1_438' title='bbox 2407 3175 2651 3228; x_wconf 87' lang='lat' dir='ltr'><strong><em>quorsum</em></strong></span> <span class='ocrx_word' id='word_1_439' title='bbox 2665 3161 2764 3216; x_wconf 88' lang='lat' dir='ltr'><strong><em>ista</em></strong></span> <span class='ocrx_word' id='word_1_440' title='bbox 2791 3165 2854 3218; x_wconf 88' lang='lat' dir='ltr'><strong><em>de</em></strong></span> <span class='ocrx_word' id='word_1_441' title='bbox 2881 3163 3176 3238; x_wconf 82' lang='lat' dir='ltr'><strong><em>evangelica</em></strong></span> <span class='ocrx_word' id='word_1_442' title='bbox 3199 3166 3478 3219; x_wconf 89' lang='lat' dir='ltr'><strong><em>etiamnum</em></strong></span> <span class='ocrx_word' id='word_1_443' title='bbox 3509 3165 3578 3217; x_wconf 89' lang='lat' dir='ltr'><strong><em>ad</em></strong></span> <span class='ocrx_word' id='word_1_444' title='bbox 3605 3163 3798 3219; x_wconf 89' lang='lat' dir='ltr'><strong><em>bellum</em></strong></span> 
     </span>
    </p>
   </div>
   <div class='ocr_carea' id='block_1_34' title="bbox 473 3221 3796 3332">
    <p class='ocr_par' dir='ltr' id='par_1_34' title="bbox 473 3221 3796 3332">
     <span class='ocr_line' id='line_1_34' title="bbox 599 3221 3035 3240; baseline -0.001 -17"><span class='ocrx_word' id='word_1_445' title='bbox 599 3221 605 3223; x_wconf 17' lang='grc' dir='ltr'><strong>Ἴ</strong></span> <span class='ocrx_word' id='word_1_446' title='bbox 731 3221 805 3239; x_wconf 31' lang='grc' dir='ltr'><strong><em>κν,</em></strong></span> <span class='ocrx_word' id='word_1_447' title='bbox 872 3221 893 3222; x_wconf 49' lang='grc' dir='ltr'>η</span> <span class='ocrx_word' id='word_1_448' title='bbox 1060 3221 1161 3238; x_wconf 52' lang='lat' dir='ltr'><strong><em>,J,</em></strong></span> <span class='ocrx_word' id='word_1_449' title='bbox 1761 3221 1845 3224; x_wconf 34' lang='grc' dir='ltr'><strong><em>νην</em></strong></span> <span class='ocrx_word' id='word_1_450' title='bbox 2013 3221 2064 3224; x_wconf 61' lang='lat'><strong><em>,,</em></strong></span> <span class='ocrx_word' id='word_1_451' title='bbox 2419 3221 2431 3228; x_wconf 89' lang='grc'>,</span> <span class='ocrx_word' id='word_1_452' title='bbox 3009 3221 3035 3238; x_wconf 57' lang='grc' dir='ltr'><em>υ</em></span> 
     </span>
     <span class='ocr_line' id='line_1_35' title="bbox 473 3221 3796 3332; baseline 0.003 -27"><span class='ocrx_word' id='word_1_453' title='bbox 473 3271 730 3332; x_wconf 70' lang='grc' dir='ltr'><strong><em>ρνωεηηιε</em></strong></span> <span class='ocrx_word' id='word_1_454' title='bbox 779 3277 883 3315; x_wconf 79' lang='lat' dir='ltr'><strong><em>non</em></strong></span> <span class='ocrx_word' id='word_1_455' title='bbox 935 3277 1195 3328; x_wconf 68' lang='lat' dir='ltr'><strong><em>speremus</em></strong></span> <span class='ocrx_word' id='word_1_456' title='bbox 1221 3303 1234 3326; x_wconf 60' lang='lat'><strong>,</strong></span> <span class='ocrx_word' id='word_1_457' title='bbox 1280 3261 1754 3316; x_wconf 63' lang='lat' dir='ltr'><strong><em>observantissimus</em></strong></span> <span class='ocrx_word' id='word_1_458' title='bbox 1795 3259 2080 3332; x_wconf 65' lang='lat' dir='ltr'><strong><em>prazsertim</em></strong></span> <span class='ocrx_word' id='word_1_459' title='bbox 2109 3221 2158 3290; x_wconf 65' lang='grc' dir='ltr'><strong>Ο</strong></span> <span class='ocrx_word' id='word_1_460' title='bbox 2190 3255 2486 3326; x_wconf 85' lang='lat' dir='ltr'><strong><em>apparatu?</em></strong></span> <span class='ocrx_word' id='word_1_461' title='bbox 2517 3255 2725 3311; x_wconf 86' lang='lat' dir='ltr'><strong><em>Patitur</em></strong></span> <span class='ocrx_word' id='word_1_462' title='bbox 2741 3261 2858 3332; x_wconf 86' lang='lat' dir='ltr'><strong><em>jam</em></strong></span> <span class='ocrx_word' id='word_1_463' title='bbox 2883 3258 3118 3314; x_wconf 84' lang='lat' dir='ltr'><strong><em>Ecclesia</em></strong></span> <span class='ocrx_word' id='word_1_464' title='bbox 3145 3261 3262 3313; x_wconf 87' lang='lat' dir='ltr'><strong><em>belli</em></strong></span> <span class='ocrx_word' id='word_1_465' title='bbox 3291 3275 3531 3313; x_wconf 87' lang='lat' dir='ltr'><strong><em>successu</em></strong></span> <span class='ocrx_word' id='word_1_466' title='bbox 3568 3274 3588 3312; x_wconf 88' lang='lat'><strong><em>.&#39;</em></strong></span> <span class='ocrx_word' id='word_1_467' title='bbox 3615 3275 3796 3329; x_wconf 86' lang='lat' dir='ltr'><strong><em>pacem</em></strong></span> 
     </span>
    </p>
   </div>
   <div class='ocr_carea' id='block_1_35' title="bbox 473 3349 3798 3424">
    <p class='ocr_par' dir='ltr' id='par_1_35' title="bbox 473 3349 3798 3424">
     <span class='ocr_line' id='line_1_36' title="bbox 473 3349 3798 3424; baseline 0.001 -18"><span class='ocrx_word' id='word_1_468' title='bbox 473 3355 577 3420; x_wconf 88' lang='lat' dir='ltr'><strong><em>tui,</em></strong></span> <span class='ocrx_word' id='word_1_469' title='bbox 603 3353 693 3422; x_wconf 84' lang='lat' dir='ltr'><strong><em>qui</em></strong></span> <span class='ocrx_word' id='word_1_470' title='bbox 727 3353 828 3420; x_wconf 86' lang='lat' dir='ltr'><strong><em>ipsi</em></strong></span> <span class='ocrx_word' id='word_1_471' title='bbox 869 3353 1094 3408; x_wconf 81' lang='lat' dir='ltr'><strong><em>vidimus</em></strong></span> <span class='ocrx_word' id='word_1_472' title='bbox 1119 3396 1132 3418; x_wconf 88' lang='lat'><strong><em>,</em></strong></span> <span class='ocrx_word' id='word_1_473' title='bbox 1185 3369 1300 3406; x_wconf 87' lang='lat' dir='ltr'><strong><em>cum</em></strong></span> <span class='ocrx_word' id='word_1_474' title='bbox 1345 3353 1620 3424; x_wconf 66' lang='lat' dir='ltr'><strong><em>difficultas</em></strong></span> <span class='ocrx_word' id='word_1_475' title='bbox 1665 3371 1885 3408; x_wconf 70' lang='lat' dir='ltr'><strong><em>annonae</em></strong></span> <span class='ocrx_word' id='word_1_476' title='bbox 1909 3395 1924 3419; x_wconf 90' lang='lat'><strong><em>,</em></strong></span> <span class='ocrx_word' id='word_1_477' title='bbox 1953 3354 2078 3424; x_wconf 79' lang='lat' dir='ltr'><strong><em>hge-</em></strong></span> <span class='ocrx_word' id='word_1_478' title='bbox 2189 3364 2252 3402; x_wconf 85' lang='lat' dir='ltr'><strong><em>ac</em></strong></span> <span class='ocrx_word' id='word_1_479' title='bbox 2277 3350 2701 3422; x_wconf 84' lang='lat' dir='ltr'><strong><em>tranquillitatem</em></strong></span> <span class='ocrx_word' id='word_1_480' title='bbox 2725 3353 2870 3406; x_wconf 84' lang='lat' dir='ltr'><strong><em>nobis</em></strong></span> <span class='ocrx_word' id='word_1_481' title='bbox 2895 3353 3102 3406; x_wconf 87' lang='lat' dir='ltr'><strong><em>reduxit</em></strong></span> <span class='ocrx_word' id='word_1_482' title='bbox 3133 3350 3388 3424; x_wconf 85' lang='lat' dir='ltr'><strong><em>ejusmodi</em></strong></span> <span class='ocrx_word' id='word_1_483' title='bbox 3417 3349 3653 3411; x_wconf 75' lang='lat' dir='ltr'><strong><em>victoria.</em></strong></span> <span class='ocrx_word' id='word_1_484' title='bbox 3677 3369 3798 3423; x_wconf 73' lang='lat' dir='ltr'><strong><em>qua:</em></strong></span> 
     </span>
    </p>
   </div>
   <div class='ocr_carea' id='block_1_36' title="bbox 470 3446 3800 3520">
    <p class='ocr_par' dir='ltr' id='par_1_36' title="bbox 470 3446 3800 3520">
     <span class='ocr_line' id='line_1_37' title="bbox 470 3446 3800 3520; baseline 0 -17"><span class='ocrx_word' id='word_1_485' title='bbox 470 3449 668 3520; x_wconf 87' lang='lat' dir='ltr'><strong><em>misque</em></strong></span> <span class='ocrx_word' id='word_1_486' title='bbox 721 3447 1049 3501; x_wconf 88' lang='lat' dir='ltr'><strong><em>inclementia</em></strong></span> <span class='ocrx_word' id='word_1_487' title='bbox 1091 3463 1156 3501; x_wconf 78' lang='lat' dir='ltr'><strong><em>ex</em></strong></span> <span class='ocrx_word' id='word_1_488' title='bbox 1207 3463 1352 3516; x_wconf 68' lang='lat' dir='ltr'><strong><em>aequo</em></strong></span> <span class='ocrx_word' id='word_1_489' title='bbox 1406 3449 1670 3510; x_wconf 72' lang='lat' dir='ltr'><strong><em>uenirent,</em></strong></span> <span class='ocrx_word' id='word_1_490' title='bbox 1720 3447 2080 3516; x_wconf 79' lang='lat' dir='ltr'><strong><em>pauperrimus</em></strong></span> <span class='ocrx_word' id='word_1_491' title='bbox 2189 3456 2246 3498; x_wconf 88' lang='lat' dir='ltr'><strong><em>ut</em></strong></span> <span class='ocrx_word' id='word_1_492' title='bbox 2273 3453 2379 3499; x_wconf 89' lang='lat' dir='ltr'><strong><em>tota</em></strong></span> <span class='ocrx_word' id='word_1_493' title='bbox 2406 3447 2548 3501; x_wconf 89' lang='lat' dir='ltr'><strong><em>victis</em></strong></span> <span class='ocrx_word' id='word_1_494' title='bbox 2587 3449 2656 3502; x_wconf 86' lang='lat' dir='ltr'><strong><em>ad</em></strong></span> <span class='ocrx_word' id='word_1_495' title='bbox 2697 3448 2972 3502; x_wconf 87' lang='lat' dir='ltr'><strong><em>utilitatem</em></strong></span> <span class='ocrx_word' id='word_1_496' title='bbox 2999 3488 3013 3512; x_wconf 91' lang='lat'><strong><em>,</em></strong></span> <span class='ocrx_word' id='word_1_497' title='bbox 3055 3447 3129 3500; x_wconf 90' lang='lat' dir='ltr'><strong><em>sic</em></strong></span> <span class='ocrx_word' id='word_1_498' title='bbox 3174 3446 3263 3500; x_wconf 89' lang='lat' dir='ltr'><strong><em>tibi</em></strong></span> <span class='ocrx_word' id='word_1_499' title='bbox 3283 3463 3346 3500; x_wconf 83' lang='lat' dir='ltr'><strong><em>ex</em></strong></span> <span class='ocrx_word' id='word_1_500' title='bbox 3376 3447 3536 3501; x_wconf 88' lang='lat' dir='ltr'><strong><em>multo</em></strong></span> <span class='ocrx_word' id='word_1_501' title='bbox 3567 3449 3800 3504; x_wconf 76' lang='lat' dir='ltr'><strong><em>maxima</em></strong></span> 
     </span>
    </p>
   </div>
   <div class='ocr_carea' id='block_1_37' title="bbox 470 3537 3798 3612">
    <p class='ocr_par' dir='ltr' id='par_1_37' title="bbox 470 3537 3798 3612">
     <span class='ocr_line' id='line_1_38' title="bbox 470 3537 3798 3612; baseline 0.001 -17"><span class='ocrx_word' id='word_1_502' title='bbox 470 3555 698 3612; x_wconf 87' lang='lat' dir='ltr'><strong><em>quosque</em></strong></span> <span class='ocrx_word' id='word_1_503' title='bbox 729 3539 782 3594; x_wconf 90' lang='lat' dir='ltr'><strong><em>in</em></strong></span> <span class='ocrx_word' id='word_1_504' title='bbox 820 3539 1286 3611; x_wconf 82' lang='lat' dir='ltr'><strong><em>archiepiscopales</em></strong></span> <span class='ocrx_word' id='word_1_505' title='bbox 1315 3539 1450 3594; x_wconf 45' lang='lat' dir='ltr'><strong><em>aedes</em></strong></span> <span class='ocrx_word' id='word_1_506' title='bbox 1488 3541 1754 3594; x_wconf 88' lang='lat' dir='ltr'><strong><em>turmatim</em></strong></span> <span class='ocrx_word' id='word_1_507' title='bbox 1789 3542 2074 3608; x_wconf 87' lang='lat' dir='ltr'><strong><em>irruentes,</em></strong></span> <span class='ocrx_word' id='word_1_508' title='bbox 2189 3548 2335 3608; x_wconf 88' lang='lat' dir='ltr'><strong><em>parte</em></strong></span> <span class='ocrx_word' id='word_1_509' title='bbox 2373 3539 2442 3592; x_wconf 89' lang='lat' dir='ltr'><strong><em>ad</em></strong></span> <span class='ocrx_word' id='word_1_510' title='bbox 2485 3541 2708 3612; x_wconf 87' lang='lat' dir='ltr'><strong><em>gloriam</em></strong></span> <span class='ocrx_word' id='word_1_511' title='bbox 2745 3541 2912 3593; x_wconf 87' lang='lat' dir='ltr'><strong><em>cessit.</em></strong></span> <span class='ocrx_word' id='word_1_512' title='bbox 2965 3537 3264 3593; x_wconf 88' lang='lat' dir='ltr'><strong><em>Plurimum</em></strong></span> <span class='ocrx_word' id='word_1_513' title='bbox 3307 3549 3477 3594; x_wconf 87' lang='lat' dir='ltr'><strong><em>tamen</em></strong></span> <span class='ocrx_word' id='word_1_514' title='bbox 3517 3542 3798 3598; x_wconf 86' lang='lat' dir='ltr'><strong><em>contulisse</em></strong></span> 
     </span>
    </p>
   </div>
   <div class='ocr_carea' id='block_1_38' title="bbox 469 3631 3800 3708">
    <p class='ocr_par' dir='ltr' id='par_1_38' title="bbox 469 3631 3800 3708">
     <span class='ocr_line' id='line_1_39' title="bbox 469 3631 3800 3708; baseline 0.001 -20"><span class='ocrx_word' id='word_1_515' title='bbox 469 3633 584 3690; x_wconf 86' lang='lat' dir='ltr'><strong><em>sola</em></strong></span> <span class='ocrx_word' id='word_1_516' title='bbox 613 3633 818 3688; x_wconf 87' lang='lat' dir='ltr'><strong><em>miseria</em></strong></span> <span class='ocrx_word' id='word_1_517' title='bbox 869 3631 1034 3698; x_wconf 88' lang='lat' dir='ltr'><strong><em>duce,</em></strong></span> <span class='ocrx_word' id='word_1_518' title='bbox 1075 3649 1165 3705; x_wconf 88' lang='lat' dir='ltr'><strong><em>per</em></strong></span> <span class='ocrx_word' id='word_1_519' title='bbox 1195 3649 1350 3705; x_wconf 89' lang='lat' dir='ltr'><strong><em>quam</em></strong></span> <span class='ocrx_word' id='word_1_520' title='bbox 1391 3645 1624 3688; x_wconf 87' lang='lat' dir='ltr'><strong><em>amanter</em></strong></span> <span class='ocrx_word' id='word_1_521' title='bbox 1669 3645 1905 3706; x_wconf 78' lang='lat' dir='ltr'><strong><em>exceptos</em></strong></span> <span class='ocrx_word' id='word_1_522' title='bbox 1927 3678 1940 3699; x_wconf 92' lang='lat'><strong><em>,</em></strong></span> <span class='ocrx_word' id='word_1_523' title='bbox 1985 3649 2080 3704; x_wconf 89' lang='lat' dir='ltr'><strong><em>per</em></strong></span> <span class='ocrx_word' id='word_1_524' title='bbox 2185 3643 2397 3688; x_wconf 74' lang='lat' dir='ltr'><strong><em>cwteros</em></strong></span> <span class='ocrx_word' id='word_1_525' title='bbox 2427 3633 2672 3690; x_wconf 79' lang='lat' dir='ltr'><strong><em>Ecclesia:</em></strong></span> <span class='ocrx_word' id='word_1_526' title='bbox 2699 3649 2966 3704; x_wconf 87' lang='lat' dir='ltr'><strong><em>proceres,</em></strong></span> <span class='ocrx_word' id='word_1_527' title='bbox 2994 3647 3041 3688; x_wconf 91' lang='lat' dir='ltr'><strong><em>et</em></strong></span> <span class='ocrx_word' id='word_1_528' title='bbox 3083 3649 3178 3704; x_wconf 87' lang='lat' dir='ltr'><strong><em>pro</em></strong></span> <span class='ocrx_word' id='word_1_529' title='bbox 3211 3651 3308 3688; x_wconf 90' lang='lat' dir='ltr'><strong><em>sua</em></strong></span> <span class='ocrx_word' id='word_1_530' title='bbox 3335 3651 3582 3708; x_wconf 87' lang='lat' dir='ltr'><strong><em>quemque</em></strong></span> <span class='ocrx_word' id='word_1_531' title='bbox 3615 3639 3800 3708; x_wconf 86' lang='lat' dir='ltr'><strong><em>pietate</em></strong></span> 
     </span>
    </p>
   </div>
   <div class='ocr_carea' id='block_1_39' title="bbox 469 3727 3798 3802">
    <p class='ocr_par' dir='ltr' id='par_1_39' title="bbox 469 3727 3798 3802">
     <span class='ocr_line' id='line_1_40' title="bbox 469 3727 3798 3802; baseline 0.002 -23"><span class='ocrx_word' id='word_1_532' title='bbox 469 3743 624 3799; x_wconf 84' lang='lat' dir='ltr'><strong><em>quant</em></strong></span> <span class='ocrx_word' id='word_1_533' title='bbox 642 3727 932 3782; x_wconf 88' lang='lat' dir='ltr'><strong><em>humaniter</em></strong></span> <span class='ocrx_word' id='word_1_534' title='bbox 953 3729 1200 3797; x_wconf 87' lang='lat' dir='ltr'><strong><em>refectos,</em></strong></span> <span class='ocrx_word' id='word_1_535' title='bbox 1229 3727 1400 3780; x_wconf 88' lang='lat' dir='ltr'><strong><em>minus</em></strong></span> <span class='ocrx_word' id='word_1_536' title='bbox 1430 3737 1597 3782; x_wconf 87' lang='lat' dir='ltr'><strong><em>tamen</em></strong></span> <span class='ocrx_word' id='word_1_537' title='bbox 1628 3727 1776 3782; x_wconf 83' lang='lat' dir='ltr'><strong><em>donis</em></strong></span> <span class='ocrx_word' id='word_1_538' title='bbox 1801 3727 1928 3794; x_wconf 89' lang='lat' dir='ltr'><strong><em>ipsis</em></strong></span> <span class='ocrx_word' id='word_1_539' title='bbox 1949 3729 2070 3795; x_wconf 87' lang='lat' dir='ltr'><strong><em>tuis,</em></strong></span> <span class='ocrx_word' id='word_1_540' title='bbox 2187 3743 2248 3781; x_wconf 89' lang='lat' dir='ltr'><strong><em>ac</em></strong></span> <span class='ocrx_word' id='word_1_541' title='bbox 2293 3727 2568 3800; x_wconf 85' lang='lat' dir='ltr'><strong><em>vigilantia</em></strong></span> <span class='ocrx_word' id='word_1_542' title='bbox 2609 3738 2812 3782; x_wconf 88' lang='lat' dir='ltr'><strong><em>strenue</em></strong></span> <span class='ocrx_word' id='word_1_543' title='bbox 2847 3729 3176 3798; x_wconf 87' lang='lat' dir='ltr'><strong><em>gnaviterque</em></strong></span> <span class='ocrx_word' id='word_1_544' title='bbox 3212 3728 3474 3785; x_wconf 85' lang='lat' dir='ltr'><strong><em>laborasse</em></strong></span> <span class='ocrx_word' id='word_1_545' title='bbox 3527 3732 3798 3802; x_wconf 88' lang='lat' dir='ltr'><strong><em>fatendum</em></strong></span> 
     </span>
    </p>
   </div>
   <div class='ocr_carea' id='block_1_40' title="bbox 473 3821 3798 3896">
    <p class='ocr_par' dir='ltr' id='par_1_40' title="bbox 473 3821 3798 3896">
     <span class='ocr_line' id='line_1_41' title="bbox 473 3821 3798 3896; baseline 0.001 -20"><span class='ocrx_word' id='word_1_546' title='bbox 473 3838 628 3894; x_wconf 89' lang='lat' dir='ltr'><strong><em>quam</em></strong></span> <span class='ocrx_word' id='word_1_547' title='bbox 684 3837 742 3876; x_wconf 91' lang='lat' dir='ltr'><strong><em>ea</em></strong></span> <span class='ocrx_word' id='word_1_548' title='bbox 795 3837 910 3892; x_wconf 72' lang='lat' dir='ltr'><strong><em>qua:</em></strong></span> <span class='ocrx_word' id='word_1_549' title='bbox 955 3821 1044 3874; x_wconf 88' lang='lat' dir='ltr'><strong><em>tibi</em></strong></span> <span class='ocrx_word' id='word_1_550' title='bbox 1083 3821 1298 3894; x_wconf 88' lang='lat' dir='ltr'><strong><em>propria</em></strong></span> <span class='ocrx_word' id='word_1_551' title='bbox 1341 3831 1414 3876; x_wconf 89' lang='lat' dir='ltr'><strong><em>est</em></strong></span> <span class='ocrx_word' id='word_1_552' title='bbox 1447 3821 1675 3876; x_wconf 88' lang='lat' dir='ltr'><strong><em>donandi</em></strong></span> <span class='ocrx_word' id='word_1_553' title='bbox 1697 3839 1757 3876; x_wconf 92' lang='lat' dir='ltr'><strong><em>ac</em></strong></span> <span class='ocrx_word' id='word_1_554' title='bbox 1779 3823 2074 3876; x_wconf 87' lang='lat' dir='ltr'><strong><em>demerendi</em></strong></span> <span class='ocrx_word' id='word_1_555' title='bbox 2181 3829 2299 3876; x_wconf 87' lang='lat' dir='ltr'><strong><em>est:</em></strong></span> <span class='ocrx_word' id='word_1_556' title='bbox 2345 3821 2436 3878; x_wconf 89' lang='lat' dir='ltr'><strong><em>sed</em></strong></span> <span class='ocrx_word' id='word_1_557' title='bbox 2463 3822 2576 3890; x_wconf 88' lang='lat' dir='ltr'><strong><em>quis</em></strong></span> <span class='ocrx_word' id='word_1_558' title='bbox 2604 3831 2652 3875; x_wconf 91' lang='lat' dir='ltr'><strong><em>te</em></strong></span> <span class='ocrx_word' id='word_1_559' title='bbox 2675 3821 2812 3876; x_wconf 86' lang='lat' dir='ltr'><strong><em>inter</em></strong></span> <span class='ocrx_word' id='word_1_560' title='bbox 2858 3823 2980 3876; x_wconf 88' lang='lat' dir='ltr'><strong><em>illos</em></strong></span> <span class='ocrx_word' id='word_1_561' title='bbox 3027 3823 3226 3892; x_wconf 88' lang='lat' dir='ltr'><strong><em>primas</em></strong></span> <span class='ocrx_word' id='word_1_562' title='bbox 3266 3825 3428 3896; x_wconf 85' lang='lat' dir='ltr'><strong><em>egisse</em></strong></span> <span class='ocrx_word' id='word_1_563' title='bbox 3472 3825 3550 3879; x_wconf 88' lang='lat' dir='ltr'><strong><em>vel</em></strong></span> <span class='ocrx_word' id='word_1_564' title='bbox 3589 3826 3798 3879; x_wconf 88' lang='lat' dir='ltr'><strong><em>invidus</em></strong></span> 
     </span>
    </p>
   </div>
   <div class='ocr_carea' id='block_1_41' title="bbox 469 3916 3798 3992">
    <p class='ocr_par' dir='ltr' id='par_1_41' title="bbox 469 3916 3798 3992">
     <span class='ocr_line' id='line_1_42' title="bbox 469 3916 3798 3992; baseline 0 -20"><span class='ocrx_word' id='word_1_565' title='bbox 469 3919 672 3972; x_wconf 85' lang='lat' dir='ltr'><strong><em>ratione</em></strong></span> <span class='ocrx_word' id='word_1_566' title='bbox 715 3917 1011 3972; x_wconf 82' lang='lat' dir='ltr'><strong><em>recreatos?</em></strong></span> <span class='ocrx_word' id='word_1_567' title='bbox 1067 3916 1156 3972; x_wconf 83' lang='lat' dir='ltr'><strong><em>Vel</em></strong></span> <span class='ocrx_word' id='word_1_568' title='bbox 1187 3933 1244 3972; x_wconf 87' lang='lat' dir='ltr'><strong><em>eo</em></strong></span> <span class='ocrx_word' id='word_1_569' title='bbox 1269 3917 1380 3972; x_wconf 88' lang='lat' dir='ltr'><strong><em>solo</em></strong></span> <span class='ocrx_word' id='word_1_570' title='bbox 1429 3928 1660 3972; x_wconf 87' lang='lat' dir='ltr'><strong><em>nostrum</em></strong></span> <span class='ocrx_word' id='word_1_571' title='bbox 1679 3961 1693 3986; x_wconf 93' lang='lat'><strong><em>,</em></strong></span> <span class='ocrx_word' id='word_1_572' title='bbox 1724 3919 1872 3973; x_wconf 87' lang='lat' dir='ltr'><strong><em>crede</em></strong></span> <span class='ocrx_word' id='word_1_573' title='bbox 1903 3919 2065 3988; x_wconf 89' lang='lat' dir='ltr'><strong><em>nobis,</em></strong></span> <span class='ocrx_word' id='word_1_574' title='bbox 2181 3927 2329 3988; x_wconf 83' lang='lat' dir='ltr'><strong><em>neget</em></strong></span> <span class='ocrx_word' id='word_1_575' title='bbox 2359 3959 2372 3983; x_wconf 92' lang='lat'><strong><em>,</em></strong></span> <span class='ocrx_word' id='word_1_576' title='bbox 2397 3933 2544 3986; x_wconf 89' lang='lat' dir='ltr'><strong><em>quem</em></strong></span> <span class='ocrx_word' id='word_1_577' title='bbox 2582 3933 2680 3972; x_wconf 88' lang='lat' dir='ltr'><strong><em>non</em></strong></span> <span class='ocrx_word' id='word_1_578' title='bbox 2703 3917 2903 3990; x_wconf 89' lang='lat' dir='ltr'><strong><em>ignoret</em></strong></span> <span class='ocrx_word' id='word_1_579' title='bbox 2929 3919 3038 3973; x_wconf 88' lang='lat' dir='ltr'><strong><em>illis</em></strong></span> <span class='ocrx_word' id='word_1_580' title='bbox 3066 3919 3302 3974; x_wconf 88' lang='lat' dir='ltr'><strong><em>omnibus</em></strong></span> <span class='ocrx_word' id='word_1_581' title='bbox 3329 3935 3422 3992; x_wconf 86' lang='lat' dir='ltr'><strong><em>pro</em></strong></span> <span class='ocrx_word' id='word_1_582' title='bbox 3447 3929 3536 3974; x_wconf 87' lang='lat' dir='ltr'><strong><em>tua</em></strong></span> <span class='ocrx_word' id='word_1_583' title='bbox 3563 3921 3798 3975; x_wconf 87' lang='lat' dir='ltr'><strong><em>omnium</em></strong></span> 
     </span>
    </p>
   </div>
   <div class='ocr_carea' id='block_1_42' title="bbox 471 4009 3796 4090">
    <p class='ocr_par' dir='ltr' id='par_1_42' title="bbox 471 4009 3796 4090">
     <span class='ocr_line' id='line_1_43' title="bbox 471 4009 3796 4090; baseline 0.001 -24"><span class='ocrx_word' id='word_1_584' title='bbox 471 4011 538 4066; x_wconf 87' lang='lat' dir='ltr'><strong><em>ad</em></strong></span> <span class='ocrx_word' id='word_1_585' title='bbox 577 4021 622 4066; x_wconf 88' lang='lat' dir='ltr'><strong><em>te</em></strong></span> <span class='ocrx_word' id='word_1_586' title='bbox 657 4011 982 4066; x_wconf 83' lang='lat' dir='ltr'><strong><em>Ambrosium</em></strong></span> <span class='ocrx_word' id='word_1_587' title='bbox 1024 4011 1321 4090; x_wconf 77' lang='lat' dir='ltr'><strong><em>allexisses,</em></strong></span> <span class='ocrx_word' id='word_1_588' title='bbox 1355 4012 1442 4083; x_wconf 88' lang='lat' dir='ltr'><strong><em>qui</em></strong></span> <span class='ocrx_word' id='word_1_589' title='bbox 1473 4027 1589 4066; x_wconf 90' lang='lat' dir='ltr'><strong><em>cum</em></strong></span> <span class='ocrx_word' id='word_1_590' title='bbox 1629 4013 1738 4082; x_wconf 90' lang='lat' dir='ltr'><strong><em>ipse</em></strong></span> <span class='ocrx_word' id='word_1_591' title='bbox 1770 4023 1912 4078; x_wconf 88' lang='lat' dir='ltr'><strong><em>pater</em></strong></span> <span class='ocrx_word' id='word_1_592' title='bbox 1941 4029 2070 4083; x_wconf 81' lang='lat' dir='ltr'><strong><em>pau—</em></strong></span> <span class='ocrx_word' id='word_1_593' title='bbox 2183 4009 2543 4065; x_wconf 86' lang='lat' dir='ltr'><strong><em>Ecclesiarum</em></strong></span> <span class='ocrx_word' id='word_1_594' title='bbox 2592 4012 2760 4066; x_wconf 89' lang='lat' dir='ltr'><strong><em>amica</em></strong></span> <span class='ocrx_word' id='word_1_595' title='bbox 2805 4013 3157 4070; x_wconf 89' lang='lat' dir='ltr'><strong><em>sollicitudme</em></strong></span> <span class='ocrx_word' id='word_1_596' title='bbox 3207 4015 3421 4070; x_wconf 85' lang='lat' dir='ltr'><strong><em>idoneas</em></strong></span> <span class='ocrx_word' id='word_1_597' title='bbox 3465 4015 3610 4081; x_wconf 84' lang='lat' dir='ltr'><strong><em>operi</em></strong></span> <span class='ocrx_word' id='word_1_598' title='bbox 3654 4023 3796 4069; x_wconf 90' lang='lat' dir='ltr'><strong><em>tanto</em></strong></span> 
     </span>
    </p>
   </div>
   <div class='ocr_carea' id='block_1_43' title="bbox 467 4099 3890 4181">
    <p class='ocr_par' dir='ltr' id='par_1_43' title="bbox 467 4099 3890 4181">
     <span class='ocr_line' id='line_1_44' title="bbox 467 4099 3890 4181; baseline 0.002 -23"><span class='ocrx_word' id='word_1_599' title='bbox 467 4119 647 4177; x_wconf 87' lang='lat' dir='ltr'><strong><em>perum</em></strong></span> <span class='ocrx_word' id='word_1_600' title='bbox 698 4105 1133 4171; x_wconf 86' lang='lat' dir='ltr'><strong><em>studiosissimus,</em></strong></span> <span class='ocrx_word' id='word_1_601' title='bbox 1184 4122 1334 4160; x_wconf 82' lang='lat' dir='ltr'><strong><em>sacra</em></strong></span> <span class='ocrx_word' id='word_1_602' title='bbox 1389 4107 1539 4160; x_wconf 90' lang='lat' dir='ltr'><strong><em>etiam</em></strong></span> <span class='ocrx_word' id='word_1_603' title='bbox 1581 4123 1703 4160; x_wconf 85' lang='lat' dir='ltr'><strong><em>vasa</em></strong></span> <span class='ocrx_word' id='word_1_604' title='bbox 1746 4107 1982 4179; x_wconf 81' lang='lat' dir='ltr'><strong><em>frangere</em></strong></span> <span class='ocrx_word' id='word_1_605' title='bbox 2021 4116 2070 4161; x_wconf 89' lang='lat' dir='ltr'><strong><em>et</em></strong></span> <span class='ocrx_word' id='word_1_606' title='bbox 2180 4109 2318 4164; x_wconf 83' lang='lat' dir='ltr'><strong><em>viros</em></strong></span> <span class='ocrx_word' id='word_1_607' title='bbox 2343 4119 2432 4164; x_wconf 86' lang='lat' dir='ltr'><strong><em>tua</em></strong></span> <span class='ocrx_word' id='word_1_608' title='bbox 2456 4109 2768 4181; x_wconf 84' lang='lat' dir='ltr'><strong><em>informatas</em></strong></span> <span class='ocrx_word' id='word_1_609' title='bbox 2804 4112 3041 4166; x_wconf 87' lang='lat' dir='ltr'><strong><em>doctrina</em></strong></span> <span class='ocrx_word' id='word_1_610' title='bbox 3065 4155 3078 4178; x_wconf 94' lang='lat'><strong><em>,</em></strong></span> <span class='ocrx_word' id='word_1_611' title='bbox 3111 4113 3211 4166; x_wconf 87' lang='lat' dir='ltr'><strong><em>tuis</em></strong></span> <span class='ocrx_word' id='word_1_612' title='bbox 3237 4113 3422 4168; x_wconf 88' lang='lat' dir='ltr'><strong><em>studiis</em></strong></span> <span class='ocrx_word' id='word_1_613' title='bbox 3459 4123 3506 4166; x_wconf 87' lang='lat' dir='ltr'><strong><em>et</em></strong></span> <span class='ocrx_word' id='word_1_614' title='bbox 3534 4111 3798 4167; x_wconf 84' lang='lat' dir='ltr'><strong><em>laboribus</em></strong></span> <span class='ocrx_word' id='word_1_615' title='bbox 3885 4099 3890 4103; x_wconf 58' lang='grc'><em>’</em></span> 
     </span>
    </p>
   </div>
   <div class='ocr_carea' id='block_1_44' title="bbox 470 4197 3798 4274">
    <p class='ocr_par' dir='ltr' id='par_1_44' title="bbox 470 4197 3798 4274">
     <span class='ocr_line' id='line_1_45' title="bbox 470 4197 3798 4274; baseline 0.002 -23"><span class='ocrx_word' id='word_1_616' title='bbox 470 4198 737 4267; x_wconf 79' lang='lat' dir='ltr'><strong><em>conﬂare,</em></strong></span> <span class='ocrx_word' id='word_1_617' title='bbox 788 4206 846 4251; x_wconf 89' lang='lat' dir='ltr'><strong><em>ut</em></strong></span> <span class='ocrx_word' id='word_1_618' title='bbox 889 4213 1067 4251; x_wconf 87' lang='lat' dir='ltr'><strong><em>eorum</em></strong></span> <span class='ocrx_word' id='word_1_619' title='bbox 1109 4197 1296 4268; x_wconf 76' lang='lat' dir='ltr'><strong><em>inopia:</em></strong></span> <span class='ocrx_word' id='word_1_620' title='bbox 1337 4199 1637 4268; x_wconf 74' lang='lat' dir='ltr'><strong><em>difﬁcillimo</em></strong></span> <span class='ocrx_word' id='word_1_621' title='bbox 1680 4209 1905 4272; x_wconf 87' lang='lat' dir='ltr'><strong><em>tempore</em></strong></span> <span class='ocrx_word' id='word_1_622' title='bbox 1952 4217 2071 4254; x_wconf 84' lang='lat' dir='ltr'><strong><em>suc—</em></strong></span> <span class='ocrx_word' id='word_1_623' title='bbox 2177 4202 2412 4256; x_wconf 81' lang='lat' dir='ltr'><strong><em>excultos</em></strong></span> <span class='ocrx_word' id='word_1_624' title='bbox 2442 4205 2796 4258; x_wconf 86' lang='lat' dir='ltr'><strong><em>amantissime</em></strong></span> <span class='ocrx_word' id='word_1_625' title='bbox 2817 4205 3253 4270; x_wconf 87' lang='lat' dir='ltr'><strong><em>subministrasse,</em></strong></span> <span class='ocrx_word' id='word_1_626' title='bbox 3291 4205 3428 4274; x_wconf 87' lang='lat' dir='ltr'><strong><em>quod</em></strong></span> <span class='ocrx_word' id='word_1_627' title='bbox 3451 4219 3598 4257; x_wconf 88' lang='lat' dir='ltr'><strong><em>nemo</em></strong></span> <span class='ocrx_word' id='word_1_628' title='bbox 3617 4205 3798 4269; x_wconf 86' lang='lat' dir='ltr'><strong><em>alius;</em></strong></span> 
     </span>
    </p>
   </div>
   <div class='ocr_carea' id='block_1_45' title="bbox 468 4290 3792 4370">
    <p class='ocr_par' dir='ltr' id='par_1_45' title="bbox 468 4290 3792 4370">
     <span class='ocr_line' id='line_1_46' title="bbox 468 4290 3792 4370; baseline 0.002 -23"><span class='ocrx_word' id='word_1_629' title='bbox 468 4301 727 4354; x_wconf 84' lang='lat' dir='ltr'><strong><em>curreret,</em></strong></span> <span class='ocrx_word' id='word_1_630' title='bbox 771 4291 982 4345; x_wconf 87' lang='lat' dir='ltr'><strong><em>minime</em></strong></span> <span class='ocrx_word' id='word_1_631' title='bbox 1030 4290 1276 4345; x_wconf 88' lang='lat' dir='ltr'><strong><em>dubitarit</em></strong></span> <span class='ocrx_word' id='word_1_632' title='bbox 1332 4306 1350 4346; x_wconf 92' lang='lat'><strong><em>:</em></strong></span> <span class='ocrx_word' id='word_1_633' title='bbox 1395 4309 1498 4346; x_wconf 91' lang='lat' dir='ltr'><strong><em>non</em></strong></span> <span class='ocrx_word' id='word_1_634' title='bbox 1536 4309 1709 4347; x_wconf 89' lang='lat' dir='ltr'><strong><em>amare</em></strong></span> <span class='ocrx_word' id='word_1_635' title='bbox 1735 4295 2067 4366; x_wconf 87' lang='lat' dir='ltr'><strong><em>singulariter</em></strong></span> <span class='ocrx_word' id='word_1_636' title='bbox 2174 4311 2326 4366; x_wconf 87' lang='lat' dir='ltr'><strong><em>quem</em></strong></span> <span class='ocrx_word' id='word_1_637' title='bbox 2343 4298 2472 4352; x_wconf 89' lang='lat' dir='ltr'><strong><em>sciat</em></strong></span> <span class='ocrx_word' id='word_1_638' title='bbox 2495 4299 2950 4370; x_wconf 87' lang='lat' dir='ltr'><strong><em>prapensissimam</em></strong></span> <span class='ocrx_word' id='word_1_639' title='bbox 2979 4299 3212 4364; x_wconf 87' lang='lat' dir='ltr'><strong><em>alioquin</em></strong></span> <span class='ocrx_word' id='word_1_640' title='bbox 3233 4295 3666 4352; x_wconf 77' lang='lat' dir='ltr'><strong><em>Citrislianissimi</em></strong></span> <span class='ocrx_word' id='word_1_641' title='bbox 3685 4297 3792 4353; x_wconf 80' lang='lat' dir='ltr'><strong><em>Re-</em></strong></span> 
     </span>
    </p>
   </div>
   <div class='ocr_carea' id='block_1_46' title="bbox 466 4383 3794 4462">
    <p class='ocr_par' dir='ltr' id='par_1_46' title="bbox 466 4383 3794 4462">
     <span class='ocr_line' id='line_1_47' title="bbox 466 4383 3794 4462; baseline 0.001 -20"><span class='ocrx_word' id='word_1_642' title='bbox 466 4403 573 4442; x_wconf 91' lang='lat' dir='ltr'><strong><em>non</em></strong></span> <span class='ocrx_word' id='word_1_643' title='bbox 603 4394 800 4455; x_wconf 87' lang='lat' dir='ltr'><strong><em>potest,</em></strong></span> <span class='ocrx_word' id='word_1_644' title='bbox 835 4401 986 4454; x_wconf 88' lang='lat' dir='ltr'><strong><em>quem</em></strong></span> <span class='ocrx_word' id='word_1_645' title='bbox 1013 4385 1198 4438; x_wconf 81' lang='lat' dir='ltr'><strong><em>viderit</em></strong></span> <span class='ocrx_word' id='word_1_646' title='bbox 1229 4385 1370 4457; x_wconf 86' lang='lat' dir='ltr'><strong><em>regia</em></strong></span> <span class='ocrx_word' id='word_1_647' title='bbox 1401 4386 1497 4439; x_wconf 84' lang='lat' dir='ltr'><strong><em>hac</em></strong></span> <span class='ocrx_word' id='word_1_648' title='bbox 1525 4383 1795 4442; x_wconf 86' lang='lat' dir='ltr'><strong><em>charitatis</em></strong></span> <span class='ocrx_word' id='word_1_649' title='bbox 1839 4387 1922 4441; x_wconf 89' lang='lat' dir='ltr'><strong><em>via</em></strong></span> <span class='ocrx_word' id='word_1_650' title='bbox 1958 4388 2066 4442; x_wconf 89' lang='lat' dir='ltr'><strong><em>suis</em></strong></span> <span class='ocrx_word' id='word_1_651' title='bbox 2175 4390 2260 4461; x_wconf 85' lang='lat' dir='ltr'><strong><em>gis</em></strong></span> <span class='ocrx_word' id='word_1_652' title='bbox 2285 4390 2352 4443; x_wconf 89' lang='lat' dir='ltr'><strong><em>ad</em></strong></span> <span class='ocrx_word' id='word_1_653' title='bbox 2376 4389 2735 4462; x_wconf 81' lang='lat' dir='ltr'><strong><em>cpitulandum</em></strong></span> <span class='ocrx_word' id='word_1_654' title='bbox 2761 4391 3082 4445; x_wconf 89' lang='lat' dir='ltr'><strong><em>subditorum</em></strong></span> <span class='ocrx_word' id='word_1_655' title='bbox 3111 4390 3268 4444; x_wconf 76' lang='lat' dir='ltr'><strong><em>saluti</em></strong></span> <span class='ocrx_word' id='word_1_656' title='bbox 3293 4390 3610 4444; x_wconf 88' lang='lat' dir='ltr'><strong><em>voluntatem</em></strong></span> <span class='ocrx_word' id='word_1_657' title='bbox 3637 4433 3652 4457; x_wconf 88' lang='lat'><strong><em>,</em></strong></span> <span class='ocrx_word' id='word_1_658' title='bbox 3695 4391 3794 4444; x_wconf 89' lang='lat' dir='ltr'><strong><em>mi-</em></strong></span> 
     </span>
    </p>
   </div>
   <div class='ocr_carea' id='block_1_47' title="bbox 465 4481 3794 4558">
    <p class='ocr_par' dir='ltr' id='par_1_47' title="bbox 465 4481 3794 4558">
     <span class='ocr_line' id='line_1_48' title="bbox 465 4481 3794 4558; baseline 0.001 -22"><span class='ocrx_word' id='word_1_659' title='bbox 465 4481 796 4538; x_wconf 74' lang='lat' dir='ltr'><strong><em>inhatrentem</em></strong></span> <span class='ocrx_word' id='word_1_660' title='bbox 825 4481 1049 4552; x_wconf 83' lang='lat' dir='ltr'><strong><em>vestigiis</em></strong></span> <span class='ocrx_word' id='word_1_661' title='bbox 1069 4521 1084 4547; x_wconf 89' lang='lat'><strong><em>,</em></strong></span> <span class='ocrx_word' id='word_1_662' title='bbox 1117 4495 1210 4534; x_wconf 87' lang='lat' dir='ltr'><strong><em>sua</em></strong></span> <span class='ocrx_word' id='word_1_663' title='bbox 1239 4482 1470 4553; x_wconf 80' lang='lat' dir='ltr'><strong><em>exempla</em></strong></span> <span class='ocrx_word' id='word_1_664' title='bbox 1495 4493 1845 4539; x_wconf 78' lang='lat' dir='ltr'><strong><em>renovantem.</em></strong></span> <span class='ocrx_word' id='word_1_665' title='bbox 2183 4501 2299 4538; x_wconf 91' lang='lat' dir='ltr'><strong><em>rum</em></strong></span> <span class='ocrx_word' id='word_1_666' title='bbox 2320 4502 2444 4538; x_wconf 85' lang='lat' dir='ltr'><strong><em>sane</em></strong></span> <span class='ocrx_word' id='word_1_667' title='bbox 2469 4502 2567 4556; x_wconf 89' lang='lat' dir='ltr'><strong><em>quo</em></strong></span> <span class='ocrx_word' id='word_1_668' title='bbox 2591 4485 2800 4552; x_wconf 87' lang='lat' dir='ltr'><strong><em>ardore,</em></strong></span> <span class='ocrx_word' id='word_1_669' title='bbox 2831 4503 2932 4556; x_wconf 88' lang='lat' dir='ltr'><strong><em>qua</em></strong></span> <span class='ocrx_word' id='word_1_670' title='bbox 2957 4485 3143 4557; x_wconf 87' lang='lat' dir='ltr'><strong><em>pietate</em></strong></span> <span class='ocrx_word' id='word_1_671' title='bbox 3165 4486 3328 4558; x_wconf 85' lang='lat' dir='ltr'><strong><em>magis</em></strong></span> <span class='ocrx_word' id='word_1_672' title='bbox 3347 4501 3407 4540; x_wconf 91' lang='lat' dir='ltr'><strong><em>ac</em></strong></span> <span class='ocrx_word' id='word_1_673' title='bbox 3429 4485 3595 4556; x_wconf 89' lang='lat' dir='ltr'><strong><em>magis</em></strong></span> <span class='ocrx_word' id='word_1_674' title='bbox 3609 4501 3794 4540; x_wconf 86' lang='lat' dir='ltr'><strong><em>accen-</em></strong></span> 
     </span>
    </p>
   </div>
   <div class='ocr_carea' id='block_1_48' title="bbox 543 4561 3792 4652">
    <p class='ocr_par' dir='ltr' id='par_1_48' title="bbox 543 4561 3792 4652">
     <span class='ocr_line' id='line_1_49' title="bbox 543 4561 3792 4652; baseline 0.002 -25"><span class='ocrx_word' id='word_1_675' title='bbox 543 4561 626 4628; x_wconf 56' lang='lat' dir='ltr'><strong><em>Et‘</em></strong></span> <span class='ocrx_word' id='word_1_676' title='bbox 645 4574 787 4628; x_wconf 87' lang='lat' dir='ltr'><strong><em>istud</em></strong></span> <span class='ocrx_word' id='word_1_677' title='bbox 827 4573 896 4628; x_wconf 86' lang='lat' dir='ltr'><strong><em>ad</em></strong></span> <span class='ocrx_word' id='word_1_678' title='bbox 940 4583 986 4628; x_wconf 89' lang='lat' dir='ltr'><strong><em>te</em></strong></span> <span class='ocrx_word' id='word_1_679' title='bbox 1017 4573 1372 4645; x_wconf 83' lang='lat' dir='ltr'><strong><em>festinantibus</em></strong></span> <span class='ocrx_word' id='word_1_680' title='bbox 1404 4577 1897 4646; x_wconf 86' lang='lat' dir='ltr'><strong><em>opportunissimum</em></strong></span> <span class='ocrx_word' id='word_1_681' title='bbox 1925 4617 1939 4641; x_wconf 91' lang='lat'><strong><em>,</em></strong></span> <span class='ocrx_word' id='word_1_682' title='bbox 1973 4591 2066 4630; x_wconf 85' lang='lat' dir='ltr'><strong><em>an-</em></strong></span> <span class='ocrx_word' id='word_1_683' title='bbox 2097 4633 2147 4652; x_wconf 41' lang='grc' dir='ltr'><strong><em>κ</em></strong></span> <span class='ocrx_word' id='word_1_684' title='bbox 2177 4580 2340 4648; x_wconf 85' lang='lat' dir='ltr'><strong><em>disse,</em></strong></span> <span class='ocrx_word' id='word_1_685' title='bbox 2360 4581 2500 4652; x_wconf 88' lang='lat' dir='ltr'><strong><em>quod</em></strong></span> <span class='ocrx_word' id='word_1_686' title='bbox 2525 4581 2608 4636; x_wconf 82' lang='lat' dir='ltr'><strong><em>vix</em></strong></span> <span class='ocrx_word' id='word_1_687' title='bbox 2634 4581 2798 4649; x_wconf 79' lang='lat' dir='ltr'><strong><em>aiter;</em></strong></span> <span class='ocrx_word' id='word_1_688' title='bbox 2823 4597 2974 4650; x_wconf 88' lang='lat' dir='ltr'><strong><em>quem</em></strong></span> <span class='ocrx_word' id='word_1_689' title='bbox 2996 4581 3198 4635; x_wconf 87' lang='lat' dir='ltr'><strong><em>demum</em></strong></span> <span class='ocrx_word' id='word_1_690' title='bbox 3221 4581 3512 4636; x_wconf 89' lang='lat' dir='ltr'><strong><em>consideret</em></strong></span> <span class='ocrx_word' id='word_1_691' title='bbox 3527 4579 3792 4650; x_wconf 83' lang='lat' dir='ltr'><strong><em>indefesso</em></strong></span> 
     </span>
    </p>
   </div>
   <div class='ocr_carea' id='block_1_49' title="bbox 466 4667 3791 4750">
    <p class='ocr_par' dir='ltr' id='par_1_49' title="bbox 466 4667 3791 4750">
     <span class='ocr_line' id='line_1_50' title="bbox 466 4667 3791 4750; baseline 0.002 -28"><span class='ocrx_word' id='word_1_692' title='bbox 466 4667 607 4722; x_wconf 87' lang='lat' dir='ltr'><strong><em>tistes</em></strong></span> <span class='ocrx_word' id='word_1_693' title='bbox 637 4668 982 4722; x_wconf 84' lang='lat' dir='ltr'><strong><em>illustrissime</em></strong></span> <span class='ocrx_word' id='word_1_694' title='bbox 1005 4709 1017 4728; x_wconf 90' lang='lat'><strong><em>,</em></strong></span> <span class='ocrx_word' id='word_1_695' title='bbox 1045 4667 1183 4735; x_wconf 82' lang='lat' dir='ltr'><strong><em>quod</em></strong></span> <span class='ocrx_word' id='word_1_696' title='bbox 1209 4667 1323 4737; x_wconf 89' lang='lat' dir='ltr'><strong><em>ipa</em></strong></span> <span class='ocrx_word' id='word_1_697' title='bbox 1353 4667 1810 4725; x_wconf 84' lang='lat' dir='ltr'><strong><em>Ambrosianorum</em></strong></span> <span class='ocrx_word' id='word_1_698' title='bbox 1851 4687 2068 4740; x_wconf 81' lang='lat' dir='ltr'><strong><em>operum</em></strong></span> <span class='ocrx_word' id='word_1_699' title='bbox 2097 4667 2149 4699; x_wconf 80' lang='grc' dir='ltr'><em>υ</em></span> <span class='ocrx_word' id='word_1_700' title='bbox 2185 4678 2384 4744; x_wconf 71' lang='lat' dir='ltr'><strong><em>labore,</em></strong></span> <span class='ocrx_word' id='word_1_701' title='bbox 2409 4678 2649 4742; x_wconf 80' lang='lat' dir='ltr'><strong><em>omm’que</em></strong></span> <span class='ocrx_word' id='word_1_702' title='bbox 2670 4688 2780 4732; x_wconf 81' lang='lat' dir='ltr'><strong><em>arte</em></strong></span> <span class='ocrx_word' id='word_1_703' title='bbox 2805 4677 3056 4749; x_wconf 79' lang='lat' dir='ltr'><strong><em>magistra</em></strong></span> <span class='ocrx_word' id='word_1_704' title='bbox 3075 4721 3087 4742; x_wconf 80' lang='grc'>,</span> <span class='ocrx_word' id='word_1_705' title='bbox 3119 4687 3221 4732; x_wconf 82' lang='lat' dir='ltr'><strong><em>tam</em></strong></span> <span class='ocrx_word' id='word_1_706' title='bbox 3250 4672 3554 4750; x_wconf 34' lang='lat' dir='ltr'><strong><em>felici-exitu</em></strong></span> <span class='ocrx_word' id='word_1_707' title='bbox 3583 4693 3791 4730; x_wconf 89' lang='lat' dir='ltr'><strong><em>manum</em></strong></span> 
     </span>
    </p>
   </div>
   <div class='ocr_carea' id='block_1_50' title="bbox 462 4764 3794 4846">
    <p class='ocr_par' dir='ltr' id='par_1_50' title="bbox 462 4764 3794 4846">
     <span class='ocr_line' id='line_1_51' title="bbox 462 4764 3794 4846; baseline 0.001 -24"><span class='ocrx_word' id='word_1_708' title='bbox 462 4767 598 4822; x_wconf 85' lang='lat' dir='ltr'><strong><em>ratio</em></strong></span> <span class='ocrx_word' id='word_1_709' title='bbox 639 4766 740 4820; x_wconf 88' lang='lat' dir='ltr'><strong><em>cito</em></strong></span> <span class='ocrx_word' id='word_1_710' title='bbox 775 4766 892 4836; x_wconf 83' lang='lat' dir='ltr'><strong><em>jam</em></strong></span> <span class='ocrx_word' id='word_1_711' title='bbox 923 4764 1160 4836; x_wconf 90' lang='lat' dir='ltr'><strong><em>ultroque</em></strong></span> <span class='ocrx_word' id='word_1_712' title='bbox 1199 4777 1462 4820; x_wconf 87' lang='lat' dir='ltr'><strong><em>currentes</em></strong></span> <span class='ocrx_word' id='word_1_713' title='bbox 1493 4769 1785 4821; x_wconf 86' lang='lat' dir='ltr'><strong><em>exstimulet</em></strong></span> <span class='ocrx_word' id='word_1_714' title='bbox 1822 4783 1841 4822; x_wconf 85' lang='lat'><strong><em>.&#39;</em></strong></span> <span class='ocrx_word' id='word_1_715' title='bbox 1890 4767 2070 4821; x_wconf 86' lang='lat' dir='ltr'><strong><em>divina</em></strong></span> <span class='ocrx_word' id='word_1_716' title='bbox 2186 4775 2274 4845; x_wconf 79' lang='lat' dir='ltr'><strong><em>pio</em></strong></span> <span class='ocrx_word' id='word_1_717' title='bbox 2309 4773 2450 4844; x_wconf 78' lang='lat' dir='ltr'><strong><em>operi</em></strong></span> <span class='ocrx_word' id='word_1_718' title='bbox 2485 4775 2954 4846; x_wconf 74' lang='lat' dir='ltr'><strong><em>frequentissimam</em></strong></span> <span class='ocrx_word' id='word_1_719' title='bbox 2996 4774 3266 4829; x_wconf 76' lang='lat' dir='ltr'><strong><em>admovere</em></strong></span> <span class='ocrx_word' id='word_1_720' title='bbox 3295 4816 3310 4841; x_wconf 81' lang='lat'><strong><em>,</em></strong></span> <span class='ocrx_word' id='word_1_721' title='bbox 3353 4785 3410 4827; x_wconf 88' lang='lat' dir='ltr'><strong><em>ut</em></strong></span> <span class='ocrx_word' id='word_1_722' title='bbox 3443 4775 3563 4828; x_wconf 81' lang='lat' dir='ltr'><strong><em>bene</em></strong></span> <span class='ocrx_word' id='word_1_723' title='bbox 3601 4771 3794 4828; x_wconf 76' lang='lat' dir='ltr'><strong><em>mullos</em></strong></span> 
     </span>
    </p>
   </div>
   <div class='ocr_carea' id='block_1_51' title="bbox 463 4857 2083 4940">
    <p class='ocr_par' dir='ltr' id='par_1_51' title="bbox 463 4857 2070 4932">
     <span class='ocr_line' id='line_1_52' title="bbox 463 4857 2070 4932; baseline 0 -18"><span class='ocrx_word' id='word_1_724' title='bbox 463 4859 708 4914; x_wconf 87' lang='lat' dir='ltr'><strong><em>nimirum</em></strong></span> <span class='ocrx_word' id='word_1_725' title='bbox 758 4857 996 4912; x_wconf 86' lang='lat' dir='ltr'><strong><em>doctrina</em></strong></span> <span class='ocrx_word' id='word_1_726' title='bbox 1044 4871 1168 4928; x_wconf 62' lang='lat' dir='ltr'><strong><em>quae</em></strong></span> <span class='ocrx_word' id='word_1_727' title='bbox 1191 4899 1206 4924; x_wconf 93' lang='lat'><strong><em>,</em></strong></span> <span class='ocrx_word' id='word_1_728' title='bbox 1237 4869 1292 4912; x_wconf 86' lang='lat' dir='ltr'><strong><em>ut</em></strong></span> <span class='ocrx_word' id='word_1_729' title='bbox 1331 4859 1476 4932; x_wconf 84' lang='lat' dir='ltr'><strong><em>digni</em></strong></span> <span class='ocrx_word' id='word_1_730' title='bbox 1513 4867 1653 4912; x_wconf 88' lang='lat' dir='ltr'><strong><em>tanto</em></strong></span> <span class='ocrx_word' id='word_1_731' title='bbox 1683 4862 1931 4930; x_wconf 86' lang='lat' dir='ltr'><strong><em>magistro</em></strong></span> <span class='ocrx_word' id='word_1_732' title='bbox 1959 4859 2070 4914; x_wconf 79' lang='lat' dir='ltr'><strong><em>Au-</em></strong></span> 
     </span>
    </p>
   </div>
   <div class='ocr_carea' id='block_1_52' title="bbox 2169 4857 3789 4940">
    <p class='ocr_par' dir='ltr' id='par_1_52' title="bbox 2183 4866 3789 4940">
     <span class='ocr_line' id='line_1_53' title="bbox 2183 4866 3789 4940; baseline -0.001 -19"><span class='ocrx_word' id='word_1_733' title='bbox 2183 4867 2363 4922; x_wconf 87' lang='lat' dir='ltr'><strong><em>diebns</em></strong></span> <span class='ocrx_word' id='word_1_734' title='bbox 2387 4867 2607 4940; x_wconf 88' lang='lat' dir='ltr'><strong><em>singulis</em></strong></span> <span class='ocrx_word' id='word_1_735' title='bbox 2633 4867 2702 4920; x_wconf 90' lang='lat' dir='ltr'><strong><em>ad</em></strong></span> <span class='ocrx_word' id='word_1_736' title='bbox 2727 4866 3008 4937; x_wconf 80' lang='lat' dir='ltr'><strong><em>eiurandos</em></strong></span> <span class='ocrx_word' id='word_1_737' title='bbox 3027 4883 3225 4922; x_wconf 89' lang='lat' dir='ltr'><strong><em>errores</em></strong></span> <span class='ocrx_word' id='word_1_738' title='bbox 3255 4867 3500 4922; x_wconf 87' lang='lat' dir='ltr'><strong><em>admittas</em></strong></span> <span class='ocrx_word' id='word_1_739' title='bbox 3517 4908 3530 4932; x_wconf 91' lang='lat'><strong><em>,</em></strong></span> <span class='ocrx_word' id='word_1_740' title='bbox 3563 4881 3656 4920; x_wconf 88' lang='lat' dir='ltr'><strong><em>nec</em></strong></span> <span class='ocrx_word' id='word_1_741' title='bbox 3687 4881 3789 4920; x_wconf 89' lang='lat' dir='ltr'><strong><em>non</em></strong></span> 
     </span>
    </p>
   </div>
   <div class='ocr_carea' id='block_1_53' title="bbox 461 4941 2081 5034">
    <p class='ocr_par' dir='ltr' id='par_1_53' title="bbox 461 4949 2072 5025">
     <span class='ocr_line' id='line_1_54' title="bbox 461 4949 2072 5025; baseline 0.001 -19"><span class='ocrx_word' id='word_1_742' title='bbox 461 4952 654 5025; x_wconf 88' lang='lat' dir='ltr'><strong><em>gustini</em></strong></span> <span class='ocrx_word' id='word_1_743' title='bbox 701 4959 905 5005; x_wconf 86' lang='lat' dir='ltr'><strong><em>utamur</em></strong></span> <span class='ocrx_word' id='word_1_744' title='bbox 959 4949 1123 5005; x_wconf 86' lang='lat' dir='ltr'><strong><em>verbis</em></strong></span> <span class='ocrx_word' id='word_1_745' title='bbox 1154 4993 1166 5015; x_wconf 88' lang='lat'><strong><em>,</em></strong></span> <span class='ocrx_word' id='word_1_746' title='bbox 1211 4949 1280 5005; x_wconf 87' lang='lat' dir='ltr'><strong><em>de</em></strong></span> <span class='ocrx_word' id='word_1_747' title='bbox 1311 4959 1418 5004; x_wconf 75' lang='lat' dir='ltr'><strong><em>tam</em></strong></span> <span class='ocrx_word' id='word_1_748' title='bbox 1448 4959 1636 5006; x_wconf 79' lang='lat' dir='ltr'><strong><em>sant-t0</em></strong></span> <span class='ocrx_word' id='word_1_749' title='bbox 1663 4952 1908 5019; x_wconf 77' lang='lat' dir='ltr'><strong><em>oracula,</em></strong></span> <span class='ocrx_word' id='word_1_750' title='bbox 1945 4969 2072 5022; x_wconf 85' lang='lat' dir='ltr'><strong><em>pec-</em></strong></span> 
     </span>
    </p>
   </div>
   <div class='ocr_carea' id='block_1_54' title="bbox 2167 4941 3787 5034">
    <p class='ocr_par' dir='ltr' id='par_1_54' title="bbox 2181 4941 3787 5034">
     <span class='ocr_line' id='line_1_55' title="bbox 2181 4941 3787 5034; baseline -0.003 -18"><span class='ocrx_word' id='word_1_751' title='bbox 2181 4941 2420 5016; x_wconf 81' lang='lat' dir='ltr'><strong><em>inaudita</em></strong></span> <span class='ocrx_word' id='word_1_752' title='bbox 2449 4961 2694 5034; x_wconf 85' lang='lat' dir='ltr'><strong><em>facilitate</em></strong></span> <span class='ocrx_word' id='word_1_753' title='bbox 2715 5003 2732 5030; x_wconf 89' lang='lat'><strong><em>,</em></strong></span> <span class='ocrx_word' id='word_1_754' title='bbox 2763 4972 2916 5034; x_wconf 90' lang='lat' dir='ltr'><strong><em>atque</em></strong></span> <span class='ocrx_word' id='word_1_755' title='bbox 2939 4959 3130 5029; x_wconf 66' lang='lat' dir='ltr'><strong><em>aﬂ&#39;ectu</em></strong></span> <span class='ocrx_word' id='word_1_756' title='bbox 3168 4971 3330 5015; x_wconf 88' lang='lat' dir='ltr'><strong><em>totum</em></strong></span> <span class='ocrx_word' id='word_1_757' title='bbox 3358 4969 3406 5015; x_wconf 90' lang='lat' dir='ltr'><strong><em>te</em></strong></span> <span class='ocrx_word' id='word_1_758' title='bbox 3437 4961 3681 5014; x_wconf 88' lang='lat' dir='ltr'><strong><em>devoveas</em></strong></span> <span class='ocrx_word' id='word_1_759' title='bbox 3705 4957 3787 5027; x_wconf 79' lang='lat' dir='ltr'><strong><em>ef-</em></strong></span> 
     </span>
    </p>
   </div>
   <div class='ocr_carea' id='block_1_55' title="bbox 461 5045 3788 5130">
    <p class='ocr_par' dir='ltr' id='par_1_55' title="bbox 461 5045 3788 5130">
     <span class='ocr_line' id='line_1_56' title="bbox 461 5045 3788 5130; baseline -0.003 -27"><span class='ocrx_word' id='word_1_760' title='bbox 461 5055 584 5103; x_wconf 80' lang='lat' dir='ltr'><strong><em>torc</em></strong></span> <span class='ocrx_word' id='word_1_761' title='bbox 617 5047 760 5101; x_wconf 89' lang='lat' dir='ltr'><strong><em>illius</em></strong></span> <span class='ocrx_word' id='word_1_762' title='bbox 799 5047 1074 5122; x_wconf 52' lang='lat' dir='ltr'><strong><em>emanavit.</em></strong></span> <span class='ocrx_word' id='word_1_763' title='bbox 1125 5045 1240 5111; x_wconf 80' lang='lat' dir='ltr'><strong><em>Qua</em></strong></span> <span class='ocrx_word' id='word_1_764' title='bbox 1283 5045 1489 5115; x_wconf 86' lang='lat' dir='ltr'><strong><em>quidem</em></strong></span> <span class='ocrx_word' id='word_1_765' title='bbox 1529 5057 1584 5100; x_wconf 88' lang='lat' dir='ltr'><strong><em>ut</em></strong></span> <span class='ocrx_word' id='word_1_766' title='bbox 1625 5045 1823 5101; x_wconf 88' lang='lat' dir='ltr'><strong><em>nullum</em></strong></span> <span class='ocrx_word' id='word_1_767' title='bbox 1867 5046 1935 5100; x_wconf 90' lang='lat' dir='ltr'><strong><em>ad</em></strong></span> <span class='ocrx_word' id='word_1_768' title='bbox 1979 5063 2070 5102; x_wconf 89' lang='lat' dir='ltr'><strong><em>cu-</em></strong></span> <span class='ocrx_word' id='word_1_769' title='bbox 2185 5059 2476 5130; x_wconf 65' lang='lat' dir='ltr'><strong><em>fundasque</em></strong></span> <span class='ocrx_word' id='word_1_770' title='bbox 2508 5059 2897 5128; x_wconf 53' lang='lat' dir='ltr'><strong><em>conm-tendis,</em></strong></span> <span class='ocrx_word' id='word_1_771' title='bbox 2929 5057 3284 5128; x_wconf 55' lang='grc' dir='ltr'><strong><em>επσξρξεηάίε,</em></strong></span> <span class='ocrx_word' id='word_1_772' title='bbox 3312 5053 3671 5122; x_wconf 57' lang='lat' dir='ltr'><strong><em>instituendis,</em></strong></span> <span class='ocrx_word' id='word_1_773' title='bbox 3694 5051 3788 5106; x_wconf 73' lang='lat' dir='ltr'><strong><em>ad.</em></strong></span> 
     </span>
    </p>
   </div>
   <div class='ocr_carea' id='block_1_56' title="bbox 457 5139 2472 5227">
    <p class='ocr_par' dir='ltr' id='par_1_56' title="bbox 457 5139 2472 5227">
     <span class='ocr_line' id='line_1_57' title="bbox 457 5139 2472 5227; baseline 0 -31"><span class='ocrx_word' id='word_1_774' title='bbox 457 5141 626 5198; x_wconf 85' lang='lat' dir='ltr'><strong><em>randa</em></strong></span> <span class='ocrx_word' id='word_1_775' title='bbox 653 5151 911 5208; x_wconf 73' lang='lat' dir='ltr'><strong><em>corrupta:</em></strong></span> <span class='ocrx_word' id='word_1_776' title='bbox 937 5139 1142 5196; x_wconf 80' lang='lat' dir='ltr'><strong><em>Ethices</em></strong></span> <span class='ocrx_word' id='word_1_777' title='bbox 1165 5139 1382 5195; x_wconf 89' lang='lat' dir='ltr'><strong><em>vulnera</em></strong></span> <span class='ocrx_word' id='word_1_778' title='bbox 1409 5143 1693 5196; x_wconf 82' lang='lat' dir='ltr'><strong><em>remedium</em></strong></span> <span class='ocrx_word' id='word_1_779' title='bbox 1715 5143 2060 5214; x_wconf 73' lang='lat' dir='ltr'><strong><em>prmseatius,</em></strong></span> <span class='ocrx_word' id='word_1_780' title='bbox 2172 5152 2472 5227; x_wconf 69' lang='lat' dir='ltr'><strong><em>juvandis?</em></strong></span> 
     </span>
    </p>
   </div>
   <div class='ocr_carea' id='block_1_57' title="bbox 457 5232 3789 5326">
    <p class='ocr_par' dir='ltr' id='par_1_57' title="bbox 457 5232 3789 5326">
     <span class='ocr_line' id='line_1_58' title="bbox 457 5232 3789 5326; baseline -0.002 -36"><span class='ocrx_word' id='word_1_781' title='bbox 457 5235 532 5290; x_wconf 87' lang='lat' dir='ltr'><strong><em>sic</em></strong></span> <span class='ocrx_word' id='word_1_782' title='bbox 579 5235 790 5290; x_wconf 84' lang='lat' dir='ltr'><strong><em>nullum</em></strong></span> <span class='ocrx_word' id='word_1_783' title='bbox 839 5235 909 5288; x_wconf 87' lang='lat' dir='ltr'><strong><em>ad</em></strong></span> <span class='ocrx_word' id='word_1_784' title='bbox 956 5234 1350 5306; x_wconf 84' lang='lat' dir='ltr'><strong><em>prapellendum</em></strong></span> <span class='ocrx_word' id='word_1_785' title='bbox 1391 5232 1641 5290; x_wconf 63' lang='lat' dir='ltr'><strong><em>haereseos</em></strong></span> <span class='ocrx_word' id='word_1_786' title='bbox 1683 5245 1729 5289; x_wconf 79' lang='lat' dir='ltr'><strong><em>et</em></strong></span> <span class='ocrx_word' id='word_1_787' title='bbox 1767 5237 2066 5291; x_wconf 84' lang='lat' dir='ltr'><strong><em>schismatis</em></strong></span> <span class='ocrx_word' id='word_1_788' title='bbox 2258 5247 2386 5326; x_wconf 59' lang='grc' dir='ltr'><strong><em>Ηφσ</em></strong></span> <span class='ocrx_word' id='word_1_789' title='bbox 2413 5249 2532 5300; x_wconf 72' lang='lat' dir='ltr'><strong><em>dum</em></strong></span> <span class='ocrx_word' id='word_1_790' title='bbox 2562 5245 2954 5314; x_wconf 58' lang='lat' dir='ltr'><strong><em>dici,;.u3,absi¢</em></strong></span> <span class='ocrx_word' id='word_1_791' title='bbox 2977 5255 3030 5299; x_wconf 74' lang='grc' dir='ltr'><strong><em>υτ</em></strong></span> <span class='ocrx_word' id='word_1_792' title='bbox 3057 5245 3318 5298; x_wconf 59' lang='lat' dir='ltr'><strong><em>immensa:</em></strong></span> <span class='ocrx_word' id='word_1_793' title='bbox 3343 5243 3482 5315; x_wconf 57' lang='lat' dir='ltr'><strong><em>regis</em></strong></span> <span class='ocrx_word' id='word_1_794' title='bbox 3506 5243 3789 5316; x_wconf 53' lang='lat' dir='ltr'><strong><em>religiosis.</em></strong></span> 
     </span>
    </p>
   </div>
   <div class='ocr_carea' id='block_1_58' title="bbox 454 5327 3785 5410">
    <p class='ocr_par' dir='ltr' id='par_1_58' title="bbox 454 5327 3785 5410">
     <span class='ocr_line' id='line_1_59' title="bbox 454 5327 3785 5410; baseline 0 -19"><span class='ocrx_word' id='word_1_795' title='bbox 454 5345 721 5394; x_wconf 69' lang='lat' dir='ltr'><strong><em>venenum,</em></strong></span> <span class='ocrx_word' id='word_1_796' title='bbox 751 5327 1042 5400; x_wconf 61' lang='lat' dir='ltr'><strong><em>Pﬂif‘ﬂCiﬂsi</em></strong></span> <span class='ocrx_word' id='word_1_797' title='bbox 1071 5330 1266 5382; x_wconf 73' lang='lat' dir='ltr'><strong><em>nullum</em></strong></span> <span class='ocrx_word' id='word_1_798' title='bbox 1301 5345 1404 5398; x_wconf 84' lang='lat' dir='ltr'><strong><em>quo</em></strong></span> <span class='ocrx_word' id='word_1_799' title='bbox 1439 5329 1728 5398; x_wconf 81' lang='lat' dir='ltr'><strong><em>promptius</em></strong></span> <span class='ocrx_word' id='word_1_800' title='bbox 1773 5331 2064 5400; x_wconf 87' lang='lat' dir='ltr'><strong><em>certiusque</em></strong></span> <span class='ocrx_word' id='word_1_801' title='bbox 2175 5341 2299 5394; x_wconf 80' lang='lat' dir='ltr'><strong><em>simi</em></strong></span> <span class='ocrx_word' id='word_1_802' title='bbox 2341 5341 2520 5410; x_wconf 76' lang='lat' dir='ltr'><strong><em>gloria:</em></strong></span> <span class='ocrx_word' id='word_1_803' title='bbox 2559 5340 2837 5410; x_wconf 88' lang='lat' dir='ltr'><strong><em>quidquam</em></strong></span> <span class='ocrx_word' id='word_1_804' title='bbox 2863 5339 3072 5391; x_wconf 87' lang='lat' dir='ltr'><strong><em>velimus</em></strong></span> <span class='ocrx_word' id='word_1_805' title='bbox 3097 5353 3208 5392; x_wconf 90' lang='lat' dir='ltr'><strong><em>esse</em></strong></span> <span class='ocrx_word' id='word_1_806' title='bbox 3243 5337 3548 5392; x_wconf 85' lang='lat' dir='ltr'><strong><em>detractum.</em></strong></span> <span class='ocrx_word' id='word_1_807' title='bbox 3601 5335 3785 5392; x_wconf 85' lang='lat' dir='ltr'><strong><em>Totum</em></strong></span> 
     </span>
    </p>
   </div>
   <div class='ocr_carea' id='block_1_59' title="bbox 451 5413 2071 5502">
    <p class='ocr_par' dir='ltr' id='par_1_59' title="bbox 451 5422 2062 5484">
     <span class='ocr_line' id='line_1_60' title="bbox 451 5422 2062 5484; baseline -0.002 -5"><span class='ocrx_word' id='word_1_808' title='bbox 451 5433 724 5484; x_wconf 78' lang='lat' dir='ltr'><strong><em>curentur,</em></strong></span> <span class='ocrx_word' id='word_1_809' title='bbox 755 5432 936 5476; x_wconf 84' lang='lat' dir='ltr'><strong><em>coeant</em></strong></span> <span class='ocrx_word' id='word_1_810' title='bbox 978 5431 1024 5475; x_wconf 90' lang='lat' dir='ltr'><strong><em>et</em></strong></span> <span class='ocrx_word' id='word_1_811' title='bbox 1067 5422 1455 5476; x_wconf 84' lang='lat' dir='ltr'><strong><em>consolidentnr</em></strong></span> <span class='ocrx_word' id='word_1_812' title='bbox 1493 5423 1820 5476; x_wconf 89' lang='lat' dir='ltr'><strong><em>redeuntium</em></strong></span> <span class='ocrx_word' id='word_1_813' title='bbox 1869 5423 1938 5476; x_wconf 88' lang='lat' dir='ltr'><strong><em>ad</em></strong></span> <span class='ocrx_word' id='word_1_814' title='bbox 1975 5440 2062 5476; x_wconf 90' lang='lat' dir='ltr'><strong><em>sa-</em></strong></span> 
     </span>
    </p>
   </div>
   <div class='ocr_carea' id='block_1_60' title="bbox 2167 5413 3787 5502">
    <p class='ocr_par' dir='ltr' id='par_1_60' title="bbox 2175 5413 3787 5502">
     <span class='ocr_line' id='line_1_61' title="bbox 2175 5413 3787 5502; baseline -0.001 -15"><span class='ocrx_word' id='word_1_815' title='bbox 2175 5433 2325 5487; x_wconf 82' lang='lat' dir='ltr'><strong><em>illius</em></strong></span> <span class='ocrx_word' id='word_1_816' title='bbox 2356 5413 2428 5486; x_wconf 84' lang='lat' dir='ltr'><strong><em>est</em></strong></span> <span class='ocrx_word' id='word_1_817' title='bbox 2462 5434 2598 5502; x_wconf 89' lang='lat' dir='ltr'><strong><em>quod</em></strong></span> <span class='ocrx_word' id='word_1_818' title='bbox 2621 5431 2861 5486; x_wconf 85' lang='lat' dir='ltr'><strong><em>Ecclesia</em></strong></span> <span class='ocrx_word' id='word_1_819' title='bbox 2883 5443 3060 5485; x_wconf 87' lang='lat' dir='ltr'><strong><em>nostra</em></strong></span> <span class='ocrx_word' id='word_1_820' title='bbox 3087 5432 3226 5485; x_wconf 88' lang='lat' dir='ltr'><strong><em>vicit.</em></strong></span> <span class='ocrx_word' id='word_1_821' title='bbox 3268 5433 3334 5486; x_wconf 86' lang='lat' dir='ltr'><strong><em>At</em></strong></span> <span class='ocrx_word' id='word_1_822' title='bbox 3361 5451 3506 5502; x_wconf 90' lang='lat' dir='ltr'><strong><em>reges</em></strong></span> <span class='ocrx_word' id='word_1_823' title='bbox 3525 5435 3787 5502; x_wconf 86' lang='lat' dir='ltr'><strong><em>imperan-</em></strong></span> 
     </span>
    </p>
   </div>
   <div class='ocr_carea' id='block_1_61' title="bbox 451 5517 3787 5594">
    <p class='ocr_par' dir='ltr' id='par_1_61' title="bbox 451 5517 3787 5594">
     <span class='ocr_line' id='line_1_62' title="bbox 451 5517 3787 5594; baseline 0.002 -22"><span class='ocrx_word' id='word_1_824' title='bbox 451 5533 572 5572; x_wconf 83' lang='lat' dir='ltr'><strong><em>nam</em></strong></span> <span class='ocrx_word' id='word_1_825' title='bbox 622 5517 778 5586; x_wconf 81' lang='lat' dir='ltr'><strong><em>ﬁdem</em></strong></span> <span class='ocrx_word' id='word_1_826' title='bbox 813 5517 1025 5570; x_wconf 88' lang='lat' dir='ltr'><strong><em>vulnera</em></strong></span> <span class='ocrx_word' id='word_1_827' title='bbox 1067 5527 1114 5570; x_wconf 85' lang='lat' dir='ltr'><strong><em>et</em></strong></span> <span class='ocrx_word' id='word_1_828' title='bbox 1159 5517 1460 5582; x_wconf 87' lang='lat' dir='ltr'><strong><em>cicatrices;</em></strong></span> <span class='ocrx_word' id='word_1_829' title='bbox 1489 5517 1691 5570; x_wconf 88' lang='lat' dir='ltr'><strong><em>nullum</em></strong></span> <span class='ocrx_word' id='word_1_830' title='bbox 1722 5533 1820 5586; x_wconf 88' lang='lat' dir='ltr'><strong><em>quo</em></strong></span> <span class='ocrx_word' id='word_1_831' title='bbox 1853 5517 2058 5586; x_wconf 83' lang='lat' dir='ltr'><strong><em>plenius</em></strong></span> <span class='ocrx_word' id='word_1_832' title='bbox 2173 5523 2270 5588; x_wconf 81' lang='lat' dir='ltr'><strong><em>do,</em></strong></span> <span class='ocrx_word' id='word_1_833' title='bbox 2303 5524 2559 5592; x_wconf 81' lang='lat' dir='ltr'><strong><em>principes</em></strong></span> <span class='ocrx_word' id='word_1_834' title='bbox 2591 5523 2836 5578; x_wconf 74' lang='lat' dir='ltr'><strong><em>Ecclesia:</em></strong></span> <span class='ocrx_word' id='word_1_835' title='bbox 2858 5525 3216 5594; x_wconf 88' lang='lat' dir='ltr'><strong><em>persuadendo</em></strong></span> <span class='ocrx_word' id='word_1_836' title='bbox 3243 5543 3361 5581; x_wconf 89' lang='lat' dir='ltr'><strong><em>cum</em></strong></span> <span class='ocrx_word' id='word_1_837' title='bbox 3383 5527 3586 5582; x_wconf 72' lang='lat' dir='ltr'><strong><em>uincant</em></strong></span> <span class='ocrx_word' id='word_1_838' title='bbox 3611 5567 3626 5592; x_wconf 90' lang='lat'><strong><em>,</em></strong></span> <span class='ocrx_word' id='word_1_839' title='bbox 3657 5525 3787 5579; x_wconf 79' lang='lat' dir='ltr'><strong><em>nihil</em></strong></span> 
     </span>
    </p>
   </div>
   <div class='ocr_carea' id='block_1_62' title="bbox 447 5609 3788 5691">
    <p class='ocr_par' dir='ltr' id='par_1_62' title="bbox 447 5609 3788 5691">
     <span class='ocr_line' id='line_1_63' title="bbox 447 5609 3788 5691; baseline 0.003 -28"><span class='ocrx_word' id='word_1_840' title='bbox 447 5619 498 5668; x_wconf 85' lang='lat' dir='ltr'><strong><em>et</em></strong></span> <span class='ocrx_word' id='word_1_841' title='bbox 527 5613 808 5683; x_wconf 82' lang='lat' dir='ltr'><strong><em>perfectius</em></strong></span> <span class='ocrx_word' id='word_1_842' title='bbox 831 5611 1058 5680; x_wconf 88' lang='lat' dir='ltr'><strong><em>adusque</em></strong></span> <span class='ocrx_word' id='word_1_843' title='bbox 1083 5611 1286 5664; x_wconf 85' lang='lat' dir='ltr'><strong><em>intimos</em></strong></span> <span class='ocrx_word' id='word_1_844' title='bbox 1311 5611 1520 5678; x_wconf 87' lang='lat' dir='ltr'><strong><em>pietatis</em></strong></span> <span class='ocrx_word' id='word_1_845' title='bbox 1541 5609 1851 5664; x_wconf 78' lang='lat' dir='ltr'><strong><em>Christiana:</em></strong></span> <span class='ocrx_word' id='word_1_846' title='bbox 1872 5627 2054 5665; x_wconf 84' lang='lat' dir='ltr'><strong><em>sensus</em></strong></span> <span class='ocrx_word' id='word_1_847' title='bbox 2171 5625 2250 5671; x_wconf 71' lang='lat' dir='ltr'><strong><em>est</em></strong></span> <span class='ocrx_word' id='word_1_848' title='bbox 2295 5615 2430 5684; x_wconf 89' lang='lat' dir='ltr'><strong><em>quod</em></strong></span> <span class='ocrx_word' id='word_1_849' title='bbox 2465 5615 2622 5684; x_wconf 80' lang='lat' dir='ltr'><strong><em>Regis</em></strong></span> <span class='ocrx_word' id='word_1_850' title='bbox 2670 5617 2850 5686; x_wconf 69' lang='lat' dir='ltr'><strong><em>gloria:</em></strong></span> <span class='ocrx_word' id='word_1_851' title='bbox 2887 5617 3171 5671; x_wconf 89' lang='lat' dir='ltr'><strong><em>detractum</em></strong></span> <span class='ocrx_word' id='word_1_852' title='bbox 3195 5621 3473 5691; x_wconf 87' lang='lat' dir='ltr'><strong><em>quidquam</em></strong></span> <span class='ocrx_word' id='word_1_853' title='bbox 3499 5628 3588 5674; x_wconf 88' lang='lat' dir='ltr'><strong><em>aut</em></strong></span> <span class='ocrx_word' id='word_1_854' title='bbox 3613 5617 3788 5672; x_wconf 86' lang='lat' dir='ltr'><strong><em>immi-</em></strong></span> 
     </span>
    </p>
   </div>
   <div class='ocr_carea' id='block_1_63' title="bbox 443 5700 3787 5783">
    <p class='ocr_par' dir='ltr' id='par_1_63' title="bbox 443 5700 3787 5783">
     <span class='ocr_line' id='line_1_64' title="bbox 443 5700 3787 5783; baseline -0 -19"><span class='ocrx_word' id='word_1_855' title='bbox 443 5704 700 5764; x_wconf 81' lang='lat' dir='ltr'><strong><em>Catltolici</em></strong></span> <span class='ocrx_word' id='word_1_856' title='bbox 732 5720 846 5758; x_wconf 88' lang='lat' dir='ltr'><strong><em>cum</em></strong></span> <span class='ocrx_word' id='word_1_857' title='bbox 875 5703 1072 5774; x_wconf 87' lang='lat' dir='ltr'><strong><em>antiqui</em></strong></span> <span class='ocrx_word' id='word_1_858' title='bbox 1103 5715 1208 5755; x_wconf 88' lang='lat' dir='ltr'><strong><em>tum</em></strong></span> <span class='ocrx_word' id='word_1_859' title='bbox 1239 5700 1502 5772; x_wconf 81' lang='lat' dir='ltr'><strong><em>Ncophyli</em></strong></span> <span class='ocrx_word' id='word_1_860' title='bbox 1531 5702 1912 5757; x_wconf 86' lang='lat' dir='ltr'><strong><em>convalescant.</em></strong></span> <span class='ocrx_word' id='word_1_861' title='bbox 2171 5717 2360 5762; x_wconf 84' lang='lat' dir='ltr'><strong><em>nutum</em></strong></span> <span class='ocrx_word' id='word_1_862' title='bbox 2387 5705 2454 5757; x_wconf 90' lang='lat' dir='ltr'><strong><em>ad</em></strong></span> <span class='ocrx_word' id='word_1_863' title='bbox 2477 5715 2617 5760; x_wconf 88' lang='lat' dir='ltr'><strong><em>tuam</em></strong></span> <span class='ocrx_word' id='word_1_864' title='bbox 2641 5709 3119 5779; x_wconf 85' lang='lat' dir='ltr'><strong><em>commendandam,</em></strong></span> <span class='ocrx_word' id='word_1_865' title='bbox 3139 5723 3340 5768; x_wconf 89' lang='lat' dir='ltr'><strong><em>censeat</em></strong></span> <span class='ocrx_word' id='word_1_866' title='bbox 3361 5712 3546 5783; x_wconf 88' lang='lat' dir='ltr'><strong><em>aliquis</em></strong></span> <span class='ocrx_word' id='word_1_867' title='bbox 3575 5719 3664 5766; x_wconf 86' lang='lat' dir='ltr'><strong><em>aut</em></strong></span> <span class='ocrx_word' id='word_1_868' title='bbox 3691 5711 3787 5764; x_wconf 80' lang='lat' dir='ltr'><strong><em>do-</em></strong></span> 
     </span>
    </p>
   </div>
   <div class='ocr_carea' id='block_1_64' title="bbox 517 5793 3782 5878">
    <p class='ocr_par' dir='ltr' id='par_1_64' title="bbox 517 5793 3782 5878">
     <span class='ocr_line' id='line_1_65' title="bbox 517 5793 3782 5878; baseline 0.001 -22"><span class='ocrx_word' id='word_1_869' title='bbox 517 5799 752 5856; x_wconf 78' lang='lat' dir='ltr'><strong><em>Summa:</em></strong></span> <span class='ocrx_word' id='word_1_870' title='bbox 797 5807 899 5852; x_wconf 70' lang='lat' dir='ltr'><strong><em>tua:</em></strong></span> <span class='ocrx_word' id='word_1_871' title='bbox 955 5796 1226 5866; x_wconf 80' lang='lat' dir='ltr'><strong><em>sapientia:</em></strong></span> <span class='ocrx_word' id='word_1_872' title='bbox 1273 5793 1740 5864; x_wconf 84' lang='lat' dir='ltr'><strong><em>consultissimique</em></strong></span> <span class='ocrx_word' id='word_1_873' title='bbox 1793 5795 1891 5848; x_wconf 81' lang='lat' dir='ltr'><strong><em>zeli</em></strong></span> <span class='ocrx_word' id='word_1_874' title='bbox 1944 5796 2048 5866; x_wconf 86' lang='lat' dir='ltr'><strong><em>fuit</em></strong></span> <span class='ocrx_word' id='word_1_875' title='bbox 2173 5803 2312 5864; x_wconf 87' lang='lat' dir='ltr'><strong><em>leat;</em></strong></span> <span class='ocrx_word' id='word_1_876' title='bbox 2357 5815 2470 5851; x_wconf 89' lang='lat' dir='ltr'><strong><em>cum</em></strong></span> <span class='ocrx_word' id='word_1_877' title='bbox 2511 5809 2726 5872; x_wconf 88' lang='lat' dir='ltr'><strong><em>utraque</em></strong></span> <span class='ocrx_word' id='word_1_878' title='bbox 2767 5803 2832 5856; x_wconf 91' lang='lat' dir='ltr'><strong><em>sit</em></strong></span> <span class='ocrx_word' id='word_1_879' title='bbox 2869 5805 2922 5858; x_wconf 89' lang='lat' dir='ltr'><strong><em>in</em></strong></span> <span class='ocrx_word' id='word_1_880' title='bbox 2961 5821 3056 5860; x_wconf 89' lang='lat' dir='ltr'><strong><em>suo</em></strong></span> <span class='ocrx_word' id='word_1_881' title='bbox 3091 5823 3304 5877; x_wconf 64' lang='lat' dir='ltr'><strong><em>quasque</em></strong></span> <span class='ocrx_word' id='word_1_882' title='bbox 3342 5821 3527 5878; x_wconf 87' lang='lat' dir='ltr'><strong><em>genere</em></strong></span> <span class='ocrx_word' id='word_1_883' title='bbox 3559 5819 3782 5860; x_wconf 87' lang='lat' dir='ltr'><strong><em>summa.</em></strong></span> 
     </span>
    </p>
   </div>
   <div class='ocr_carea' id='block_1_65' title="bbox 439 5885 3782 5970">
    <p class='ocr_par' dir='ltr' id='par_1_65' title="bbox 439 5885 3782 5970">
     <span class='ocr_line' id='line_1_66' title="bbox 439 5885 3782 5970; baseline 0.001 -20"><span class='ocrx_word' id='word_1_884' title='bbox 439 5893 578 5968; x_wconf 82' lang='lat' dir='ltr'><strong><em>quod</em></strong></span> <span class='ocrx_word' id='word_1_885' title='bbox 627 5909 654 5950; x_wconf 92' lang='lat' dir='ltr'><strong><em>e</em></strong></span> <span class='ocrx_word' id='word_1_886' title='bbox 700 5890 938 5950; x_wconf 87' lang='lat' dir='ltr'><strong><em>manibus</em></strong></span> <span class='ocrx_word' id='word_1_887' title='bbox 983 5887 1342 5943; x_wconf 57' lang='lat' dir='ltr'><strong><em>haereticorum</em></strong></span> <span class='ocrx_word' id='word_1_888' title='bbox 1390 5903 1536 5942; x_wconf 72' lang='lat' dir='ltr'><strong><em>anno</em></strong></span> <span class='ocrx_word' id='word_1_889' title='bbox 1558 5927 1572 5954; x_wconf 82' lang='grc'><em>,</em></span> <span class='ocrx_word' id='word_1_890' title='bbox 1620 5885 1676 5942; x_wconf 72' lang='lat' dir='ltr'><strong><em>id</em></strong></span> <span class='ocrx_word' id='word_1_891' title='bbox 1717 5896 1795 5943; x_wconf 73' lang='lat' dir='ltr'><strong><em>est</em></strong></span> <span class='ocrx_word' id='word_1_892' title='bbox 1817 5928 1834 5958; x_wconf 83' lang='grc'><strong><em>,</em></strong></span> <span class='ocrx_word' id='word_1_893' title='bbox 1874 5890 2050 5958; x_wconf 73' lang='grc' dir='ltr'><strong><em>Ρενηὶ-</em></strong></span> <span class='ocrx_word' id='word_1_894' title='bbox 2171 5892 2329 5962; x_wconf 80' lang='lat' dir='ltr'><strong><em>Quod</em></strong></span> <span class='ocrx_word' id='word_1_895' title='bbox 2352 5889 2596 5966; x_wconf 75' lang='lat' dir='ltr'><strong><em>Cwsaris,</em></strong></span> <span class='ocrx_word' id='word_1_896' title='bbox 2625 5893 2862 5965; x_wconf 62' lang='lat' dir='ltr'><strong><em>Caesari;</em></strong></span> <span class='ocrx_word' id='word_1_897' title='bbox 2891 5897 2980 5955; x_wconf 88' lang='lat' dir='ltr'><strong><em>tibi</em></strong></span> <span class='ocrx_word' id='word_1_898' title='bbox 3005 5899 3195 5970; x_wconf 85' lang='lat' dir='ltr'><strong><em>modo,</em></strong></span> <span class='ocrx_word' id='word_1_899' title='bbox 3218 5899 3568 5957; x_wconf 82' lang='lat' dir='ltr'><strong><em>illustrissime</em></strong></span> <span class='ocrx_word' id='word_1_900' title='bbox 3597 5898 3782 5958; x_wconf 81' lang='lat' dir='ltr'><strong><em>Eccle-</em></strong></span> 
     </span>
    </p>
   </div>
  </div>
