4102 6360
279 333 349 390 t5
1702 390 1705 393 ,
1728 330 2139 390 Puerum-
3523 326 3593 395 ti

278 452 372 508 sia:
394 448 656 521 princeps,
687 444 826 518 quod
846 453 994 502 suum
1014 454 1089 500 est
1106 445 1161 501 in
1178 451 1319 500 tanto
1348 446 1446 501 hoc
1460 461 1613 517 opere
1630 455 1736 502 tota
1757 446 1883 503 ϐαι·
1909 455 1962 519 Α
1985 444 2169 502 cordis
2201 446 2434 518 navigat,
2465 446 2600 505 ﬁdes
2630 449 2834 520 spirat,
2860 450 3110 506 certatim
3132 460 3312 509 nauta
3337 462 3593 525 repetunt

277 545 350 601 lia
379 543 705 615 gratulatur;
729 557 1033 612 quamquam
1062 550 1110 596 et
1135 542 1189 595 in
1213 542 1326 611 ipsa
1353 540 1575 597 Ca'saris
1604 552 1771 610 parte,
1788 541 1881 596 tibi

275 640 361 711 qui
389 638 497 693 dua:
524 648 571 692 et
598 654 694 708 per
722 634 967 690 Francia:
991 652 1044 689 es
1068 676 1084 702 ,
1109 635 1247 707 quod
1273 635 1365 690 sub
1390 652 1510 708 rege
1534 637 1733 707 optimo
1757 635 1879 691 dia-

277 734 420 790 :cinto
443 732 762 787 administris
783 731 1049 801 ﬁdissimis
1070 740 1234 802 potest
1262 772 1279 798 ,
1315 745 1579 785 censemus
1607 746 1718 785 esse
1752 745 1882 799 quo-

278 842 378 898 que
406 825 791 899 gratulandum.
826 824 999 879 Probe
1035 825 1129 879 scit
1160 825 1442 894 imperator
1468 826 1701 880 omnium
1727 824 1881 894 longe

280 922 787 994 perspicacissimus,
827 930 884 975 ut
919 921 1054 976 illud
1077 920 1426 976 beatissimum
1452 922 1506 975 in
1545 920 1875 992 principatu,

276 1016 448 1088 facere
466 1015 605 1088 quod
637 1015 845 1071 libuerit
872 1016 986 1083 ;ita
1006 1018 1147 1071 istud
1190 1016 1533 1072 miserrimum
1558 1031 1669 1071 esse
1691 1055 1707 1083 ,
1742 1015 1881 1071 nolle

274 1111 372 1166 sibi
401 1110 606 1183 suggeri
630 1111 771 1182 quod
797 1110 1027 1167 debuerit
1051 1128 1070 1167 :
1097 1128 1199 1182 qua
1241 1114 1532 1181 wquissinta
1563 1111 1883 1168 modestissi-

272 1219 463 1274 maque
481 1222 579 1261 sua
593 1214 763 1261 mente
788 1206 1143 1261 secretioribus
1169 1206 1277 1261 suis
1302 1205 1536 1261 consiliis
1551 1205 1881 1277 dignissimos

271 1316 497 1372 quosque
522 1310 753 1356 succenset
770 1342 785 1367 ,
822 1302 876 1357 in
901 1318 1028 1372 quos
1051 1302 1268 1374 proinde
1289 1301 1546 1356 nonnulla
1570 1302 1727 1371 regiae
1760 1301 1876 1371 glo-

270 1395 366 1452 ria!
394 1397 563 1468 portio
592 1396 800 1452 consilii
819 1398 1025 1451 nomine
1049 1396 1230 1451 merito
1251 1397 1527 1451 derivetur.
1568 1393 1703 1450 Inde
1732 1396 1790 1464 ﬁt
1824 1404 1879 1449 ut

271 1490 361 1561 qui
380 1490 716 1562 proﬂigatum
746 1491 992 1546 hereseos
1017 1499 1304 1544 monstrum
1326 1488 1530 1562 regibus
1565 1490 1693 1556 ipsis
1721 1486 1879 1559 paulo

273 1592 394 1639 ante
414 1600 515 1638 non
534 1582 861 1639 mediocriter
882 1584 1270 1655 formidandum
1281 1592 1505 1653 stupent,
1526 1585 1881 1654 miranturque

273 1679 330 1732 in
363 1687 506 1733 tanto
533 1696 721 1751 regno,
753 1688 855 1735 tam
880 1679 1019 1735 brevi
1038 1680 1310 1735 interuallo
1334 1681 1614 1750 temporis,
1660 1679 1880 1751 feliciter

273 1781 323 1829 et
343 1774 454 1828 sine
476 1773 584 1829 ulla
614 1774 756 1830 ccede
791 1776 995 1847 penitus
1021 1777 1355 1842 exstinctum;
1388 1775 1510 1829 tein
1536 1782 1735 1847 partem
1763 1782 1881 1827 tan-

1986 536 2111 594 fidei
2149 553 2288 609 quos
2315 540 2587 611 reliquere
2618 552 2806 612 portus
2830 585 2846 612 ,
2891 550 2949 598 et
2975 543 3152 600 dulcia
3187 546 3376 616 patriis
3398 547 3591 603 oscula

1984 632 2255 688 littoribus
2285 633 2472 703 ﬁgunt,
2499 634 2757 693 liberatos
2778 652 2838 694 se
2868 638 3125 708 periculis
3148 680 3165 708 ,
3188 640 3469 697 absolutos
3493 656 3589 697 er-

1981 726 2199 782 roribus
2227 728 2561 797 gratulantes
2587 747 2599 782 :
2630 732 2818 802 quique
2847 732 2939 788 tibi
2961 734 3152 804 totique
3179 734 3320 789 clero
3349 733 3589 790 Gallica-

1982 838 2048 877 na
2074 823 2368 895 suppeditet
2398 833 2445 878 et
2469 834 2710 896 suggerat
2730 828 2856 882 istas
2884 827 2953 881 ad
2979 827 3302 882 Ludovicum
3333 827 3590 901 Magnum

1982 933 2127 974 saces
2153 958 2167 982 .
2218 920 2447 988 antiquet
2485 920 2729 974 adversus
2754 923 2994 976 haresim
3028 922 3324 994 disciplina:
3353 932 3505 979 testes
3541 930 3593 978 et

1982 1012 2101 1069 novi
2138 1013 2440 1084 interpretes
2475 1014 2675 1084 gaudii.
2714 1014 3016 1072 Reddidisti
3047 1018 3175 1073 milii
3214 1022 3453 1091 quietem
3486 1016 3594 1074 Ec-

1982 1105 2163 1162 clesiae
2186 1147 2201 1171 ,
2233 1106 2560 1178 perﬁdorum
2601 1122 2694 1164 ora
2720 1149 2735 1176 ,
2768 1119 2932 1180 atque
2961 1110 3165 1165 utinam
3198 1112 3362 1168 corda
3390 1154 3405 1181 ,
3438 1112 3593 1168 clau-

1966 1202 2098 1258 sisti
2135 1219 2149 1259 :
2183 1211 2239 1259 et
2289 1203 2393 1261 hoc
2421 1218 2532 1260 non
2570 1204 2782 1261 minore
2814 1204 2937 1261 fidei
2968 1219 3129 1277 quam
3157 1207 3441 1277 potestatis
3466 1220 3595 1263 auc-

1984 1296 2227 1353 toritate.

2057 1389 2258 1446 Felices
2312 1406 2407 1447 nos
2454 1390 2845 1464 fortunatosque
2877 1436 2891 1461 ,
2946 1390 3301 1449 illustrissirne
3344 1393 3594 1451 Ecclesia:

1984 1488 2244 1561 princeps,
2274 1490 2320 1544 si
2348 1505 2451 1545 non
2478 1507 2625 1547 secus
2648 1501 2801 1564 atque
2824 1490 3061 1563 operibus
3088 1493 3197 1547 suis
3213 1491 3516 1549 Ambrosius
3537 1493 3595 1548 in

1982 1595 2178 1637 mustea
2218 1592 2308 1637 tuo
2342 1583 2513 1639 locum
2543 1584 2800 1652 obtinuit,
2843 1586 2919 1640 ita
2962 1601 3114 1655 quem
3160 1586 3305 1641 nobis
3352 1586 3591 1658 ipsorum

1982 1678 2395 1736 emendatoribus
2422 1680 2477 1735 in
2497 1681 2672 1736 animo
2691 1691 2779 1736 tuo
2793 1681 3125 1749 concessisti,
3151 1682 3441 1737 diutissime
3466 1698 3594 1737 con-

1981 1785 2144 1829 servet
2177 1775 2231 1828 in
2257 1775 2367 1830 dies
2396 1775 2560 1846 magis
2590 1775 2832 1831 intimum
2860 1784 2908 1830 et
2934 1775 3219 1830 auctiorem
3251 1790 3269 1831 :
3298 1774 3475 1846 {elices
3501 1817 3516 1842 ,
3549 1774 3595 1829 si

272 1874 341 1922 ιω
370 1867 540 1922 laudis
567 1878 794 1931 evocent,
826 1886 927 1925 non
958 1880 1013 1924 ut
1034 1870 1267 1925 divinum
1286 1870 1463 1937 modo,
1491 1871 1582 1925 sed
1603 1880 1659 1923 ut
1681 1870 1881 1940 regium
1911 1877 1960 1940 Β
1987 1869 2175 1923 nostris
2212 1869 2342 1925 votis
2372 1877 2418 1924 et
2455 1869 2693 1940 precibus
2731 1886 2962 1925 annuens
3002 1871 3197 1939 prmul
3239 1870 3597 1925 sanctissimus

271 1962 429 2016 etiam
457 1962 853 2031 administrant,
884 1981 1034 2037 quem
1061 1972 1253 2020 norunt
1288 1966 1407 2019 initi
1442 1974 1548 2019 tam
1580 1964 1805 2036 ingentis
1837 1974 1883 2019 et

270 2071 433 2128 supra
468 2057 626 2125 [idem
665 2069 980 2129 posterorum
1020 2060 1173 2114 ardui
1204 2060 1500 2131 propositi,
1530 2060 1883 2116 consiliarium

270 2159 320 2205 st
336 2160 596 2205 auctorem
623 2153 788 2224 fuisse
812 2170 843 2206 a
869 2170 988 2223 rege
1017 2154 1357 2223 principatum.

343 2242 626 2299 Commode
665 2257 1057 2318 opportuneque
1088 2248 1231 2318 [estis
1269 2262 1383 2303 eam
1421 2247 1487 2303 ob
1512 2262 1622 2302 rem
1648 2249 1883 2303 omnium

268 2337 506 2400 vocibus,
548 2347 598 2392 et
625 2339 996 2410 congeminatis
1037 2341 1301 2411 plausibus
1331 2341 1554 2413 publicis
1580 2340 1881 2396 Ambrosius

267 2430 656 2487 adeenitCltori
679 2436 842 2488 nostri
873 2434 981 2489 dua:
1015 2452 1033 2503 ;
1076 2440 1229 2508 cujus
1261 2454 1350 2493 ore
1394 2448 1440 2493 et
1481 2438 1650 2493 lwtius
1694 2446 1742 2493 et
1770 2422 1885 2511 dig;

267 2523 386 2580 nius
410 2527 680 2581 accinatur
705 2544 724 2581 :
756 2526 954 2583 Factus
979 2540 1062 2586 est
1089 2547 1226 2586 unus
1260 2531 1491 2603 populus
1521 2576 1535 2600 ,
1570 2548 1634 2589 ex
1666 2533 1895 2603 hu-reti—V

164 2630 168 2635 ‘
266 2617 348 2675 eis
377 2660 390 2674 .
428 2660 441 2673 .
478 2658 493 2673 .
528 2660 542 2676 .
572 2622 778 2691 repleta
812 2631 895 2678 est
924 2623 1169 2681 Ecclesia
1200 2642 1216 2692 ;
1270 2636 1317 2681 et
1358 2642 1461 2681 non
1507 2627 1618 2682 sine
1653 2628 1885 2684 maxima

265 2712 529 2784 voluptate
556 2714 654 2771 ltoc
679 2715 1058 2790 subjungatur:
1079 2718 1279 2777 Sedata
1300 2730 1596 2793 tempestas
1618 2733 1721 2792 est,
1754 2738 1886 2779 con-

1988 1962 2287 2037 Religioni,
2320 1963 2603 2033 Ecclesia,
2638 1965 2859 2033 Gallia,
2892 1964 3041 2021 nobis
3068 1975 3116 2019 et
3143 1963 3379 2020 omnibus
3407 1974 3457 2019 te
3481 1963 3601 2019 ditt-

1986 2060 2180 2115 tissime
2207 2060 2406 2115 salvum
2452 2070 2502 2117 et
2526 2059 2839 2131 incolumem
2868 2076 2899 2115 α
2925 2057 3038 2116 Deo
3065 2070 3417 2129 eontprecetur
3446 2067 3600 2129 atque

1985 2153 2258 2224 impetret;
2288 2153 2464 2227 felices
2489 2154 2736 2219 denique,
2775 2155 2822 2209 si
2849 2154 2940 2225 qui
2969 2165 3158 2210 nostra!
3186 2168 3309 2226 erga
3346 2162 3395 2208 te
3425 2149 3600 2206 obser-

1986 2249 2176 2304 vantiae
2225 2249 2368 2303 testis
2421 2257 2496 2304 est
2542 2247 2900 2305 ueracissimus
2936 2245 3188 2303 Ecclesia
3215 2246 3424 2312 doctor,
3479 2260 3511 2298 a
3554 2252 3602 2298 te

1986 2345 2145 2401 etiam
2178 2341 2339 2399 Obses
2364 2343 2685 2412 suscipiatur
2711 2350 2761 2398 et
2785 2342 3062 2416 ﬁdejussor
3084 2339 3485 2398 devinctissimtv
3511 2352 3604 2393 vo-

1988 2439 2203 2496 luntatis
2228 2456 2331 2508 qua
2358 2455 2535 2495 sumus

2112 2534 2433 2595 Cclsitudinl
2477 2543 2582 2590 tua:

2388 2625 2747 2685 Addictissimi
2784 2634 2832 2683 et
2869 2624 3306 2700 obsequentissimi
3349 2620 3603 2681 Monachi

2461 2718 3258 2796 Benedictiniﬁongregationis
3299 2718 3359 2779 8.
3400 2717 3596 2777 Mauri.

264 2884 3514 2925 mm

1224 3262 1237 3281 ι
1362 3079 2479 3234 ΡΡυἘΡΑΤΙΟ.

333 3481 467 3541 Cum
502 3494 641 3539 nova
673 3466 804 3539 cura
834 3494 935 3539 nec
962 3481 1187 3543 minimo
1232 3480 1422 3541 labore
1462 3491 1718 3558 purgatas
1744 3484 1869 3540 Am.
1901 3485 1948 3550 C
1978 3486 2155 3545 sentia
2203 3488 2256 3543 in
2309 3471 2699 3559 Sacramenta,
2733 3488 2801 3548 de
2848 3499 3118 3562 potestate
3145 3501 3306 3567 atque
3343 3495 3591 3558 clavibus

262 3576 433 3634 brosii
488 3578 979 3634 commentationes
1036 3575 1391 3645 exhibemus,
1460 3577 1593 3633 nihil
1650 3592 1874 3634 necesse

264 3673 421 3729 nobis
450 3672 610 3728 fuerit
635 3672 889 3730 catholici
920 3673 1140 3729 lectoris
1162 3673 1439 3741 animum,
1474 3681 1532 3728 ut
1554 3673 1604 3729 ei
1632 3685 1871 3728 nostram

264 3766 404 3823 hanc
457 3767 750 3825 editionem
801 3768 1268 3834 Commendetuus,
1314 3767 1577 3825 aﬂ'ectatis
1623 3769 1873 3825 Auctoris

264 3875 561 3934 Operumve
584 3863 753 3934 ipsius
775 3864 1023 3920 laudibus
1046 3865 1319 3935 pellicere.
1346 3865 1475 3934 Quis
1495 3865 1635 3920 enim
1660 3880 1867 3932 eorum,

265 3956 355 4025 qui
384 3957 469 4010 vel
501 3956 828 4027 primoribus
854 3957 1019 4013 labris
1045 3957 1469 4014 ecclesiasticam
1516 3957 1874 4013 delibaverint

264 4046 575 4120 historiam,
605 4049 944 4109 inﬁciaturus
972 4060 1053 4107 est
1080 4052 1259 4107 omnia
1302 4051 1356 4107 in
1383 4051 1673 4107 Ambrosio
1702 4053 1872 4108 maxi-

263 4158 351 4201 ma
402 4145 677 4201 exstitisse
713 4161 775 4200 ac
814 4145 972 4218 plane
1023 4145 1353 4217 singularia?
1382 4146 1523 4201 Sane
1567 4145 1785 4216 quidem
1817 4146 1869 4200 in

265 4238 517 4293 confeSso
562 4247 647 4294 est
695 4238 838 4294 illius
870 4239 935 4294 ad
981 4240 1351 4314 episcopatum
1404 4241 1782 4307 vacationem,
1814 4238 1868 4296 in

263 4333 579 4409 episcopatu
603 4333 1019 4390 sollicitudinem
1048 4346 1211 4406 atque
1232 4334 1615 4402 Constantiam,
1643 4336 1693 4390 in
1719 4335 1869 4390 omni

263 4427 375 4485 vita
407 4428 794 4501 integritatem,
841 4430 1252 4499 humanitatem,
1312 4430 1657 4503 religionem,
1704 4431 1863 4486 alias-

262 4514 366 4599 que
387 4524 617 4580 virtutes
646 4523 936 4594 splendore
987 4524 1203 4582 fulsisse
1237 4542 1343 4580 non
1386 4520 1615 4592 usitato;
1644 4526 1864 4595 solaque

263 4616 410 4674 illius
436 4617 882 4689 magnanimitate
909 4617 1044 4673 adeo
1077 4618 1383 4688 perculsum
1414 4619 1579 4673 fuiSse
1614 4617 1864 4673 Theodo-

265 4710 402 4767 sium
430 4710 675 4782 Magnum
695 4754 709 4781 ,
736 4720 795 4769 ut
824 4711 1065 4783 eruperit
1092 4713 1143 4767 in
1176 4710 1293 4768 hmc
1316 4712 1476 4768 verba
1504 4729 1516 4766 :
1545 4711 1863 4784 EpiscOpum

261 4807 638 4863 vidineminem
673 4818 860 4878 prtcter
879 4806 1221 4863 Ambrosium.
1257 4804 1478 4879 (Tlteod.
1516 4805 1653 4861 Hist.
1686 4807 1776 4861 lib.
1802 4824 1856 4875 ν,

1981 3577 2269 3646 Ecclesiae,
2297 3580 2366 3637 de
2394 3584 2720 3640 necessitate
2771 3584 3036 3641 honorum
3080 3604 3332 3659 operum,
3364 3607 3596 3649 venera-

1981 3673 2128 3729 tione
2170 3674 2543 3745 reliquiarum,
2580 3677 2860 3734 beatorum
2912 3681 3154 3738 caelitum
3204 3683 3589 3757 invocatione,

1978 3779 2088 3827 tam
2135 3771 2361 3830 disertis
2407 3774 2587 3831 verbis
2636 3776 2873 3834 locutum
2928 3795 3051 3837 esse
3101 3782 3483 3850 Ambrosium,
3528 3794 3589 3843 ut

1978 3867 2109 3923 nihil
2144 3868 2385 3938 apertius
2414 3885 2570 3939 aequo
2602 3871 2961 3943 prudentique
2994 3875 3181 3930 lectori
3213 3877 3582 3947 ertpetendnm

1977 3963 2067 4018 sit.
2101 3959 2371 4018 Ca~terutn
2415 3980 2536 4019 cum
2571 3965 2709 4019 inter
2754 3968 2857 4021 alia
2890 3968 2975 4022 isti
3008 3972 3304 4026 ret'ractarii
3337 3973 3585 4030 codicum

1977 4054 2249 4112 editorum
2278 4055 2720 4126 depravationem
2758 4059 3116 4118 criminentur
3145 4078 3303 4133 quam
3352 4064 3587 4122 invidio-

1976 4148 2212 4214 siSsime,
2245 4148 2540 4205 editionem
2592 4160 2833 4206 nostram
2866 4152 2970 4210 hoc
3016 4164 3260 4228 tempore
3286 4173 3395 4229 quo
3436 4161 3578 4232 regis

1977 4238 2150 4311 pietas
2192 4256 2411 4297 omnem
2460 4256 2611 4298 suam
2655 4247 3032 4303 auctoritatem
3078 4249 3145 4305 ad
3195 4250 3579 4311 haereticorum

1974 4334 2388 4392 conversionem
2441 4334 2684 4406 confert,
2746 4354 3030 4410 speramus
3079 4358 3186 4398 non
3233 4345 3351 4401 sine
3400 4346 3580 4407 fructu

1975 4432 2259 4485 exituram.
2292 4429 2349 4486 In
2378 4446 2479 4502 qua
2523 4433 2837 4487 exornattda
2865 4434 2992 4506 quid
3023 4450 3053 4490 a
3100 4436 3257 4492 nobis
3281 4442 3581 4509 pra'stitum

1973 4520 2133 4577 fuerit
2150 4564 2166 4589 ,
2190 4522 2569 4593 explicabitur,
2604 4535 2887 4597 postquam
2928 4528 3183 4584 nonnulla
3209 4529 3278 4587 de
3304 4521 3581 4594 veteribus

1972 4613 2302 4670 editioniluts
2339 4631 2459 4687 qua:
2492 4615 2544 4672 in
2574 4618 2739 4673 variis
2768 4617 2999 4694 Europa:
3028 4622 3163 4681 locis
3186 4624 3403 4685 emissae
3429 4638 3578 4698 sunt,

1972 4724 2417 4780 praemusenmus.

2041 4803 2252 4860 Nullam
2284 4821 2447 4876 porro
2477 4807 2662 4865 videre
2685 4807 2842 4865 nobis
2865 4810 3091 4881 contigit
3118 4811 3480 4885 antiquiorem
3504 4833 3567 4876 ea

263 4920 311 4958 c.
370 4902 493 4976 17.)
540 4905 693 4973 Quod
744 4921 875 4962 vero
926 4896 992 4960 ad
1042 4902 1343 4961 doctrinam
1391 4904 1529 4976 ejus,
1572 4905 1719 4961 illam
1754 4921 1860 4960 non
1889 4904 1940 4965 D
1966 4916 2124 4973 quam
2154 4899 2413 4957 Maliellus
2444 4900 2613 4959 Venia
2662 4902 2963 4959 monachus
2992 4902 3417 4977 Aogustiuianus
3443 4915 3574 4968 Atn.

263 4998 424 5055 modo
454 5001 626 5057 saneti
665 5000 875 5069 Patres,
917 5002 1112 5058 summi
1162 5000 1472 5065 Pontiﬁces,
1520 5003 1856 5059 meumetiica

264 5087 499 5149 Concilia
525 5095 772 5151 certatim
802 5094 1086 5169 exquisitis
1110 5094 1303 5165 elogiis
1336 5094 1727 5163 prmdiearunt,
1761 5111 1856 5151 ve-

262 5199 383 5242 rum
405 5187 566 5242 etiam
601 5188 819 5257 ipsimct
852 5188 1112 5244 Itmretici.
1140 5186 1245 5245 Sed
1274 5202 1374 5243 nec
1402 5187 1546 5242 aliud
1567 5189 1856 5258 quidquam

260 5279 433 5351 magis
460 5279 732 5347 declarat,
785 5289 983 5354 quanta
1026 5281 1289 5337 doctrinae
1316 5298 1380 5337 ac
1410 5282 1736 5350 eloquentiae
1779 5284 1858 5340 vis

260 5371 422 5431 fuerit
464 5374 516 5431 in
551 5376 835 5433 Ambrosio
861 5418 876 5444 ,
907 5393 1066 5447 quam
1097 5376 1430 5449 Augustinus
1461 5379 1530 5435 ab
1572 5395 1758 5435 errore
1789 5380 1857 5435 ad

260 5480 445 5541 veram
495 5468 655 5525 fidetn
707 5468 954 5525 Doctoris
999 5471 1169 5526 nostri
1214 5468 1383 5545 opera
1421 5482 1477 5528 et
1504 5473 1856 5529 eoncionibus

259 5572 565 5617 revocatus.
600 5560 712 5618 Hac
759 5564 957 5635 quippe
987 5579 1092 5619 una
1135 5563 1362 5621 victoria
1410 5565 1513 5621 sibi
1551 5563 1852 5633 tmpltarum

258 5668 324 5713 ac
351 5667 759 5712 monumentum
807 5673 918 5713 {ere
964 5659 1254 5730 perennius
1282 5664 1456 5716 erexit
1504 5674 1725 5717 sanctus
1765 5661 1855 5717 hic

257 5746 485 5807 Praesul.
533 5750 747 5807 Utinam
795 5766 924 5806 vero
972 5752 1260 5808 neotericis
1299 5754 1462 5810 etiam
1508 5754 1857 5810 lteterodoxis

257 5828 441 5916 magni
490 5842 775 5917 Augustini
823 5844 1138 5916 exemplum
1198 5846 1396 5902 imitari
1461 5845 1673 5903 libeat!
1720 5845 1857 5901 Illud

262 5935 511 6010 profecto
554 5936 678 6009 jure
717 5935 991 5999 affirmare
1022 5953 1313 6011 possumus
1335 5980 1349 6008 ,
1381 5939 1449 5998 de
1492 5938 1692 5997 Christi
1723 5954 1863 6010 pras-

1963 4992 2149 5048 brosio
2180 4992 2392 5049 Corano
2421 4995 2662 5065 ejusdem
2686 4995 2893 5052 ordinis
2921 4999 3162 5069 generali
3193 4999 3485 5060 dedicavit.
3508 5005 3571 5063 in

1965 5088 2054 5146 illa
2088 5089 2304 5162 quidem
2338 5105 2511 5160 neque
2559 5092 2698 5159 loci,
2732 5108 2909 5163 neque
2940 5095 3199 5164 temporis
3228 5107 3431 5153 certam
3465 5101 3566 5156 ali-

1964 5201 2124 5258 quam
2151 5195 2332 5257 uolam
2366 5185 2741 5256 deprehendas
2772 5204 2785 5242 :
2819 5187 2912 5243 sed
2938 5188 3063 5244 inde
3089 5187 3272 5246 forsan
3296 5193 3571 5262 conjicere

1963 5279 2126 5337 liceat
2149 5281 2395 5339 eamdem
2425 5292 2477 5336 et
2501 5282 2553 5338 in
2583 5281 2771 5347 Italia,
2804 5292 2857 5338 et
2900 5294 3027 5340 ante
3057 5300 3256 5342 annum
3282 5285 3420 5341 1485
3447 5290 3567 5346 vul-

1959 5385 2139 5448 gatam
2173 5393 2325 5444 esse;
2354 5385 2463 5432 tum
2494 5375 2636 5446 quod
2668 5375 2838 5431 forma
2863 5378 3066 5435 codicis
3103 5388 3159 5434 et
3188 5380 3566 5443 cltaractcrum

1962 5483 2085 5524 cum
2111 5470 2212 5525 alia
2232 5512 2244 5533 ,
2275 5469 2343 5525 de
2373 5486 2474 5540 qua
2503 5468 2611 5539 jam
2646 5469 2912 5537 dicemus,
2946 5473 3103 5541 plane
3129 5474 3420 5545 convenit,
3454 5489 3564 5536 tum

1960 5562 2104 5634 quod
2154 5561 2399 5618 Coranus
2439 5561 2532 5616 ille
2605 5575 2700 5616 seu
2731 5559 3057 5619 Coriolanus
3088 5580 3389 5625 memorato
3425 5588 3571 5630 anno

1961 5657 2103 5711 diem
2136 5671 2293 5712 Suum
2346 5658 2530 5709 [tenue
2558 5654 2711 5709 obiit.
2762 5653 2952 5712 Altera
2983 5660 3071 5716 illa
3098 5659 3297 5729 editio,
3343 5676 3570 5725 curante

1961 5750 2217 5807 Cribellio
2269 5750 2620 5820 presbytero,
2653 5741 2955 5803 Mediﬂlan't
3010 5771 3148 5811 anno
3181 5755 3319 5811 MBO
3376 5761 3574 5828 prodiit

1960 5845 2102 5916 apud
2133 5845 2446 5921 magistrum
2472 5836 2810 5897 Leonat‘dul“
2835 5836 3057 5908 PaChel
3090 5866 3240 5923 :quzn
3266 5850 3426 5909 simul
3455 5867 3579 5909 cum

1964 5940 2251 6012 superiore
2288 5939 2544 5995 servatur
2574 5928 2717 6001 apud
2759 5926 2879 5987 RR.
2948 5939 3065 6005 Pp.
3112 5941 3393 6007 canonicos
3426 5939 3590 6020 έεευ.
