4102 6360
521 328 544 382 1
557 330 590 385 ii
1975 319 2138 378 ΡΒιΕ

2239 319 2369 378 ΤΙΟ.
3767 315 3796 370 1
3809 313 3852 370 ϐ

523 446 670 502 lares
695 451 900 500 saneta:
948 441 1240 500 Genovefae
1283 441 1625 498 Parisiensis.
1677 439 1916 510 Ultaque
1941 451 2122 498 autem
2150 443 2202 506 Α
2301 435 2667 494 Nihilominus
2713 443 2898 492 tamen
2925 433 3180 490 editionis
3205 439 3314 489 tam
3343 447 3488 506 saepe
3515 447 3581 490 ac
3631 441 3716 490 tot
3744 433 3848 490 di-

525 539 679 596 valde
709 537 1030 609 imperfecta
1057 545 1176 606 est,
1206 551 1270 594 ac
1293 551 1491 608 paucos
1535 535 1824 591 admodum
1857 545 2118 592 tractatus
2219 535 2394 592 versis
2423 533 2556 589 locis
2579 547 2806 598 recusas,
2839 545 2942 586 nec
2963 546 3068 585 non
3098 528 3308 585 Gelenii
3329 527 3668 598 aliorumque
3699 528 3848 584 doc-

524 648 643 690 com
653 631 956 704 prehendit.

597 725 727 780 Post
755 725 891 780 duos
933 740 1105 782 annos
1159 739 1268 781 non
1313 724 1642 780 mediocrem
1697 722 1909 779 laudent
1939 723 2124 778 retulit

523 816 766 874 Joannes
833 815 1256 882 Anterbachius,
1314 816 1452 872 civis
1521 815 1852 870 Basileensis
1887 857 1901 882 ,
1975 813 2121 886 quod

527 909 846 984 conquisitis
885 911 1336 982 congregatisque
1363 909 1738 980 undecumque
1765 909 2124 979 plurimorum

525 1019 591 1060 ac
641 1005 1034 1074 praeeipuorum
1085 1002 1353 1059 Ambrosii
1404 1017 1628 1073 operum
1674 1001 2118 1072 exemplaribus,

528 1096 716 1151 eadem
752 1111 918 1166 Opera
949 1097 1002 1151 itt
1043 1103 1158 1168 tres
1185 1105 1370 1165 partes
1399 1095 1684 1150 distributa
1718 1094 1938 1150 totidem
1965 1093 2124 1150 volu-

525 1190 766 1245 minibus
790 1188 1108 1258 complexus
1143 1196 1247 1242 est.
1281 1188 1456 1256 Atque
1481 1188 1644 1244 etiam
1687 1203 1792 1259 quo
1832 1187 2154 1248 editionem,

527 1297 679 1339 suam
708 1282 982 1337 utiliorem
1008 1279 1283 1347 efﬁceret,
1339 1280 1548 1352 rogavit
1591 1279 1852 1336 Joannem
1905 1280 1974 1334 de
2025 1279 2127 1333 La-

526 1376 654 1448 pide
679 1375 1100 1446 Garthusianum
1123 1374 1484 1430 Parisiensem
1509 1415 1523 1440 ,
1555 1383 1612 1428 ιιι
1639 1373 1863 1444 singulis
1892 1371 2046 1426 libris
2071 1372 2127 1426 in

527 1481 736 1526 certum
768 1470 1004 1540 capitum
1035 1483 1319 1524 numerum
1369 1466 1586 1534 divisis,
1629 1480 1788 1520 suum
1817 1464 2012 1535 cuique
2037 1477 2128 1518 ca-

527 1564 628 1635 piti
651 1571 858 1633 aptaret
885 1570 1264 1633 argumentum
1299 1576 1312 1614 :
1345 1559 1488 1630 quod
1538 1567 1592 1614 et
1638 1557 1837 1614 factum
1875 1565 1976 1612 est.
2021 1555 2131 1626 0p-

525 1657 751 1713 tandum
778 1672 906 1714 vero
941 1657 1070 1712 illud
1101 1657 1306 1722 fuerat,
1346 1664 1404 1710 ut
1441 1653 1894 1726 quemadmodum
1945 1651 2130 1723 plures

528 1762 790 1810 tractatus
813 1753 970 1808 nobis
993 1751 1192 1816 edidit,
1219 1752 1290 1806 ita
1321 1748 1484 1806 etiam
1511 1749 1636 1805 illos
1663 1747 1926 1804 edidisset
1947 1761 2131 1802 emen-

2222 639 2398 685 torum
2421 627 2698 682 hominum
2720 623 2998 694 diligentia
3023 623 3312 693 recognitio
3333 621 3630 676 auctoritas
3655 620 3838 676 Joan-

2222 739 2348 780 nem
2395 720 2698 778 Costerium
2754 719 3056 790 regularem
3103 717 3424 772 canonicum
3465 730 3498 770 e
3549 721 3840 770 monaste-

2221 818 2304 874 rio
2343 816 2516 872 sancti
2551 813 2768 870 Martini
2809 811 3161 868 Lovaniensis
3211 826 3322 866 non
3357 809 3644 876 deterruit,
3693 807 3840 874 quin

2223 911 2292 966 ad
2347 910 2509 966 aliam
2577 905 3006 964 concinnandam
3051 903 3534 975 exornandamque
3585 905 3838 960 animum

2225 1005 2548 1076 appelleret.
2577 1003 2692 1073 Qua
2718 1017 2849 1058 vero
2893 1000 3177 1057 occasione
3219 999 3469 1054 inductus
3497 997 3600 1054 hoc
3625 997 3840 1053 laboris

2225 1099 2328 1156 sibi
2373 1097 2748 1169 preposuerit,
2773 1097 2846 1152 ita
2877 1098 3113 1167 explicat
3162 1093 3376 1168 (Epist.
3404 1095 3458 1148 in
3481 1095 3654 1149 limine
3695 1095 3836 1150 edit.

2227 1209 2336 1248 sua’
2359 1193 2548 1262 posita)
2572 1207 2590 1245 :
2613 1189 2742 1246 Cum
2776 1207 2868 1262 ego
2917 1191 3097 1262 igitur,
3127 1188 3234 1256 ait,
3289 1199 3411 1244 ante
3447 1189 3708 1244 biennium
3753 1187 3836 1244 Π.

2229 1285 2489 1340 Ambrosii
2518 1285 2764 1356 epistolas
2793 1285 3020 1354 antiquis
3052 1293 3099 1338 et
3143 1281 3546 1356 elegantioribus
3571 1281 3842 1336 characte-

2229 1381 2371 1435 ribus
2391 1381 2734 1446 conscriptas,
2780 1393 2845 1434 ea:
2870 1377 3180 1432 bibliotheca
3205 1375 3420 1432 caznobt't'
3459 1375 3528 1430 D.
3559 1374 3838 1430 Laurentii

2231 1473 2368 1544 quod
2389 1470 2688 1526 Leodiensis
2717 1469 2898 1542 oppidi
2939 1470 3102 1522 muris
3135 1469 3362 1524 adhteret
3383 1511 3398 1536 ,
3429 1479 3614 1522 nactus
3645 1485 3834 1536 essem,

2231 1568 2594 1636 cwpissemque
2623 1583 2734 1620 meo
2761 1581 2901 1620 more
2927 1581 3042 1619 cum
3065 1565 3266 1620 excusis
3287 1563 3432 1618 libris
3459 1579 3546 1620 eos
3565 1567 3800 1636 conferre
3818 1605 3836 1632 ,

2234 1662 2422 1716 mirum
2449 1660 2591 1714 dictu
2617 1669 2865 1730 quantum
2893 1658 2976 1712 hic
3001 1669 3110 1713 erat
3139 1657 3344 1714 dissidii
3363 1699 3378 1722 ,
3400 1667 3648 1730 quantum
3667 1660 3840 1712 uarie-

2235 1755 2352 1808 tatis
2379 1771 2398 1819 ;
2423 1761 2476 1806 ut
2500 1753 2675 1806 statim
2704 1769 2806 1806 non
2833 1751 3086 1824 potuerim
3113 1767 3214 1806 non
3243 1750 3620 1805 destomachari
3647 1750 3702 1804 in
3723 1765 3836 1816 eos,

529 1851 791 1906 datiores.
822 1847 930 1904 Sed
961 1847 1017 1902 in
1047 1847 1147 1904 hoc
1169 1845 1488 1902 industriam
1513 1842 1912 1914 diligentissimi
1939 1841 2134 1897 biblio-
2169 1837 2210 1900 Β
2235 1849 2322 1918 qui
2377 1847 2528 1902 editis
2595 1845 2737 1901 libris
2761 1889 2777 1912 ,
2809 1847 3056 1917 speciosis
3101 1846 3308 1917 quidem
3347 1845 3438 1900 sed
3486 1844 3723 1899 inanibus
3771 1861 3839 1898 ac

530 1941 670 2013 polaa
701 1941 1072 2012 agnoscimus,
1119 1938 1264 2010 quod
1311 1946 1420 1992 tam
1465 1936 1660 1992 multos
1710 1935 1954 2006 reperit:
1983 1933 2126 2005 quod
2169 2013 2174 2018 ‘

530 2047 640 2094 tam
665 2039 1010 2109 depravatos,
1041 2034 1256 2106 injurias
1282 2043 1586 2104 temporum
1619 2030 1932 2087 tribuimus.
1977 2029 2130 2084 Hanc

528 2143 713 2188 autem
737 2130 1027 2186 editionem
1081 2143 1224 2186 anno
1274 2127 1414 2184 1506
1461 2129 1653 2183 iterum
1703 2125 1872 2196 pra:lo
1901 2123 2132 2194 subjecit

528 2225 766 2282 Joannes
815 2223 962 2280 Petri
993 2223 1060 2278 dc
1095 2218 1470 2291 Langendorf,
1507 2217 1872 2292 typOgraphus
1915 2230 2131 2286 quoque

529 2317 858 2374 Basileensis
889 2336 903 2373 :
931 2333 963 2372 a
1011 2331 1117 2386 quo
1144 2314 1276 2369 nihil
1329 2313 1474 2368 aliud
1527 2311 1694 2382 priori
1741 2310 1816 2366 illi
1857 2308 2129 2378 adjectum

530 2413 631 2469 fuit
660 2423 862 2484 praeter
891 2409 1129 2466 indicem
1162 2408 1454 2464 admodum
1499 2408 1804 2477 copiosum,
1845 2405 1990 2477 quod
2025 2404 2130 2460 Ile-

532 2509 750 2582 gistrum
781 2507 1080 2578 ﬂorigerum
1109 2503 1404 2574 inscripsit.
1449 2500 1619 2572 Cujus
1649 2501 1864 2571 quidem
1915 2499 2132 2570 registri

533 2603 742 2658 utilitas
789 2599 1044 2656 Conrado
1093 2597 1388 2654 Leontorio
1425 2612 1490 2652 ex
1544 2595 1737 2650 ordine
1786 2591 2131 2649 Cisterciensi

535 2705 682 2752 tanta
709 2694 824 2750 visa
854 2702 960 2760 est,
990 2703 1050 2748 ut
1081 2691 1212 2748 illud
1241 2705 1405 2748 versu
1428 2698 1481 2746 et
1534 2703 1694 2761 prosa
1719 2687 1998 2744 celebrare
2023 2701 2132 2742 non

533 2789 606 2846 sit
634 2801 906 2860 gravatus.

602 2884 809 2940 Novam
833 2881 1064 2938 adorsus
1085 2879 1380 2937 editionem
1420 2878 1679 2934 Erasmus
1722 2891 1889 2932 unum
1933 2875 2133 2930 autal-

535 2988 712 3040 terum
739 2986 1028 3033 tractatum
1057 2975 1124 3030 iis
1143 2975 1234 3046 qui
1256 2974 1368 3045 jam
1395 2973 1620 3042 publica:
1645 2971 1748 3026 luci
1772 2971 1880 3025 dati
1900 2970 2130 3036 fuerant,

534 3071 776 3142 adjecit:
825 3069 894 3126 ad
937 3069 1061 3124 bina
1107 3067 1382 3123 volumina
1437 3073 1608 3121 totum
1650 3061 2132 3119 Ambrosianorum

531 3183 756 3239 operum
781 3180 979 3235 corpus
1007 3162 1216 3234 redegit
1235 3203 1250 3228 ,
1279 3160 1520 3231 illudque
1560 3160 1788 3228 partitus
1807 3165 1891 3212 est
1920 3157 1970 3209 in
2001 3169 2133 3226 qua—
2167 3223 2186 3239 ί

531 3223 654 3317 ttior
681 3271 886 3325 tomos;
931 3257 1004 3312 ita
1035 3263 1094 3311 ut
1141 3253 1346 3325 primus
1395 3251 1622 3316 Ethica;
1674 3247 1944 3305 secundus
1975 3247 2136 3302 Pole-
2161 3223 2205 3289 (ἶ

531 3356 709 3418 mica;
742 3352 1053 3415 Orationes,
1097 3348 1369 3418 Epistolas
1395 3387 1409 3410 ,
1462 3353 1516 3400 et
1567 3344 1876 3399 Concioues
1908 3341 2131 3406 tertius;

537 3454 762 3519 quartus
794 3443 1028 3512 denique
1056 3441 1190 3496 Novi
1224 3456 1288 3495 ac
1309 3437 1526 3494 Veteris
1565 3436 1903 3492 Testamenti
1939 3432 2138 3502 Expla-

537 3536 788 3593 nationes
818 3535 1142 3589 contineret.
1172 3531 1253 3588 Ad
1283 3531 1398 3585 hanc
1422 3527 1684 3599 prmmisit
1715 3527 1942 3599 singulis
1975 3525 2136 3580 tomis

533 3647 598 3688 ac
624 3631 778 3685 libris
803 3627 1077 3685 nonnullis
1107 3625 1367 3697 quasdam
1397 3637 1663 3679 censuras
1689 3663 1704 3690 ,
1752 3622 1848 3677 sed
1877 3635 1998 3692 qum
2028 3635 2136 3675 non

537 3725 672 3782 satis
695 3721 1086 3780 existimationi
1111 3719 1250 3776 illius
1279 3717 1700 3792 responderunt,
1731 3732 1830 3771 nec
1855 3716 2134 3772 doctorum

535 3815 958 3888 exspectationi.
988 3814 1156 3869 Porro
1183 3814 1395 3868 tametsi
1420 3810 1646 3865 multum
1681 3807 1896 3866 sudoris
1932 3807 2140 3864 exhau-

537 3918 678 3966 stum
715 3908 973 3979 praidicet
1001 3906 1052 3962 in
1077 3907 1181 3962 hoc
1201 3921 1366 3976 opere
1389 3903 1586 3976 (Epist.
1611 3903 1732 3958 edit.
1763 3919 1873 3958 sate
1898 3902 2137 3974 praeﬁxa)

537 4003 680 4060 Dum
703 4002 979 4058 collatione
1007 4013 1236 4058 veterum
1264 3999 1528 4062 codicum,
1564 3997 1756 4067 inquit,
1804 3995 2140 4050 emendantur

541 4097 853 4166 depravata,
895 4096 1238 4150 restituuntur
1286 4099 1574 4157 amputata,
1607 4099 1903 4144 resecantur
1934 4099 2136 4158 assuta,

541 4202 859 4260 reponuntur
883 4205 1051 4262 grwca
1072 4230 1087 4256 ,
1111 4203 1229 4260 qua:
1247 4187 1324 4242 uel
1344 4186 1556 4241 aberant
1583 4201 1792 4255 prorsus
1809 4227 1824 4252 ,
1853 4185 1932 4239 vel
1953 4184 2140 4255 ﬁguris

543 4285 675 4340 nihil
705 4283 1114 4356 signiﬁcantibus
1167 4283 1376 4350 fuerant
1421 4280 1602 4334 addita
1628 4296 1648 4345 ;
1677 4293 1784 4334 non
1811 4287 1990 4332 tamen
2024 4285 2142 4331 tan-

545 4390 656 4435 tum
709 4380 834 4434 ﬁdei
878 4379 1120 4434 habitum
1165 4385 1252 4433 est
1273 4375 1441 4448 ipsius
1471 4372 1654 4430 verbis
1675 4415 1690 4440 ,
1722 4381 1778 4428 ut
1815 4387 1938 4428 eum
1969 4371 2142 4443 magis

541 4470 852 4528 auctoritati
901 4469 1426 4540 tnanuscriptorutn,
1466 4481 1629 4538 quam
1679 4465 1897 4536 proprio
1932 4463 2141 4535 judicio

541 4563 757 4620 deferre
777 4563 1056 4634 quisquam
1087 4562 1354 4618 crederet.
1383 4560 1494 4615 Hoc
1515 4565 1664 4615 certe
1695 4558 1992 4628 superioris
2039 4571 2141 4613 sa:-

2237 1942 2573 1997 mendacibus
2626 1942 2826 2008 titulis,
2858 1942 3030 1996 omnia
3069 1941 3486 2013 castigatissimo,
3517 1953 3566 1996 et
3589 1951 3838 2012 tanquam

2235 2039 2466 2111 feliciore
2513 2041 2872 2115 παλινγενεσίᾳ
2922 2048 3101 2094 renata
3149 2039 3456 2110 pollicentur
3489 2055 3508 2092 :
3537 2054 3654 2092 cum
3701 2037 3836 2092 nihil

2233 2135 2528 2206 plerumque
2553 2133 2618 2188 sit
2655 2134 2985 2204 deprauatius
3009 2173 3024 2198 ,
3057 2143 3105 2187 et
3133 2133 3356 2203 antiquis
3401 2131 3635 2188 sordibus
3662 2131 3838 2186 omnia

2233 2227 2338 2282 sint
2367 2226 2660 2281 convoluta.
2690 2225 2786 2280 llis
2815 2227 2996 2296 itaque
3026 2236 3302 2298 permotus
3321 2265 3338 2292 ,
3367 2225 3510 2296 quod
3542 2243 3596 2281 tn
3627 2225 3836 2295 episto-

2237 2319 2302 2375 lis
2330 2319 2704 2376 Ambrosianis
2728 2330 3003 2390 coeperat,
3035 2319 3219 2374 statuit
3254 2321 3306 2375 in
3337 2320 3560 2390 reliquis
3589 2318 3834 2390 ejusdem

2237 2409 2486 2468 Doctoris
2517 2413 2774 2484 operibus
2803 2413 3057 2480 efﬁcere;
3107 2427 3341 2484 cumque
3369 2421 3640 2468 mutuatus
3687 2421 3834 2468 esset

2237 2520 2268 2562 c
2295 2505 2471 2582 tribus
2521 2515 2610 2560 aut
2634 2515 2865 2576 quatuor
2890 2505 3212 2562 viciniorom
3243 2505 3694 2562 monasteriorum
3737 2504 3834 2560 bi-

2237 2597 2522 2654 bliothecis
2571 2599 2778 2669 aliquot
2825 2599 3188 2671 exemplaria,
3222 2598 3326 2655 hoc
3373 2599 3619 2656 subsidio
3665 2599 3835 2654 fretus

2237 2703 2399 2763 atque
2431 2693 2480 2746 in
2507 2691 2695 2762 primis
2738 2707 2846 2748 uno
2887 2694 3076 2748 codice
3105 2693 3436 2764 pereleganti
3459 2735 3474 2760 ,
3515 2691 3606 2764 qui
3635 2691 3688 2746 in
3715 2690 3838 2748 Bel-

2243 2787 2386 2857 gium
2415 2785 2610 2841 allatus
2633 2785 2804 2842 fuerat
2829 2801 2860 2842 e
2881 2785 3068 2858 Magna
3097 2785 3396 2852 Britannia,
3425 2787 3835 2856 casugationem

2239 2891 2390 2932 suam
2439 2877 2692 2934 absolvit.
2746 2877 2906 2934 Edita
2959 2877 3059 2933 fuit
3105 2879 3198 2933 illa
3250 2879 3476 2935 Basilea:
3511 2893 3654 2934 anno
3699 2875 3836 2934 1555

2243 2970 2385 3039 typis
2411 2976 2572 3038 atque
2603 2969 2863 3038 impensis
2911 2969 3202 3040 Episcopii.
3239 2969 3520 3042 Egregiam
3547 2985 3679 3026 sane
3707 2984 3836 3040 ope-

2241 3076 2356 3116 ram
2389 3063 2442 3116 in
2477 3051 2577 3116 hac
2616 3077 2710 3118 sua
2742 3062 2982 3117 editione
3010 3063 3261 3132 priestitit
3299 3061 3609 3130 Costerius,
3663 3077 3840 3131 neque

2241 3155 2414 3226 ipsum
2441 3155 2736 3212 lectoribus
2775 3157 3103 3227 imposuisse
3131 3157 3479 3220 arbitramur,
3523 3171 3644 3210 cum
3687 3154 3841 3210 afﬁr-

2241 3252 2409 3306 mavit
2438 3268 2466 3305 a
2519 3265 2578 3306 se
2607 3252 2888 3322 plusquam
2915 3251 3024 3308 duo
3048 3251 3214 3308 millia
3238 3265 3482 3306 errorum
3513 3265 3580 3305 ex
3607 3249 3842 3306 Ambro-

2239 3345 2322 3401 sio
2379 3345 2588 3426 sublata
2621 3361 2780 3414 esse,
2832 3355 3034 3417 prteler
3083 3346 3266 3416 viginti
3291 3353 3382 3399 aut
3427 3345 3612 3416 plures
3651 3359 3840 3402 versus

2240 3453 2378 3510 quos
2419 3455 2541 3496 cum
2597 3441 2850 3496 deessent
2906 3441 2956 3496 in
2999 3438 3270 3512 prioribus
3301 3439 3670 3508 editiouibus,
3727 3441 3840 3512 ipse

2245 3533 2454 3603 primus
2491 3536 2603 3588 suis
2633 3549 2903 3605 quemque
2959 3532 3094 3588 locis
3140 3531 3398 3587 restituit.
3455 3531 3840 3590 Verumtamen

2243 3643 2350 3682 non
2379 3627 2480 3682 sibi
2511 3628 2642 3682 satis
2665 3628 2846 3683 auxilii
2877 3627 3044 3684 fuisse
3091 3627 3141 3682 in
3175 3627 3492 3682 memoratis
3519 3626 3842 3698 exemplari-
3883 3641 3888 3647 '

2242 3719 2345 3775 bus
2377 3719 2518 3775 idem
2551 3735 2658 3776 non
2686 3721 2918 3777 obscure
2945 3721 3183 3788 indicat,
3219 3720 3310 3777 ubi
3343 3719 3544 3776 fatetur
3585 3735 3646 3777 se
3675 3737 3841 3792 quan-

2241 3811 2418 3883 doque
2443 3812 2494 3868 in
2536 3827 2630 3868 eas
2671 3813 2922 3870 incidisse
2953 3812 3326 3880 difficultates,
3352 3813 3546 3884 quibus
3590 3812 3658 3868 ad
3701 3813 3842 3882 judi-

2241 3907 2385 3962 cium
2414 3906 2698 3962 doctorum
2725 3905 3010 3964 hominum
3059 3908 3351 3980 confugere
3387 3889 3610 3963 coaetus
3641 3907 3797 3964 fuerit
3820 3948 3838 3975 ,

2243 3999 2349 4057 hoc
2379 4009 2493 4068 est,
2529 4012 2587 4056 ut
2621 4000 2923 4073 simplicius
2945 4000 3252 4071 loquamur,
3283 3999 3348 4055 ad
3373 3999 3735 4070 conjecturas.
3850 3983 3852 3986 ’

2313 4094 2487 4162 Quam
2537 4093 2610 4148 ob
2658 4109 2774 4149 rem
2823 4109 2948 4150 cum
3010 4093 3248 4150 Joannes
3295 4093 3548 4150 Gillotius
3601 4091 3840 4149 animad-

2243 4187 2498 4242 vertisset
2548 4185 2852 4242 Costerium
2909 4187 2981 4243 ob
3025 4201 3156 4242 mss.
3220 4185 3466 4242 codicum
3515 4185 3839 4258 paucitatem

2246 4279 2538 4337 editionem
2571 4297 2728 4338 suam
2772 4281 3039 4338 omni.ex
3087 4291 3242 4353 parte
3291 4281 3584 4352 perfectam
3621 4280 3842 4337 reddere

2244 4391 2584 4446 nequaquam
2613 4377 2895 4448 potuisse,
2937 4375 3174 4433 laudavit
3212 4377 3429 4448 quidem
3459 4376 3578 4447 ejus
3601 4376 3840 4433 laborem

2244 4481 2405 4540 atque
2433 4471 2755 4526 industriam
2777 4515 2792 4540 ,
2831 4470 2926 4528 sed
2977 4479 3157 4528 tamen
3185 4471 3560 4528 Ambrosianis
3590 4471 3842 4541 operibus

2247 4562 2449 4633 aliquid
2491 4565 2843 4635 perfectionis
2873 4580 3218 4622 accessurum
3242 4566 3476 4636 putavit,
3503 4564 3550 4620 si
3578 4580 3642 4619 ea
3669 4564 3842 4620 denuo

541 4659 648 4714 culi
675 4633 888 4714 constat
918 4633 1100 4712 fuisse
1151 4655 1446 4725 ingenium,
1481 4661 1540 4706 ut
1560 4650 1760 4706 erttditi
1789 4665 1980 4706 omnes
2003 4665 2138 4705 con-
2171 4633 2224 4694 D
2247 4657 2370 4713 aliis
2397 4633 2655 4716 adhibitis
2678 4661 3090 4728 exemplaribus
3131 4633 3569 4730 recognosceret.
3601 4655 3841 4728 Congre-

539 4753 768 4823 jecturis
799 4750 1084 4823 plurimum
1132 4749 1461 4812 tribuerent,
1499 4745 1594 4804 sed
1623 4746 1905 4800 Erasmnm
1957 4744 2144 4815 impri-

546 4845 650 4901 mis
681 4843 837 4900 famae
867 4859 981 4900 sua:
1003 4853 1164 4914 atque
1189 4841 1452 4898 doctrinae
1476 4839 1669 4894 ﬁducia
1699 4839 1860 4910 paulo
1883 4838 2142 4894 audacio-

547 4951 662 4994 rem
691 4937 966 4992 exstitisse
996 4929 1175 4991 nullus
1203 4933 1462 5004 ambigat.
1493 4931 1834 5001 Quapropter
1871 4930 2007 4986 adeo
2035 4946 2142 4986 non

549 5030 662 5085 visa
693 5037 777 5085 cst
803 5025 1096 5100 legitimam
1123 5026 1370 5098 attigisse
1399 5025 1788 5098 perfectionem
1816 5029 1932 5096 ejus
1955 5023 2143 5094 editio,

552 5131 610 5178 ut
631 5121 840 5178 duobus
869 5130 991 5192 post
1010 5123 1188 5183 annis,
1221 5121 1474 5176 nimirum
1497 5134 1640 5174 anno
1665 5119 1828 5184 1529,
1852 5135 1973 5174 cum
2005 5119 2144 5192 typis

547 5215 880 5273 Chevallonii
909 5213 1130 5270 Parisiis
1170 5213 1592 5284 exprimeretur,
1619 5212 1788 5268 multa
1814 5225 2146 5268 commutata

551 5311 748 5368 fuerint
777 5313 828 5368 in
857 5320 1029 5380 textu,
1057 5321 1112 5368 et
1140 5309 1208 5366 ad
1246 5310 1546 5381 marginem
1573 5318 1830 5365 annotata
1863 5310 2143 5376 nonnulla,

549 5403 1007 5473 quemadmodum
1037 5420 1102 5461 ex
1139 5403 1430 5460 collatione
1461 5403 1668 5473 aliquot
1697 5403 2000 5473 opellarum
2045 5403 2144 5460 de-

550 5496 960 5565 prehendimus.
1005 5499 1075 5553 At
1095 5486 1210 5553 'non
1243 5495 1474 5552 Lutetiae
1506 5495 1708 5561 solum,
1731 5497 1824 5550 sed
1849 5505 1904 5552 et
1926 5497 2150 5553 Basilem

551 5590 640 5646 ubi
671 5591 841 5661 prima
867 5591 1111 5661 ejusdem
1153 5591 1364 5646 Erasmi
1385 5587 1550 5644 editio
1571 5603 1638 5644 ex
1660 5588 1911 5645 Frobcnii
1935 5591 2147 5645 ofﬁcina

545 5685 853 5757 prodierat,
895 5683 998 5740 hoc
1029 5685 1202 5756 ipsum
1232 5685 1286 5740 itt
1335 5684 1537 5740 secutis
1571 5681 1901 5738 editionibus
1947 5683 2144 5740 factum

543 5779 813 5850 reperitur
846 5797 860 5836 :
891 5780 946 5836 in
993 5779 1188 5852 quibus
1237 5779 1401 5836 etiam
1431 5785 1698 5834 tractatus
1727 5777 1934 5847 aliquot
1970 5778 2062 5848 qui
2089 5779 2144 5834 in

543 5874 920 5948 superioribus
946 5875 1417 5948 desiderabantur,
1447 5872 1682 5934 subinde
1701 5871 2072 5952 adjectisunt.

2247 4752 2390 4821 gavit
2413 4751 2574 4823 igitur
2606 4768 2714 4808 non
2741 4754 2991 4825 exiguam
3021 4753 3513 4824 manuscriptorum
3547 4751 3842 4808 multitudi-

2251 4859 2373 4900 nem
2396 4859 2425 4900 e
2447 4847 2736 4916 prmcipuis
2768 4847 2998 4918 hujusce
3041 4846 3190 4902 urbis
3211 4845 3559 4904 bibliothecis
3585 4888 3600 4912 ,
3627 4855 3688 4902 ut
3722 4853 3843 4916 puta

2251 4951 2282 4992 e
2311 4937 2497 5008 llegia,
2542 4939 2864 5006 Sorbonica,
2895 4939 3284 5005 Germanensi,
3317 4939 3616 5006 Victorino,
3653 4939 3844 5010 quibus

2252 5046 2676 5088 annumeremus
2698 5033 2824 5088 licet
2845 5033 3257 5106 Dionysianam,
3281 5034 3398 5088 sive
3421 5032 3650 5088 abbatia:
3676 5019 3844 5088 sancti

2255 5121 2498 5194 Dionysii
2531 5123 2586 5179 in
2617 5123 2869 5192 Francia,
2895 5125 2949 5180 itt
2977 5140 3081 5196 qua
3129 5126 3243 5180 sola
3285 5123 3474 5196 viginti
3515 5133 3568 5180 et
3618 5123 3845 5194 amplius

2255 5196 2472 5270 codices
2525 5217 3012 5274 Ambrosianorum
3061 5233 3288 5290 operum
3357 5234 3520 5274 manu
3595 5223 3839 5274 exaratos

2255 5310 2532 5366 exstitisse
2559 5310 2700 5366 idem
2730 5323 2921 5368 auctor
2942 5322 3048 5368 est.
3083 5311 3282 5367 Verum
3319 5325 3442 5367 cum
3469 5319 3548 5366 tot
3575 5309 3844 5366 codicibus

2258 5406 2399 5462 inter
2425 5421 2484 5461 se
2512 5405 2856 5462 conferendis
2898 5405 3398 5476 componendisque
3427 5405 3516 5460 vix
3553 5405 3735 5475 plures
3757 5403 3846 5457 ho-

2207 5553 2210 5556 .
2257 5496 2433 5552 mines
2455 5539 2468 5564 ,
2502 5498 2699 5553 nedum
2729 5514 2892 5553 unum
2918 5499 3179 5569 aliquem,
3229 5497 3482 5554 sufﬁcere
3511 5495 3846 5553 animadver-

2256 5601 2424 5658 teret,
2451 5607 2518 5646 ex
2541 5607 2608 5648 eo
2637 5601 2789 5646 tanto
2812 5606 3062 5657 numero,
3091 5599 3150 5648 ut
3175 5593 3292 5664 ipse
3317 5594 3372 5650 in
3408 5592 3728 5664 praefatione
3756 5605 3844 5647 sua

2253 5703 2360 5742 non
2383 5687 2710 5750 dissimulat,
2745 5701 2945 5754 paucos
2973 5687 3168 5758 quibus
3199 5688 3540 5746 excutiendis
3569 5705 3664 5759 par
3683 5695 3841 5754 esset,

2251 5779 2492 5848 deligere
2545 5794 2609 5834 ac
2651 5778 2888 5836 retinere
2943 5796 3228 5839 necessum
3279 5783 3487 5840 habuit.
3517 5783 3651 5855 Ejus
3686 5781 3842 5838 editio

2251 5871 2474 5936 Parisiis
2503 5871 2644 5944 apud
2669 5871 3014 5933 Guillclmum
3037 5874 3322 5936 Merlinum
3348 5875 3574 5950 ejusque
3599 5875 3776 5936 socios
3790 5873 3840 5933 in
