4102 6360
243 289 312 346 17
1640 277 1649 286 ’
1697 283 1847 342 ΡῐὶιΕ

1953 285 2089 343 ΤΙΟ.
3037 340 3044 343 .
3472 291 3543 349 l8

244 409 421 465 lucem
442 406 646 480 prodiit
661 421 803 464 anno
818 405 1241 476 1568.Quamvis
1261 413 1442 461 autem
1455 403 1696 460 omnium
1718 417 1839 475 qua:
1865 405 1920 466 Α
1945 402 2069 458 dem
2098 402 2264 459 editio
2294 406 2494 475 publici
2515 405 2657 477 juris
2679 406 2814 462 facta
2836 417 2939 474 est,
2970 408 3117 464 illico
3146 409 3408 480 neglectis
3429 424 3543 466 ca:-

243 505 392 575 prius
407 504 602 574 publici
616 504 754 574 juris
773 502 923 557 facta:
947 501 1178 565 fuerant,
1196 499 1389 555 merito
1411 497 1697 570 prmdicari
1714 511 1842 568 pos-

243 597 314 653 sit
333 596 768 660 absolutissima;
792 593 1144 649 nihilominus
1169 603 1372 658 tamen,
1394 607 1514 662 qua:
1536 607 1715 646 rerum
1741 589 1842 644 htt-

243 705 524 747 manarum
547 704 692 760 saspe
712 687 952 744 c0nditio
973 696 1078 750 est,
1093 683 1358 741 remansit
1378 684 1618 739 omnium
1645 698 1842 754 prope-

244 785 462 841 modum
494 784 730 840 maxime
751 783 933 854 ignota
961 797 975 838 :
1005 796 1122 837 eam
1155 780 1410 836 videlicet
1437 780 1707 850 oppressit
1736 777 1840 832 llo-

246 895 440 947 manm,
466 895 585 950 qua:
615 881 859 948 proxime
882 877 1030 932 illam
1052 885 1237 932 secuta
1261 884 1366 939 'csl,
1389 872 1643 929 editionis
1670 869 1837 926 fama.

315 970 394 1028 Ad
421 971 558 1026 hanc
583 969 986 1042 suscipiendam
1019 967 1169 1024 Felix
1215 965 1505 1021 cardinalis
1533 964 1601 1020 de
1635 963 1842 1018 Monte-

242 1064 389 1131 Alto,
443 1072 499 1119 et
528 1073 716 1134 postea
743 1064 844 1120 sub
885 1062 1107 1118 nomine
1137 1060 1290 1131 Xysti
1320 1059 1362 1115 V
1397 1057 1637 1129 pontifex
1670 1057 1844 1112 maxi-

243 1177 361 1217 mus
391 1160 744 1217 deceSsorum
772 1174 996 1215 suorum
1025 1158 1103 1213 Pii
1129 1156 1194 1210 IV
1223 1171 1287 1212 ac
1332 1156 1410 1210 l’ii
1441 1153 1483 1209 V
1515 1156 1843 1209 auctoritate

243 1262 405 1323 atque
433 1251 701 1307 mandatis
729 1266 809 1314 se,
834 1251 962 1306 dum
986 1250 1175 1306 [lenias
1198 1252 1249 1304 in
1275 1248 1540 1302 Minorum
1568 1255 1840 1302 conventu

240 1347 550 1417 generalem
581 1345 790 1402 ordinis
813 1346 896 1400 sui
927 1353 1132 1416 ageret,
1165 1343 1442 1399 inductum
1470 1357 1592 1397 esse
1617 1341 1842 1414 profite-

245 1450 351 1498 tur.
382 1442 646 1510 Qnocirea
679 1451 736 1497 ut
762 1441 1068 1516 mandatam
1094 1438 1425 1510 provinciam
1453 1437 1652 1502 obiret,
1678 1437 1844 1506 ccepit

245 1534 432 1590 rimari
467 1532 804 1589 celebriores
831 1533 1208 1596 bibliothecas,
1252 1531 1648 1598 manuscriptos
1696 1539 1844 1585 vete-

245 1644 334 1684 res
361 1628 617 1684 conferre
644 1643 767 1684 cum
789 1627 1119 1684 editionibus
1144 1625 1626 1691 emendatioribus,
1655 1633 1712 1680 et
1732 1625 1842 1679 sic-

247 1723 335 1778 ubi
366 1732 630 1778 tractatus
657 1722 854 1792 aliquis
886 1721 1125 1777 nondum
1161 1720 1340 1777 editus
1362 1721 1646 1788 deliteret,
1695 1721 1845 1775 inve-

1945 497 2100 562 teris,
2123 498 2302 552 omnis
2330 499 2398 554 ad
2420 515 2536 555 eam
2571 491 2780 556 transiii
2808 493 3133 562 anetoritas:
3163 502 3236 556 ita
3260 513 3318 558 ut
3340 505 3542 575 ubique

1945 589 2212 656 locorum,
2245 591 2436 645 saltem
2470 594 2520 648 in
2553 594 2747 664 quibus
2774 596 2920 666 viget
2950 595 3233 650 catholica:
3262 595 3542 668 religionis

1944 683 2236 756 professio,
2291 685 2434 756 typis
2485 689 2598 742 sola
2644 690 3013 746 recnderetur.
3067 688 3234 747 Certe
3279 692 3348 747 ab
3397 706 3542 747 anno

1947 779 2105 846 1586,
2148 795 2255 849 quo
2281 783 2512 851 primum
2539 797 2601 836 ea
2629 783 2856 840 Lutetia:
2889 785 3109 855 prodiit,
3154 771 3385 859 singulis
3413 787 3530 844 fere

1944 873 2224 928 decenniis
2252 873 2450 929 ibidem
2482 875 2650 945 prmio
2675 878 2916 946 subjecta
2947 890 3048 940 est.
3083 881 3253 945 nulla,
3282 897 3402 952 quae
3427 895 3546 936 mo-

1945 968 2112 1024 menti
2140 968 2371 1038 alicujus
2399 984 2522 1025 esse
2547 970 2845 1036 videretur,
2874 959 3092 1028 inducta
3126 976 3448 1032 mutatione.

2016 1061 2314 1116 Dolendum
2351 1071 2529 1117 tamen
2562 1070 2648 1118 est
2680 1063 2731 1118 in
2773 1063 2964 1119 eadem
2996 1065 3098 1121 hac
3119 1068 3360 1125 editione
3387 1083 3547 1139 repe-

1944 1152 2040 1206 riri
2074 1168 2180 1208 non
2209 1168 2402 1224 pauca,
2435 1171 2556 1224 qua:
2580 1169 2688 1210 non
2717 1156 2786 1209 ab
2814 1155 3092 1214 brereticis
3141 1162 3324 1227 modo,
3352 1177 3545 1218 verum

1944 1247 2106 1302 etiam
2136 1247 2204 1301 ab
2229 1247 2554 1303 orthodoxis
2587 1247 2732 1304 haud
2763 1251 2884 1306 sine
2909 1265 3070 1306 causa
3101 1253 3279 1308 minus
3311 1257 3544 1325 proben-

1947 1349 2052 1394 tur.
2087 1339 2218 1395 Nam
2253 1342 2485 1412 primum
2507 1345 2749 1398 omnium
2772 1343 2915 1416 longi
2941 1345 3014 1400 illi
3037 1345 3331 1418 Scriptura:
3358 1360 3545 1407 textus

1945 1435 2036 1507 qui
2066 1452 2172 1490 non
2203 1436 2378 1490 solum
2407 1436 2562 1491 initio
2591 1447 2865 1493 certorum
2891 1447 3219 1495 tractatuum
3255 1441 3546 1514 prmﬁgun—

1947 1539 2055 1593 tur,
2088 1529 2184 1586 sed
2219 1532 2380 1586 etiam
2409 1530 2602 1586 mediis
2633 1532 2948 1588 inseruntur
2973 1533 3262 1603 capitibus,
3314 1536 3543 1591 nimium

1947 1626 2187 1679 auctoris
2238 1625 2543 1681 orationem
2604 1625 2934 1681 intersecant
2986 1637 3147 1698 atque
3193 1629 3413 1696 seriem,
3445 1645 3543 1684 vo-

1948 1717 2169 1772 luminis
2201 1718 2400 1773 ntolem
2431 1733 2494 1774 ac
2541 1721 2754 1789 pondus
2778 1733 3025 1790 gravant,
3057 1735 3159 1776 nec
3203 1721 3272 1775 ab
3295 1722 3406 1778 ullo
3433 1722 3549 1780 fere

247 1815 448 1888 stigare
469 1834 483 1870 :
503 1815 1037 1888 insuperquesedulo
1051 1829 1357 1885 praeparare
1377 1815 1482 1870 alia
1505 1815 1843 1883 omnia,qua:
1874 1809 1922 1869 B
1948 1826 2201 1882 umquam
2236 1812 2505 1882 leguntur.
2539 1811 2746 1869 Deinde
2775 1815 3012 1886 quinque
3040 1815 3239 1885 partita
3270 1815 3360 1871 illa
3410 1816 3551 1871 divi-

246 1909 314 1964 ad
349 1909 530 1980 cperis
562 1908 953 1980 perfectionem
983 1907 1346 1963 conducibilia
1373 1908 1742 1964 existimabat.
1776 1909 1846 1962 At

247 2016 378 2056 vero
405 2001 640 2057 diversis
681 2001 938 2056 itinerum
971 2000 1307 2072 aliarumque
1347 2017 1600 2057 curarum
1649 2001 1846 2057 distra-

251 2093 525 2150 ctiouibus
545 2094 875 2164 praepeditus
893 2094 944 2149 id
969 2094 1365 2164 imperfectum,
1392 2097 1467 2150 uti
1502 2094 1723 2161 fatetur,
1750 2095 1846 2152 de-

247 2202 431 2244 serere
460 2197 684 2244 coactus
713 2190 834 2244 ruit.
886 2187 1086 2247 Factus
1117 2199 1303 2262 postea
1351 2189 1644 2247 cardinalis
1672 2190 1844 2245 inter-

249 2283 474 2338 missum
533 2283 778 2340 laborem
833 2287 1068 2356 repetiit,
1118 2286 1212 2342 sed
1240 2287 1350 2356 jam
1383 2301 1490 2341 non
1523 2285 1846 2350 solus;'sic

248 2368 403 2430 cnim‘
421 2375 745 2448 Gregorium
776 2377 916 2445 Xlll,
963 2379 1049 2434 cui
1099 2378 1398 2434 editionem
1431 2394 1583 2434 suam
1611 2379 1844 2434 dicatam

249 2467 440 2536 voluit,
471 2469 768 2540 alloquitur
809 2469 1074 2542 (Epistola
1124 2472 1526 2544 nuncupatoria)
1559 2489 1571 2524 :
1605 2472 1847 2540 Qualem-

249 2579 464 2636 cumque
485 2574 660 2637 postea
683 2575 860 2620 nactus
887 2565 1126 2632 quietem,
1157 2567 1363 2621 hortatu
1385 2572 1639 2641 jussuque
1665 2566 1727 2622 S.
1781 2565 1842 2621 V.

251 2657 548 2714 inchoatum
594 2677 727 2730 opus
772 2671 1031 2733 repetens,
1081 2661 1358 2732 praclaros
1405 2663 1663 2726 doctores,
1711 2662 1846 2718 viros

251 2749 489 2805 doctrina
515 2764 563 2806 et
590 2753 779 2822 pietate
806 2769 1008 2824 graves,
1053 2769 1116 2808 ac
1145 2755 1439 2825 linguarum
1487 2755 1844 2825 intelligentia,

247 2851 297 2896 et
332 2843 673 2899 historiarum
712 2847 1001 2919 ceguitione
1020 2847 1264 2918 insignes,
1293 2858 1542 2917 prreterea
1571 2848 1625 2902 in
1650 2848 1849 2902 schola-

247 2935 379 2990 stica
401 2936 667 3008 theologia
689 2950 735 2991 et
754 2937 969 2992 Patrum
983 2939 1197 2994 lectione
1215 2939 1494 2993 admodum
1511 2949 1732 2994 versatos
1759 2940 1848 2993 de-

251 3029 372 3101 legi,
406 3031 644 3099 mihique
674 3030 867 3085 laboris
913 3033 1077 3085 socios
1107 3033 1325 3086 adscivi.
1359 3031 1543 3100 Itaque
1566 3049 1694 3086 onus
1741 3033 1851 3086 ala-

253 3126 408 3179 criter
450 3125 756 3187 subeuntes,
791 3126 1092 3196 munerique
1117 3127 1291 3195 plures
1319 3141 1484 3180 annos
1524 3135 1726 3180 strenue
1751 3141 1852 3180 una

251 3217 621 3286 incumbentes,
649 3218 855 3273 tandem
877 3217 1053 3273 multis
1073 3218 1280 3290 vigiliis,
1308 3219 1632 3290 plurimoque
1652 3219 1850 3289 impen-

253 3313 360 3377 dio,
394 3311 504 3368 Deo
531 3311 781 3367 bonorum
803 3307 1032 3366 omnium
1055 3311 1300 3381 largitore
1320 3311 1466 3364 nobis
1487 3311 1736 3383 propitio,
1762 3311 1852 3364 ab-

251 3407 518 3472 solvimus,
575 3416 683 3463 etc.
738 3405 948 3462 Deinde
977 3405 1248 3475 explicato
1277 3404 1733 3479 quemadmodum
1783 3405 1849 3460 ad

253 3500 547 3574 perfectam
596 3502 1080 3558 Ambrosianorum
1131 3516 1359 3572 operum
1409 3499 1848 3556 emendationem

254 3611 362 3652 non
411 3595 586 3651 solum
612 3595 828 3651 codices
856 3595 1088 3665 scriptos
1111 3609 1235 3650 cum
1268 3594 1429 3650 editis
1467 3593 1846 3660 contulissent,

253 3689 350 3744 sed
373 3698 429 3744 et
459 3696 670 3744 veteres
691 3688 816 3743 illos
839 3699 1092 3744 auctores
1120 3704 1148 3741 a
1178 3686 1374 3758 quibus
1399 3687 1602 3759 aliquid
1630 3696 1844 3743 mutua-

254 3793 342 3838 tus
367 3791 515 3838 esset
542 3782 888 3848 Ambrosius,
915 3783 1315 3838 consuluissent
1353 3801 1364 3837 :
1411 3799 1512 3838 nec
1541 3799 1644 3838 non
1682 3785 1844 3840 etiam

253 3876 612 3948 posteriores,
635 3875 777 3945 apud
801 3889 937 3945 quos
959 3889 1027 3930 ex
1057 3873 1299 3944 ejusdem
1326 3875 1500 3930 Patris
1524 3876 1851 3934 lucubratio-

252 3971 418 4027 nibus
471 3971 692 4024 citatum
744 3968 945 4038 aliquid
994 3968 1344 4036 inveniatur,
1401 3971 1845 4036 examinassent;

251 4065 394 4121 tanti
433 4065 636 4122 laboris
665 4078 728 4119 ac
767 4063 1062 4135 diligentia:
1093 4063 1298 4120 fructus
1346 4073 1593 4120 recenset
1640 4064 1692 4118 in
1737 4064 1852 4120 haec

248 4159 419 4215 verba
453 4176 466 4213 :
508 4157 741 4223 Quorum
779 4174 896 4227 ope,
935 4166 1088 4227 atque
1133 4157 1468 4223 adminiculo,
1504 4156 1674 4228 inquit
1707 4157 1846 4226 (lbi-

249 4253 413 4325 dem),
445 4251 662 4306 obscura
698 4253 1068 4324 explicuimus,
1119 4268 1301 4305 manca
1349 4253 1719 4322 supplevimns,
1756 4251 1852 4304 ad—

239 4353 383 4423 jecta
432 4349 746 4421 rejecimus,
800 4349 1116 4417 transposita
1171 4347 1515 4417 reposuimus,
1571 4347 1852 4414 depravata

250 4445 655 4510 cmendavimus,
707 4443 880 4498 omnia
908 4445 1110 4496 demum
1153 4452 1206 4495 ut
1247 4459 1543 4514 germanam
1592 4442 1851 4495 Ambrosii

251 4542 488 4613 phrasim
528 4541 846 4604 redolerent,
896 4541 1110 4612 ejusque
1157 4539 1399 4608 dignitati
1443 4546 1592 4608 atque
1615 4536 1854 4609 gravitati

249 4633 654 4705 responderent,
685 4632 864 4688 sedulo
892 4630 1176 4686 curavimus
1200 4649 1218 4685 :
1247 4641 1293 4684 et
1322 4640 1377 4684 ut
1413 4631 1617 4699 ipsemet
1660 4627 1853 4683 Auctor

252 4728 397 4800 loqui
417 4725 1042 4798 videretur,supposititiis
1070 4723 1464 4795 quibuscumque
1486 4722 1742 4787 abscissis,
1757 4738 1851 4792 pro

251 4823 445 4876 viribus
473 4822 782 4875 studuimus.
804 4819 885 4875 Ad
917 4829 1271 4888 pustremum,
1302 4825 1360 4872 ut
1387 4817 1585 4873 clarius
1616 4831 1767 4871 suam
1798 4816 1851 4870 in

253 4919 358 4974 bac
389 4916 633 4972 ornanda
660 4916 900 4972 editione
942 4913 1277 4983 diligentiam
1331 4911 1637 4980 patefaciet,
1669 4917 1853 4965 narrat

254 5018 521 5066 tractatus
564 5009 983 5080 aliquotquibus
1013 5007 1132 5062 alia:
1159 5012 1410 5061 carerent
1434 5003 1702 5060 editiones
1731 5018 1759 5056 a
1793 5018 1853 5058 se

252 5103 508 5168 additos,
557 5102 856 5158 institutam
911 5115 1100 5155 novam
1152 5097 1685 5167 commodioremque
1735 5097 1854 5151 uni-

252 5196 401 5252 versi
455 5196 636 5264 operis
683 5193 1068 5264 partitionem.
1122 5207 1184 5248 ac
1242 5191 1476 5262 denique
1539 5199 1852 5246 contextum

253 5290 554 5360 Scriptura:
582 5289 634 5344 in
665 5289 836 5344 tribus
869 5288 1141 5359 prioribus
1169 5286 1332 5343 tomis
1359 5285 1424 5340 ad
1459 5285 1718 5341 lectorum
1750 5285 1856 5340 uti—

253 5387 461 5443 litatetn
491 5384 820 5456 appositum.

325 5478 570 5548 Quatuor
593 5492 658 5532 ex
688 5474 806 5544 ejus
828 5474 985 5530 tomis
1010 5474 1198 5528 Roma:
1223 5472 1364 5544 apud
1397 5471 1728 5527 Dominicum
1756 5471 1856 5526 Ba-

254 5587 372 5628 sam
406 5569 613 5640 vulgati
655 5579 784 5624 sunt
807 5569 961 5623 annis
991 5567 1154 5632 1580,
1186 5566 1321 5623 1581
1357 5573 1413 5621 et
1441 5563 1604 5626 1582,
1634 5563 1855 5633 quintus

260 5674 444 5721 autem
486 5678 632 5719 anno
661 5661 825 5729 1585,
856 5675 976 5716 cum
1012 5661 1116 5731 iam
1159 5662 1375 5717 sederet
1407 5660 1458 5714 in
1491 5658 1552 5713 B.
1591 5659 1736 5714 Petri
1765 5674 1855 5715 ca—

264 5760 460 5817 thedra
490 5759 692 5832 Xystus
716 5757 782 5824 V,
811 5757 897 5811 cui
924 5755 1172 5812 eumdem
1208 5765 1408 5810 tomum
1454 5754 1651 5810 Johan.
1698 5755 1850 5822 Bapt.

263 5851 566 5908 Bandinius
592 5850 947 5922 nuncupavit.
975 5847 1264 5918 Postquam
1283 5861 1415 5904 vero
1439 5846 1606 5901 semel
1633 5845 1748 5900 hinc
1773 5862 1857 5901 ea-

1950 1905 2031 1960 sio
2065 1920 2172 1959 non
2205 1907 2339 1960 satis
2365 1906 2628 1961 concinna
2657 1919 2774 1975 est;
2807 1919 2862 1963 ut
2893 1911 3038 1965 enim
3068 1911 3550 1980 prietermittamus

1951 1997 2122 2052 multo
2149 1997 2271 2068 plus
2302 1998 2584 2054 afﬁnitatis
2611 1999 2823 2056 duobus
2851 2001 3044 2072 primis
3092 2003 3411 2059 tractatibus
3460 2019 3551 2059 se-

1948 2093 2110 2148 cuntli
2136 2095 2265 2148 torni
2293 2108 2414 2148 cum
2445 2095 2647 2149 ultimis
2669 2097 2826 2166 primi
2850 2096 3207 2164 intercedere,
3233 2113 3396 2168 quam
3423 2113 3551 2154 cum

1949 2186 2299 2255 sequentibus
2340 2186 2584 2258 ejusdem
2616 2187 2839 2243 secundi
2880 2190 3010 2243 tomi
3049 2189 3551 2260 explanationibus,

1950 2295 2056 2334 non
2089 2281 2448 2336 conveniebat
2493 2281 2752 2351 epistolas
2793 2291 2954 2353 atque
3011 2285 3304 2340 conciones
3341 2285 3552 2356 aliquot

1949 2387 2014 2427 ex
2055 2373 2245 2428 ordine
2292 2374 2513 2444 proprio
2564 2384 2844 2445 exemptas
2892 2391 2920 2430 a
2970 2385 3116 2431 tonio
3144 2378 3332 2447 quinto
3359 2377 3413 2432 in
3445 2377 3556 2448 pri-

1951 2484 2098 2524 mum
2152 2469 2253 2525 sub
2309 2469 2725 2525 annotationum
2775 2471 2995 2526 nomine
3044 2487 3323 2539 revocare,
3379 2473 3554 2528 multo

1949 2564 2114 2618 etiam
2149 2563 2325 2618 minus
2378 2563 2594 2617 avulsas
2645 2564 3033 2620 nonnullorum
3076 2564 3340 2620 librorum
3373 2575 3554 2634 partes

1949 2658 2057 2713 alio
2087 2658 2350 2728 relegare.
2406 2656 2522 2712 Hoc
2559 2666 2823 2728 praaterea
2870 2658 3072 2714 ibidem
3101 2657 3548 2728 reprehenditur,

1949 2753 2095 2824 quod
2121 2762 2382 2807 tractatus
2401 2751 2662 2823 quosdam
2693 2751 2852 2808 valde
2874 2751 3089 2818 dubios,
3123 2755 3360 2822 receptis
3389 2767 3454 2808 ac
3475 2751 3556 2808 le-

1951 2846 2149 2917 gitimis
2174 2845 2327 2916 quasi
2354 2845 2688 2900 iudubitatos
2713 2845 3044 2900 inseruerint
3070 2861 3085 2910 ;
3118 2859 3241 2900 cum
3265 2860 3297 2900 e
3331 2853 3555 2901 contra-

1953 2944 2035 2998 rio
2075 2945 2127 2998 in
2159 2944 2224 2998 iis
2250 2943 2413 2998 etiam
2470 2942 3026 2998 commentationibus
3075 2957 3211 3012 quas
3251 2941 3553 2996 editionum

1954 3036 2294 3104 superiorum
2321 3052 2625 3091 consensus
2650 3036 2967 3102 admiserat,
2991 3035 3057 3089 ad
3078 3035 3444 3091 secernendas
3469 3049 3556 3090 vc-

1955 3144 2046 3182 ras
2070 3144 2098 3180 a
2133 3127 2302 3191 falsis,
2336 3138 2514 3182 cert-ts
2558 3129 2627 3182 ab
2664 3129 2952 3198 ambiguis,
2986 3129 3198 3182 delectu
3241 3137 3296 3183 et
3326 3143 3554 3184 censura

1955 3236 2092 3293 opus
2138 3220 2350 3276 fuisset.
2398 3221 2504 3278 Sed
2535 3220 2669 3276 nihil
2698 3222 2752 3275 in
2783 3220 2866 3274 his
2894 3221 3147 3276 omnibus
3177 3222 3348 3292 magis
3377 3220 3554 3276 offen-

1955 3313 2061 3380 dit,
2089 3330 2248 3385 quam
2278 3314 2422 3384 quod
2450 3316 2621 3369 multa
2650 3317 2702 3369 in
2735 3315 2855 3386 ipso
2887 3323 3034 3370 textu
3061 3315 3162 3369 sibi
3195 3315 3560 3384 permiserunt

1955 3409 2011 3475 ii,
2047 3424 2183 3479 quos
2215 3407 2392 3464 eidem
2443 3408 2767 3479 corrigendo
2805 3407 3054 3464 adhibuit
3093 3408 3559 3464 eminentissimus

1954 3503 2284 3569 cardinalis;
2319 3518 2494 3574 neque
2515 3504 2660 3558 enim
2691 3502 2813 3558 istic
2843 3503 3001 3558 aliter
3026 3503 3094 3557 ab
3124 3503 3244 3573 ipso
3273 3513 3555 3573 peccatum

1953 3613 2078 3655 esse
2106 3598 2504 3664 existimamus,
2550 3597 2651 3652 nisi
2693 3597 2819 3668 quia
2850 3595 2990 3652 forte
3021 3597 3138 3666 plus
3169 3610 3324 3667 inquo
3363 3610 3556 3650 eorum

1953 3691 2246 3761 diligentia:
2274 3706 2336 3747 ac
2366 3691 2667 3762 prudentia:
2694 3690 2945 3747 credidit.
3001 3690 3173 3746 Immo
3213 3705 3346 3746 vero
3377 3704 3556 3759 neque

1955 3785 2148 3842 horum
2180 3785 2543 3841 damnandum
2577 3794 2721 3841 tanta
2753 3800 2874 3841 cum
2905 3785 3198 3840 severitate
3227 3784 3515 3839 consilium
3539 3823 3555 3848 ,

1952 3883 2152 3952 quippe
2183 3882 2274 3952 qui
2307 3881 2436 3935 nihil
2469 3879 2615 3934 aliud
2647 3879 2749 3934 sibi
2803 3879 3211 3947 proposuerint,
3260 3877 3360 3931 nisi
3392 3889 3558 3931 voces

1955 3976 2212 4045 quasdam
2227 3990 2346 4045 qua:
2367 3975 2524 4044 paulo
2541 3973 2787 4028 duriores
2802 3972 2934 4043 ipsis
2946 3970 3270 4026 videbantur
3283 3970 3554 4036 emollire,

1953 4070 2035 4124 vel
2064 4085 2184 4140 qua:
2210 4067 2572 4132 obscuriores,
2603 4077 2812 4123 mutare
2834 4066 3175 4133 clarioribus,
3205 4066 3290 4121 vel
3319 4067 3554 4137 denique

1956 4161 2021 4216 ad
2049 4159 2343 4233 Scriptura:
2371 4160 2568 4216 seriem
2599 4159 2837 4214 auctoris
2864 4160 3238 4230 expositiones
3266 4174 3545 4214 revocare.

2027 4254 2246 4310 Interim
2278 4253 2595 4309 heterodoxi
2616 4296 2630 4320 ,
2663 4255 2753 4325 qui
2799 4269 3013 4310 omnem
3045 4254 3276 4324 lapidem
3310 4261 3554 4320 movent,

1955 4366 2062 4422 quo
2113 4350 2332 4405 Patrum
2373 4350 2748 4403 auctoritatem
2778 4349 2992 4403 valeant
3029 4346 3328 4413 declinare,
3360 4359 3557 4417 magno

1955 4444 2184 4515 strepitu
2211 4458 2274 4498 ac
2302 4443 2531 4498 tumultu
2563 4442 2743 4510 nobis,
2771 4450 2830 4497 ut
2857 4441 3116 4508 diximus,
3149 4441 3554 4510 corruptionem

1957 4533 2441 4591 Atnbrosianarum
2482 4532 2782 4589 editionum
2825 4543 3109 4603 oggerunt.
3143 4531 3330 4604 Neque
3373 4541 3556 4587 tamen

1959 4642 2152 4684 recens
2177 4637 2260 4683 est
2283 4628 2387 4682 ista
2429 4627 2858 4696 importunorum
2889 4625 3166 4681 hominum
3213 4625 3558 4689 criminatio;

1958 4724 2158 4778 etenim
2188 4721 2389 4777 saeculo
2439 4721 2707 4792 superiori
2748 4720 3072 4776 Franciscus
3096 4719 3308 4780 Junius,
3337 4727 3396 4771 ttt
3440 4731 3562 4785 per-

1959 4815 2210 4870 suaderet
2239 4831 2344 4869 non
2376 4830 2498 4869 esse
2544 4813 2826 4870 catholicis
2859 4814 3205 4885 typographis
3243 4811 3470 4866 liberum
3504 4810 3560 4864 in

1958 4908 2288 4966 excudendis
2333 4907 2553 4962 Patrum
2607 4907 2866 4979 operibus
2896 4907 3033 4962 bona
3072 4906 3180 4962 ﬁde
3203 4904 3434 4969 versari,
3462 4901 3561 4958 sed

1961 5019 2058 5060 eos
2081 5003 2267 5058 vexari
2297 5018 2325 5054 a
2375 5002 2560 5057 nescio
2605 5002 2799 5072 quibus
2839 4999 3275 5072 exploratoribus
3306 5011 3444 5068 quos
3473 4997 3558 5051 in-

1957 5099 2251 5170 quisitores
2303 5095 2505 5151 occulti
2559 5094 3000 5160 summitterent,
3057 5092 3216 5148 talem
3265 5103 3423 5145 orsus
3466 5093 3562 5140 aut

1957 5201 2300 5250 commentus
2331 5200 2415 5248 est
2445 5191 2813 5245 narrationem
2842 5185 3087 5258 (Prwfat.
3118 5187 3175 5240 in
3213 5181 3336 5236 Ind.
3370 5195 3562 5252 expur-

1957 5288 2090 5362 gat.)
2113 5287 2301 5343 Refert
2322 5287 2500 5356 itaque
2527 5300 2648 5340 cum
2676 5280 2920 5352 Lugduni
2946 5294 3090 5334 anno
3140 5276 3279 5332 l555
3318 5273 3561 5329 Ludovi-

1958 5400 2080 5441 cttm
2110 5383 2361 5438 Sanrinru
2391 5381 2669 5445 inviseret,
2697 5391 2984 5448 operarum
3022 5374 3077 5426 in
3105 5369 3322 5424 officina
3350 5369 3564 5427 Freslo-

1964 5477 2126 5534 niana
2164 5483 2527 5531 correctorem
2555 5514 2574 5540 ,
2631 5471 2702 5525 ab
2726 5485 2794 5525 eo
2847 5465 2950 5520 sibi
2988 5472 3416 5520 commonstrata
3443 5480 3567 5521 esse

1964 5573 2175 5643 aliquot
2195 5569 2320 5624 folia
2345 5567 2675 5634 scriptorum
2700 5561 2809 5615 divi
2833 5554 3126 5617 Ambrosii,
3158 5553 3429 5625 elegantia
3451 5557 3571 5630 qui-

1963 5666 2092 5722 dein“
2140 5662 2255 5726 illa,
2305 5658 2450 5731 quod
2481 5657 2547 5711 ad
2590 5655 2795 5710 chartae
2843 5650 3096 5712 nitorem,
3138 5650 3570 5705 concinnitatem

1962 5758 2379 5819 characterum,
2429 5763 2529 5803 nec
2577 5761 2684 5800 non
2715 5736 3110 5806 orthographia:
3162 5743 3581 5796 accurationem

1980 5866 2070 5920 pet
2088 5848 2223 5902 tinet
2268 5861 2282 5896 :
2331 5850 2388 5897 at
2439 5841 2492 5892 in
2522 5839 2640 5905 ipso
2669 5843 2836 5888 sensu
2879 5835 3038 5897 atque
3066 5835 3351 5886 contextu
3379 5832 3518 5888 finde
3545 5830 3589 5878 oa
