4102 6360
548 358 616 413 ιο
2013 345 2406 404 Ριικειηιτιο.
3814 355 3912 413 ε.)

550 469 932 529 Franciscanis
961 467 1171 523 duobus
1201 464 1522 536 interpolata
1551 472 1605 520 et
1635 462 1959 518 cancellata.
2009 460 2156 516 lianc
2182 464 2236 522 Λ
2265 476 2395 516 vero
2417 461 2636 527 nullius,
2670 461 3070 517 omitterentur.
3104 461 3215 518 [lac
3237 461 3485 520 videlicet
3511 465 3720 521 ratione
3743 483 3910 536 pro-

552 581 718 638 porro
748 562 1146 620 accusationem
1175 576 1296 617 cum
1328 560 1640 616 videremus
1668 573 1775 611 non
1800 554 1981 612 solum
2006 570 2036 608 a
2067 555 2159 610 Ri-
2265 555 2523 620 vidimus,
2569 564 2627 610 ut
2670 565 2724 609 et
2773 556 2960 610 lectori
2990 571 3148 626 quam
3198 556 3532 627 potissimum
3576 558 3906 619 lectionem

553 671 682 718 veto
717 657 868 732 (Crit.
923 674 1059 714 sacr.
1096 657 1184 712 lib.
1231 673 1309 721 in,
1342 673 1388 710 ο.
1422 654 1476 725 6)
1519 663 1576 709 et
1604 652 1872 707 similibus
1909 651 2155 718 ejusdem
2266 651 2650 718 amplectatur,
2684 651 2886 721 eligere
2919 652 3148 706 liberum
3178 655 3247 708 sit
3281 671 3294 708 :
3327 668 3425 709 nec
3450 664 3625 710 tamen
3656 659 3904 729 pagina:

548 766 644 812 aut
663 755 913 826 supparis
937 754 1037 809 :evi
1064 752 1423 823 scriptoribus
1445 746 1799 818 cupidissime
1821 745 1888 800 ad
1913 745 2157 800 conﬂan-
2264 743 2476 799 levibus
2506 744 2852 801 inutilihnsve
2885 746 3027 800 notis
3057 747 3403 816 cppleanlur.
3447 748 3517 802 At
3547 749 3601 802 in
3623 750 3903 821 Scriptu-

553 853 680 908 dum
737 849 999 906 Ecclesiae
1051 847 1231 902 odium
1290 856 1563 914 arreptam
1609 851 1771 912 atque
1813 850 2154 907 contortam;

553 964 742 1005 verum
773 946 937 1002 etiam
982 943 1292 1013 nuperrime
1322 955 1353 996 a
1395 938 1644 994 ministro
1682 936 1914 1007 quodam
1945 951 2154 990 summa

552 1060 675 1100 cum
701 1040 1134 1098 stomachatione
1163 1036 1470 1106 repetitam,
1496 1033 1599 1088 hoc
1627 1032 1782 1087 nobis
1809 1030 2154 1100 cupiditatem

558 1139 747 1209 injecit
771 1137 840 1192 de
880 1135 970 1191 illa
1014 1132 1257 1188 editione
1299 1129 1500 1184 certius
1529 1126 1732 1196 aliquid
1764 1122 2152 1195 cogitesccndi.

546 1234 666 1302 Quo
686 1234 829 1288 circa
855 1229 1189 1286 celebriores
1222 1224 1449 1295 hujusce
1477 1220 1623 1277 urbis
1657 1221 2014 1276 bibliothecas
2039 1233 2159 1288 per-

544 1327 920 1385 lustravimus,
953 1321 1130 1376 editos
1151 1320 1358 1388 aliquot
1387 1331 1695 1372 camerarum
1726 1314 2007 1383 catalogus
2027 1327 2158 1367 cnn-

548 1420 850 1482 suluimus,
899 1417 1136 1486 denique
1170 1426 1227 1468 ut
1272 1411 1517 1482 Lugduni
1547 1409 1591 1464 si
1621 1407 1763 1479 quod
1794 1408 1938 1461 illius
1967 1421 2158 1460 exem-

547 1515 671 1587 plar
703 1511 900 1568 ibidem
941 1517 1284 1578 superesset,
1315 1507 1724 1573 esploraretur,
1753 1514 1976 1570 operam
2004 1497 2158 1553 dedi-

550 1625 704 1675 mus;
739 1622 915 1676 neque
947 1616 1125 1660 tamen
1158 1603 1325 1657 ttllum
1379 1600 1622 1670 ejusdem
1654 1596 1948 1665 vesngium
2009 1593 2159 1648 licuit

550 1707 760 1776 uspiam
812 1700 1243 1772 deprehendere.
1301 1696 1458 1753 Unde
1486 1692 1708 1763 colligas
1735 1691 1907 1763 ipsum
1933 1689 2017 1744 vel
2044 1697 2159 1743 sta-

555 1801 649 1853 tim
678 1810 1026 1867 suppressam
1059 1793 1246 1855 l'uisse,
1271 1791 1354 1843 vel
1383 1789 1522 1842 forte
1549 1785 1771 1840 omnino
1793 1783 2152 1853 suppositam.

2266 855 2342 893 rte
2369 840 2504 893 locis
2531 841 2621 909 qui
2671 841 2867 909 passim
2896 844 3131 896 citantur
3153 843 3222 896 ab
3270 842 3583 909 Ambrosio,
3631 845 3898 915 diligen-

2266 933 2394 986 tiam
2428 949 2491 989 ac
2519 935 2830 1003 religionem
2863 936 3040 991 adhuc
3070 936 3332 1004 majorem
3364 937 3738 1003 adhibuimus;
3774 957 3899 996 eo-

2265 1027 2512 1081 rumdem
2563 1028 2706 1082 enim
2753 1029 2995 1082 loetirum
3044 1031 3333 1084 varietates
3379 1030 3649 1092 interdum
3699 1035 3896 1092 etiam

2267 1120 2412 1176 haud
2458 1123 2529 1175 ita
2580 1136 2774 1192 graves
2806 1138 2912 1176 non
2958 1124 3132 1177 solum
3165 1140 3231 1179 ex
3258 1125 3530 1180 Ambrosii
3561 1127 3890 1199 codicibus,

2263 1212 2360 1267 sed
2389 1229 2420 1268 e
2439 1212 2669 1268 diversis
2691 1229 2906 1284 quoque
2931 1215 3227 1271 Bibliorum
3255 1217 3526 1272 idiontatis
3549 1218 3750 1289 placuit
3772 1237 3894 1276 an-

2263 1315 2477 1361 notare.

2336 1400 2724 1456 Submovimus
2751 1410 2934 1456 autem
2960 1402 3234 1471 longiores
3257 1405 3380 1460 illos
3401 1415 3709 1475 contextus,
3742 1409 3890 1480 qui-

2264 1496 2388 1561 bus,
2424 1506 2480 1550 ut
2507 1495 2710 1550 dictum
2733 1508 2838 1561 est,
2873 1498 2926 1552 in
2954 1497 3194 1554 editione
3223 1501 3461 1556 Humana
3489 1517 3610 1557 cum
3644 1503 3763 1558 libri
3797 1507 3885 1562 ab

2266 1591 2522 1654 invicem,
2553 1599 2666 1646 tum
2696 1591 2858 1644 etiam
2890 1607 2996 1646 non
3027 1608 3150 1646 raro
3179 1593 3356 1648 media
3386 1595 3496 1665 ipsa
3522 1600 3698 1666 capita
3725 1598 3884 1652 divi-

2264 1683 2566 1748 debantur;
2601 1698 2667 1738 eo
2697 1684 2839 1750 quod
2872 1685 2963 1738 illa
2989 1684 3187 1740 divisio
3213 1701 3440 1757 operum
3470 1688 3883 1745 Ambrosiano-

2264 1793 2384 1832 rum
2409 1793 2630 1846 corpus,
2650 1779 2791 1848 quod
2820 1794 2984 1834 unum
3011 1795 3153 1848 esse,
3174 1783 3348 1852 quoad
3376 1785 3494 1852 ejus
3519 1784 3636 1840 fieri
3661 1794 3877 1856 potest,

626 1893 682 1948 Si
712 1906 840 1946 vero
865 1889 934 1944 de
965 1903 1023 1943 re
1051 1897 1157 1941 tam
1212 1899 1399 1954 parum
1433 1888 1581 1938 certa
1611 1889 1788 1934 tantas
1816 1878 1890 1931 illi
1916 1877 2157 1930 excitant
2185 1873 2235 1934 B
2264 1875 2459 1938 debet,
2489 1876 2642 1944 quasi
2692 1875 3034 1932 membratim
3066 1875 3335 1932 distrahat
3363 1889 3418 1934 et
3458 1878 3751 1950 diseerpat.
3789 1882 3881 1938 De

549 1985 866 2057 tragoedias,
896 1983 1019 2053 quis
1047 1979 1236 2036 credat
1267 1975 1489 2032 eosdem
1520 1973 1689 2028 mavis
1717 1987 1780 2025 ac
1812 1972 1958 2024 vitiis
1981 1966 2156 2038 parci-

551 2092 702 2137 turos
745 2093 932 2134 earum
966 2075 1286 2132 editionum.
1331 2085 1449 2141 quae
1480 2082 1622 2123 nunc
1667 2065 1878 2136 publice
1911 2069 2159 2134 proStant

549 2183 609 2231 et
634 2155 950 2230 cunctorum
974 2165 1369 2223 catholicorum
1399 2171 1562 2234 atque
1584 2158 2014 2215 acatholicornm
2044 2169 2158 2209 ma-

553 2269 715 2324 nibus
747 2263 1035 2321 teruntur?
1065 2261 1180 2316 Non
1239 2259 1482 2330 pepercit
1529 2254 1778 2325 proferto
1827 2261 2158 2306 memoratus

551 2361 776 2418 Rivetus
800 2401 813 2423 ,
869 2372 991 2413 cum
1044 2363 1400 2410 memoratam
1448 2350 1516 2404 de
1542 2347 1889 2418 Lugdunensi
1921 2345 2160 2400 editione

551 2454 916 2512 narrationem
965 2450 1038 2503 ita
1088 2445 1401 2503 coiicludit:
1437 2441 1577 2509 Quid
1612 2442 1664 2494 in
1694 2438 1950 2493 simi/ibus
1981 2436 2160 2490 Roma:

546 2556 721 2602 actum
751 2545 839 2609 sit,
873 2552 960 2596 aut
987 2540 1217 2613 quotidie
1246 2547 1454 2610 agatur,
1482 2535 1716 2590 divinare
1745 2541 2040 2604 promptum
2063 2538 2157 2583 est.

552 2639 696 2713 (Lib.
725 2647 774 2690 et
803 2653 921 2706 cap.
944 2636 1062 2705 cit.)
1088 2633 1204 2688 Non
1233 2631 1476 2702 pepercit
1507 2629 1739 2683 Dallaeus
1761 2625 2162 2680 Charentonia-

553 2749 659 2790 nus
687 2733 816 2787 olim
840 2733 1121 2795 minister;
1155 2730 1240 2783 hic
1261 2728 1405 2783 enim
1439 2727 1492 2779 in
1514 2739 1582 2779 eo
1607 2723 1746 2777 libro
1767 2736 1926 2792 quem
1959 2720 2021 2773 de
2050 2717 2162 2773 Usu

561 2825 784 2881 Patrum
813 2824 1008 2896 gallice
1059 2820 1298 2892 scripsit,
1351 2817 1545 2889 capitis
1573 2816 1609 2872 Δ
1640 2817 1884 2886 paginam
1924 2814 1996 2869 95
2025 2819 2163 2867 inte-

553 2937 702 2992 gram
731 2916 1008 2974 consumit
1057 2916 1113 2971 in
1160 2914 1347 2969 eadem
1397 2914 1636 2967 liomana
1693 2909 1932 2964 editione
1981 2906 2163 2962 tradu-

555 3013 751 3070 cenda.
785 3012 892 3068 Sed
922 3015 974 3066 in
1006 3011 1110 3066 hoc
1139 3009 1256 3079 ejus
1288 3008 1626 3074 aliorumque
1652 3004 1908 3059 similium
1943 3001 2158 3071 injusti-

552 3110 625 3165 tia
681 3108 967 3165 manifesta
998 3115 1100 3172 est,
1137 3103 1281 3176 quod
1328 3100 1557 3166 Erasmi,
1595 3099 1802 3156 Gelenii
1835 3113 1898 3152 ac
1925 3104 2157 3151 είιιιειο-

551 3219 674 3259 rum
719 3203 810 3273 qui
862 3199 1160 3256 Basiieensi
1190 3197 1417 3252 editioni
1447 3206 1574 3250 ante
1602 3193 1905 3248 Costerium
1936 3204 2158 3246 manum

2266 1969 2527 2023 librorum
2558 1983 2687 2022 vero
2733 1971 2977 2024 sectione
3024 1969 3076 2023 in
3124 1973 3336 2040 capita,
3384 1987 3484 2027 nec
3524 1989 3631 2027 non
3673 1989 3880 2030 eorum

2264 2061 2632 2131 argumentis,
2681 2063 2796 2117 sive
2844 2064 3182 2130 summariis,
3221 2077 3276 2120 ut
3307 2077 3535 2133 vocant,
3581 2071 3880 2127 sententiis

2267 2164 2531 2224 tantisper
2556 2166 2821 2212 certatum
2871 2165 2984 2223 est;
3033 2175 3154 2213 rum
3200 2176 3308 2214 non
3363 2161 3618 2219 deessent
3664 2166 3753 2234 qui
3802 2180 3879 2221 ea

2265 2253 2447 2304 omnia
2472 2267 2592 2321 qua:
2619 2268 2724 2305 non
2760 2252 3092 2308 haberentur
3123 2255 3172 2307 in
3213 2256 3596 2326 manuscriptis
3616 2297 3628 2321 ,
3656 2271 3720 2312 es
3752 2259 3881 2314 edi-

2266 2345 2507 2399 tionibus
2539 2345 2774 2400 tollenda
2805 2362 2928 2401 esse
2957 2352 3353 2403 contenderent
3388 2367 3401 2402 :
3443 2349 3534 2404 alii
3563 2362 3750 2405 contra
3781 2367 3879 2408 re-

2268 2441 2488 2496 tinenda
2531 2443 2747 2512 quidem
2793 2444 3198 2510 existimarent,
3248 2447 3341 2501 sed
3387 2452 3510 2518 quia
3543 2456 3725 2504 vetera
3775 2451 3877 2507 illa

2266 2548 2587 2608 argumenta
2637 2537 2892 2593 Auctoris
2937 2555 3156 2595 sensum
3209 2551 3369 2612 atque
3414 2544 3730 2612 consilium,
3782 2546 3878 2601 vel

2269 2632 2448 2685 minus
2479 2631 2799 2701 perspicue,
2850 2631 2936 2686 vel
2970 2634 3151 2688 minus
3195 2634 3361 2689 latine
3390 2648 3872 2705 reprarsentareut,

2267 2727 2612 2797 corrigenda.
2665 2726 2852 2781 Potior
2898 2729 3090 2783 horum
3139 2729 3249 2783 visa
3298 2739 3382 2785 est
3412 2732 3624 2802 opinio;
3655 2740 3877 2788 constat

2269 2821 2536 2892 siquidem
2580 2821 2817 2876 animum
2867 2823 3086 2877 lectoris
3125 2824 3406 2895 del‘atigari
3432 2866 3446 2888 ,
3496 2826 3594 2880 nisi
3637 2825 3875 2882 subinde

2267 2917 2419 2984 quasi
2448 2916 2615 2969 variis
2655 2916 2979 2972 stationibus
3020 2917 3348 2987 requiescat.
3383 2919 3486 2974 Sed
3531 2921 3581 2974 in
3624 2919 3726 2975 hoc
3754 2936 3876 2976 ma-

2269 3011 2411 3063 xima
2455 3009 2602 3064 illius
2642 3011 2872 3065 instituti
2918 3012 3132 3067 videtur
3161 3014 3399 3079 utilitas;
3433 3015 3574 3086 quod
3615 3016 3872 3070 eumdem

2269 3103 2532 3160 lectorem
2571 3113 2859 3175 antequam
2905 3105 2970 3160 ad
3013 3121 3206 3160 novam
3257 3117 3497 3162 transeat
3546 3108 3868 3177 materiam,

2268 3209 2558 3268 pra'paret,
2593 3213 2699 3266 quo
2726 3197 2936 3252 facilius
2961 3197 3183 3268 legenda
3210 3201 3488 3268 intelligat.
3523 3200 3589 3253 Et
3612 3200 3711 3254 hoc
3733 3215 3873 3258 sane

550 3297 932 3360 admoverunt,
965 3299 1184 3363 peccata
1223 3300 1278 3344 et
1303 3303 1571 3344 summam
1599 3287 1653 3342 in
1696 3285 1988 3356 sequendis
2027 3299 2157 3339 con-
2189 3282 2234 3345 C
2270 3293 2451 3346 nullus
2483 3293 2703 3362 negabit
2746 3293 2919 3361 magis
2958 3294 3321 3346 necessarium
3369 3307 3488 3347 esse
3530 3293 3582 3347 in
3623 3307 3690 3348 eo
3731 3298 3873 3350 εει-ί..

551 3388 778 3461 jectnris
806 3388 1081 3442 licentiam
1113 3393 1270 3440 caute
1294 3383 1661 3438 dissimulant.

625 3484 898 3538 Caeterum
931 3480 1060 3534 illud
1100 3493 1198 3533 nos
1229 3477 1556 3532 coniidimus
1584 3476 1683 3530 hac
1711 3482 1894 3529 nostra
1919 3472 2160 3528 editione

554 3588 858 3640 assecutus,
892 3585 952 3630 ut
995 3590 1056 3630 ea
1091 3573 1193 3628 tela
1217 3589 1336 3643 qua:
1367 3581 1622 3640 perpetuo
1653 3580 1839 3624 contra
1887 3567 2159 3623 Ambrosii

559 3674 942 3728 auctoritatem
998 3667 1323 3736 torqueliant
1353 3663 1637 3719 catholica:
1679 3664 1939 3718 Ecclesia:
1968 3662 2161 3716 adver-

551 3767 710 3833 sarii,
732 3764 841 3833 jam
868 3764 919 3816 in
951 3770 1225 3832 posterum
1253 3775 1319 3814 ex
1343 3773 1532 3813 eorum
1558 3759 1807 3812 manibus
1835 3758 2155 3826 eripiantur.

556 3861 800 3916 Primum
831 3859 975 3912 enim
1031 3855 1174 3910 hanc
1222 3854 1397 3924 legem
1451 3852 1607 3908 nobis
1640 3851 2008 3906 inviolabilem
2037 3867 2160 3908 esse

557 3955 854 4019 voluimus,
891 3950 1094 4006 nullam
1149 3950 1201 4003 in
1251 3957 1455 4004 textum
1507 3945 1877 4015 conjecturam
1906 3955 2159 4016 umquam

557 4051 864 4106 admittere.
902 4047 1031 4102 Nam
1065 4043 1523 4116 quemadmodum
1555 4058 1583 4096 a
1633 4040 1882 4097 Costerio
1907 4043 2159 4109 videmus

553 4140 978 4213 prudentissime
1007 4138 1353 4192 observatum
1385 4134 1578 4204 (Epist.
1595 4138 1712 4205 jam
1732 4135 1968 4206 laudata)
2003 4151 2021 4189 :
2055 4135 2159 4202 Qui

553 4235 759 4306 ingenio
805 4231 1073 4286 dumtaxat
1122 4247 1215 4284 suo
1248 4229 1556 4301 judicioque
1603 4227 1873 4298 plusquam
1913 4229 2155 4292 debeant,

556 4329 762 4400 ﬁdunt,
808 4343 968 4397 neque
994 4324 1291 4395 praesidium
1339 4339 1486 4377 omne
1534 4322 1588 4375 in
1625 4322 1954 4389 antiquorum
1987 4337 2158 4374 exent-

559 4423 788 4494 plarium
832 4421 1107 4476 collatione
1135 4419 1472 4482 constituunt,
1507 4417 1622 4486 fieri
1647 4417 1849 4486 quidem
1883 4426 2068 4487 potest,
2102 4426 2158 4472 ut

558 4515 864 4587 quandoque
909 4513 1162 4568 nonnulla
1193 4527 1308 4584 quin
1351 4521 1531 4566 contra
1576 4512 2030 4583 grammaticorum
2067 4528 2156 4567 ca-

552 4625 714 4664 nones
733 4607 1044 4678 depugnem,
1067 4606 1335 4660 restituant
1360 4621 1379 4659 .'
1400 4613 1455 4658 at
1478 4620 1622 4658 voces
1636 4605 1767 4659 male
1795 4616 2152 4670 commutatus,

2266 3395 2442 3454 ptore,
2471 3385 2536 3438 ad
2563 3385 2717 3454 cujus
2742 3385 3029 3439 lectionem
3049 3393 3208 3454 atque
3233 3385 3872 3457 intelligentiam,qunm—

2265 3479 2556 3532 admodum
2586 3480 2968 3534 animadvertit
2999 3477 3163 3550 (Hist.
3214 3477 3360 3532 Eccl.
3410 3496 3497 3534 an.
3534 3480 3662 3550 ⁸597)
3697 3485 3868 3536 Anto-

2267 3577 2387 3629 nius
2418 3575 2696 3639 Godellus,
2716 3589 2967 3644 magnum
3010 3573 3266 3629 Ecclesia:
3294 3574 3586 3630 Gallicanae
3612 3576 3778 3632 decus
3810 3588 3864 3633 et

2265 3685 2665 3738 ornamentum,
2685 3687 2822 3741 Opus
2844 3680 2928 3726 cst
2948 3659 3252 3726 eruditione
3277 3670 3556 3740 plusquam
3579 3672 3856 3726 mediocri.

2338 3764 2406 3819 Ut
2437 3765 2600 3833 igitur
2628 3764 2725 3817 hac
2763 3765 2814 3818 in
2847 3779 2907 3819 re
2942 3763 3277 3834 petissiniuin
3305 3763 3613 3832 junioribus
3643 3764 3859 3819 theolo-

2264 3859 2347 3928 gis
2377 3874 2473 3928 pro
2504 3859 2722 3912 modulo
2761 3866 2950 3912 nestro
2979 3859 3421 3923 consuleremus,
3455 3869 3722 3927 receptam
3746 3858 3855 3927 jam

2265 3954 2390 4007 olint
2419 3963 2741 4009 tractatuum
2767 3952 2818 4006 in
2837 3954 3009 4023 capita
3035 3952 3355 4007 divisionem
3378 3953 3720 4018 retinnimus,
3744 3956 3856 4023 ipsa

2264 4050 2438 4118 capita
2471 4050 2522 4102 in
2557 4063 2813 4102 numeros
2841 4063 2935 4102 seu
2965 4050 3235 4103 sectioiies
3259 4049 3654 4114 distribuimus,
3681 4051 3857 4119 explio

2262 4146 2472 4199 coimus
2500 4158 2662 4198 voces
2689 4143 2949 4197 obscuras
2991 4153 3084 4198 aut
3126 4159 3310 4213 parum
3357 4143 3617 4208 usitatas,
3666 4158 3852 4199 eorum

2264 4235 2424 4289 etiam
2463 4251 2580 4304 qnze
2608 4236 2673 4289 ad
2708 4235 3024 4303 historiam,
3055 4236 3426 4306 disciplinam,
3462 4247 3623 4307 atque
3650 4237 3854 4290 doctri-

2264 4343 2385 4382 nam
2419 4337 2696 4396 Spectant,
2730 4329 2814 4383 tibi
2849 4345 2935 4384 res
2958 4329 3030 4383 ita
3061 4329 3335 4399 postulare
3357 4331 3469 4385 visa
3501 4338 3605 4394 est,
3635 4330 3852 4385 brevem

2263 4419 2672 4474 subnotavimus
2694 4422 3108 4490 espositionem.
3137 4422 3219 4476 Ad
3243 4422 3358 4476 inec
3379 4431 3620 4478 veterum
3644 4436 3854 4493 quoque

2261 4511 2477 4566 illorum
2517 4514 2664 4568 locos
2713 4513 3090 4580 indicavimus,
3121 4530 3256 4583 quos
3300 4513 3625 4568 Ambrosius
3671 4524 3854 4568 noster

2260 4605 2364 4661 sibi
2407 4615 2764 4676 proposuerat
2803 4606 3113 4660 imitandos.
3155 4607 3212 4660 ln
3244 4606 3439 4676 quibus
3470 4605 3722 4660 omnibus
3747 4620 3852 4660 non

553 4701 830 4759 sententias
859 4709 946 4754 aut
977 4699 1186 4752 omnino
1228 4699 1446 4752 omissas
1469 4739 1484 4763 ,
1519 4706 1609 4751 aut
1649 4698 1702 4751 in
1728 4697 1952 4751 alienum
1984 4699 2152 4754 locum
2180 4690 2235 4752 D
2263 4703 2458 4756 tamam
2487 4701 2808 4756 eruditionis
2839 4702 3093 4771 aucupari
3133 4699 3419 4756 consilium
3454 4700 3582 4768 fuit,
3614 4702 3708 4756 sed
3741 4701 3852 4756 Iec-

552 4797 772 4867 rejcctas
791 4809 851 4847 eo
873 4793 1022 4847 modo
1046 4807 1322 4860 personare
1347 4789 1642 4860 neutiquam
1673 4801 1908 4861 possunt.
1934 4791 2009 4846 Ne
2032 4793 2153 4863 quis

554 4903 688 4944 vero
720 4901 818 4942 nos
842 4893 988 4956 putet
1029 4884 1311 4955 promissis
1353 4883 1460 4938 illis
1490 4883 1666 4938 lucum
1694 4882 1892 4949 facere,
1929 4900 2035 4940 non
2065 4901 2153 4940 so-

555 4978 671 5035 lum
722 4978 1212 5048 manuscriptorum
1259 4975 1457 5046 quibus
1501 4975 1569 5031 ad
1619 4977 1860 5048 singulos
1893 4986 2152 5035 tractatus

553 5069 1030 5141 recognoscendos
1052 5068 1132 5123 usi
1163 5082 1370 5132 sumus,
1395 5069 1697 5139 eatalogum
1727 5070 1793 5124 ad
1823 5071 2026 5125 calcem
2052 5087 2150 5127 vo-

549 5166 774 5222 luminis
799 5163 1162 5231 exhibuimus,
1194 5177 1380 5218 verum
1424 5166 1586 5218 etiam
1615 5164 1843 5235 singulis
1869 5166 2076 5236 paginis
2099 5165 2152 5221 in

556 5257 804 5314 inferiori
833 5258 1078 5327 margine
1111 5254 1236 5324 quid
1263 5264 1317 5310 et
1354 5271 1456 5327 qua
1501 5260 1822 5312 auctoritate
1846 5268 2150 5313 commuta-

555 5359 670 5406 tum
703 5350 883 5417 fuerit,
922 5347 1354 5404 submonnimus.
1389 5347 1490 5404 Ubi
1521 5351 1684 5405 etiam
1712 5349 1974 5420 cujusque
2002 5350 2152 5404 codi-

555 5443 634 5498 cis
666 5452 775 5498 tutn
796 5427 989 5512 scripti
1016 5451 1128 5497 tum
1157 5441 1286 5495 editi
1318 5443 1496 5497 varias
1527 5442 1834 5498 curavimus
1860 5442 2019 5512 adjici
2044 5442 2154 5497 lec-

555 5533 772 5602 tiones;
806 5551 870 5591 eo
908 5546 1090 5591 tamen
1142 5534 1378 5602 delectu,
1412 5545 1466 5590 ut
1497 5551 1628 5606 quas
1679 5535 1898 5591 levioris
1922 5536 2148 5591 dueere-

557 5641 680 5684 mus
707 5630 988 5696 momenti,
1015 5629 1370 5700 rejicerentur
1391 5628 1445 5683 in
1469 5631 1629 5684 tinem
1650 5629 1959 5696 voluminis,
1976 5637 2148 5700 ﬂquas

630 5772 659 5840 ξι
703 5763 811 5820 Nos
871 5781 937 5822 ex
977 5765 1218 5839 utrisque
1266 5773 1435 5823 unum
1495 5770 1905 5824 annotationum
1950 5785 2148 5840 corpus

567 5835 848 5913 eﬂecinms
880 5879 904 5913 ,_
957 5855 1024 5892 ne
1071 5835 1210 5894 inter
1256 5841 1543 5913 legendum
1596 5841 1801 5912 aliquid
1845 5835 2146 5900 desiderari

551 5908 726 5979 possit
763 5911 911 5982 quod
951 5925 1062 5969 non
1103 5914 1277 5971 oculis
1313 5908 1622 5986 'subjaceat.
1650 5908 1790 5976 Eoo.
1858 5975 1861 5980 .

2259 4803 2435 4849 torum
2464 4809 2526 4849 ac
2554 4809 2741 4849 eorum
2772 4794 3044 4864 pra-cipue
3073 4794 3184 4864 qtti,
3219 4805 3274 4847 ut
3302 4793 3536 4848 diximus
3557 4835 3571 4859 ,
3609 4806 3852 4849 recentes

2257 4903 2287 4941 a
2314 4887 2598 4956 theologia:
2626 4887 2828 4941 scholis
2849 4929 2863 4952 ,
2894 4901 2953 4941 se
2979 4886 3045 4940 ad
3076 4885 3375 4941 evolvenda
3408 4887 3656 4940 Doctoris
3682 4886 3848 4941 nostri

2257 4993 2604 5040 monumenta
2623 4991 2960 5052 comparant,
2978 4982 3132 5036 unice
3155 4983 3516 5051 speetavimns
3543 4982 3847 5036 utilitatem.

2256 5083 2600 5151 Quapropter
2629 5080 2880 5133 doctores
2905 5077 3039 5144 viri,
3069 5077 3266 5147 quibus
3306 5077 3576 5132 eruditum
3623 5077 3728 5131 hoc
3759 5094 3852 5131 no-

2257 5188 2430 5231 strum
2483 5173 2740 5228 saeculum
2791 5171 3058 5236 abundat,
3112 5171 3258 5224 nullo
3305 5170 3588 5242 dispendio
3639 5171 3850 5225 notnlas

2258 5277 2473 5326 nostras
2522 5267 2776 5322 mnittant
2821 5266 2983 5332 licet,
3028 5280 3128 5320 nec
3178 5275 3356 5321 tamen
3407 5266 3524 5321 illas
3572 5268 3849 5339 tyronibus

2257 5375 2417 5435 atque
2463 5364 2514 5416 in
2559 5361 2938 5431 hujuscemodi
2977 5361 3155 5415 studio
3194 5363 3495 5418 candidatis
3540 5363 3846 5430 invideant;

2255 5463 2452 5535 quibus
2479 5476 2543 5515 eo
2573 5461 2741 5531 magis
2761 5457 3094 5513 necessarias
3121 5472 3243 5512 esse
3266 5459 3395 5513 illud
3425 5459 3681 5524 ostendit,
3707 5457 3849 5529 quod

2257 5557 2308 5611 in
2341 5554 2522 5608 multis
2551 5552 2683 5607 locis
2722 5553 2879 5607 liom.
2913 5551 3182 5617 editores,
3214 5551 3358 5606 viros
3386 5552 3624 5622 alioquin
3667 5551 3849 5607 erudi-

2255 5660 2358 5715 tos,
2389 5647 2638 5700 Auctoris
2668 5660 2890 5700 sensum
2932 5659 3036 5697 non
3070 5656 3348 5702 aSsecntos
3379 5647 3612 5702 inductae
3642 5646 3694 5700 in
3729 5653 3851 5700 tex-

2255 5751 2368 5797 tum
2395 5740 2720 5794 mutationes
2749 5739 3092 5810 patefaciant.
3137 5740 3199 5795 Hi
3229 5758 3360 5796 vero
3389 5741 3515 5796 dum
3550 5740 3852 5810 qualicum-

2251 5849 2358 5908 que
2394 5832 2495 5886 hoc
2536 5837 2722 5888 n0stro
2765 5833 3096 5904 juvahuntur
3135 5836 3359 5896 labore,
3408 5837 3550 5905 quod
3595 5837 3846 5907 pauciora

2250 5930 2698 6002 esposuerimus,
2749 5943 2856 5986 non
2907 5931 3290 6002 expostulent;
3343 5945 3467 5988 cum
3517 5931 3650 5990 nihil
3699 5932 3840 6005 quod
