4156 6370
313 363 382 419 si
1789 351 2186 412 curario.
3553 375 3628 434 ε,

313 472 474 532 valde
509 472 878 530 necessarium
910 471 1094 539 fuerit,
1135 470 1568 544 neglexerimus,
1601 483 1704 527 nec
1743 468 1912 526 lusio-
1939 475 1990 534 Α
2018 469 2258 526 nonduin
2297 469 2473 528 editos
2519 485 2686 529 manu
2738 474 2958 546 propria
3003 477 3320 544 describere
3365 503 3624 561 gravatus

314 584 405 626 res
446 569 832 625 annotationes
855 566 1016 623 facile
1044 566 1384 623 admissurus
1421 565 1584 623 fuerit
1629 564 1918 622 voluminis
2021 579 2131 620 non
2160 573 2260 620 est.
2296 565 2581 623 Postremo
2615 568 2948 628 celebriores
2985 572 3213 647 hujusce
3245 582 3394 639 urbis
3424 587 3622 648 biblio-

303 664 534 721 .modus.

385 757 543 830 Quod
570 772 736 830 porro
764 757 833 814 ad
855 755 1101 814 universi
1121 755 1305 828 operis
1329 755 1678 828 partitionem
1699 755 1914 824 attinet,

312 853 472 910 nobis
500 866 678 923 neque
706 839 950 907 Romana
979 866 1155 922 neque
1181 849 1502 906 Erasniiana
1532 849 1664 905 satis
1691 849 1915 920 probata

313 957 432 1014 est;
481 948 772 1018 utrobique
809 948 954 1003 enim
983 961 1106 1003 cum
1152 947 1292 1003 bene
1317 946 1486 1000 multa
1525 955 1649 1000 sunt
1694 947 1915 1016 pr0prio

309 1059 414 1102 suo
444 1042 565 1099 loco
611 1057 716 1097 non
764 1044 940 1112 posita
962 1081 977 1104 .
1011 1052 1122 1097 tum
1153 1041 1297 1096 nulla
1336 1049 1516 1098 exstat
1545 1041 1912 1113 legitimorum

309 1136 806 1193 adulierinorumve
833 1136 1059 1192 {mtuum
1083 1135 1361 1191 discretio.
1387 1135 1572 1207 Itaque
1602 1135 1736 1190 nihil
1761 1149 1914 1192 com-

311 1230 526 1286 modius
555 1244 679 1286 esse
718 1229 1008 1297 duximus,
1045 1245 1206 1302 quam
1255 1235 1316 1284 ut
1359 1244 1523 1300 opera
1569 1230 1745 1284 omnia
1791 1245 1914 1301 quae

309 1324 532 1380 nomine
558 1322 836 1379 Ambrosii
864 1327 1212 1395 reperiuntur
1241 1324 1522 1392 inscripta,
1552 1323 1604 1379 in
1636 1333 1752 1379 tres
1776 1323 1913 1379 dun-

306 1430 450 1476 taxat
477 1411 654 1476 tomos
691 1419 1090 1487 dividereinus,
1120 1434 1351 1490 quorum
1380 1418 1589 1490 priores
1615 1419 1724 1475 duo
1751 1434 1904 1486 vera,

309 1513 500 1570 tertius
543 1513 886 1584 supposititia
931 1514 1462 1584 comprehenderet:
1514 1514 1568 1569 in
1593 1507 1707 1584 'qtio
1747 1530 1777 1570 a
1804 1514 1911 1570 Ro-

306 1623 466 1665 mana
493 1608 914 1677 distributione,
964 1615 1050 1664 cui
1090 1610 1254 1680 longo
1286 1626 1385 1665 usu
1429 1625 1574 1666 nunc
1607 1599 1800 1667 omnes
1827 1626 1911 1667 as-

305 1702 452 1758 sueti
475 1709 618 1769 sunt,
649 1717 812 1773 quam
835 1702 1116 1758 minitnum
1147 1704 1340 1772 potuit.
1371 1706 1716 1759 recessimus.
1747 1704 1910 1777 Igitur

303 1794 410 1851 hoc
439 1791 617 1866 primo
655 1795 934 1851 volumine
969 1795 1229 1866 quidquid
1271 1796 1338 1850 ad
1368 1796 1663 1866 Scripturze
1694 1800 1908 1869 exposi-

2021 660 2229 727 tliecas,
2264 671 2320 716 ut
2365 671 2491 731 puta
2530 661 2786 733 Regiam,
2838 667 3190 727 Sorbonicam
3212 715 3227 740 ,
3251 674 3616 755 Victoriiiam,

2019 753 2386 809 Colbertinam
2400 753 2642 825 aliasque
2657 755 2947 826 diligenter
2966 762 3418 832 perlustravimus
3437 789 3451 839 ;
3478 753 3620 834 unde

2017 847 2174 903 nobis
2201 846 2595 904 humanissime
2631 852 2976 910 necessarios
3019 859 3236 918 codices
3269 867 3619 934 praebuerunt

2017 942 2053 997 ii
2078 942 2275 1013 quibus
2301 944 2616 1001 eorunitlem
2656 953 3146 1022 manuscriptoruiu
3185 974 3316 1017 cura
3343 968 3618 1025 custodia-

2015 1053 2122 1110 que
2142 1038 2464 1095 demandata
2485 1047 2588 1096 est.
2612 1039 2937 1114 Comprimis
2960 1052 3233 1110 veroillud
3257 1060 3617 1126 praedicamus

2015 1142 2251 1204 oportet,
2284 1133 2346 1188 ι).
2378 1133 2783 1191 Tonnelleriiim
2803 1178 2818 1203 ,
2851 1153 2972 1194 can.
3011 1141 3171 1214 Vict.,
3204 1149 3362 1206 nobis
3393 1165 3616 1225 quater-

2015 1228 2209 1283 niones
2231 1228 2466 1299 aliquot,
2499 1229 2695 1300 quibus
2724 1232 2899 1288 varias
2926 1234 3188 1297 lectiones
3216 1244 3286 1298 ad
3317 1248 3614 1309 editionem

2013 1321 2286 1376 Ambrosii
2328 1322 2426 1377 abs
2454 1336 2512 1378 se
2553 1322 2880 1381 destinatam
2908 1330 3167 1403 colligere
3211 1350 3481 1411 cmperat,
3531 1346 3615 1402 lu-

2013 1411 2336 1468 beiitissiino
2379 1415 2562 1470 animo
2605 1415 2861 1485 dedisse;
2908 1435 2972 1478 ac
3016 1425 3272 1484 similiter
3305 1435 3614 1493 eruditissi-

2014 1522 2162 1562 mum
2209 1507 2488 1562 Baluzium
2538 1524 2646 1564 non
2691 1511 2867 1567 solum
2911 1515 3126 1573 codices
3171 1535 3203 1575 e
3241 1521 3505 1581 ditissima
3547 1530 3608 1584 D.

2013 1597 2258 1654 Colberti
2286 1600 2615 1658 bibliotheca
2647 1604 2806 1660 nobis
2833 1605 3038 1663 ali’atiiu
3070 1615 3480 1688 suppeditasse,
3513 1637 3611 1679 ve-

2013 1710 2133 1750 rum
2165 1699 2327 1750 etiam
2357 1697 2537 1752 varias
2568 1698 2832 1756 lectiones
2861 1701 3186 1762 Sermonum
3223 1709 3613 1774 Ambrosiano—

2014 1805 2132 1846 rum
2177 1801 2338 1862 atque
2368 1793 2733 1862 Epistolarum
2763 1795 2830 1850 ad
2861 1813 2997 1868 opus
3027 1805 3171 1872 quod
3215 1806 3330 1876 ipse
3357 1809 3613 1883 designa-

302 1890 506 1944 ιίοηθω
538 1888 800 1954 refertur,
829 1887 1102 1958 complexi
1142 1903 1330 1943 sumus
1353 1906 1368 1942 ε
1407 1889 1475 1944 de
1503 1890 1656 1960 cuius
1687 1891 1902 1961 quidem
1934 1888 1984 1951 Β
2013 1882 2124 1949 bat,
2151 1898 2222 1937 ex
2247 1885 2466 1952 optitnie
2491 1893 2632 1941 nota:
2655 1893 3045 1962 manuscriptis
3061 1895 3346 1967 collectas,
3371 1882 3610 1973 quaesua

303 1980 624 2036 tractatibus
650 1995 756 2036 non
779 1992 862 2036 est
889 1996 988 2036 cur
1016 1980 1121 2037 hoc
1149 1981 1269 2037 loco
1300 1982 1450 2052 plura
1479 1982 1747 2050 dicantur,
1781 2000 1904 2040 cum

303 2077 604 2148 praemissa:
631 2078 696 2133 ad
725 2079 968 2148 singulos
1007 2078 1408 2135 admonitiones
1435 2093 1624 2135 eorum
1652 2088 1868 2137 aetatem
1886 2124 1901 2149 ,

301 2170 640 2241 propositum
668 2171 944 2238 Auctoris,
973 2181 1029 2226 et
1067 2173 1170 2228 alia
1203 2187 1323 2244 quae
1351 2177 1659 2230 necessaria
1683 2175 1898 2246 judica-

302 2264 497 2328 vimus,
527 2263 745 2320 abunde
772 2265 1004 2336 prodant
1029 2265 1469 2337 edisserantque.
1498 2267 1632 2322 Nam
1655 2269 1724 2325 de
1749 2283 1904 2327 reco-

297 2354 462 2426 gniiis
483 2357 792 2426 Augustini,
807 2355 1074 2426 Gratiani,
1095 2373 1192 2414 nec
1214 2375 1320 2413 non
1343 2372 1396 2415 et
1415 2360 1902 2434 citata:Scripturai

300 2448 662 2522 testimoniis,
691 2450 892 2506 additis
933 2451 1176 2522 ejusdem
1209 2453 1512 2522 versiculis,
1549 2455 1717 2511 variis
1756 2457 1907 2522 iudi-,

298 2543 452 2598 cibus
479 2543 533 2600 iu
575 2543 684 2599 line
707 2543 1015 2611 collocatis,
1045 2554 1104 2600 ut
1143 2548 1404 2602 sileamus
1423 2588 1436 2613 ,
1465 2548 1582 2618 ipse
1609 2551 1780 2605 lector
1799 2565 1898 2606 usu

297 2639 538 2709 proprio,
569 2650 830 2709 quantum
861 2640 1110 2698 utilitatis
1133 2641 1389 2709 habeant,
1422 2645 1556 2699 satis
1579 2655 1859 2715 agnoscet.

369 2733 553 2806 Neque
582 2749 716 2790 vero
746 2749 807 2790 ea
839 2735 1089 2791 videntur
1117 2735 1218 2793 hoc
1251 2739 1370 2792 loco
1411 2742 1895 2809 praetermittenda,

293 2841 524 2896 quorum
553 2842 660 2899 ope
690 2842 752 2883 ac
798 2828 1043 2884 subsidio
1084 2831 1166 2885 usi
1210 2846 1397 2886 sumus
1440 2832 1494 2886 in
1527 2835 1630 2887 hac
1669 2834 1896 2889 Ambro-

293 2921 446 2976 siana
471 2923 849 2993 castigatione.
888 2920 1052 2978 Certo
1087 2925 1306 2995 quidem
1335 2925 1681 2981 manifestum
1714 2937 1798 2983 est
1828 2928 1896 2983 ad

293 3027 524 3083 operum
551 3015 854 3086 cujiispiam
887 3015 1126 3070 auctoris
1169 3018 1570 3073 restitutionem
1614 3034 1721 3074 non
1755 3018 1898 3074 [ωηι-

291 3119 450 3174 cere,
482 3117 543 3161 ut
589 3121 730 3165 unus
760 3117 855 3163 aut
890 3107 1032 3164 alter
1075 3109 1245 3165 codex
1289 3125 1452 3166 inanti
1481 3122 1734 3167 exaratos
1770 3127 1893 3169 cum

289 3201 532 3258 editione
556 3203 739 3272 aliqua
767 3204 1110 3271 conderetur,
1139 3205 1235 3260 sed
1262 3199 1449 3261 t’nultis
1486 3221 1622 3276 opus
1649 3221 1804 3274 esse,
1835 3215 1893 3262 ut

2011 1976 2066 2030 in
2095 1991 2195 2030 tios
2221 1975 2601 2033 benevolentia
2632 1989 2737 2050 est,
2770 1983 2917 2039 ultro
2946 1985 3231 2045 detulisse.
3263 1992 3416 2061 Quod
3446 2013 3610 2068 porro

2009 2068 2232 2123 eosdem
2281 2070 2500 2126 codices
2549 2074 2816 2143 subinde,
2853 2086 2908 2130 ut
2956 2079 3072 2135 ﬁeri
3105 2083 3280 2153 solet,
3323 2090 3611 2150 consulere

2009 2175 2120 2215 non
2169 2161 2304 2217 satis
2350 2161 2742 2234 habuerimus,
2791 2169 2887 2224 sed
2938 2169 3180 2241 ipsorum
3227 2178 3609 2254 editorumque

2007 2269 2200 2310 versus
2225 2272 2346 2310 cum
2388 2257 2673 2326 versibus,
2707 2275 2872 2320 voces
2910 2279 3036 2321 eum
3068 2269 3322 2340 vocibus,
3369 2275 3607 2348 syllabas

2009 2364 2134 2405 cum
2165 2352 2387 2423 syllabis
2409 2354 2664 2423 religiose
2691 2361 3156 2430 contenderimus,
3181 2381 3248 2421 ex
3272 2369 3606 2430 variantibus

2007 2443 2338 2499 lectionibus
2361 2444 2540 2515 quivis
2569 2447 2853 2520 intelligat.
3252 2440 3260 2453 ’

2077 2537 2343 2604 Quocirca
2365 2540 2497 2594 nihil
2523 2540 2830 2599 addendum
2857 2544 2945 2602 hic
2965 2548 3260 2621 videretur,
3291 2556 3396 2612 nlsl
3425 2570 3608 2618 essent

2005 2632 2276 2697 nonnulli,
2312 2635 2402 2704 qui
2429 2638 2619 2706 paucis
2648 2639 2925 2696 Ambrosii
2955 2647 3127 2700 nostri
3161 2647 3314 2718 locis,
3347 2666 3484 2722 quos
3513 2666 3608 2712 aut

2003 2724 2269 2781 obscuros
2313 2735 2406 2782 aut
2457 2730 2618 2785 nimis
2671 2733 2994 2805 allegoricos
3043 2747 3270 2811 putant,
3327 2757 3604 2819 tamquam

2004 2819 2321 2891 praejudicio
2335 2821 2568 2892 quodam
2597 2824 2814 2893 oll‘ensi,
2834 2833 3015 2885 minus
3041 2848 3229 2904 mquos
3253 2837 3395 2893 illius
3423 2843 3604 2911 operi-

2003 2914 2105 2969 bus
2134 2929 2256 2970 sese
2296 2917 2610 2973 ostendunt.
2649 2919 2853 2977 Horum
2885 2927 3047 2996 igitur
3085 2938 3145 2982 ut
3181 2931 3500 2990 medeamur
3525 2937 3604 2992 fa-

2002 3010 2200 3076 stidio,
2245 3027 2352 3067 non
2396 3013 2605 3085 pigebit
2653 3016 2784 3098 illud
2828 3035 2937 3089 quo
2982 3021 3283 3080 delectatus
3331 3031 3603 3099 reperitur

2000 3115 2222 3159 sanctus
2244 3105 2511 3173 Antistes,
2534 3109 2810 3164 scribendi
2837 3121 2998 3183 atque
3019 3115 3413 3187 interpretandi
3429 3139 3601 3192 genus

2005 3198 2166 3267 paulo
2190 3202 2510 3254 accuratiori
2538 3202 3028 3275 libraexpende’re.
3059 3209 3137 3266 Ac
3166 3212 3340 3282 primo
3368 3217 3602 3274 Ambro-

287 3295 436 3365 quod
480 3298 535 3354 in
565 3311 672 3353 uno
697 3299 948 3353 vitiosum
976 3307 1090 3368 est,
1130 3300 1447 3370 adjuniento
1474 3302 1674 3371 corrigi
1720 3303 1892 3372 pOssil

2002 3291 2215 3345 sianum
2248 3291 2451 3363 stylutn
2476 3304 2688 3349 constat
2713 3299 3001 3367 grandem,
3033 3302 3308 3372 nobilem,
3339 3314 3396 3361 et
3415 3310 3601 3379 eopio-

289 3389 535 3456 alterius.
575 3390 749 3446 immo
780 3406 910 3448 vero
940 3407 1040 3449 nec
1068 3394 1230 3448 etiam
1259 3394 1390 3449 satis
1414 3405 1498 3450 est
1535 3397 1734 3451 multos
1763 3413 1890 3469 sup-

289 3492 500 3554 petere,
535 3482 637 3540 nisi
670 3485 835 3540 variis
858 3487 910 3541 in
939 3486 1252 3557 regionibus
1281 3487 1482 3543 iuerint
1511 3489 1736 3561 scripti;
1766 3505 1890 3547 cum

286 3589 438 3648 carpe
477 3579 678 3649 saepius
708 3565 1008 3651 contingat,
1043 3590 1101 3635 ut
1132 3581 1183 3636 in
1207 3581 1462 3636 omnibus
1491 3585 1649 3640 unius
1677 3587 1891 3654 provin-

285 3671 390 3726 cia:
430 3673 820 3744 manuscriptis
863 3674 1025 3731 iidem
1068 3675 1230 3745 plane
1267 3691 1483 3733 errores
1523 3677 1888 3749 oliendantur,

285 3766 431 3836 quod
461 3783 660 3838 nempe
689 3769 758 3824 ab
797 3784 905 3824 uno
931 3779 986 3826 et
1031 3771 1220 3827 eodem
1261 3773 1563 3844 exemplari
1611 3784 1888 3846 tamquam

283 3860 358 3915 ab
389 3877 498 3916 uno
527 3861 677 3918 fonte
705 3862 782 3918 illi
823 3865 1047 3934 profecti
1085 3867 1214 3921 sint.
1245 3867 1589 3939 Quapropter
1618 3879 1675 3925 ut
1713 3872 1886 3928 unde-

284 3967 519 4024 cumque
551 3953 704 4009 licuit
745 3957 1098 4027 iiianuscripti
1130 3969 1625 4030 congregarentur,
1667 3978 1886 4033 Operam

283 4045 559 4103 dedimus.
592 4046 660 4102 Et
696 4049 931 4118 primum
963 4065 1093 4105 cura
1137 4050 1239 4106 fuit
1276 4063 1332 4107 ut
1377 4055 1570 4125 opellie
1613 4058 1888 4115 nonnullae

283 4154 516 4210 quarum
551 4142 807 4209 pauciora
835 4142 1195 4212 suppetebant
1225 4145 1278 4199 in
1309 4144 1498 4204 Galliis
1527 4153 1883 4221 exemplaria,

284 4232 352 4287 ad
380 4233 591 4302 aliquot
622 4231 892 4290 Vatieanze
915 4235 1256 4294 biblimhecze
1277 4240 1495 4298 codices
1517 4243 1883 4314 exigerentur,

287 4327 619 4399 iiisuperque
639 4330 1083 4388 describerentur
1115 4333 1220 4390 illas
1251 4338 1412 4391 variae
1443 4337 1732 4408 lectiones,
1763 4341 1884 4413 qni-

285 4420 388 4476 bus
408 4435 541 4476 usus
571 4421 746 4478 fuerat
772 4423 890 4493 ipse
913 4425 1204 4481 cardinalis
1234 4427 1303 4482 de
1329 4427 1684 4486 Monte-Alio.
1720 4433 1885 4489 Erant

285 4513 428 4569 inter
473 4531 568 4570 eas
616 4516 1025 4574 observationes
1076 4520 1354 4575 nonnullae
1402 4539 1522 4593 qua:
1571 4526 1727 4580 nobis
1777 4542 1884 4582 non

283 4608 507 4664 omnino
545 4609 766 4666 fuerunt
794 4611 1044 4678 inutiles;
1073 4627 1231 4668 erant
1262 4624 1518 4685 praeterea
1551 4617 1884 4688 conjecturae

1996 3399 2116 3439 sum
2166 3385 2324 3451 esse;
2370 3387 2544 3457 qualis
2597 3387 2850 3446 videlicet
2897 3393 3110 3462 patricii
3161 3397 3369 3454 ordinis
3420 3403 3597 3460 virum

1995 3478 2248 3545 decebat,
2277 3493 2340 3534 ac
2369 3480 2664 3551 diligenter
2686 3499 2738 3537 in
2764 3487 2967 3539 urbana
3001 3485 3315 3560 forensique
3338 3493 3600 3565 eloquen-

1996 3572 2068 3627 tia
2099 3572 2480 3628 excrcitatnni.
2513 3574 2621 3630 Sed
2654 3575 2794 3631 nili‘il
2827 3580 2880 3632 iii
2912 3578 3030 3648 ejus
3056 3581 3390 3642 sublimitate
3431 3588 3600 3660 turgi-

1995 3665 2123 3721 dum
2147 3667 2309 3730 inest,
2345 3667 2480 3722 nihil
2514 3671 2789 3726 turhitluin
2820 3675 2874 3728 in
2902 3675 3182 3750 ubertate;
3214 3695 3336 3736 cum
3369 3693 3595 3756 utraque

1993 3774 2082 3816 res
2104 3764 2371 3816 suavitate
2398 3763 2629 3832 quadam
2651 3780 2715 3819 ac
2736 3766 3003 3822 modestia
3027 3780 3378 3839 temperetur.
3407 3776 3595 3848 Neque

1996 3864 2176 3909 tamen
2233 3863 2389 3924 putes
2436 3870 2559 3910 eum
2602 3859 2654 3911 vi
2712 3875 2807 3914 sua
2857 3861 3304 3937 vehemeiitiaque
3347 3866 3592 3926 destitui.

1993 3947 2170 4004 Habet
2216 3950 2483 4020 Siquidem
2529 3950 2757 4008 allectus
2787 3969 2947 4024 suos,
2995 3967 3158 4027 atque
3202 3963 3441 4030 aculeos,
3494 3969 3591 4022 sed

1995 4051 2144 4096 tanta
2197 4042 2449 4098 conditos
2503 4043 2833 4115 festivitate,
2892 4057 2954 4103 ut
3009 4052 3228 4107 nullam.
3270 4059 3590 4116 morosioris

1993 4134 2378 4205 agrestiorisve
2410 4134 2614 4206 ingenii
2645 4139 2886 4208 Speciem
2918 4157 3028 4212 pra:
3059 4160 3120 4200 se
3151 4145 3346 4202 ferant.
3387 4149 3590 4208 Obser-

1995 4238 2120 4281 vant
2141 4241 2357 4296 quoque
2385 4230 2438 4282 iii
2466 4229 2711 4307 ejusdem
2734 4235 3040 4290 elocutione
3079 4238 3216 4293 adeo
3249 4243 3438 4297 miram
3466 4259 3590 4300 sen-

1993 4325 2286 4376 tentiarum
2313 4323 2668 4388 densitatem,
2703 4335 2761 4379 ut
2801 4342 2909 4382 non
2955 4330 3112 4386 facile
3157 4335 3418 4403 majorem
3446 4337 3588 4408 apud

1992 4416 2156 4471 tilium
2178 4415 2345 4470 ullum
2370 4419 2611 4486 reperire
2629 4420 2719 4473 sit.
2743 4421 2858 4474 lluc
2877 4422 3016 4477 adde
3033 4422 3357 4481 brevitatem
3381 4429 3589 4497 periodi

1991 4510 2313 4564 concinnant
2343 4525 2405 4564 ac
2447 4510 2778 4566 inodulatatii
2800 4552 2814 4577 ,
2845 4514 2940 4568 sed
2972 4519 3026 4569 in
3072 4516 3261 4586 primis
3302 4529 3408 4574 tam
3443 4521 3588 4578 lelici

1993 4606 2255 4658 varietate
2295 4603 2643 4667 distinctam,
2678 4614 2735 4657 ut
2771 4605 2980 4660 nulloin
3019 4609 3180 4662 twuio
3212 4612 3480 4680 relinquat
3508 4612 3589 4668 lo-

284 4700 532 4770 pluriinie
557 4717 694 4773 quas
731 4719 761 4758 a
790 4703 981 4759 Latino
1003 4705 1214 4762 Latinio
1245 4715 1428 4778 postea
1464 4710 1638 4765 editas
1664 4725 1882 4783 compe-

2000 4713 2134 4754 cum.
2183 4699 2310 4753 Inde
2351 4707 2434 4754 est
2487 4698 2629 4768 quod
2679 4697 2902 4770 Magnus
2951 4698 3284 4772 Augustinus
3336 4701 3587 4762 Doctorls

283 4793 474 4851 rimus.
502 4795 712 4854 Deinde
737 4800 1136 4870 maiiuseriptos
1166 4801 1614 4858 bibliothecarum
1643 4804 1886 4878 Congre-

283 4891 516 4960 gationis
565 4903 769 4947 nostra:
813 4903 907 4949 aut
955 4895 1006 4949 in
1061 4897 1353 4966 provinciis
1403 4899 1492 4954 ubi
1534 4913 1884 4958 asservantiir

283 4985 674 5048 conferendos.
720 4996 812 5042 aiit
850 4987 904 5042 in
936 4991 1323 5046 monasterium
1357 4994 1459 5047 hoc
1486 4993 1886 5066 Sanctigerma-

284 5095 452 5140 nenae
474 5078 781 5136 aﬂerendos
799 5085 1131 5139 curavimus.
1155 5085 1266 5140 Hoc
1293 5085 1466 5155 ipsum
1490 5076 1881 5145 etiam-factum

283 5185 368 5230 est
410 5173 467 5232 in
514 5173 792 5231 codicibus
825 5177 1034 5247 aliquot
1083 5176 1385 5234 Flandricis
1430 5179 1881 5239 bibliothecarum

280 5266 503 5324 Ordinis
535 5271 728 5336 ostri,
758 5279 814 5326 et
843 5271 896 5325 in
925 5272 1168 5342 pluribus
1199 5273 1423 5330 Gallicis
1451 5277 1660 5332 ordinis
1679 5276 1882 5334 Cister-

281 5362 516 5428 ciensis,
545 5379 681 5433 quos
710 5364 867 5420 nobis
897 5380 1107 5420 summa
1150 5381 1271 5422 cum
1312 5349 1692 5424 benevolentia
1733 5387 1885 5432 coni-

283 5457 643 5514 modaverunt
684 5461 976 5515 multorum
1009 5461 1252 5531 ejusdem
1284 5462 1879 5545 ordinis'nionasterio-

281 5563 401 5605 rum
455 5551 780 5622 praepositi:
827 5554 916 5608 tibi
963 5555 1480 5625 praiteriiiittendum
1533 5573 1638 5613 non
1687 5558 1883 5628 fuerit,

280 5654 546 5715 quantum
589 5644 887 5703 debeamus
930 5649 1101 5705 labori
1145 5651 1206 5704 Β.
1252 5650 1310 5706 Ρ.
1345 5649 1468 5707 Joh.
1515 5651 1771 5724 Baptista:
1819 5656 1887 5712 de

279 5738 555 5811 Noyrille.
583 5740 788 5797 l’rioris
814 5742 1046 5798 abhatim
1077 5742 1448 5801 Vallis-Clara:
1474 5761 1645 5817 prope
1674 5747 1890 5803 Lantlu-

281 5851 440 5898 Itum.
463 5835 556 5906 qui
577 5847 632 5892 et
654 5837 838 5908 plures
864 5847 1121 5894 tractatus
1144 5857 1265 5894 cuni
1291 5843 1607 5897 monasterii
1635 5847 1715 5897 sui
1739 5843 1885 5900 endi-

287 5929 446 5990 cibus
473 5931 874 6008 olllcioslssime
901 5933 1162 6004 contulit,
1203 5945 1262 5994 et
1298 5951 1584 5998 sermones
1623 5940 1887 6011 quosdam

1990 4793 2162 4848 nostri
2195 4800 2445 4846 oratione
2481 4803 2698 4861 captum
2731 4806 2790 4847 se
2817 4806 2938 4848 esse
2969 4809 3076 4848 non
3107 4809 3215 4850 uno
3239 4797 3359 4852 loco
3387 4800 3592 4854 testiﬁ-

1991 4901 2144 4942 catur
2181 4884 2280 4956 (S.
2324 4885 2460 4956 Aug.
2504 4882 2659 4954 Con].
2690 4885 2780 4939 lib.
2813 4901 2866 4951 ν,
2907 4903 3026 4958 cap.
3053 4888 3141 4954 12,
3189 4889 3278 4954 15,
3322 4887 3389 4945 14
3438 4903 3588 4964 atque

1989 4979 2159 5050 alibi),
2189 4993 2288 5034 nec
2319 4994 2426 5033 non
2457 4978 2757 5048 Speciinina
2783 4978 2944 5033 trium
2971 4981 3296 5038 elocutionis
3319 5000 3584 5054 generum

1990 5072 2365 5144 propositiirus
2419 5069 2746 5142 Cyprianum
2801 5083 2965 5144 atque
3022 5077 3386 5132 Αιιιὺτοδὶιιιιι·
3435 5081 3583 5134 solos

1988 5166 2139 5235 eligit
2168 5162 2358 5238 (Ideni
2385 5162 2448 5218 de
2477 5162 2656 5218 Doctr.
2689 5163 2880 5220 Christ.
2912 5165 3002 5221 lib.
3029 5184 3106 5243 iv,
3131 5185 3248 5240 cap.
3278 5172 3417 5244 21),
3450 5187 3586 5242 quo-

1988 5276 2110 5316 rum
2135 5275 2166 5314 e
2195 5261 2658 5314 lucubrationibus
2681 5260 2828 5314 varia
2860 5262 2946 5314 illa
2979 5261 3307 5334 eloquentia:
3335 5267 3585 5336 exetiipla

1988 5355 2247 5424 decerpat
2293 5369 2357 5409 ac
2386 5353 2688 5424 depromat.
2723 5353 2832 5410 Sed
2881 5369 2982 5410 nec
3032 5359 3212 5412 minus
3252 5369 3376 5428 apte
3422 5374 3584 5429 quain

1990 5447 2230 5504 breviter
2257 5452 2420 5503 etiam
2452 5463 2482 5501 a
2509 5445 2833 5502 Cassiodoro
2859 5449 3173 5520 designatur
3192 5465 3278 5518 ea,
3329 5465 3430 5521 qua
3461 5467 3588 5509 san-

1988 5555 2137 5600 ctuin
2167 5541 2763 5614 Praesuleiiiseripsisse
2789 5546 3168 5611 observamus,
3185 5546 3449 5603 orationis
3475 5547 3586 5604 lor-

1990 5657 2114 5708 ma;
2153 5641 2230 5697 sic
2260 5641 2406 5696 enim
2449 5639 2540 5694 ille
2567 5657 2580 5694 :
2615 5641 2844 5695 Sanctus
2878 5655 3077 5710 quoque
3105 5640 3408 5698 Ambrosius
3436 5645 3587 5699 lactei

1991 5735 2241 5789 seruitutis
2269 5743 2533 5787 entanutor
2552 5773 2568 5801 ,
2611 5723 2728 5787 cum
2770 5735 3018 5824 gravitate
3044 5745 3248 5800 acutus,
3276 5737 3589 5808 pervioleuta

1991 5830 2328 5899 persuasione
2352 5826 2682 5883 dulcissimus
2720 5828 2986 5898 (Cassiod.
3031 5829 3192 5884 divin.
3217 5831 3444 5885 Lectiun.
3470 5848 3591 5903 cap.

1989 5919 2125 5995 ‘20).
2157 5922 2228 5979 Et
2259 5924 2387 5982 hinc
2422 5921 2654 5993 abunde”
2682 5921 2957 5992 intelligas
2985 5925 3055 5980 ab
3083 5925 3230 5982 omni
3250 5923 3598 5999 ⁵(ὠιιίιιιῐὶιιιιθ
