4102 6360
517 345 590 403 25
1996 333 2392 394 PREFATIO.

3773 338 3866 396 24

519 461 943 520 Ambrosianum
971 459 1180 530 stylum
1207 473 1304 530 per
1329 471 1391 514 se
1412 455 1750 512 abhorrere:
1779 462 1960 510 utrum
1995 467 2125 510 vero
2151 460 2202 518 Α
2229 453 2377 512 fesso
2405 455 2478 511 sit
2506 467 2670 528 quam
2694 453 3159 511 iutormandorum
3182 455 3360 527 gregis
3378 453 3463 511 sui
3485 467 3704 511 morum
3724 455 3862 512 sol-

525 572 690 628 quam
730 564 950 613 secutus
978 563 1093 622 est,
1126 550 1518 623 interpretandi
1559 549 1698 606 ratio
1743 549 1863 620 jure
1900 548 2128 621 hujusce

533 651 647 706 vitii
680 649 832 721 argui
864 648 1069 720 possit,
1099 643 1518 718 inspiciendum.

601 743 893 813 Triplicem
931 741 986 798 in
1017 742 1184 797 sacris
1213 739 1419 811 paginis
1450 737 1783 793 intellectum
1836 752 1958 793 esse
2005 751 2129 808 pas-

532 839 632 892 sim
657 837 920 907 agnoscit,
957 835 1276 900 naturalem,
1309 834 1598 897 moralem,
1627 831 1983 903 spiritualem;
2014 829 2130 886 sive

531 931 673 1000 quod
703 929 842 984 idem
873 937 975 992 est,
1011 927 1354 993 historicum,
1387 925 1650 991 ethicum,
1680 923 1966 996 mysticum
1996 922 2130 978 :sed

527 1022 583 1077 in
617 1021 718 1077 hoc
748 1021 938 1076 ultimo
957 1019 1297 1076 enucleando
1320 1029 1427 1074 tam
1458 1019 1704 1084 multum,
1729 1032 1890 1086 quam
1912 1017 2130 1072 brevem

531 1116 584 1170 in
619 1121 792 1185 primo
835 1128 957 1170 sese
985 1114 1229 1170 exhibet.
1263 1112 1405 1180 Quin
1446 1115 1610 1167 etiam
1653 1112 1827 1182 ipsum
1860 1111 2130 1166 interdum

529 1219 717 1281 putes,
765 1216 823 1262 ut
865 1206 1206 1278 spiritualetn
1255 1220 1474 1261 sensum
1518 1206 1840 1268 constituat,
1890 1202 2132 1258 hiswria:

531 1303 817 1358 veritatem
851 1315 1072 1372 prorsus
1100 1315 1329 1371 negare:
1363 1298 1506 1369 quod
1536 1310 1718 1353 tamen
1745 1313 1902 1354 secus
1934 1297 2134 1353 habere

533 1397 860 1468 comperies.
887 1395 1048 1450 modo
1070 1393 1283 1464 singula
1321 1391 1621 1463 perpendas
1648 1391 1700 1446 in
1743 1392 1887 1446 serie
1925 1393 2133 1446 oratio-

533 1492 618 1546 nis
647 1500 808 1559 atque
844 1495 1126 1554 contextu,
1174 1487 1328 1542 sicuti
1367 1501 1468 1544 nos
1507 1487 1620 1540 suis
1648 1484 1784 1540 locis
1821 1484 2136 1540 observabi-

537 1601 676 1642 mus.
709 1583 980 1639 Czeterum
1027 1597 1133 1638 non
1182 1582 1325 1638 alibi.
1341 1582 1510 1651 magis
1552 1595 1746 1651 urgere
1775 1579 1916 1635 solet
1946 1578 2135 1649 mysti-

535 1693 658 1734 cum
700 1692 943 1742 sensum,
973 1691 1133 1745 quam
1159 1675 1212 1730 in
1258 1672 1579 1744 exponendo
1612 1672 1791 1728 Veteri
1815 1671 2136 1728 Testamen-

538 1783 630 1840 to,
659 1771 821 1842 idque
863 1770 1096 1827 maxime
1153 1769 1245 1824 ubi
1283 1768 1546 1823 factorum
1589 1766 1813 1822 historia
1859 1763 2136 1837 quidpiam

2231 547 2586 615 licitudinem,
2618 547 2813 603 mirum
2843 546 3030 618 utique
3062 547 3224 613 foret,
3254 547 3299 601 si
3339 557 3444 601 tam
3474 561 3698 618 gravem
3727 547 3865 618 epi-

2231 650 2485 712 scopatus
2517 651 2722 710 partem
2772 647 2951 696 tantus
2988 641 3277 710 episcopus
3317 654 3426 696 non
3467 640 3855 712 implevisset.

2229 736 2333 793 Sed
2388 735 2604 792 tametsi
2631 744 2887 807 quantam
2936 735 3080 791 illius
3110 735 3373 791 rationem
3407 735 3679 802 habuerit,
3715 738 3856 792 sin-

2231 831 2371 903 gula:
2423 830 2810 901 propemodum
2849 830 3062 902 pagina:
3120 838 3493 885 contestentur
3543 829 3634 901 (is
3682 829 3856 886 enim

2234 936 2428 978 sensus
2467 923 2720 978 omnibus
2772 921 2940 977 ferme
2980 922 3234 992 operibus
3280 922 3658 978 Ambrosiauis
3688 924 3860 980 velut

2235 1017 2514 1086 inspersus
2542 1016 2658 1087 est)
2685 1015 2953 1088 reperitur
2985 1024 3161 1071 tamen
3205 1016 3257 1070 iu
3290 1015 3609 1086 quibusdam
3666 1018 3859 1089 magis

2235 1125 2300 1166 ex
2334 1110 2612 1180 proposito
2639 1109 2962 1180 explicatus.
2987 1109 3149 1165 Tales
3166 1119 3291 1165 sunt
3319 1109 3443 1164 libri
3472 1109 3540 1165 de
3567 1111 3858 1167 sacriﬁcio

2234 1207 2368 1261 Cain
2396 1217 2452 1261 et
2479 1205 2636 1273 Abel,
2670 1206 2738 1262 de
2762 1205 3061 1272 Abraham,
3088 1206 3157 1260 de
3185 1205 3335 1260 Bono
3363 1206 3576 1272 mortis,
3596 1207 3666 1264 de
3690 1207 3856 1280 Fuga

2237 1302 2448 1368 saeculi,
2492 1301 2561 1356 de
2586 1300 2756 1357 Jarob
2799 1310 2854 1357 et
2879 1301 2999 1357 Vita
3032 1303 3208 1370 beata,
3243 1302 3309 1358 de
3357 1302 3474 1358 Elia
3504 1310 3560 1357 et
3599 1301 3852 1372 Jejunio,

2236 1395 2304 1452 de
2332 1396 2588 1452 Nabutlie
2608 1396 2891 1452 Jesraelita
2913 1439 2926 1462 ,
2955 1396 3024 1453 de
3053 1397 3245 1464 Tobia,
3282 1397 3350 1452 de
3379 1396 3853 1468 luterpellationi-

2238 1492 2360 1556 bus,
2384 1501 2441 1546 et
2468 1492 2520 1546 in
2549 1491 3006 1547 Enarrationibus
3035 1491 3396 1546 Psalmorum.
3671 1479 3676 1484 ’

2229 1647 2236 1653 _
2311 1584 2418 1640 Sed
2443 1599 2550 1640 non
2579 1584 2744 1641 ductu
2770 1585 2990 1656 pr0prio
3014 1583 3081 1640 ad
3109 1585 3407 1640 rimandam
3431 1599 3552 1654 qua:
3578 1585 3630 1639 in
3663 1583 3854 1640 Libris

2239 1677 2436 1733 divinis
2479 1677 2756 1734 recondita
2803 1687 2917 1744 est,
2961 1677 3243 1733 scientiam
3287 1677 3554 1742 accessit;
3596 1677 3854 1748 quamvis

2241 1771 2382 1826 enim
2407 1786 2512 1826 non
2536 1770 2807 1841 vulgarem
2827 1770 3124 1842 linguarum
3156 1781 3265 1825 tum
3295 1769 3500 1825 Latium
3526 1778 3638 1824 tum
3680 1769 3848 1824 etiam

540 1866 682 1938 quod
714 1874 903 1920 contra
936 1878 1149 1919 morum
1203 1861 1526 1932 probitatem
1555 1860 2002 1930 honestatemque
2039 1873 2140 1930 pu-
2169 1872 2217 1932 Β
2243 1863 2452 1922 Grmcm
2505 1865 2869 1936 cognitionem
2914 1875 3059 1919 esset
3098 1863 3361 1934 adeptus,
3417 1873 3471 1918 et
3515 1863 3568 1918 in
3610 1861 3852 1920 lectione

539 1969 684 2031 gnet,
697 1975 806 2029 prae
820 1973 879 2014 se
892 1956 1361 2014 ferat.Tuuceuim
1378 1956 1578 2011 veritus
1591 1970 1659 2010 ne
1675 1955 1834 2010 istinc
1850 1954 1933 2010 vel
1953 1952 2143 2009 ﬁdeles

541 2051 1007 2122 delinquendi,vel
1024 2050 1212 2122 pagani
1227 2064 1289 2104 ac
1306 2047 1586 2104 Manichaei
1603 2047 1860 2104 Ecclesi:e
1879 2045 2145 2101 insultan-

543 2148 596 2201 di
630 2147 969 2201 occasionem
993 2145 1272 2215 arripiant.
1291 2154 1414 2214 apte
1435 2141 1677 2214 confugit
1699 2142 1765 2196 ad
1795 2141 2140 2213 allegoriam:

543 2240 999 2312 quemadmodum
1013 2254 1136 2310 qua:
1157 2239 1224 2294 de
1245 2237 1507 2294 ebrietate
1521 2235 1657 2303 Noe,
1675 2236 1962 2291 concubitu
1976 2235 2145 2290 Abra-

545 2334 629 2389 ha:
646 2350 766 2389 cum
798 2331 1168 2400 ancilla,Loth
1191 2331 1452 2386 ebrietate
1491 2331 1898 2401 atqueincestu,
1923 2343 2144 2385 necnon

546 2429 756 2484 liavidis
770 2429 1036 2484 adulterio
1051 2427 1532 2498 disputat,planum
1547 2426 1771 2482 faciunt.
1785 2425 1850 2481 Et
1863 2425 2020 2496 hujus
2033 2426 2148 2497 qui-

545 2527 669 2580 dem
717 2524 956 2580 methodi
990 2523 1277 2579 utilitatem
1311 2537 1472 2578 nemo
1502 2521 1696 2577 melius
1752 2535 2026 2591 exponere
2059 2535 2148 2574 va-

544 2619 675 2684 leat,
716 2632 876 2688 quam
907 2616 999 2688 qui
1043 2631 1164 2672 eam
1221 2624 1370 2671 tanto
1418 2614 1681 2671 Ecclesia:
1709 2615 1854 2671 bono
1894 2623 2149 2684 expertus

546 2712 650 2767 fuit
678 2723 904 2780 magnus
953 2708 1310 2780 Augustinus.
1353 2708 1427 2764 Ita
1481 2707 1646 2778 igitur
1691 2708 1810 2763 ille:
1847 2707 2148 2763 Gaudebant

547 2807 722 2870 etiant,
748 2803 940 2875 inquit,
968 2804 1105 2876 quod
1130 2811 1298 2858 vetera
1318 2803 1514 2873 scripta
1534 2801 1689 2874 Legis
1711 2813 1757 2856 et
1787 2802 2150 2873 prapltetarum

537 2909 655 2980 jam
686 2919 789 2956 non
835 2901 928 2955 illo
972 2899 1123 2954 oculo
1151 2899 1366 2973 legenda
1391 2907 1821 2972 praponerentur,
1853 2913 1952 2968 quo
1997 2907 2151 2952 antea

548 2998 849 3054 videbantur
880 2995 1225 3052 absurda.....
1251 3011 1388 3065 stupe
1418 2997 1472 3050 in
1521 2993 1857 3066 papularibus
1901 2991 2151 3048 sermoni-

549 3093 639 3146 bus
690 3091 941 3144 dicentem
991 3088 1320 3144 Ambrosium
1371 3090 1517 3143 uetus
1561 3087 1833 3143 audiebam
1873 3101 1894 3141 :
1942 3086 2148 3141 Littera

547 3183 766 3249 occidit,
797 3183 1021 3253 Spiritus
1043 3191 1222 3237 autem
1251 3183 1504 3249 vivilicat;
1526 3199 1640 3237 cum
1662 3199 1721 3238 ea
1767 3197 1884 3252 qua:
1912 3180 1980 3234 ad
2010 3180 2148 3234 litte-

2247 1972 2407 2013 omnc
2434 1973 2604 2027 genus
2631 1957 2911 2020 librorum,
2928 1966 3230 2028 poetarum,
3254 1955 3854 2026 liistoricorum,philo-

2247 2051 2567 2121 sepliorum,
2599 2059 2760 2120 atque
2780 2051 3048 2120 imprimis
3077 2049 3476 2104 Platonicorum
3502 2049 3704 2119 oppido
3725 2064 3851 2105 ver-

2248 2155 2442 2202 satus:
2476 2145 2724 2218 quamvis
2772 2155 3038 2218 praeterea
3101 2145 3464 2216 eloquentiam
3523 2159 3684 2215 quam
3743 2145 3850 2216 ipsi

2250 2251 2438 2295 natura
2489 2239 2761 2295 indiderat
2814 2237 2961 2294 haud
3009 2238 3338 2294 mediocrem
3369 2281 3382 2303 ,
3445 2237 3735 2309 diligenter
3791 2237 3846 2294 iu

2250 2335 2472 2391 orandis
2491 2335 2672 2389 causis
2695 2333 3056 2397 excoluisset;
3100 2348 3209 2386 non
3240 2339 3419 2387 tamen
3451 2332 3780 2402 putavitsibi
3820 2347 3849 2386 a

2251 2429 2610 2486 tribunalibus
2637 2427 2704 2484 ad
2733 2442 2946 2484 sacrum
2972 2426 3234 2498 pulpitum
3262 2425 3380 2481 sine
3421 2425 3720 2496 peritorum
3746 2425 3850 2480 du-

2249 2536 2460 2581 ctorum
2489 2523 2740 2594 pra'sidio
2768 2538 2890 2579 esse
2935 2521 3348 2577 transeundum.
3379 2520 3564 2576 Maluit
3605 2521 3764 2591 igitur
3789 2533 3851 2576 se

2252 2617 2617 2688 antiquiorum
2639 2616 2882 2687 praebere
2911 2614 3256 2683 discipulum,
3302 2627 3463 2685 quam
3490 2613 3722 2668 aliorum
3745 2627 3850 2667 ma-

2251 2713 2478 2784 gistrum
2508 2709 2776 2781 proﬁteri.
2798 2709 3135 2781 QuaprOpter
3161 2722 3283 2762 cum
3328 2706 3591 2778 Origenes
3621 2707 3672 2762 in
3702 2705 3851 2764 Scri-

2255 2805 2425 2876 pturis
2458 2804 2877 2873 interpretandis
2907 2802 3136 2857 aliorum
3167 2800 3410 2856 omnium
3440 2810 3693 2870 tanquam
3739 2799 3850 2855 dux

2253 2907 2419 2969 atque
2446 2896 2831 2968 antesignanus
2872 2896 3184 2961 haberetur,
3227 2910 3326 2951 nec
3367 2911 3474 2952 non
3504 2909 3572 2950 ex
3600 2909 3668 2950 eo
3695 2895 3849 2966 quasi

2255 2993 2542 3063 e‘pubtieo
2565 3007 2708 3064 penu
2736 2993 2992 3063 pleraque
3016 3006 3237 3046 suarum
3283 2990 3686 3060 expositionum
3719 2989 3850 3045 hau-

2253 3089 2453 3143 sissent
2476 3089 2788 3159 superiores
2817 3087 3048 3151 Patres;
3081 3086 3402 3142 Ambrosius
3441 3100 3657 3156 quoque
3703 3100 3852 3140 com-

2255 3181 2403 3235 muni
2434 3196 2494 3236 se
2538 3195 2759 3235 usurum
2787 3179 2908 3250 jure
2947 3179 3240 3235 arbitratus
3277 3188 3378 3244 est,
3416 3179 3461 3233 si
3510 3193 3574 3234 ex
3605 3178 3849 3250 ejusdem

547 3296 660 3334 ram
689 3279 1067 3348 perversitatem
1119 3277 1300 3332 docere
1338 3275 1659 3342 videbantur,
1706 3285 1901 3330 remoto
1933 3274 2149 3344 mystico
2174 3268 2220 3332 C
2253 3273 2408 3328 libris
2437 3289 2556 3344 qua:
2590 3273 2644 3328 in
2676 3289 2790 3328 rem
2819 3288 2970 3328 suam
3027 3275 3247 3342 putabat
3289 3287 3607 3344 congruere,
3637 3284 3850 3329 mutua-

547 3373 827 3436 vetamine,
853 3371 1151 3438 spiritaliter
1180 3371 1398 3442 aperiret
1433 3369 1522 3441 (S.
1565 3370 1782 3440 August.
1815 3368 1969 3439 Conf.
2003 3366 2041 3420 ι.
2075 3383 2148 3436 vr,

549 3481 664 3536 cap.
691 3464 773 3533 4).
805 3461 912 3518 Sed
937 3477 1044 3518 non
1071 3464 1246 3518 solum
1275 3461 1363 3516 ubi
1387 3461 1912 3534 occurritquidpiam
1955 3461 2098 3532 quod
2119 3476 2150 3516 a

550 3557 737 3628 probis
764 3555 1004 3611 moribus
1031 3555 1341 3620 abhorreat,
1369 3554 1436 3608 ad
1460 3555 1670 3625 mystici
1700 3569 1895 3610 sensus
1917 3554 2149 3608 amoeni-

551 3658 716 3704 tatem
749 3663 809 3704 se
849 3649 1135 3713 convertit;
1177 3661 1386 3702 memor
1413 3646 1558 3702 enim
1610 3646 1895 3718 apostolici
1924 3646 2150 3716 hujusce

551 3745 681 3800 dieti
715 3759 730 3797 :
761 3741 949 3799 Omnia
994 3743 1049 3796 in
1078 3741 1260 3813 ﬁguris
1285 3741 1644 3814 contingebant
1673 3741 1781 3796 illis
1830 3741 1873 3812 (1
1905 3741 2050 3806 σον..
2088 3731 2147 3806 ι’,

553 3836 675 3907 ll);
710 3835 782 3890 ibi
811 3835 1171 3905 pulcherrima
1225 3835 1499 3907 religionis
1543 3835 1799 3906 mysteria
1829 3833 1930 3888 sub
1953 3833 2150 3890 littera:

548 3931 835 3986 involucro
869 3931 1036 3987 latere
1058 3930 1418 3998 demonstrat,
1447 3929 1540 3985 ubi
1569 3928 1704 3984 nihil
1750 3927 2017 3984 contineri
2045 3927 2149 3982 nisi

547 4025 774 4095 simplex
811 4025 887 4082 rei
918 4023 1118 4080 factive
1145 4024 1386 4081 narratio
1404 4023 1705 4086 videbatur.
1735 4020 1988 4092 Expende
2009 4035 2148 4090 quos

546 4136 739 4176 sensus
767 4129 822 4176 et
848 4135 1008 4191 quam
1036 4121 1248 4176 nobiles
1273 4131 1429 4176 eruat
1473 4135 1504 4176 e
1531 4127 1802 4175 structura
1835 4133 1975 4173 arcte
2001 4116 2146 4172 Noa-

547 4213 660 4277 chi,
691 4227 721 4266 e
743 4212 1213 4268 benedictionibus
1229 4213 1462 4268 ﬁliorum
1481 4214 1621 4283 ejus,
1646 4228 1676 4268 e
1697 4213 1948 4282 conjugio
1971 4210 2144 4274 Isaac,

549 4320 580 4361 e
607 4305 838 4360 diversis
864 4305 1081 4360 casibus
1113 4305 1236 4359 vitae
1259 4303 1482 4374 Ioseph,
1517 4315 1680 4373 atque
1709 4303 1775 4358 ad
1809 4312 2146 4373 postremum

547 4411 578 4452 c
607 4396 834 4452 fratrum
863 4411 926 4453 ac
952 4397 1188 4452 ﬁliorum
1211 4397 1454 4466 ejusdem
1479 4394 1978 4461 benedictionibus;
2011 4393 2146 4451 fate-

543 4491 694 4548 beris
735 4490 981 4561 profecto
1007 4490 1139 4546 nihil
1188 4490 1332 4546 aliud
1379 4506 1538 4561 quam
1569 4488 1765 4560 frigere
1804 4500 1965 4560 atque
1993 4487 2143 4543 httuti

544 4598 737 4655 repere
767 4583 889 4639 illos
919 4585 1266 4654 interpretes,
1291 4583 1380 4654 qui
1407 4583 1561 4653 quasi
1591 4581 1869 4638 Judaicam
1913 4583 2144 4638 servitu-

2255 3379 2427 3424 retur.
2447 3367 2500 3423 In
2532 3383 2636 3437 quo
2657 3367 2875 3439 quidem
2898 3382 3106 3422 summa
3139 3369 3388 3424 utebatur
3415 3367 3667 3422 cautione
3691 3379 3746 3424 et
3765 3367 3850 3439 ju-

2255 3461 2429 3528 dicio;
2476 3476 2596 3517 cum
2631 3461 2776 3518 enim
2803 3461 3035 3534 plurima
3067 3463 3118 3518 in
3151 3463 3291 3518 illius
3316 3462 3552 3517 auctoris
3571 3476 3848 3519 commen-

2257 3558 2549 3614 tationibus
2592 3557 2935 3628 legerentur,
2995 3573 3114 3630 quae
3181 3571 3288 3613 non
3355 3555 3719 3628 probarentur
3783 3556 3850 3612 ab

2254 3653 2529 3718 Ecclesia,
2573 3653 2656 3708 his
2706 3650 3120 3724 diligentissime
3164 3651 3378 3717 vitatis,
3409 3647 3730 3720 providebat
3781 3662 3848 3704 ne

2255 3748 2506 3818 pabulum
2540 3746 2705 3803 ullum
2750 3745 2942 3802 ovibus
2968 3745 3084 3802 suis
3115 3745 3291 3800 minus
3330 3759 3521 3799 sanum
3553 3751 3647 3797 aut
3675 3742 3849 3798 since-

2253 3857 2372 3896 rum
2411 3849 2728 3912 apponeret.
2758 3839 3027 3894 Nonnulla
3070 3853 3284 3909 quoque
3315 3837 3620 3908 reperimus
3647 3836 3698 3890 in
3731 3836 3848 3906 ejus

2252 3933 2469 4004 scriptis
2497 3949 2618 4004 qua:
2657 3933 2823 4003 petita
2850 3931 3052 3988 fuerint
3075 3947 3139 3986 ex
3169 3929 3388 3998 Basilio,
3418 3929 3513 3985 sed
3554 3928 3684 3983 illud
3713 3928 3848 3982 ami-

2251 4027 2390 4082 citia:
2449 4041 2610 4097 quam
2655 4024 2798 4081 inter
2842 4034 3131 4096 utrumque
3181 4033 3366 4078 mutua
3413 4022 3630 4078 virtutis
3661 4022 3846 4088 Opinio

2251 4119 2480 4183 coierat,
2509 4120 2854 4176 Ambrosium
2877 4117 3093 4174 dedisse
3122 4126 3488 4183 autumamus,
3521 4127 3580 4173 ut
3610 4131 3849 4188 pra-eun-

2253 4221 2359 4268 tem
2391 4212 2564 4277 illum,
2606 4212 2775 4268 sicubi
2807 4211 3026 4267 occasio
3057 4212 3130 4266 ita
3172 4211 3358 4276 ferret,
3415 4226 3522 4266 non
3576 4210 3846 4267 illibenter

2249 4313 2588 4374 sequeretur.
2659 4303 2876 4358 Duobus
2940 4304 3254 4360 memoratis
3303 4303 3556 4360 Patribus
3623 4304 3845 4372 insuper

2249 4400 2385 4456 alios
2430 4402 2568 4454 duos
2616 4398 2766 4454 addit
2796 4398 3174 4470 Hieronymus.
3210 4397 3492 4469 Didymum
3523 4397 3594 4453 de
3638 4412 3748 4468 quo
3787 4397 3842 4453 in

2247 4472 2618 4550 admonitione
2655 4493 2722 4549 ad
2755 4493 2923 4549 libros
2952 4495 3021 4549 de
3069 4493 3269 4564 Spiritu
3295 4503 3507 4557 sancto,
3557 4504 3610 4548 et
3641 4492 3844 4563 Hippo-

2245 4587 2415 4660 lytum
2471 4595 2785 4660 martyrem,
2819 4587 2913 4642 sed
2970 4601 3092 4642 cum
3153 4585 3310 4656 hujus
3341 4601 3506 4656 opera
3539 4594 3843 4656 temporum

546 4687 652 4733 tem
691 4677 747 4732 in
782 4675 1082 4734 Ecclesiam
1131 4675 1341 4733 referre
1385 4676 1750 4744 decreverint,
1791 4677 1890 4732 toti
1933 4687 2058 4732 sunt
2089 4677 2141 4731 in
2170 4680 2224 4740 D
2251 4684 2534 4755 iniquitate
2598 4683 2889 4753 perierint.
2939 4681 3085 4752 quod
3142 4680 3462 4752 Hieronymi
3523 4679 3842 4751 adjiciamus

545 4771 788 4841 apicibus
810 4779 864 4826 et
885 4769 1112 4844 syllabis
1138 4771 1548 4828 examinandis:
1574 4772 1774 4843 quique
1803 4772 1846 4827 si
1869 4772 1955 4827 vel
1981 4772 2142 4826 unius

541 4866 826 4921 sententia:
853 4866 1258 4937 grammaticam
1292 4866 1701 4937 intelligentiam
1742 4866 2021 4923 Hebraieae
2049 4882 2142 4922 cu-

537 4958 753 5030 jusdam
801 4959 1143 5031 etymologia:
1186 4958 1451 5015 beneﬁcio
1479 4959 1750 5016 detexisse
1789 4961 1891 5016 sibi
1915 4960 2139 5017 videan-

538 5059 648 5116 tttr,
675 5060 785 5106 tum
832 5051 978 5106 serio
1003 5051 1281 5108 exsultant
1310 5066 1372 5107 ac
1394 5052 1751 5123 triumphant.
1775 5053 2138 5110 Nihilominus

536 5153 718 5200 tamen
742 5145 994 5202 nolumus
1015 5161 1043 5200 a
1074 5145 1228 5202 nobis
1255 5145 1356 5202 hoc
1386 5147 1457 5202 ita
1487 5147 1709 5217 dictum,
1735 5150 1888 5219 quasi
1913 5163 2132 5204 natura-
2161 5217 2166 5220 _

534 5238 643 5295 lem
673 5253 919 5306 sensum,
967 5239 1020 5294 in
1047 5255 1155 5311 quo
1191 5239 1422 5295 duorum
1460 5241 1687 5296 aliorum
1722 5239 2130 5297 fundamentum

535 5340 636 5394 est,
669 5347 1045 5403 aspernemur.
1083 5331 1213 5402 Ejus
1244 5347 1399 5388 usum
1440 5333 1582 5388 ultro
1610 5333 1842 5390 fatemur
1872 5351 1978 5390 non
2010 5350 2132 5390 esse

535 5423 635 5476 nisi
669 5423 1011 5487 laudabilem.
1041 5425 1336 5480 dummodo
1366 5442 1470 5482 non
1509 5429 1787 5483 serviliter
1831 5443 1894 5485 ac
1913 5429 2130 5498 iudaice

529 5515 607 5570 illi
655 5515 981 5576 hrereamus.
1021 5519 1173 5575 Ilunc
1203 5535 1363 5591 porro
1407 5533 1624 5578 sanctus
1652 5523 1852 5578 Doctor
1891 5525 2125 5579 maxime

506 5602 752 5668 secutus
780 5624 862 5669 est
901 5616 955 5670 in
988 5616 1139 5673 libris
1179 5617 1577 5684 Hexaemeron,
1630 5617 1698 5673 de
1733 5617 2011 5685 Paradiso,
2054 5617 2124 5674 de

527 5707 643 5762 Noe
689 5716 743 5762 et
763 5706 923 5772 Area.
947 5711 1075 5766 etin
1124 5712 1474 5784 Expositione
1501 5710 1775 5782 Evangelii
1824 5711 2120 5767 secundum

457 5785 470 5798 ’
526 5801 748 5857 Lucam.
780 5802 934 5870 Quod
988 5819 1114 5861 vero
1141 5806 1206 5862 ad
1255 5823 1476 5864 sensum
1508 5806 1807 5870 moralem;
1837 5819 1960 5860 cum
1987 5804 2120 5862 nihil

514 5894 582 5952 ad
617 5896 947 5966 pastoralem
969 5909 1152 5955 curam
1181 5903 1352 5971 magis
1374 5901 1592 5972 proprie
1613 5897 1885 5971 pertinere
1909 5899 1961 5955 in
1992 5915 2119 5956 con-

2247 4779 2578 4844 testimonio,
2609 4777 2744 4833 nihil
2771 4774 3234 4848 habemus.(l’idc
3257 4774 3509 4832 admonit.
3535 4785 3764 4831 nostram
3788 4777 3842 4831 in

2247 4876 2299 4932 Η
2303 4892 2480 4932 exaem
2492 4874 2528 4946 .)

2313 4969 2622 5025 Secundum
2681 4967 2941 5024 Ecclesia:
2978 4965 3169 5022 Patres
3221 4965 3610 5022 nominandum
3659 4979 3842 5022 cense-

2242 5077 2364 5118 mus
2400 5060 2681 5116 Philonem
2708 5059 2956 5117 Judzcum
2984 5102 3000 5127 ,
3042 5061 3216 5116 virum
3259 5061 3442 5115 multa:
3481 5059 3836 5127 eruditionis,

2244 5172 2402 5228 quem
2448 5157 2752 5227 allegoricis
2782 5155 3322 5227 interpretationibus
3349 5156 3720 5226 indulgentem
3752 5171 3838 5212 sa-

2240 5252 2306 5305 tis
2332 5249 2643 5320 frequenter
2683 5250 2921 5305 imitatus
2947 5260 3030 5306 est
3057 5258 3282 5305 sanctus
3323 5249 3543 5304 Doctor.
3575 5247 3705 5304 Inde
3753 5257 3837 5304 est

2236 5342 2379 5414 quod
2405 5341 2510 5397 loci
2543 5343 2782 5397 nonnulli
2827 5341 3310 5398 Ambrosianorum
3342 5357 3570 5412 operum
3615 5340 3835 5398 obscuri
3924 5323 3932 5333 ”

2234 5434 2522 5490 videantur
2548 5434 2634 5500 iis,
2667 5424 2757 5505 qui
2782 5435 3026 5504 ejusdem
3052 5433 3298 5490 Philonis
3323 5451 3388 5490 ex
3426 5450 3534 5507 quo
3558 5435 3834 5506 desumpti

2235 5537 2383 5596 sunt,
2424 5527 2734 5583 methodum
2768 5545 2873 5583 non
2896 5529 3029 5583 satis
3056 5538 3275 5584 norunt.
3306 5528 3461 5596 Quod
3513 5528 3586 5584 ibi
3619 5529 3834 5599 potissi-

2233 5639 2381 5679 mum
2411 5621 2696 5690 contingit,
2727 5621 2816 5677 ubi
2848 5622 2932 5677 vel
2952 5623 3227 5693 proprium
3259 5622 3478 5694 aliquod
3505 5622 3828 5678 vocabulum

2232 5714 2318 5768 vel
2350 5721 2702 5768 occurrentes
2733 5713 2945 5768 numeri
2997 5712 3455 5774 adsubtiliorem
3508 5715 3825 5788 allegoriam

2232 5803 2744 5863 transferuntur.Sic
2762 5806 3018 5863 Erasmus
3031 5808 3146 5878 ipse
3157 5809 3368 5865 cuidam
3386 5811 3506 5867 loco
3523 5811 3828 5867 censoriam

2232 5900 2374 5955 hanc
2397 5895 2591 5953 inussit
2629 5905 2809 5954 notam
2844 5917 2856 5952 :
2891 5899 2998 5957 Hic
3017 5901 3241 5968 videtur,
3282 5902 3475 5972 inquit,
3515 5903 3707 5973 aliquis
3735 5903 3828 5958 ad:
