  <div class='ocr_page' id='page_1' title='image "/cluster/home/n/w/nwhite01/storage/ocr_20150623/14/hvd.32044015471303/018.png"; bbox 0 0 4102 6360; ppageno 0'>
   <div class='ocr_carea' id='block_1_1' title="bbox 258 295 3568 386">
    <p class='ocr_par' dir='ltr' id='par_1_1' title="bbox 258 295 3568 386">
     <span class='ocr_line' id='line_1_1' title="bbox 258 295 3568 386; baseline -0.009 -1"><span class='ocrx_word' id='word_1_1' title='bbox 258 327 332 386; x_wconf 77' lang='lat'><strong>25</strong></span> <span class='ocrx_word' id='word_1_2' title='bbox 1713 305 2104 368; x_wconf 66' lang='lat' dir='ltr'><strong>PREFATIO.</strong></span> <span class='ocrx_word' id='word_1_3' title='bbox 3493 295 3568 355; x_wconf 66' lang='grc' dir='ltr'><strong>ιθ</strong></span> 
     </span>
    </p>
   </div>
   <div class='ocr_carea' id='block_1_2' title="bbox 259 410 3568 522">
    <p class='ocr_par' dir='ltr' id='par_1_2' title="bbox 259 410 3568 522">
     <span class='ocr_line' id='line_1_2' title="bbox 259 410 3568 522; baseline -0.011 -18"><span class='ocrx_word' id='word_1_4' title='bbox 259 449 423 503; x_wconf 85' lang='lat' dir='ltr'><strong>suisse</strong></span> <span class='ocrx_word' id='word_1_5' title='bbox 449 462 572 503; x_wconf 75' lang='lat' dir='ltr'><strong>sua:</strong></span> <span class='ocrx_word' id='word_1_6' title='bbox 617 463 782 522; x_wconf 80' lang='lat' dir='ltr'><strong>nugas</strong></span> <span class='ocrx_word' id='word_1_7' title='bbox 803 445 943 522; x_wconf 80' lang='lat' dir='ltr'><strong>(Lib.</strong></span> <span class='ocrx_word' id='word_1_8' title='bbox 989 462 1027 503; x_wconf 82' lang='grc' dir='ltr'>ιι</span> <span class='ocrx_word' id='word_1_9' title='bbox 1054 447 1118 503; x_wconf 67' lang='lat' dir='ltr'><strong>de</strong></span> <span class='ocrx_word' id='word_1_10' title='bbox 1162 445 1360 501; x_wconf 64' lang='lat' dir='ltr'><strong>Abrah.</strong></span> <span class='ocrx_word' id='word_1_11' title='bbox 1405 444 1461 499; x_wconf 80' lang='grc' dir='ltr'><strong>ίη</strong></span> <span class='ocrx_word' id='word_1_12' title='bbox 1515 452 1684 511; x_wconf 72' lang='lat' dir='ltr'><strong>marg.</strong></span> <span class='ocrx_word' id='word_1_13' title='bbox 1743 445 1862 500; x_wconf 86' lang='lat' dir='ltr'><strong>cap.</strong></span> <span class='ocrx_word' id='word_1_14' title='bbox 1892 422 1943 485; x_wconf 89' lang='lat' dir='ltr'><strong>A</strong></span> <span class='ocrx_word' id='word_1_15' title='bbox 1971 421 2109 522; x_wconf 79' lang='lat' dir='ltr'><strong>forte</strong></span> <span class='ocrx_word' id='word_1_16' title='bbox 2139 423 2404 494; x_wconf 90' lang='lat' dir='ltr'><strong>suspicari</strong></span> <span class='ocrx_word' id='word_1_17' title='bbox 2447 419 2619 495; x_wconf 91' lang='lat' dir='ltr'><strong>possit</strong></span> <span class='ocrx_word' id='word_1_18' title='bbox 2647 417 2844 490; x_wconf 81' lang='lat' dir='ltr'><strong>aliquis</strong></span> <span class='ocrx_word' id='word_1_19' title='bbox 2888 413 3237 474; x_wconf 86' lang='lat' dir='ltr'><strong>Ambrosium</strong></span> <span class='ocrx_word' id='word_1_20' title='bbox 3292 426 3400 469; x_wconf 91' lang='lat' dir='ltr'><strong>non</strong></span> <span class='ocrx_word' id='word_1_21' title='bbox 3455 410 3568 467; x_wconf 87' lang='lat' dir='ltr'><strong>alio</strong></span> 
     </span>
    </p>
   </div>
   <div class='ocr_carea' id='block_1_3' title="bbox 264 529 1859 610">
    <p class='ocr_par' dir='ltr' id='par_1_3' title="bbox 264 529 1859 610">
     <span class='ocr_line' id='line_1_3' title="bbox 264 529 1859 610; baseline -0.006 -14"><span class='ocrx_word' id='word_1_22' title='bbox 264 540 388 610; x_wconf 79' lang='lat' dir='ltr'><strong>ll);</strong></span> <span class='ocrx_word' id='word_1_23' title='bbox 428 555 553 596; x_wconf 90' lang='lat' dir='ltr'><strong>eum</strong></span> <span class='ocrx_word' id='word_1_24' title='bbox 612 550 791 598; x_wconf 90' lang='lat' dir='ltr'><strong>tamen</strong></span> <span class='ocrx_word' id='word_1_25' title='bbox 845 542 1090 599; x_wconf 86' lang='lat' dir='ltr'><strong>eamdem</strong></span> <span class='ocrx_word' id='word_1_26' title='bbox 1128 539 1454 596; x_wconf 80' lang='lat' dir='ltr'><strong>sententiam</strong></span> <span class='ocrx_word' id='word_1_27' title='bbox 1504 533 1710 594; x_wconf 86' lang='lat' dir='ltr'><strong>eisdem</strong></span> <span class='ocrx_word' id='word_1_28' title='bbox 1743 529 1859 586; x_wconf 89' lang='lat' dir='ltr'><strong>fere</strong></span> 
     </span>
    </p>
   </div>
   <div class='ocr_carea' id='block_1_4' title="bbox 262 625 1860 704">
    <p class='ocr_par' dir='ltr' id='par_1_4' title="bbox 262 625 1860 704">
     <span class='ocr_line' id='line_1_4' title="bbox 262 625 1860 704; baseline -0.004 -17"><span class='ocrx_word' id='word_1_29' title='bbox 262 632 445 689; x_wconf 84' lang='lat' dir='ltr'><strong>verbis</strong></span> <span class='ocrx_word' id='word_1_30' title='bbox 465 633 606 704; x_wconf 92' lang='lat' dir='ltr'><strong>apud</strong></span> <span class='ocrx_word' id='word_1_31' title='bbox 639 634 916 690; x_wconf 82' lang='lat' dir='ltr'><strong>Philonem</strong></span> <span class='ocrx_word' id='word_1_32' title='bbox 949 634 1195 691; x_wconf 77' lang='lat' dir='ltr'><strong>invenire</strong></span> <span class='ocrx_word' id='word_1_33' title='bbox 1219 634 1311 690; x_wconf 91' lang='lat' dir='ltr'><strong>sit.</strong></span> <span class='ocrx_word' id='word_1_34' title='bbox 1337 632 1444 689; x_wconf 90' lang='lat' dir='ltr'><strong>Sed</strong></span> <span class='ocrx_word' id='word_1_35' title='bbox 1473 644 1578 686; x_wconf 93' lang='lat' dir='ltr'><strong>non</strong></span> <span class='ocrx_word' id='word_1_36' title='bbox 1599 643 1665 684; x_wconf 91' lang='lat' dir='ltr'><strong>eo</strong></span> <span class='ocrx_word' id='word_1_37' title='bbox 1686 625 1860 682; x_wconf 86' lang='lat' dir='ltr'><strong>nomi-</strong></span> 
     </span>
    </p>
   </div>
   <div class='ocr_carea' id='block_1_5' title="bbox 263 726 1857 796">
    <p class='ocr_par' dir='ltr' id='par_1_5' title="bbox 263 726 1857 796">
     <span class='ocr_line' id='line_1_5' title="bbox 263 726 1857 796; baseline -0.004 -14"><span class='ocrx_word' id='word_1_38' title='bbox 263 742 334 783; x_wconf 91' lang='lat' dir='ltr'><strong>ne</strong></span> <span class='ocrx_word' id='word_1_39' title='bbox 363 728 612 796; x_wconf 81' lang='lat' dir='ltr'><strong>privatim</strong></span> <span class='ocrx_word' id='word_1_40' title='bbox 660 729 998 786; x_wconf 89' lang='lat' dir='ltr'><strong>accusandus</strong></span> <span class='ocrx_word' id='word_1_41' title='bbox 1044 729 1204 785; x_wconf 88' lang='lat' dir='ltr'><strong>fuerit</strong></span> <span class='ocrx_word' id='word_1_42' title='bbox 1232 741 1452 784; x_wconf 85' lang='lat' dir='ltr'><strong>sanctus</strong></span> <span class='ocrx_word' id='word_1_43' title='bbox 1485 726 1704 787; x_wconf 92' lang='lat' dir='ltr'><strong>Doctor,</strong></span> <span class='ocrx_word' id='word_1_44' title='bbox 1735 736 1857 776; x_wconf 91' lang='lat' dir='ltr'><strong>eum</strong></span> 
     </span>
    </p>
   </div>
   <div class='ocr_carea' id='block_1_6' title="bbox 265 817 1863 894">
    <p class='ocr_par' dir='ltr' id='par_1_6' title="bbox 265 817 1863 894">
     <span class='ocr_line' id='line_1_6' title="bbox 265 817 1863 894; baseline 0 -20"><span class='ocrx_word' id='word_1_45' title='bbox 265 819 318 874; x_wconf 90' lang='lat' dir='ltr'><strong>id</strong></span> <span class='ocrx_word' id='word_1_46' title='bbox 372 821 502 875; x_wconf 85' lang='lat' dir='ltr'><strong>satis</strong></span> <span class='ocrx_word' id='word_1_47' title='bbox 546 819 814 878; x_wconf 78' lang='lat' dir='ltr'><strong>familiare</strong></span> <span class='ocrx_word' id='word_1_48' title='bbox 850 823 939 877; x_wconf 89' lang='lat' dir='ltr'><strong>alii</strong></span> <span class='ocrx_word' id='word_1_49' title='bbox 993 838 1208 894; x_wconf 85' lang='lat' dir='ltr'><strong>quoque</strong></span> <span class='ocrx_word' id='word_1_50' title='bbox 1239 822 1426 877; x_wconf 81' lang='lat' dir='ltr'><strong>Patres</strong></span> <span class='ocrx_word' id='word_1_51' title='bbox 1458 817 1767 882; x_wconf 79' lang='lat' dir='ltr'><strong>habuerint,</strong></span> <span class='ocrx_word' id='word_1_52' title='bbox 1802 821 1863 869; x_wconf 82' lang='grc' dir='ltr'><strong>ιιι</strong></span> 
     </span>
    </p>
   </div>
   <div class='ocr_carea' id='block_1_7' title="bbox 264 910 1861 988">
    <p class='ocr_par' dir='ltr' id='par_1_7' title="bbox 264 910 1861 988">
     <span class='ocr_line' id='line_1_7' title="bbox 264 910 1861 988; baseline -0.001 -22"><span class='ocrx_word' id='word_1_53' title='bbox 264 911 592 982; x_wconf 77' lang='lat' dir='ltr'><strong>allegoricos</strong></span> <span class='ocrx_word' id='word_1_54' title='bbox 613 913 1086 988; x_wconf 88' lang='lat' dir='ltr'><strong>tropologieosque</strong></span> <span class='ocrx_word' id='word_1_55' title='bbox 1114 929 1306 972; x_wconf 91' lang='lat' dir='ltr'><strong>sensus</strong></span> <span class='ocrx_word' id='word_1_56' title='bbox 1335 913 1672 985; x_wconf 87' lang='lat' dir='ltr'><strong>indagarent;</strong></span> <span class='ocrx_word' id='word_1_57' title='bbox 1699 910 1861 980; x_wconf 89' lang='lat' dir='ltr'><strong>inque</strong></span> 
     </span>
    </p>
   </div>
   <div class='ocr_carea' id='block_1_8' title="bbox 267 1002 1863 1081">
    <p class='ocr_par' dir='ltr' id='par_1_8' title="bbox 267 1002 1863 1081">
     <span class='ocr_line' id='line_1_8' title="bbox 267 1002 1863 1081; baseline 0 -22"><span class='ocrx_word' id='word_1_58' title='bbox 267 1007 510 1062; x_wconf 87' lang='lat' dir='ltr'><strong>numeris</strong></span> <span class='ocrx_word' id='word_1_59' title='bbox 541 1005 738 1062; x_wconf 83' lang='lat' dir='ltr'><strong>includi</strong></span> <span class='ocrx_word' id='word_1_60' title='bbox 783 1007 998 1080; x_wconf 75' lang='lat' dir='ltr'><strong>legique</strong></span> <span class='ocrx_word' id='word_1_61' title='bbox 1043 1024 1234 1080; x_wconf 87' lang='lat' dir='ltr'><strong>magna</strong></span> <span class='ocrx_word' id='word_1_62' title='bbox 1284 1007 1542 1081; x_wconf 86' lang='lat' dir='ltr'><strong>mysteria</strong></span> <span class='ocrx_word' id='word_1_63' title='bbox 1589 1002 1863 1061; x_wconf 81' lang='lat' dir='ltr'><strong>existima-</strong></span> 
     </span>
    </p>
   </div>
   <div class='ocr_carea' id='block_1_9' title="bbox 264 1095 1857 1172">
    <p class='ocr_par' dir='ltr' id='par_1_9' title="bbox 264 1095 1857 1172">
     <span class='ocr_line' id='line_1_9' title="bbox 264 1095 1857 1172; baseline -0.004 -18"><span class='ocrx_word' id='word_1_64' title='bbox 264 1106 409 1161; x_wconf 90' lang='lat' dir='ltr'><strong>rent,</strong></span> <span class='ocrx_word' id='word_1_65' title='bbox 437 1114 558 1169; x_wconf 77' lang='lat' dir='ltr'><strong>qua:</strong></span> <span class='ocrx_word' id='word_1_66' title='bbox 589 1099 806 1172; x_wconf 82' lang='lat' dir='ltr'><strong>populis</strong></span> <span class='ocrx_word' id='word_1_67' title='bbox 834 1100 946 1156; x_wconf 90' lang='lat' dir='ltr'><strong>suis</strong></span> <span class='ocrx_word' id='word_1_68' title='bbox 989 1102 1250 1172; x_wconf 91' lang='lat' dir='ltr'><strong>putabant</strong></span> <span class='ocrx_word' id='word_1_69' title='bbox 1279 1099 1509 1155; x_wconf 82' lang='lat' dir='ltr'><strong>candide</strong></span> <span class='ocrx_word' id='word_1_70' title='bbox 1544 1095 1857 1167; x_wconf 83' lang='lat' dir='ltr'><strong>retegenda.</strong></span> 
     </span>
    </p>
   </div>
   <div class='ocr_carea' id='block_1_10' title="bbox 263 1189 1860 1265">
    <p class='ocr_par' dir='ltr' id='par_1_10' title="bbox 263 1189 1860 1265">
     <span class='ocr_line' id='line_1_10' title="bbox 263 1189 1860 1265; baseline -0.001 -19"><span class='ocrx_word' id='word_1_71' title='bbox 263 1189 336 1246; x_wconf 90' lang='lat' dir='ltr'><strong>Et</strong></span> <span class='ocrx_word' id='word_1_72' title='bbox 364 1189 490 1246; x_wconf 89' lang='lat' dir='ltr'><strong>hinc</strong></span> <span class='ocrx_word' id='word_1_73' title='bbox 520 1207 652 1248; x_wconf 90' lang='lat' dir='ltr'><strong>sane</strong></span> <span class='ocrx_word' id='word_1_74' title='bbox 684 1193 866 1265; x_wconf 81' lang='lat' dir='ltr'><strong>colligi</strong></span> <span class='ocrx_word' id='word_1_75' title='bbox 898 1203 1077 1264; x_wconf 87' lang='lat' dir='ltr'><strong>potest</strong></span> <span class='ocrx_word' id='word_1_76' title='bbox 1121 1194 1287 1249; x_wconf 89' lang='lat' dir='ltr'><strong>multa</strong></span> <span class='ocrx_word' id='word_1_77' title='bbox 1316 1209 1436 1265; x_wconf 74' lang='lat' dir='ltr'><strong>qua:</strong></span> <span class='ocrx_word' id='word_1_78' title='bbox 1485 1191 1641 1248; x_wconf 87' lang='lat' dir='ltr'><strong>nobis</strong></span> <span class='ocrx_word' id='word_1_79' title='bbox 1668 1205 1860 1262; x_wconf 85' lang='lat' dir='ltr'><strong>quam-</strong></span> 
     </span>
    </p>
   </div>
   <div class='ocr_carea' id='block_1_11' title="bbox 261 1281 1864 1359">
    <p class='ocr_par' dir='ltr' id='par_1_11' title="bbox 261 1281 1864 1359">
     <span class='ocr_line' id='line_1_11' title="bbox 261 1281 1864 1359; baseline -0.003 -18"><span class='ocrx_word' id='word_1_80' title='bbox 261 1285 388 1341; x_wconf 87' lang='lat' dir='ltr'><strong>dam</strong></span> <span class='ocrx_word' id='word_1_81' title='bbox 422 1285 773 1343; x_wconf 85' lang='lat' dir='ltr'><strong>obscuritatis</strong></span> <span class='ocrx_word' id='word_1_82' title='bbox 811 1287 1446 1359; x_wconf 78' lang='lat' dir='ltr'><strong>caliginem&#39;obtendant,</strong></span> <span class='ocrx_word' id='word_1_83' title='bbox 1493 1284 1731 1355; x_wconf 86' lang='lat' dir='ltr'><strong>antiquis</strong></span> <span class='ocrx_word' id='word_1_84' title='bbox 1757 1281 1864 1338; x_wconf 90' lang='lat' dir='ltr'><strong>illis</strong></span> 
     </span>
    </p>
   </div>
   <div class='ocr_carea' id='block_1_12' title="bbox 263 1377 1865 1453">
    <p class='ocr_par' dir='ltr' id='par_1_12' title="bbox 263 1377 1865 1453">
     <span class='ocr_line' id='line_1_12' title="bbox 263 1377 1865 1453; baseline -0.001 -21"><span class='ocrx_word' id='word_1_85' title='bbox 263 1378 604 1446; x_wconf 89' lang='lat' dir='ltr'><strong>temporibus</strong></span> <span class='ocrx_word' id='word_1_86' title='bbox 645 1389 834 1451; x_wconf 89' lang='lat' dir='ltr'><strong>aperta</strong></span> <span class='ocrx_word' id='word_1_87' title='bbox 878 1381 1042 1436; x_wconf 88' lang='lat' dir='ltr'><strong>etiam</strong></span> <span class='ocrx_word' id='word_1_88' title='bbox 1075 1381 1272 1453; x_wconf 89' lang='lat' dir='ltr'><strong>populo</strong></span> <span class='ocrx_word' id='word_1_89' title='bbox 1300 1377 1609 1442; x_wconf 81' lang='lat' dir='ltr'><strong>exstitisse,</strong></span> <span class='ocrx_word' id='word_1_90' title='bbox 1651 1384 1710 1430; x_wconf 91' lang='lat' dir='ltr'><strong>ut</strong></span> <span class='ocrx_word' id='word_1_91' title='bbox 1740 1383 1865 1444; x_wconf 91' lang='lat' dir='ltr'><strong>pote</strong></span> 
     </span>
    </p>
   </div>
   <div class='ocr_carea' id='block_1_13' title="bbox 265 1467 1863 1542">
    <p class='ocr_par' dir='ltr' id='par_1_13' title="bbox 265 1467 1863 1542">
     <span class='ocr_line' id='line_1_13' title="bbox 265 1467 1863 1542; baseline -0.003 -16"><span class='ocrx_word' id='word_1_92' title='bbox 265 1472 465 1527; x_wconf 87' lang='lat' dir='ltr'><strong>talibus</strong></span> <span class='ocrx_word' id='word_1_93' title='bbox 493 1473 782 1529; x_wconf 90' lang='lat' dir='ltr'><strong>audiendis</strong></span> <span class='ocrx_word' id='word_1_94' title='bbox 801 1473 1126 1530; x_wconf 87' lang='lat' dir='ltr'><strong>assuefacto.</strong></span> <span class='ocrx_word' id='word_1_95' title='bbox 1155 1473 1260 1530; x_wconf 91' lang='lat' dir='ltr'><strong>Sed</strong></span> <span class='ocrx_word' id='word_1_96' title='bbox 1283 1471 1386 1528; x_wconf 91' lang='lat' dir='ltr'><strong>etsi</strong></span> <span class='ocrx_word' id='word_1_97' title='bbox 1423 1469 1665 1542; x_wconf 75' lang='lat' dir='ltr'><strong>qumdam</strong></span> <span class='ocrx_word' id='word_1_98' title='bbox 1690 1467 1863 1522; x_wconf 80' lang='lat' dir='ltr'><strong>offen-</strong></span> 
     </span>
    </p>
   </div>
   <div class='ocr_carea' id='block_1_14' title="bbox 265 1565 1864 1640">
    <p class='ocr_par' dir='ltr' id='par_1_14' title="bbox 265 1565 1864 1640">
     <span class='ocr_line' id='line_1_14' title="bbox 265 1565 1864 1640; baseline -0.001 -20"><span class='ocrx_word' id='word_1_99' title='bbox 265 1565 558 1630; x_wconf 88' lang='lat' dir='ltr'><strong>derentur,</strong></span> <span class='ocrx_word' id='word_1_100' title='bbox 621 1581 742 1637; x_wconf 80' lang='lat' dir='ltr'><strong>qua:</strong></span> <span class='ocrx_word' id='word_1_101' title='bbox 790 1582 1083 1638; x_wconf 87' lang='lat' dir='ltr'><strong>numquam</strong></span> <span class='ocrx_word' id='word_1_102' title='bbox 1129 1567 1425 1640; x_wconf 74' lang='lat' dir='ltr'><strong>plebecula:</strong></span> <span class='ocrx_word' id='word_1_103' title='bbox 1487 1574 1699 1637; x_wconf 87' lang='lat' dir='ltr'><strong>captmn</strong></span> <span class='ocrx_word' id='word_1_104' title='bbox 1757 1577 1864 1618; x_wconf 88' lang='lat' dir='ltr'><strong>non</strong></span> 
     </span>
    </p>
   </div>
   <div class='ocr_carea' id='block_1_15' title="bbox 265 1651 1864 1728">
    <p class='ocr_par' dir='ltr' id='par_1_15' title="bbox 265 1651 1864 1728">
     <span class='ocr_line' id='line_1_15' title="bbox 265 1651 1864 1728; baseline 0.001 -16"><span class='ocrx_word' id='word_1_105' title='bbox 265 1657 672 1728; x_wconf 81' lang='lat' dir='ltr'><strong>superaverint,</strong></span> <span class='ocrx_word' id='word_1_106' title='bbox 701 1658 923 1716; x_wconf 88' lang='lat' dir='ltr'><strong>minime</strong></span> <span class='ocrx_word' id='word_1_107' title='bbox 947 1668 1130 1716; x_wconf 88' lang='lat' dir='ltr'><strong>tamen</strong></span> <span class='ocrx_word' id='word_1_108' title='bbox 1168 1660 1220 1715; x_wconf 92' lang='lat' dir='ltr'><strong>id</strong></span> <span class='ocrx_word' id='word_1_109' title='bbox 1242 1660 1477 1716; x_wconf 90' lang='lat' dir='ltr'><strong>oratoris</strong></span> <span class='ocrx_word' id='word_1_110' title='bbox 1522 1651 1864 1714; x_wconf 84' lang='lat' dir='ltr'><strong>tribuendum</strong></span> 
     </span>
    </p>
   </div>
   <div class='ocr_carea' id='block_1_16' title="bbox 268 1733 1864 1826">
    <p class='ocr_par' dir='ltr' id='par_1_16' title="bbox 268 1733 1864 1826">
     <span class='ocr_line' id='line_1_16' title="bbox 268 1733 1864 1826; baseline 0.001 -18"><span class='ocrx_word' id='word_1_111' title='bbox 268 1760 420 1809; x_wconf 84' lang='lat' dir='ltr'><strong>esset</strong></span> <span class='ocrx_word' id='word_1_112' title='bbox 444 1753 786 1821; x_wconf 83' lang='lat' dir='ltr'><strong>obscuritati;</strong></span> <span class='ocrx_word' id='word_1_113' title='bbox 821 1770 944 1811; x_wconf 87' lang='lat' dir='ltr'><strong>nam</strong></span> <span class='ocrx_word' id='word_1_114' title='bbox 971 1756 1242 1826; x_wconf 84' lang='lat' dir='ltr'><strong>hodieque</strong></span> <span class='ocrx_word' id='word_1_115' title='bbox 1269 1756 1409 1811; x_wconf 88' lang='lat' dir='ltr'><strong>inter</strong></span> <span class='ocrx_word' id='word_1_116' title='bbox 1428 1769 1525 1810; x_wconf 89' lang='lat' dir='ltr'><strong>eos</strong></span> <span class='ocrx_word' id='word_1_117' title='bbox 1555 1755 1644 1826; x_wconf 92' lang='lat' dir='ltr'><strong>qui</strong></span> <span class='ocrx_word' id='word_1_118' title='bbox 1667 1733 1864 1810; x_wconf 49' lang='lat' dir='ltr'><strong>verna:</strong></span> 
     </span>
    </p>
   </div>
   <div class='ocr_carea' id='block_1_17' title="bbox 1964 501 3569 588">
    <p class='ocr_par' dir='ltr' id='par_1_17' title="bbox 1964 501 3569 588">
     <span class='ocr_line' id='line_1_17' title="bbox 1964 501 3569 588; baseline -0.011 -16"><span class='ocrx_word' id='word_1_119' title='bbox 1964 514 2203 581; x_wconf 90' lang='lat' dir='ltr'><strong>nomine,</strong></span> <span class='ocrx_word' id='word_1_120' title='bbox 2259 530 2420 588; x_wconf 89' lang='lat' dir='ltr'><strong>quam</strong></span> <span class='ocrx_word' id='word_1_121' title='bbox 2451 513 2594 587; x_wconf 92' lang='lat' dir='ltr'><strong>quod</strong></span> <span class='ocrx_word' id='word_1_122' title='bbox 2616 509 3066 582; x_wconf 90' lang='lat' dir='ltr'><strong>Origenianorum</strong></span> <span class='ocrx_word' id='word_1_123' title='bbox 3099 519 3326 578; x_wconf 90' lang='lat' dir='ltr'><strong>operum</strong></span> <span class='ocrx_word' id='word_1_124' title='bbox 3356 501 3569 559; x_wconf 84' lang='lat' dir='ltr'><strong>studio-</strong></span> 
     </span>
    </p>
   </div>
   <div class='ocr_carea' id='block_1_18' title="bbox 1962 595 3566 678">
    <p class='ocr_par' dir='ltr' id='par_1_18' title="bbox 1962 595 3566 678">
     <span class='ocr_line' id='line_1_18' title="bbox 1962 595 3566 678; baseline -0.011 -10"><span class='ocrx_word' id='word_1_125' title='bbox 1962 625 2054 668; x_wconf 88' lang='lat' dir='ltr'><strong>sus</strong></span> <span class='ocrx_word' id='word_1_126' title='bbox 2095 619 2260 678; x_wconf 82' lang='lat' dir='ltr'><strong>esset,</strong></span> <span class='ocrx_word' id='word_1_127' title='bbox 2312 607 2508 664; x_wconf 89' lang='lat' dir='ltr'><strong>alicubi</strong></span> <span class='ocrx_word' id='word_1_128' title='bbox 2547 606 2875 676; x_wconf 81' lang='lat' dir='ltr'><strong>llierouymo</strong></span> <span class='ocrx_word' id='word_1_129' title='bbox 2919 600 3282 673; x_wconf 89' lang='lat' dir='ltr'><strong>displicuisse.</strong></span> <span class='ocrx_word' id='word_1_130' title='bbox 3338 595 3566 652; x_wconf 86' lang='lat' dir='ltr'><strong>Ruﬁnus</strong></span> 
     </span>
    </p>
   </div>
   <div class='ocr_carea' id='block_1_19' title="bbox 1964 691 3563 773">
    <p class='ocr_par' dir='ltr' id='par_1_19' title="bbox 1964 691 3563 773">
     <span class='ocr_line' id='line_1_19' title="bbox 1964 691 3563 773; baseline -0.012 -12"><span class='ocrx_word' id='word_1_131' title='bbox 1964 715 2112 761; x_wconf 90' lang='lat' dir='ltr'><strong>certe</strong></span> <span class='ocrx_word' id='word_1_132' title='bbox 2160 712 2348 758; x_wconf 83' lang='lat' dir='ltr'><strong>auctor</strong></span> <span class='ocrx_word' id='word_1_133' title='bbox 2391 710 2475 757; x_wconf 91' lang='lat' dir='ltr'><strong>est</strong></span> <span class='ocrx_word' id='word_1_134' title='bbox 2528 700 2715 773; x_wconf 83' lang='lat' dir='ltr'><strong>(Apol.</strong></span> <span class='ocrx_word' id='word_1_135' title='bbox 2749 697 2810 769; x_wconf 75' lang='lat'><strong>2)</strong></span> <span class='ocrx_word' id='word_1_136' title='bbox 2857 694 3107 753; x_wconf 88' lang='lat' dir='ltr'><strong>eumdem</strong></span> <span class='ocrx_word' id='word_1_137' title='bbox 3169 691 3563 763; x_wconf 81' lang='lat' dir='ltr'><strong>Hieronymum</strong></span> 
     </span>
    </p>
   </div>
   <div class='ocr_carea' id='block_1_20' title="bbox 1963 782 3566 856">
    <p class='ocr_par' dir='ltr' id='par_1_20' title="bbox 1963 782 3566 856">
     <span class='ocr_line' id='line_1_20' title="bbox 1963 782 3566 856; baseline -0.012 0"><span class='ocrx_word' id='word_1_138' title='bbox 1963 799 2176 856; x_wconf 90' lang='lat' dir='ltr'><strong>duobus</strong></span> <span class='ocrx_word' id='word_1_139' title='bbox 2208 796 2449 851; x_wconf 83' lang='lat' dir='ltr'><strong>tribusve</strong></span> <span class='ocrx_word' id='word_1_140' title='bbox 2490 793 2750 848; x_wconf 88' lang='lat' dir='ltr'><strong>librorum</strong></span> <span class='ocrx_word' id='word_1_141' title='bbox 2800 804 3023 847; x_wconf 85' lang='lat' dir='ltr'><strong>suorum</strong></span> <span class='ocrx_word' id='word_1_142' title='bbox 3063 786 3197 842; x_wconf 87' lang='lat' dir='ltr'><strong>locis</strong></span> <span class='ocrx_word' id='word_1_143' title='bbox 3227 784 3295 840; x_wconf 88' lang='lat' dir='ltr'><strong>de</strong></span> <span class='ocrx_word' id='word_1_144' title='bbox 3333 782 3566 839; x_wconf 85' lang='lat' dir='ltr'><strong>Ambro-</strong></span> 
     </span>
    </p>
   </div>
   <div class='ocr_carea' id='block_1_21' title="bbox 1963 871 3566 953">
    <p class='ocr_par' dir='ltr' id='par_1_21' title="bbox 1963 871 3566 953">
     <span class='ocr_line' id='line_1_21' title="bbox 1963 871 3566 953; baseline -0.012 -4"><span class='ocrx_word' id='word_1_145' title='bbox 1963 894 2130 949; x_wconf 88' lang='lat' dir='ltr'><strong>sianis</strong></span> <span class='ocrx_word' id='word_1_146' title='bbox 2177 891 2330 946; x_wconf 88' lang='lat' dir='ltr'><strong>libris</strong></span> <span class='ocrx_word' id='word_1_147' title='bbox 2369 887 2606 944; x_wconf 88' lang='lat' dir='ltr'><strong>locutum</strong></span> <span class='ocrx_word' id='word_1_148' title='bbox 2652 899 2776 941; x_wconf 88' lang='lat' dir='ltr'><strong>esse</strong></span> <span class='ocrx_word' id='word_1_149' title='bbox 2798 881 3160 953; x_wconf 84' lang='lat' dir='ltr'><strong>petulantius,</strong></span> <span class='ocrx_word' id='word_1_150' title='bbox 3213 891 3377 950; x_wconf 86' lang='lat' dir='ltr'><strong>quam</strong></span> <span class='ocrx_word' id='word_1_151' title='bbox 3429 871 3566 930; x_wconf 84' lang='lat' dir='ltr'><strong>tanti</strong></span> 
     </span>
    </p>
   </div>
   <div class='ocr_carea' id='block_1_22' title="bbox 1965 966 3564 1052">
    <p class='ocr_par' dir='ltr' id='par_1_22' title="bbox 1965 966 3564 1052">
     <span class='ocr_line' id='line_1_22' title="bbox 1965 966 3564 1052; baseline -0.013 -10"><span class='ocrx_word' id='word_1_152' title='bbox 1965 987 2067 1042; x_wconf 90' lang='lat' dir='ltr'><strong>viri</strong></span> <span class='ocrx_word' id='word_1_153' title='bbox 2089 985 2350 1040; x_wconf 88' lang='lat' dir='ltr'><strong>sanctitas</strong></span> <span class='ocrx_word' id='word_1_154' title='bbox 2397 991 2560 1052; x_wconf 87' lang='lat' dir='ltr'><strong>atque</strong></span> <span class='ocrx_word' id='word_1_155' title='bbox 2595 978 2827 1048; x_wconf 85' lang='lat' dir='ltr'><strong>dignitas</strong></span> <span class='ocrx_word' id='word_1_156' title='bbox 2882 983 3216 1046; x_wconf 89' lang='lat' dir='ltr'><strong>paterentur.</strong></span> <span class='ocrx_word' id='word_1_157' title='bbox 3241 971 3309 1028; x_wconf 88' lang='lat' dir='ltr'><strong>Et</strong></span> <span class='ocrx_word' id='word_1_158' title='bbox 3335 970 3438 1025; x_wconf 92' lang='lat' dir='ltr'><strong>hoc</strong></span> <span class='ocrx_word' id='word_1_159' title='bbox 3476 966 3564 1024; x_wconf 93' lang='lat' dir='ltr'><strong>isti</strong></span> 
     </span>
    </p>
   </div>
   <div class='ocr_carea' id='block_1_23' title="bbox 1965 1061 3562 1144">
    <p class='ocr_par' dir='ltr' id='par_1_23' title="bbox 1965 1061 3562 1144">
     <span class='ocr_line' id='line_1_23' title="bbox 1965 1061 3562 1144; baseline -0.013 -10"><span class='ocrx_word' id='word_1_160' title='bbox 1965 1077 2299 1134; x_wconf 84' lang='lat' dir='ltr'><strong>accusationi</strong></span> <span class='ocrx_word' id='word_1_161' title='bbox 2331 1075 2434 1130; x_wconf 92' lang='lat' dir='ltr'><strong>vim</strong></span> <span class='ocrx_word' id='word_1_162' title='bbox 2462 1070 2748 1144; x_wconf 84' lang='lat' dir='ltr'><strong>quamdam</strong></span> <span class='ocrx_word' id='word_1_163' title='bbox 2770 1068 2942 1136; x_wconf 82' lang='lat' dir='ltr'><strong>addit,</strong></span> <span class='ocrx_word' id='word_1_164' title='bbox 2965 1083 3072 1124; x_wconf 92' lang='lat' dir='ltr'><strong>non</strong></span> <span class='ocrx_word' id='word_1_165' title='bbox 3095 1065 3258 1122; x_wconf 89' lang='lat' dir='ltr'><strong>modo</strong></span> <span class='ocrx_word' id='word_1_166' title='bbox 3273 1061 3416 1134; x_wconf 88' lang='lat' dir='ltr'><strong>quod</strong></span> <span class='ocrx_word' id='word_1_167' title='bbox 3441 1073 3562 1117; x_wconf 86' lang='lat' dir='ltr'><strong>eam</strong></span> 
     </span>
    </p>
   </div>
   <div class='ocr_carea' id='block_1_24' title="bbox 1967 1160 3565 1239">
    <p class='ocr_par' dir='ltr' id='par_1_24' title="bbox 1967 1160 3565 1239">
     <span class='ocr_line' id='line_1_24' title="bbox 1967 1160 3565 1239; baseline -0.012 -12"><span class='ocrx_word' id='word_1_168' title='bbox 1967 1173 2160 1228; x_wconf 88' lang='lat' dir='ltr'><strong>tacitus</strong></span> <span class='ocrx_word' id='word_1_169' title='bbox 2192 1171 2244 1224; x_wconf 91' lang='lat' dir='ltr'><strong>in</strong></span> <span class='ocrx_word' id='word_1_170' title='bbox 2284 1167 2548 1239; x_wconf 85' lang='lat' dir='ltr'><strong>Apologia</strong></span> <span class='ocrx_word' id='word_1_171' title='bbox 2579 1179 2675 1220; x_wconf 90' lang='lat' dir='ltr'><strong>sua</strong></span> <span class='ocrx_word' id='word_1_172' title='bbox 2709 1162 2949 1231; x_wconf 84' lang='lat' dir='ltr'><strong>praeterit</strong></span> <span class='ocrx_word' id='word_1_173' title='bbox 2977 1160 3362 1230; x_wconf 83' lang='lat' dir='ltr'><strong>Hieronymus,</strong></span> <span class='ocrx_word' id='word_1_174' title='bbox 3389 1167 3565 1227; x_wconf 90' lang='lat' dir='ltr'><strong>neque</strong></span> 
     </span>
    </p>
   </div>
   <div class='ocr_carea' id='block_1_25' title="bbox 1967 1244 3565 1326">
    <p class='ocr_par' dir='ltr' id='par_1_25' title="bbox 1967 1244 3565 1326">
     <span class='ocr_line' id='line_1_25' title="bbox 1967 1244 3565 1326; baseline -0.013 -4"><span class='ocrx_word' id='word_1_175' title='bbox 1967 1265 2165 1322; x_wconf 85' lang='lat' dir='ltr'><strong>Ruﬁno</strong></span> <span class='ocrx_word' id='word_1_176' title='bbox 2183 1259 2469 1319; x_wconf 76' lang='lat' dir='ltr'><strong>calumnia:</strong></span> <span class='ocrx_word' id='word_1_177' title='bbox 2501 1272 2697 1314; x_wconf 89' lang='lat' dir='ltr'><strong>nomen</strong></span> <span class='ocrx_word' id='word_1_178' title='bbox 2730 1254 2976 1326; x_wconf 87' lang='lat' dir='ltr'><strong>impingit</strong></span> <span class='ocrx_word' id='word_1_179' title='bbox 3001 1271 3014 1306; x_wconf 89' lang='lat'><strong>:</strong></span> <span class='ocrx_word' id='word_1_180' title='bbox 3044 1251 3138 1306; x_wconf 87' lang='lat' dir='ltr'><strong>sed</strong></span> <span class='ocrx_word' id='word_1_181' title='bbox 3167 1251 3397 1306; x_wconf 80' lang='lat' dir='ltr'><strong>maxime</strong></span> <span class='ocrx_word' id='word_1_182' title='bbox 3419 1244 3565 1319; x_wconf 90' lang='lat' dir='ltr'><strong>quod</strong></span> 
     </span>
    </p>
   </div>
   <div class='ocr_carea' id='block_1_26' title="bbox 1970 1344 3567 1428">
    <p class='ocr_par' dir='ltr' id='par_1_26' title="bbox 1970 1344 3567 1428">
     <span class='ocr_line' id='line_1_26' title="bbox 1970 1344 3567 1428; baseline -0.013 -11"><span class='ocrx_word' id='word_1_183' title='bbox 1970 1363 2022 1417; x_wconf 92' lang='lat' dir='ltr'><strong>in</strong></span> <span class='ocrx_word' id='word_1_184' title='bbox 2053 1361 2194 1416; x_wconf 88' lang='lat' dir='ltr'><strong>libro</strong></span> <span class='ocrx_word' id='word_1_185' title='bbox 2245 1358 2309 1412; x_wconf 83' lang='lat' dir='ltr'><strong>de</strong></span> <span class='ocrx_word' id='word_1_186' title='bbox 2338 1351 2694 1428; x_wconf 84' lang='lat' dir='ltr'><strong>Scriptoribus</strong></span> <span class='ocrx_word' id='word_1_187' title='bbox 2747 1347 3125 1405; x_wconf 76' lang='lat' dir='ltr'><strong>Ecclesiusticis</strong></span> <span class='ocrx_word' id='word_1_188' title='bbox 3177 1344 3567 1401; x_wconf 79' lang='lat' dir='ltr'><strong>Ambrosiana-</strong></span> 
     </span>
    </p>
   </div>
   <div class='ocr_carea' id='block_1_27' title="bbox 1969 1435 3568 1514">
    <p class='ocr_par' dir='ltr' id='par_1_27' title="bbox 1969 1435 3568 1514">
     <span class='ocr_line' id='line_1_27' title="bbox 1969 1435 3568 1514; baseline -0.013 -2"><span class='ocrx_word' id='word_1_189' title='bbox 1969 1471 2089 1512; x_wconf 90' lang='lat' dir='ltr'><strong>rum</strong></span> <span class='ocrx_word' id='word_1_190' title='bbox 2109 1451 2626 1510; x_wconf 80' lang='lat' dir='ltr'><strong>Commentationum</strong></span> <span class='ocrx_word' id='word_1_191' title='bbox 2659 1446 2961 1514; x_wconf 81' lang='lat' dir='ltr'><strong>catalogum</strong></span> <span class='ocrx_word' id='word_1_192' title='bbox 2993 1451 3198 1504; x_wconf 76' lang='lat' dir='ltr'><strong>texere,</strong></span> <span class='ocrx_word' id='word_1_193' title='bbox 3233 1454 3296 1494; x_wconf 92' lang='lat' dir='ltr'><strong>ac</strong></span> <span class='ocrx_word' id='word_1_194' title='bbox 3319 1452 3470 1493; x_wconf 90' lang='lat' dir='ltr'><strong>suam</strong></span> <span class='ocrx_word' id='word_1_195' title='bbox 3499 1435 3568 1491; x_wconf 88' lang='lat' dir='ltr'><strong>de</strong></span> 
     </span>
    </p>
   </div>
   <div class='ocr_carea' id='block_1_28' title="bbox 1971 1532 3568 1614">
    <p class='ocr_par' dir='ltr' id='par_1_28' title="bbox 1971 1532 3568 1614">
     <span class='ocr_line' id='line_1_28' title="bbox 1971 1532 3568 1614; baseline -0.014 -8"><span class='ocrx_word' id='word_1_196' title='bbox 1971 1550 2080 1606; x_wconf 88' lang='lat' dir='ltr'><strong>illis</strong></span> <span class='ocrx_word' id='word_1_197' title='bbox 2105 1547 2430 1604; x_wconf 90' lang='lat' dir='ltr'><strong>sententiam</strong></span> <span class='ocrx_word' id='word_1_198' title='bbox 2469 1541 2710 1614; x_wconf 83' lang='lat' dir='ltr'><strong>proferre</strong></span> <span class='ocrx_word' id='word_1_199' title='bbox 2741 1537 3155 1602; x_wconf 86' lang='lat' dir='ltr'><strong>detrectaverit;</strong></span> <span class='ocrx_word' id='word_1_200' title='bbox 3181 1550 3244 1589; x_wconf 89' lang='lat' dir='ltr'><strong>ne</strong></span> <span class='ocrx_word' id='word_1_201' title='bbox 3271 1533 3325 1588; x_wconf 86' lang='lat' dir='ltr'><strong>in</strong></span> <span class='ocrx_word' id='word_1_202' title='bbox 3368 1532 3568 1586; x_wconf 83' lang='lat' dir='ltr'><strong>alteru-</strong></span> 
     </span>
    </p>
   </div>
   <div class='ocr_carea' id='block_1_29' title="bbox 1971 1623 3568 1713">
    <p class='ocr_par' dir='ltr' id='par_1_29' title="bbox 1971 1623 3568 1713">
     <span class='ocr_line' id='line_1_29' title="bbox 1971 1623 3568 1713; baseline -0.013 -15"><span class='ocrx_word' id='word_1_203' title='bbox 1971 1655 2101 1700; x_wconf 87' lang='lat' dir='ltr'><strong>tram</strong></span> <span class='ocrx_word' id='word_1_204' title='bbox 2129 1651 2346 1713; x_wconf 87' lang='lat' dir='ltr'><strong>partem,</strong></span> <span class='ocrx_word' id='word_1_205' title='bbox 2373 1637 2567 1708; x_wconf 89' lang='lat' dir='ltr'><strong>inquit,</strong></span> <span class='ocrx_word' id='word_1_206' title='bbox 2609 1644 2698 1689; x_wconf 90' lang='lat' dir='ltr'><strong>aut</strong></span> <span class='ocrx_word' id='word_1_207' title='bbox 2737 1631 2968 1686; x_wconf 83' lang='lat' dir='ltr'><strong>adulatio</strong></span> <span class='ocrx_word' id='word_1_208' title='bbox 2999 1630 3052 1682; x_wconf 90' lang='lat' dir='ltr'><strong>in</strong></span> <span class='ocrx_word' id='word_1_209' title='bbox 3097 1643 3179 1681; x_wconf 88' lang='lat' dir='ltr'><strong>me</strong></span> <span class='ocrx_word' id='word_1_210' title='bbox 3215 1623 3568 1696; x_wconf 81' lang='lat' dir='ltr'><strong>reprehenda-</strong></span> 
     </span>
    </p>
   </div>
   <div class='ocr_carea' id='block_1_30' title="bbox 1971 1717 3569 1806">
    <p class='ocr_par' dir='ltr' id='par_1_30' title="bbox 1971 1717 3569 1806">
     <span class='ocr_line' id='line_1_30' title="bbox 1971 1717 3569 1806; baseline -0.014 -11"><span class='ocrx_word' id='word_1_211' title='bbox 1971 1751 2077 1806; x_wconf 88' lang='lat' dir='ltr'><strong>tur,</strong></span> <span class='ocrx_word' id='word_1_212' title='bbox 2115 1748 2203 1792; x_wconf 89' lang='lat' dir='ltr'><strong>aut</strong></span> <span class='ocrx_word' id='word_1_213' title='bbox 2233 1737 2439 1792; x_wconf 75' lang='lat' dir='ltr'><strong>veritas.</strong></span> <span class='ocrx_word' id='word_1_214' title='bbox 2489 1731 2642 1789; x_wconf 89' lang='lat' dir='ltr'><strong>Unde</strong></span> <span class='ocrx_word' id='word_1_215' title='bbox 2672 1744 2780 1784; x_wconf 91' lang='lat' dir='ltr'><strong>non</strong></span> <span class='ocrx_word' id='word_1_216' title='bbox 2813 1723 3046 1782; x_wconf 88' lang='lat' dir='ltr'><strong>absurde</strong></span> <span class='ocrx_word' id='word_1_217' title='bbox 3075 1721 3252 1792; x_wconf 81' lang='lat' dir='ltr'><strong>colligi</strong></span> <span class='ocrx_word' id='word_1_218' title='bbox 3305 1717 3478 1791; x_wconf 87' lang='lat' dir='ltr'><strong>possit</strong></span> <span class='ocrx_word' id='word_1_219' title='bbox 3519 1717 3569 1773; x_wconf 91' lang='lat' dir='ltr'><strong>ei</strong></span> 
     </span>
    </p>
   </div>
   <div class='ocr_carea' id='block_1_31' title="bbox 265 1815 3570 1917">
    <p class='ocr_par' dir='ltr' id='par_1_31' title="bbox 265 1815 3570 1917">
     <span class='ocr_line' id='line_1_31' title="bbox 265 1815 3570 1917; baseline -0.009 -24"><span class='ocrx_word' id='word_1_220' title='bbox 265 1846 391 1902; x_wconf 84' lang='lat' dir='ltr'><strong>cuto</strong></span> <span class='ocrx_word' id='word_1_221' title='bbox 451 1861 704 1903; x_wconf 70' lang='lat' dir='ltr'><strong>sermone</strong></span> <span class='ocrx_word' id='word_1_222' title='bbox 743 1849 906 1905; x_wconf 66' lang='grc' dir='ltr'><strong>γει-ιη</strong></span> <span class='ocrx_word' id='word_1_223' title='bbox 955 1849 1195 1917; x_wconf 60' lang='lat' dir='ltr'><strong>facium,</strong></span> <span class='ocrx_word' id='word_1_224' title='bbox 1248 1849 1400 1905; x_wconf 72' lang='grc' dir='ltr'><strong>ηιηιιε</strong></span> <span class='ocrx_word' id='word_1_225' title='bbox 1450 1815 1740 1904; x_wconf 53' lang='lat' dir='ltr'><strong>nudam&quot;,</strong></span> <span class='ocrx_word' id='word_1_226' title='bbox 1795 1847 1866 1904; x_wconf 72' lang='grc' dir='ltr'><strong>οι,</strong></span> <span class='ocrx_word' id='word_1_227' title='bbox 1893 1834 1942 1896; x_wconf 83' lang='grc' dir='ltr'><strong>Β</strong></span> <span class='ocrx_word' id='word_1_228' title='bbox 1969 1832 2214 1906; x_wconf 73' lang='lat' dir='ltr'><strong>quazdam</strong></span> <span class='ocrx_word' id='word_1_229' title='bbox 2240 1831 2292 1885; x_wconf 90' lang='lat' dir='ltr'><strong>in</strong></span> <span class='ocrx_word' id='word_1_230' title='bbox 2318 1827 2509 1884; x_wconf 89' lang='lat' dir='ltr'><strong>iisdem</strong></span> <span class='ocrx_word' id='word_1_231' title='bbox 2557 1824 2665 1880; x_wconf 92' lang='lat' dir='ltr'><strong>illis</strong></span> <span class='ocrx_word' id='word_1_232' title='bbox 2694 1819 2950 1895; x_wconf 87' lang='lat' dir='ltr'><strong>operibus</strong></span> <span class='ocrx_word' id='word_1_233' title='bbox 2985 1815 3290 1874; x_wconf 89' lang='lat' dir='ltr'><strong>occurrisse</strong></span> <span class='ocrx_word' id='word_1_234' title='bbox 3315 1826 3435 1884; x_wconf 67' lang='lat' dir='ltr'><strong>quae</strong></span> <span class='ocrx_word' id='word_1_235' title='bbox 3461 1823 3570 1865; x_wconf 91' lang='lat' dir='ltr'><strong>non</strong></span> 
     </span>
    </p>
   </div>
   <div class='ocr_carea' id='block_1_32' title="bbox 268 1940 1864 2015">
    <p class='ocr_par' dir='ltr' id='par_1_32' title="bbox 268 1940 1864 2015">
     <span class='ocr_line' id='line_1_32' title="bbox 268 1940 1864 2015; baseline 0.003 -20"><span class='ocrx_word' id='word_1_236' title='bbox 268 1940 748 2010; x_wconf 85' lang='lat' dir='ltr'><strong>perspicuitatem,</strong></span> <span class='ocrx_word' id='word_1_237' title='bbox 798 1959 1027 2015; x_wconf 91' lang='lat' dir='ltr'><strong>quorum</strong></span> <span class='ocrx_word' id='word_1_238' title='bbox 1074 1944 1128 2000; x_wconf 90' lang='lat' dir='ltr'><strong>in</strong></span> <span class='ocrx_word' id='word_1_239' title='bbox 1177 1944 1532 2001; x_wconf 90' lang='lat' dir='ltr'><strong>concionihus</strong></span> <span class='ocrx_word' id='word_1_240' title='bbox 1577 1944 1864 2000; x_wconf 86' lang='lat' dir='ltr'><strong>artiﬁcium</strong></span> 
     </span>
    </p>
   </div>
   <div class='ocr_carea' id='block_1_33' title="bbox 267 2034 1022 2108">
    <p class='ocr_par' dir='ltr' id='par_1_33' title="bbox 267 2034 1022 2108">
     <span class='ocr_line' id='line_1_33' title="bbox 267 2034 1022 2108; baseline 0.003 -18"><span class='ocrx_word' id='word_1_241' title='bbox 267 2034 464 2105; x_wconf 86' lang='lat' dir='ltr'><strong>vulgus</strong></span> <span class='ocrx_word' id='word_1_242' title='bbox 493 2037 660 2093; x_wconf 91' lang='lat' dir='ltr'><strong>multa</strong></span> <span class='ocrx_word' id='word_1_243' title='bbox 690 2052 798 2094; x_wconf 92' lang='lat' dir='ltr'><strong>non</strong></span> <span class='ocrx_word' id='word_1_244' title='bbox 823 2039 1022 2108; x_wconf 81' lang='lat' dir='ltr'><strong>capiat.</strong></span> 
     </span>
    </p>
   </div>
   <div class='ocr_carea' id='block_1_34' title="bbox 343 2127 1870 2205">
    <p class='ocr_par' dir='ltr' id='par_1_34' title="bbox 343 2127 1870 2205">
     <span class='ocr_line' id='line_1_34' title="bbox 343 2127 1870 2205; baseline 0.007 -24"><span class='ocrx_word' id='word_1_245' title='bbox 343 2127 441 2182; x_wconf 85' lang='lat' dir='ltr'><strong>Est</strong></span> <span class='ocrx_word' id='word_1_246' title='bbox 473 2140 735 2199; x_wconf 67' lang='lat' dir='ltr'><strong>prmterea</strong></span> <span class='ocrx_word' id='word_1_247' title='bbox 777 2132 1046 2202; x_wconf 86' lang='lat' dir='ltr'><strong>quoddam</strong></span> <span class='ocrx_word' id='word_1_248' title='bbox 1079 2149 1186 2190; x_wconf 90' lang='lat' dir='ltr'><strong>non</strong></span> <span class='ocrx_word' id='word_1_249' title='bbox 1236 2133 1306 2188; x_wconf 92' lang='lat' dir='ltr'><strong>ita</strong></span> <span class='ocrx_word' id='word_1_250' title='bbox 1335 2134 1558 2205; x_wconf 88' lang='lat' dir='ltr'><strong>vulgare</strong></span> <span class='ocrx_word' id='word_1_251' title='bbox 1601 2135 1870 2204; x_wconf 89' lang='lat' dir='ltr'><strong>interpre-</strong></span> 
     </span>
    </p>
   </div>
   <div class='ocr_carea' id='block_1_35' title="bbox 270 2221 1870 2295">
    <p class='ocr_par' dir='ltr' id='par_1_35' title="bbox 270 2221 1870 2295">
     <span class='ocr_line' id='line_1_35' title="bbox 270 2221 1870 2295; baseline 0.006 -21"><span class='ocrx_word' id='word_1_252' title='bbox 270 2221 416 2276; x_wconf 89' lang='lat' dir='ltr'><strong>tandi</strong></span> <span class='ocrx_word' id='word_1_253' title='bbox 443 2237 636 2292; x_wconf 90' lang='lat' dir='ltr'><strong>genus,</strong></span> <span class='ocrx_word' id='word_1_254' title='bbox 659 2224 802 2295; x_wconf 92' lang='lat' dir='ltr'><strong>quod</strong></span> <span class='ocrx_word' id='word_1_255' title='bbox 830 2227 1145 2283; x_wconf 77' lang='lat' dir='ltr'><strong>Ambrosius</strong></span> <span class='ocrx_word' id='word_1_256' title='bbox 1177 2228 1228 2283; x_wconf 89' lang='lat' dir='ltr'><strong>in</strong></span> <span class='ocrx_word' id='word_1_257' title='bbox 1259 2227 1453 2284; x_wconf 88' lang='lat' dir='ltr'><strong>eodem</strong></span> <span class='ocrx_word' id='word_1_258' title='bbox 1486 2227 1714 2284; x_wconf 88' lang='lat' dir='ltr'><strong>Philone</strong></span> <span class='ocrx_word' id='word_1_259' title='bbox 1750 2229 1870 2284; x_wconf 86' lang='lat' dir='ltr'><strong>imi-</strong></span> 
     </span>
    </p>
   </div>
   <div class='ocr_carea' id='block_1_36' title="bbox 269 2314 1871 2393">
    <p class='ocr_par' dir='ltr' id='par_1_36' title="bbox 269 2314 1871 2393">
     <span class='ocr_line' id='line_1_36' title="bbox 269 2314 1871 2393; baseline 0.006 -25"><span class='ocrx_word' id='word_1_260' title='bbox 269 2314 493 2371; x_wconf 90' lang='lat' dir='ltr'><strong>tandum</strong></span> <span class='ocrx_word' id='word_1_261' title='bbox 524 2317 628 2373; x_wconf 88' lang='lat' dir='ltr'><strong>sibi</strong></span> <span class='ocrx_word' id='word_1_262' title='bbox 657 2321 965 2390; x_wconf 87' lang='lat' dir='ltr'><strong>proposuit,</strong></span> <span class='ocrx_word' id='word_1_263' title='bbox 1001 2323 1287 2378; x_wconf 85' lang='lat' dir='ltr'><strong>thematica</strong></span> <span class='ocrx_word' id='word_1_264' title='bbox 1309 2323 1519 2378; x_wconf 89' lang='lat' dir='ltr'><strong>scilicet</strong></span> <span class='ocrx_word' id='word_1_265' title='bbox 1547 2323 1871 2393; x_wconf 87' lang='lat' dir='ltr'><strong>interpreta-</strong></span> 
     </span>
    </p>
   </div>
   <div class='ocr_carea' id='block_1_37' title="bbox 269 2407 1867 2471">
    <p class='ocr_par' dir='ltr' id='par_1_37' title="bbox 269 2407 1867 2471">
     <span class='ocr_line' id='line_1_37' title="bbox 269 2407 1867 2471; baseline 0.006 -9"><span class='ocrx_word' id='word_1_266' title='bbox 269 2408 368 2464; x_wconf 81' lang='lat' dir='ltr'><strong>tio.</strong></span> <span class='ocrx_word' id='word_1_267' title='bbox 404 2407 552 2464; x_wconf 87' lang='lat' dir='ltr'><strong>Hanc</strong></span> <span class='ocrx_word' id='word_1_268' title='bbox 577 2420 755 2467; x_wconf 90' lang='lat' dir='ltr'><strong>autem</strong></span> <span class='ocrx_word' id='word_1_269' title='bbox 788 2413 977 2468; x_wconf 88' lang='lat' dir='ltr'><strong>deﬁnit</strong></span> <span class='ocrx_word' id='word_1_270' title='bbox 999 2414 1182 2470; x_wconf 80' lang='lat' dir='ltr'><strong>Sixtus</strong></span> <span class='ocrx_word' id='word_1_271' title='bbox 1205 2415 1335 2470; x_wconf 87' lang='lat' dir='ltr'><strong>Seu.</strong></span> <span class='ocrx_word' id='word_1_272' title='bbox 1366 2417 1416 2470; x_wconf 92' lang='lat' dir='ltr'><strong>in</strong></span> <span class='ocrx_word' id='word_1_273' title='bbox 1471 2417 1613 2471; x_wconf 89' lang='lat' dir='ltr'><strong>hunc</strong></span> <span class='ocrx_word' id='word_1_274' title='bbox 1650 2416 1867 2471; x_wconf 90' lang='lat' dir='ltr'><strong>modum</strong></span> 
     </span>
    </p>
   </div>
   <div class='ocr_carea' id='block_1_38' title="bbox 273 2499 1872 2581">
    <p class='ocr_par' dir='ltr' id='par_1_38' title="bbox 273 2499 1872 2581">
     <span class='ocr_line' id='line_1_38' title="bbox 273 2499 1872 2581; baseline 0.008 -27"><span class='ocrx_word' id='word_1_275' title='bbox 273 2499 429 2572; x_wconf 86' lang='lat' dir='ltr'><strong>(Lib.</strong></span> <span class='ocrx_word' id='word_1_276' title='bbox 488 2519 544 2559; x_wconf 85' lang='lat' dir='ltr'><strong>tu</strong></span> <span class='ocrx_word' id='word_1_277' title='bbox 594 2503 838 2562; x_wconf 86' lang='lat' dir='ltr'><strong>Bibliotlt.</strong></span> <span class='ocrx_word' id='word_1_278' title='bbox 888 2507 1117 2564; x_wconf 71' lang='lat' dir='ltr'><strong>Sanctaz.</strong></span> <span class='ocrx_word' id='word_1_279' title='bbox 1170 2508 1329 2564; x_wconf 81' lang='lat' dir='ltr'><strong>Metlt.</strong></span> <span class='ocrx_word' id='word_1_280' title='bbox 1381 2507 1476 2581; x_wconf 70' lang='lat'><strong>22)</strong></span> <span class='ocrx_word' id='word_1_281' title='bbox 1519 2528 1531 2562; x_wconf 91' lang='lat'><strong>:</strong></span> <span class='ocrx_word' id='word_1_282' title='bbox 1577 2509 1872 2567; x_wconf 86' lang='lat' dir='ltr'><strong>Thematica</strong></span> 
     </span>
    </p>
   </div>
   <div class='ocr_carea' id='block_1_39' title="bbox 271 2596 1871 2675">
    <p class='ocr_par' dir='ltr' id='par_1_39' title="bbox 271 2596 1871 2675">
     <span class='ocr_line' id='line_1_39' title="bbox 271 2596 1871 2675; baseline 0.006 -26"><span class='ocrx_word' id='word_1_283' title='bbox 271 2596 588 2664; x_wconf 72' lang='lat' dir='ltr'><strong>explanandi</strong></span> <span class='ocrx_word' id='word_1_284' title='bbox 619 2598 889 2655; x_wconf 82' lang='lat' dir='ltr'><strong>methodus</strong></span> <span class='ocrx_word' id='word_1_285' title='bbox 937 2611 1031 2672; x_wconf 89' lang='lat' dir='ltr'><strong>est,</strong></span> <span class='ocrx_word' id='word_1_286' title='bbox 1065 2618 1180 2675; x_wconf 66' lang='lat' dir='ltr'><strong>qua</strong></span> <span class='ocrx_word' id='word_1_287' title='bbox 1205 2603 1486 2673; x_wconf 79' lang='lat' dir='ltr'><strong>peculiares</strong></span> <span class='ocrx_word' id='word_1_288' title='bbox 1514 2604 1701 2659; x_wconf 75' lang='lat' dir='ltr'><strong>dicina:</strong></span> <span class='ocrx_word' id='word_1_289' title='bbox 1727 2603 1871 2659; x_wconf 90' lang='lat' dir='ltr'><strong>Scri-</strong></span> 
     </span>
    </p>
   </div>
   <div class='ocr_carea' id='block_1_40' title="bbox 273 2696 1872 2771">
    <p class='ocr_par' dir='ltr' id='par_1_40' title="bbox 273 2696 1872 2771">
     <span class='ocr_line' id='line_1_40' title="bbox 273 2696 1872 2771; baseline 0.009 -32"><span class='ocrx_word' id='word_1_290' title='bbox 273 2696 443 2756; x_wconf 80' lang='lat' dir='ltr'><strong>ptura:</strong></span> <span class='ocrx_word' id='word_1_291' title='bbox 477 2700 649 2757; x_wconf 82' lang='lat' dir='ltr'><strong>partes</strong></span> <span class='ocrx_word' id='word_1_292' title='bbox 677 2707 780 2746; x_wconf 86' lang='lat' dir='ltr'><strong>una</strong></span> <span class='ocrx_word' id='word_1_293' title='bbox 823 2709 939 2747; x_wconf 88' lang='lat' dir='ltr'><strong>cum</strong></span> <span class='ocrx_word' id='word_1_294' title='bbox 975 2711 1152 2749; x_wconf 88' lang='lat' dir='ltr'><strong>earum</strong></span> <span class='ocrx_word' id='word_1_295' title='bbox 1195 2696 1602 2762; x_wconf 77' lang='lat' dir='ltr'><strong>expositionibus</strong></span> <span class='ocrx_word' id='word_1_296' title='bbox 1646 2698 1872 2771; x_wconf 79' lang='lat' dir='ltr'><strong>applicat</strong></span> 
     </span>
    </p>
   </div>
   <div class='ocr_carea' id='block_1_41' title="bbox 273 2779 1872 2860">
    <p class='ocr_par' dir='ltr' id='par_1_41' title="bbox 273 2779 1872 2860">
     <span class='ocr_line' id='line_1_41' title="bbox 273 2779 1872 2860; baseline 0.009 -28"><span class='ocrx_word' id='word_1_297' title='bbox 273 2779 344 2833; x_wconf 88' lang='lat' dir='ltr'><strong>ad</strong></span> <span class='ocrx_word' id='word_1_298' title='bbox 353 2780 595 2854; x_wconf 78' lang='lat' dir='ltr'><strong>alicujus</strong></span> <span class='ocrx_word' id='word_1_299' title='bbox 626 2785 958 2852; x_wconf 84' lang='lat' dir='ltr'><strong>particularis</strong></span> <span class='ocrx_word' id='word_1_300' title='bbox 985 2788 1274 2860; x_wconf 83' lang='lat' dir='ltr'><strong>argumenti</strong></span> <span class='ocrx_word' id='word_1_301' title='bbox 1305 2789 1680 2854; x_wconf 82' lang='lat' dir='ltr'><strong>tractationem,</strong></span> <span class='ocrx_word' id='word_1_302' title='bbox 1705 2800 1872 2846; x_wconf 80' lang='lat' dir='ltr'><strong>osten-</strong></span> 
     </span>
    </p>
   </div>
   <div class='ocr_carea' id='block_1_42' title="bbox 276 2869 1875 2952">
    <p class='ocr_par' dir='ltr' id='par_1_42' title="bbox 276 2869 1875 2952">
     <span class='ocr_line' id='line_1_42' title="bbox 276 2869 1875 2952; baseline 0.008 -30"><span class='ocrx_word' id='word_1_303' title='bbox 276 2869 403 2924; x_wconf 85' lang='lat' dir='ltr'><strong>dens</strong></span> <span class='ocrx_word' id='word_1_304' title='bbox 432 2881 594 2927; x_wconf 89' lang='lat' dir='ltr'><strong>totum</strong></span> <span class='ocrx_word' id='word_1_305' title='bbox 621 2878 847 2945; x_wconf 85' lang='lat' dir='ltr'><strong>suscepti</strong></span> <span class='ocrx_word' id='word_1_306' title='bbox 884 2881 1174 2950; x_wconf 83' lang='lat' dir='ltr'><strong>argumenti</strong></span> <span class='ocrx_word' id='word_1_307' title='bbox 1213 2896 1418 2950; x_wconf 85' lang='lat' dir='ltr'><strong>corpus,</strong></span> <span class='ocrx_word' id='word_1_308' title='bbox 1466 2881 1712 2943; x_wconf 87' lang='lat' dir='ltr'><strong>membra,</strong></span> <span class='ocrx_word' id='word_1_309' title='bbox 1752 2899 1875 2952; x_wconf 89' lang='lat' dir='ltr'><strong>par-</strong></span> 
     </span>
    </p>
   </div>
   <div class='ocr_carea' id='block_1_43' title="bbox 277 2966 1874 3044">
    <p class='ocr_par' dir='ltr' id='par_1_43' title="bbox 277 2966 1874 3044">
     <span class='ocr_line' id='line_1_43' title="bbox 277 2966 1874 3044; baseline 0.01 -30"><span class='ocrx_word' id='word_1_310' title='bbox 277 2971 451 3028; x_wconf 80' lang='lat' dir='ltr'><strong>tesque</strong></span> <span class='ocrx_word' id='word_1_311' title='bbox 492 2966 725 3035; x_wconf 86' lang='lat' dir='ltr'><strong>singulas</strong></span> <span class='ocrx_word' id='word_1_312' title='bbox 769 2969 822 3022; x_wconf 89' lang='lat' dir='ltr'><strong>in</strong></span> <span class='ocrx_word' id='word_1_313' title='bbox 863 2973 1140 3042; x_wconf 84' lang='lat' dir='ltr'><strong>prapositis</strong></span> <span class='ocrx_word' id='word_1_314' title='bbox 1185 2972 1469 3044; x_wconf 71' lang='lat' dir='ltr'><strong>Scriptura:</strong></span> <span class='ocrx_word' id='word_1_315' title='bbox 1515 2984 1706 3029; x_wconf 73' lang='lat' dir='ltr'><strong>sanctae</strong></span> <span class='ocrx_word' id='word_1_316' title='bbox 1749 2974 1874 3030; x_wconf 88' lang='lat' dir='ltr'><strong>locis</strong></span> 
     </span>
    </p>
   </div>
   <div class='ocr_carea' id='block_1_44' title="bbox 276 3055 1876 3131">
    <p class='ocr_par' dir='ltr' id='par_1_44' title="bbox 276 3055 1876 3131">
     <span class='ocr_line' id='line_1_44' title="bbox 276 3055 1876 3131; baseline 0.009 -23"><span class='ocrx_word' id='word_1_317' title='bbox 276 3055 435 3109; x_wconf 83' lang='lat' dir='ltr'><strong>veluti</strong></span> <span class='ocrx_word' id='word_1_318' title='bbox 480 3057 532 3110; x_wconf 90' lang='lat' dir='ltr'><strong>in</strong></span> <span class='ocrx_word' id='word_1_319' title='bbox 555 3057 742 3112; x_wconf 86' lang='lat' dir='ltr'><strong>tabella</strong></span> <span class='ocrx_word' id='word_1_320' title='bbox 781 3061 1009 3130; x_wconf 84' lang='lat' dir='ltr'><strong>depictas</strong></span> <span class='ocrx_word' id='word_1_321' title='bbox 1038 3065 1272 3118; x_wconf 84' lang='lat' dir='ltr'><strong>inveniri.</strong></span> <span class='ocrx_word' id='word_1_322' title='bbox 1309 3066 1479 3131; x_wconf 86' lang='lat' dir='ltr'><strong>Quam</strong></span> <span class='ocrx_word' id='word_1_323' title='bbox 1499 3065 1876 3122; x_wconf 87' lang='lat' dir='ltr'><strong>deﬁnitionem</strong></span> 
     </span>
    </p>
   </div>
   <div class='ocr_carea' id='block_1_45' title="bbox 273 3148 1874 3229">
    <p class='ocr_par' dir='ltr' id='par_1_45' title="bbox 273 3148 1874 3229">
     <span class='ocr_line' id='line_1_45' title="bbox 273 3148 1874 3229; baseline 0.008 -29"><span class='ocrx_word' id='word_1_324' title='bbox 273 3155 436 3218; x_wconf 89' lang='lat' dir='ltr'><strong>captu</strong></span> <span class='ocrx_word' id='word_1_325' title='bbox 462 3148 739 3206; x_wconf 90' lang='lat' dir='ltr'><strong>difﬁcilem</strong></span> <span class='ocrx_word' id='word_1_326' title='bbox 783 3154 1198 3224; x_wconf 88' lang='lat' dir='ltr'><strong>noujudicabit,</strong></span> <span class='ocrx_word' id='word_1_327' title='bbox 1231 3156 1322 3229; x_wconf 87' lang='lat' dir='ltr'><strong>qui</strong></span> <span class='ocrx_word' id='word_1_328' title='bbox 1345 3156 1575 3213; x_wconf 88' lang='lat' dir='ltr'><strong>voluerit</strong></span> <span class='ocrx_word' id='word_1_329' title='bbox 1623 3158 1874 3213; x_wconf 56' lang='lat' dir='ltr'><strong>conside.</strong></span> 
     </span>
    </p>
   </div>
   <div class='ocr_carea' id='block_1_46' title="bbox 1971 1905 3570 2001">
    <p class='ocr_par' dir='ltr' id='par_1_46' title="bbox 1971 1905 3570 2001">
     <span class='ocr_line' id='line_1_46' title="bbox 1971 1905 3570 2001; baseline -0.017 -16"><span class='ocrx_word' id='word_1_330' title='bbox 1971 1930 2248 2001; x_wconf 84' lang='lat' dir='ltr'><strong>probaret,</strong></span> <span class='ocrx_word' id='word_1_331' title='bbox 2291 1939 2448 1980; x_wconf 90' lang='lat' dir='ltr'><strong>suum</strong></span> <span class='ocrx_word' id='word_1_332' title='bbox 2478 1930 2656 1977; x_wconf 87' lang='lat' dir='ltr'><strong>tamen</strong></span> <span class='ocrx_word' id='word_1_333' title='bbox 2702 1916 2965 1988; x_wconf 86' lang='lat' dir='ltr'><strong>judicium</strong></span> <span class='ocrx_word' id='word_1_334' title='bbox 3021 1920 3246 1984; x_wconf 88' lang='lat' dir='ltr'><strong>propter</strong></span> <span class='ocrx_word' id='word_1_335' title='bbox 3301 1905 3570 1978; x_wconf 87' lang='lat' dir='ltr'><strong>insignem</strong></span> 
     </span>
    </p>
   </div>
   <div class='ocr_carea' id='block_1_47' title="bbox 1971 2006 3137 2086">
    <p class='ocr_par' dir='ltr' id='par_1_47' title="bbox 1971 2006 3137 2086">
     <span class='ocr_line' id='line_1_47' title="bbox 1971 2006 3137 2086; baseline -0.015 -10"><span class='ocrx_word' id='word_1_336' title='bbox 1971 2021 2067 2076; x_wconf 90' lang='lat' dir='ltr'><strong>viri</strong></span> <span class='ocrx_word' id='word_1_337' title='bbox 2099 2018 2479 2074; x_wconf 90' lang='lat' dir='ltr'><strong>auctoritatem</strong></span> <span class='ocrx_word' id='word_1_338' title='bbox 2514 2013 2758 2086; x_wconf 82' lang='lat' dir='ltr'><strong>proferre</strong></span> <span class='ocrx_word' id='word_1_339' title='bbox 2779 2006 3137 2064; x_wconf 87' lang='lat' dir='ltr'><strong>subveritum.</strong></span> 
     </span>
    </p>
   </div>
   <div class='ocr_carea' id='block_1_48' title="bbox 2045 2095 3568 2180">
    <p class='ocr_par' dir='ltr' id='par_1_48' title="bbox 2045 2095 3568 2180">
     <span class='ocr_line' id='line_1_48' title="bbox 2045 2095 3568 2180; baseline -0.014 -11"><span class='ocrx_word' id='word_1_340' title='bbox 2045 2115 2263 2170; x_wconf 84' lang='lat' dir='ltr'><strong>Minime</strong></span> <span class='ocrx_word' id='word_1_341' title='bbox 2295 2122 2470 2166; x_wconf 90' lang='lat' dir='ltr'><strong>tamen</strong></span> <span class='ocrx_word' id='word_1_342' title='bbox 2497 2116 2752 2180; x_wconf 87' lang='lat' dir='ltr'><strong>putamus</strong></span> <span class='ocrx_word' id='word_1_343' title='bbox 2800 2104 3012 2158; x_wconf 88' lang='lat' dir='ltr'><strong>unicam</strong></span> <span class='ocrx_word' id='word_1_344' title='bbox 3049 2099 3167 2170; x_wconf 87' lang='lat' dir='ltr'><strong>ejus</strong></span> <span class='ocrx_word' id='word_1_345' title='bbox 3212 2095 3293 2152; x_wconf 91' lang='lat' dir='ltr'><strong>rei</strong></span> <span class='ocrx_word' id='word_1_346' title='bbox 3343 2107 3568 2150; x_wconf 89' lang='lat' dir='ltr'><strong>causam</strong></span> 
     </span>
    </p>
   </div>
   <div class='ocr_carea' id='block_1_49' title="bbox 1973 2185 3571 2275">
    <p class='ocr_par' dir='ltr' id='par_1_49' title="bbox 1973 2185 3571 2275">
     <span class='ocr_line' id='line_1_49' title="bbox 1973 2185 3571 2275; baseline -0.014 -13"><span class='ocrx_word' id='word_1_347' title='bbox 1973 2207 2138 2262; x_wconf 89' lang='lat' dir='ltr'><strong>fuisse</strong></span> <span class='ocrx_word' id='word_1_348' title='bbox 2169 2203 2337 2275; x_wconf 63' lang='lat' dir='ltr'><strong>ipsius</strong></span> <span class='ocrx_word' id='word_1_349' title='bbox 2361 2210 2549 2258; x_wconf 90' lang='lat' dir='ltr'><strong>contra</strong></span> <span class='ocrx_word' id='word_1_350' title='bbox 2571 2197 2925 2270; x_wconf 85' lang='lat' dir='ltr'><strong>Origeuianos</strong></span> <span class='ocrx_word' id='word_1_351' title='bbox 2951 2191 3338 2256; x_wconf 77' lang='lat' dir='ltr'><strong>offensionem;</strong></span> <span class='ocrx_word' id='word_1_352' title='bbox 3371 2185 3571 2243; x_wconf 89' lang='lat' dir='ltr'><strong>ibidem</strong></span> 
     </span>
    </p>
   </div>
   <div class='ocr_carea' id='block_1_50' title="bbox 1971 2285 3570 2365">
    <p class='ocr_par' dir='ltr' id='par_1_50' title="bbox 1971 2285 3570 2365">
     <span class='ocr_line' id='line_1_50' title="bbox 1971 2285 3570 2365; baseline -0.014 -8"><span class='ocrx_word' id='word_1_353' title='bbox 1971 2301 2114 2358; x_wconf 87' lang='lat' dir='ltr'><strong>enim</strong></span> <span class='ocrx_word' id='word_1_354' title='bbox 2146 2299 2284 2356; x_wconf 92' lang='lat' dir='ltr'><strong>alios</strong></span> <span class='ocrx_word' id='word_1_355' title='bbox 2325 2298 2414 2354; x_wconf 90' lang='lat' dir='ltr'><strong>ille</strong></span> <span class='ocrx_word' id='word_1_356' title='bbox 2453 2295 2594 2351; x_wconf 91' lang='lat' dir='ltr'><strong>haud</strong></span> <span class='ocrx_word' id='word_1_357' title='bbox 2644 2293 2802 2365; x_wconf 88' lang='lat' dir='ltr'><strong>paulo</strong></span> <span class='ocrx_word' id='word_1_358' title='bbox 2847 2285 3293 2346; x_wconf 87' lang='lat' dir='ltr'><strong>honoriﬁcentius</strong></span> <span class='ocrx_word' id='word_1_359' title='bbox 3338 2289 3570 2347; x_wconf 88' lang='lat' dir='ltr'><strong>tractat;</strong></span> 
     </span>
    </p>
   </div>
   <div class='ocr_carea' id='block_1_51' title="bbox 1971 2375 3572 2468">
    <p class='ocr_par' dir='ltr' id='par_1_51' title="bbox 1971 2375 3572 2468">
     <span class='ocr_line' id='line_1_51' title="bbox 1971 2375 3572 2468; baseline -0.011 -20"><span class='ocrx_word' id='word_1_360' title='bbox 1971 2411 2108 2468; x_wconf 89' lang='lat' dir='ltr'><strong>quos</strong></span> <span class='ocrx_word' id='word_1_361' title='bbox 2136 2393 2304 2466; x_wconf 89' lang='lat' dir='ltr'><strong>probe</strong></span> <span class='ocrx_word' id='word_1_362' title='bbox 2326 2402 2484 2447; x_wconf 90' lang='lat' dir='ltr'><strong>norat</strong></span> <span class='ocrx_word' id='word_1_363' title='bbox 2514 2405 2619 2446; x_wconf 92' lang='lat' dir='ltr'><strong>non</strong></span> <span class='ocrx_word' id='word_1_364' title='bbox 2648 2388 2826 2443; x_wconf 87' lang='lat' dir='ltr'><strong>minus</strong></span> <span class='ocrx_word' id='word_1_365' title='bbox 2856 2400 3015 2457; x_wconf 90' lang='lat' dir='ltr'><strong>quam</strong></span> <span class='ocrx_word' id='word_1_366' title='bbox 3045 2380 3413 2444; x_wconf 88' lang='lat' dir='ltr'><strong>Ambrosium,</strong></span> <span class='ocrx_word' id='word_1_367' title='bbox 3446 2375 3572 2432; x_wconf 87' lang='lat' dir='ltr'><strong>Ori-</strong></span> 
     </span>
    </p>
   </div>
   <div class='ocr_carea' id='block_1_52' title="bbox 1971 2468 3575 2561">
    <p class='ocr_par' dir='ltr' id='par_1_52' title="bbox 1971 2468 3575 2561">
     <span class='ocr_line' id='line_1_52' title="bbox 1971 2468 3575 2561; baseline -0.013 -17"><span class='ocrx_word' id='word_1_368' title='bbox 1971 2489 2126 2561; x_wconf 89' lang='lat' dir='ltr'><strong>geuis</strong></span> <span class='ocrx_word' id='word_1_369' title='bbox 2148 2485 2434 2541; x_wconf 88' lang='lat' dir='ltr'><strong>imitationi</strong></span> <span class='ocrx_word' id='word_1_370' title='bbox 2466 2482 2714 2538; x_wconf 88' lang='lat' dir='ltr'><strong>addictos</strong></span> <span class='ocrx_word' id='word_1_371' title='bbox 2743 2493 2862 2535; x_wconf 88' lang='lat' dir='ltr'><strong>esse</strong></span> <span class='ocrx_word' id='word_1_372' title='bbox 2896 2497 2909 2532; x_wconf 90' lang='lat'><strong>:</strong></span> <span class='ocrx_word' id='word_1_373' title='bbox 2941 2477 3108 2532; x_wconf 91' lang='lat' dir='ltr'><strong>immo</strong></span> <span class='ocrx_word' id='word_1_374' title='bbox 3129 2487 3260 2530; x_wconf 88' lang='lat' dir='ltr'><strong>vero</strong></span> <span class='ocrx_word' id='word_1_375' title='bbox 3299 2472 3414 2541; x_wconf 88' lang='lat' dir='ltr'><strong>ipse</strong></span> <span class='ocrx_word' id='word_1_376' title='bbox 3437 2468 3575 2524; x_wconf 92' lang='lat' dir='ltr'><strong>Doc-</strong></span> 
     </span>
    </p>
   </div>
   <div class='ocr_carea' id='block_1_53' title="bbox 1977 2565 3575 2646">
    <p class='ocr_par' dir='ltr' id='par_1_53' title="bbox 1977 2565 3575 2646">
     <span class='ocr_line' id='line_1_53' title="bbox 1977 2565 3575 2646; baseline -0.012 -8"><span class='ocrx_word' id='word_1_377' title='bbox 1977 2595 2146 2638; x_wconf 87' lang='lat' dir='ltr'><strong>torem</strong></span> <span class='ocrx_word' id='word_1_378' title='bbox 2178 2589 2425 2637; x_wconf 89' lang='lat' dir='ltr'><strong>nostrum</strong></span> <span class='ocrx_word' id='word_1_379' title='bbox 2474 2587 2526 2633; x_wconf 89' lang='lat' dir='ltr'><strong>ct</strong></span> <span class='ocrx_word' id='word_1_380' title='bbox 2582 2577 2636 2632; x_wconf 92' lang='lat' dir='ltr'><strong>in</strong></span> <span class='ocrx_word' id='word_1_381' title='bbox 2691 2573 3063 2646; x_wconf 89' lang='lat' dir='ltr'><strong>superioribus</strong></span> <span class='ocrx_word' id='word_1_382' title='bbox 3093 2569 3208 2624; x_wconf 90' lang='lat' dir='ltr'><strong>suis</strong></span> <span class='ocrx_word' id='word_1_383' title='bbox 3247 2565 3400 2646; x_wconf 89' lang='lat' dir='ltr'><strong>libris</strong></span> <span class='ocrx_word' id='word_1_384' title='bbox 3448 2572 3575 2620; x_wconf 87' lang='lat' dir='ltr'><strong>ante</strong></span> 
     </span>
    </p>
   </div>
   <div class='ocr_carea' id='block_1_54' title="bbox 1974 2645 3576 2745">
    <p class='ocr_par' dir='ltr' id='par_1_54' title="bbox 1974 2645 3576 2745">
     <span class='ocr_line' id='line_1_54' title="bbox 1974 2645 3576 2745; baseline -0.014 -10"><span class='ocrx_word' id='word_1_385' title='bbox 1974 2679 2304 2743; x_wconf 78' lang='lat' dir='ltr'><strong>laudaverat,</strong></span> <span class='ocrx_word' id='word_1_386' title='bbox 2337 2686 2390 2731; x_wconf 92' lang='lat' dir='ltr'><strong>et</strong></span> <span class='ocrx_word' id='word_1_387' title='bbox 2416 2685 2600 2745; x_wconf 89' lang='lat' dir='ltr'><strong>postea</strong></span> <span class='ocrx_word' id='word_1_388' title='bbox 2631 2685 2843 2743; x_wconf 86' lang='lat' dir='ltr'><strong>quoque</strong></span> <span class='ocrx_word' id='word_1_389' title='bbox 2873 2670 2925 2723; x_wconf 93' lang='lat' dir='ltr'><strong>in</strong></span> <span class='ocrx_word' id='word_1_390' title='bbox 2951 2666 3163 2738; x_wconf 90' lang='lat' dir='ltr'><strong>propria</strong></span> <span class='ocrx_word' id='word_1_391' title='bbox 3195 2645 3383 2719; x_wconf 85' lang='lat' dir='ltr'><strong>contra</strong></span> <span class='ocrx_word' id='word_1_392' title='bbox 3426 2657 3576 2714; x_wconf 87' lang='lat' dir='ltr'><strong>Ruﬁ-</strong></span> 
     </span>
    </p>
   </div>
   <div class='ocr_carea' id='block_1_55' title="bbox 1976 2755 3573 2842">
    <p class='ocr_par' dir='ltr' id='par_1_55' title="bbox 1976 2755 3573 2842">
     <span class='ocr_line' id='line_1_55' title="bbox 1976 2755 3573 2842; baseline -0.013 -14"><span class='ocrx_word' id='word_1_393' title='bbox 1976 2788 2103 2828; x_wconf 90' lang='lat' dir='ltr'><strong>num</strong></span> <span class='ocrx_word' id='word_1_394' title='bbox 2129 2769 2394 2842; x_wconf 83' lang='lat' dir='ltr'><strong>Apologia</strong></span> <span class='ocrx_word' id='word_1_395' title='bbox 2420 2783 2526 2822; x_wconf 90' lang='lat' dir='ltr'><strong>non</strong></span> <span class='ocrx_word' id='word_1_396' title='bbox 2552 2765 2720 2821; x_wconf 89' lang='lat' dir='ltr'><strong>semel</strong></span> <span class='ocrx_word' id='word_1_397' title='bbox 2749 2762 2931 2818; x_wconf 82' lang='lat' dir='ltr'><strong>laudat</strong></span> <span class='ocrx_word' id='word_1_398' title='bbox 2955 2778 2968 2814; x_wconf 89' lang='lat'>:</span> <span class='ocrx_word' id='word_1_399' title='bbox 3000 2775 3106 2831; x_wconf 90' lang='lat' dir='ltr'><strong>quo</strong></span> <span class='ocrx_word' id='word_1_400' title='bbox 3135 2758 3294 2814; x_wconf 90' lang='lat' dir='ltr'><strong>etiam</strong></span> <span class='ocrx_word' id='word_1_401' title='bbox 3325 2755 3444 2810; x_wconf 92' lang='lat' dir='ltr'><strong>loco</strong></span> <span class='ocrx_word' id='word_1_402' title='bbox 3466 2767 3573 2808; x_wconf 93' lang='lat' dir='ltr'><strong>non</strong></span> 
     </span>
    </p>
   </div>
   <div class='ocr_carea' id='block_1_56' title="bbox 1973 2848 3574 2933">
    <p class='ocr_par' dir='ltr' id='par_1_56' title="bbox 1973 2848 3574 2933">
     <span class='ocr_line' id='line_1_56' title="bbox 1973 2848 3574 2933; baseline -0.014 -9"><span class='ocrx_word' id='word_1_403' title='bbox 1973 2867 2202 2933; x_wconf 84' lang='lat' dir='ltr'><strong>dubitat,</strong></span> <span class='ocrx_word' id='word_1_404' title='bbox 2247 2879 2446 2919; x_wconf 88' lang='lat' dir='ltr'><strong>nomen</strong></span> <span class='ocrx_word' id='word_1_405' title='bbox 2489 2877 2644 2916; x_wconf 90' lang='lat' dir='ltr'><strong>suum</strong></span> <span class='ocrx_word' id='word_1_406' title='bbox 2692 2858 2832 2913; x_wconf 89' lang='lat' dir='ltr'><strong>inter</strong></span> <span class='ocrx_word' id='word_1_407' title='bbox 2874 2854 3228 2925; x_wconf 86' lang='lat' dir='ltr'><strong>Origeuianos</strong></span> <span class='ocrx_word' id='word_1_408' title='bbox 3276 2848 3574 2905; x_wconf 87' lang='lat' dir='ltr'><strong>imitatores</strong></span> 
     </span>
    </p>
   </div>
   <div class='ocr_carea' id='block_1_57' title="bbox 1976 2940 3575 3038">
    <p class='ocr_par' dir='ltr' id='par_1_57' title="bbox 1976 2940 3575 3038">
     <span class='ocr_line' id='line_1_57' title="bbox 1976 2940 3575 3038; baseline -0.013 -22"><span class='ocrx_word' id='word_1_409' title='bbox 1976 2959 2244 3032; x_wconf 89' lang='lat' dir='ltr'><strong>proﬁteri.</strong></span> <span class='ocrx_word' id='word_1_410' title='bbox 2275 2957 2394 3026; x_wconf 83' lang='lat' dir='ltr'><strong>Quo</strong></span> <span class='ocrx_word' id='word_1_411' title='bbox 2425 2956 2571 3011; x_wconf 90' lang='lat' dir='ltr'><strong>circa</strong></span> <span class='ocrx_word' id='word_1_412' title='bbox 2606 2952 2654 3008; x_wconf 92' lang='lat' dir='ltr'><strong>si</strong></span> <span class='ocrx_word' id='word_1_413' title='bbox 2684 2967 2810 3007; x_wconf 90' lang='lat' dir='ltr'><strong>vera</strong></span> <span class='ocrx_word' id='word_1_414' title='bbox 2843 2961 2921 3038; x_wconf 75' lang='lat' dir='ltr'><strong>est</strong></span> <span class='ocrx_word' id='word_1_415' title='bbox 2947 2946 3123 3004; x_wconf 87' lang='lat' dir='ltr'><strong>Ruﬁni</strong></span> <span class='ocrx_word' id='word_1_416' title='bbox 3147 2941 3402 3015; x_wconf 87' lang='lat' dir='ltr'><strong>objectio,</strong></span> <span class='ocrx_word' id='word_1_417' title='bbox 3435 2940 3575 2996; x_wconf 86' lang='lat' dir='ltr'><strong>forte</strong></span> 
     </span>
    </p>
   </div>
   <div class='ocr_carea' id='block_1_58' title="bbox 1977 3031 3576 3116">
    <p class='ocr_par' dir='ltr' id='par_1_58' title="bbox 1977 3031 3576 3116">
     <span class='ocr_line' id='line_1_58' title="bbox 1977 3031 3576 3116; baseline -0.014 -8"><span class='ocrx_word' id='word_1_418' title='bbox 1977 3051 2304 3110; x_wconf 90' lang='lat' dir='ltr'><strong>sententiam</strong></span> <span class='ocrx_word' id='word_1_419' title='bbox 2335 3064 2485 3105; x_wconf 90' lang='lat' dir='ltr'><strong>suam</strong></span> <span class='ocrx_word' id='word_1_420' title='bbox 2517 3047 2640 3103; x_wconf 90' lang='lat' dir='ltr'><strong>ideo</strong></span> <span class='ocrx_word' id='word_1_421' title='bbox 2668 3031 2911 3116; x_wconf 73' lang='lat' dir='ltr'><strong>proferre</strong></span> <span class='ocrx_word' id='word_1_422' title='bbox 2942 3039 3195 3104; x_wconf 89' lang='lat' dir='ltr'><strong>noluerit,</strong></span> <span class='ocrx_word' id='word_1_423' title='bbox 3222 3052 3288 3092; x_wconf 94' lang='lat' dir='ltr'><strong>ne</strong></span> <span class='ocrx_word' id='word_1_424' title='bbox 3309 3035 3353 3090; x_wconf 91' lang='lat' dir='ltr'><strong>si</strong></span> <span class='ocrx_word' id='word_1_425' title='bbox 3395 3033 3463 3090; x_wconf 90' lang='lat' dir='ltr'><strong>de</strong></span> <span class='ocrx_word' id='word_1_426' title='bbox 3508 3031 3576 3087; x_wconf 88' lang='lat' dir='ltr'><strong>li-</strong></span> 
     </span>
    </p>
   </div>
   <div class='ocr_carea' id='block_1_59' title="bbox 1980 3127 3574 3213">
    <p class='ocr_par' dir='ltr' id='par_1_59' title="bbox 1980 3127 3574 3213">
     <span class='ocr_line' id='line_1_59' title="bbox 1980 3127 3574 3213; baseline -0.014 -12"><span class='ocrx_word' id='word_1_427' title='bbox 1980 3147 2092 3202; x_wconf 89' lang='lat' dir='ltr'><strong>bris</strong></span> <span class='ocrx_word' id='word_1_428' title='bbox 2112 3161 2141 3199; x_wconf 88' lang='lat' dir='ltr'><strong>a</strong></span> <span class='ocrx_word' id='word_1_429' title='bbox 2164 3158 2222 3198; x_wconf 92' lang='lat' dir='ltr'><strong>se</strong></span> <span class='ocrx_word' id='word_1_430' title='bbox 2250 3143 2420 3213; x_wconf 90' lang='lat' dir='ltr'><strong>prius,</strong></span> <span class='ocrx_word' id='word_1_431' title='bbox 2465 3141 2729 3195; x_wconf 88' lang='lat' dir='ltr'><strong>incertum</strong></span> <span class='ocrx_word' id='word_1_432' title='bbox 2760 3152 2860 3206; x_wconf 83' lang='lat' dir='ltr'><strong>qua</strong></span> <span class='ocrx_word' id='word_1_433' title='bbox 2891 3148 3078 3197; x_wconf 88' lang='lat' dir='ltr'><strong>causa,</strong></span> <span class='ocrx_word' id='word_1_434' title='bbox 3107 3127 3421 3200; x_wconf 82' lang='lat' dir='ltr'><strong>vituperatis</strong></span> <span class='ocrx_word' id='word_1_435' title='bbox 3449 3139 3574 3180; x_wconf 90' lang='lat' dir='ltr'><strong>cum</strong></span> 
     </span>
    </p>
   </div>
   <div class='ocr_carea' id='block_1_60' title="bbox 273 3223 3573 3321">
    <p class='ocr_par' dir='ltr' id='par_1_60' title="bbox 273 3223 3573 3321">
     <span class='ocr_line' id='line_1_60' title="bbox 273 3223 3573 3321; baseline -0.012 -7"><span class='ocrx_word' id='word_1_436' title='bbox 273 3254 396 3295; x_wconf 60' lang='grc' dir='ltr'><strong>’Ὅτε</strong></span> <span class='ocrx_word' id='word_1_437' title='bbox 435 3243 892 3312; x_wconf 68' lang='lat' dir='ltr'><strong>quemadmodum</strong></span> <span class='ocrx_word' id='word_1_438' title='bbox 941 3265 1061 3319; x_wconf 72' lang='lat' dir='ltr'><strong>qua:</strong></span> <span class='ocrx_word' id='word_1_439' title='bbox 1099 3249 1168 3306; x_wconf 90' lang='lat' dir='ltr'><strong>de</strong></span> <span class='ocrx_word' id='word_1_440' title='bbox 1215 3252 1534 3321; x_wconf 87' lang='lat' dir='ltr'><strong>patriarchis</strong></span> <span class='ocrx_word' id='word_1_441' title='bbox 1577 3251 1867 3321; x_wconf 62' lang='lat' dir='ltr'><strong>Abraham,</strong></span> <span class='ocrx_word' id='word_1_442' title='bbox 1901 3229 2142 3296; x_wconf 88' lang='lat' dir='ltr'><strong>Claude</strong></span> <span class='ocrx_word' id='word_1_443' title='bbox 2201 3237 2534 3306; x_wconf 85' lang='lat' dir='ltr'><strong>loqueretur,</strong></span> <span class='ocrx_word' id='word_1_444' title='bbox 2585 3237 2904 3302; x_wconf 87' lang='lat' dir='ltr'><strong>argueretur</strong></span> <span class='ocrx_word' id='word_1_445' title='bbox 2949 3225 3211 3287; x_wconf 72' lang='lat' dir='ltr'><strong>levitatis;</strong></span> <span class='ocrx_word' id='word_1_446' title='bbox 3256 3223 3338 3276; x_wconf 89' lang='lat' dir='ltr'><strong>sin</strong></span> <span class='ocrx_word' id='word_1_447' title='bbox 3391 3228 3573 3274; x_wconf 87' lang='lat' dir='ltr'><strong>autem</strong></span> 
     </span>
    </p>
   </div>
   <div class='ocr_carea' id='block_1_61' title="bbox 272 3331 1872 3410">
    <p class='ocr_par' dir='ltr' id='par_1_61' title="bbox 272 3331 1872 3410">
     <span class='ocr_line' id='line_1_61' title="bbox 272 3331 1872 3410; baseline 0.011 -23"><span class='ocrx_word' id='word_1_448' title='bbox 272 3331 445 3407; x_wconf 86' lang='lat' dir='ltr'><strong>lsaac,</strong></span> <span class='ocrx_word' id='word_1_449' title='bbox 471 3343 525 3390; x_wconf 91' lang='lat' dir='ltr'><strong>et</strong></span> <span class='ocrx_word' id='word_1_450' title='bbox 565 3333 734 3392; x_wconf 88' lang='lat' dir='ltr'><strong>Jacob</strong></span> <span class='ocrx_word' id='word_1_451' title='bbox 760 3351 944 3394; x_wconf 89' lang='lat' dir='ltr'><strong>narrat</strong></span> <span class='ocrx_word' id='word_1_452' title='bbox 973 3341 1275 3410; x_wconf 86' lang='lat' dir='ltr'><strong>Scriptura,</strong></span> <span class='ocrx_word' id='word_1_453' title='bbox 1311 3359 1378 3398; x_wconf 90' lang='lat' dir='ltr'><strong>eo</strong></span> <span class='ocrx_word' id='word_1_454' title='bbox 1405 3345 1607 3401; x_wconf 86' lang='lat' dir='ltr'><strong>Doctor</strong></span> <span class='ocrx_word' id='word_1_455' title='bbox 1651 3356 1872 3404; x_wconf 90' lang='lat' dir='ltr'><strong>sanctus</strong></span> 
     </span>
    </p>
   </div>
   <div class='ocr_carea' id='block_1_62' title="bbox 273 3430 1871 3507">
    <p class='ocr_par' dir='ltr' id='par_1_62' title="bbox 273 3430 1871 3507">
     <span class='ocr_line' id='line_1_62' title="bbox 273 3430 1871 3507; baseline 0.008 -21"><span class='ocrx_word' id='word_1_456' title='bbox 273 3430 494 3496; x_wconf 83' lang='lat' dir='ltr'><strong>referat,</strong></span> <span class='ocrx_word' id='word_1_457' title='bbox 528 3443 588 3487; x_wconf 89' lang='lat' dir='ltr'><strong>ut</strong></span> <span class='ocrx_word' id='word_1_458' title='bbox 634 3435 687 3490; x_wconf 92' lang='lat' dir='ltr'><strong>in</strong></span> <span class='ocrx_word' id='word_1_459' title='bbox 720 3437 896 3507; x_wconf 92' lang='lat' dir='ltr'><strong>primo</strong></span> <span class='ocrx_word' id='word_1_460' title='bbox 923 3437 1160 3493; x_wconf 87' lang='lat' dir='ltr'><strong>debitam</strong></span> <span class='ocrx_word' id='word_1_461' title='bbox 1217 3441 1488 3496; x_wconf 89' lang='lat' dir='ltr'><strong>mandatis</strong></span> <span class='ocrx_word' id='word_1_462' title='bbox 1515 3441 1714 3498; x_wconf 84' lang='lat' dir='ltr'><strong>divinis</strong></span> <span class='ocrx_word' id='word_1_463' title='bbox 1741 3443 1871 3499; x_wconf 85' lang='lat' dir='ltr'><strong>obe-</strong></span> 
     </span>
    </p>
   </div>
   <div class='ocr_carea' id='block_1_63' title="bbox 271 3524 1872 3603">
    <p class='ocr_par' dir='ltr' id='par_1_63' title="bbox 271 3524 1872 3603">
     <span class='ocr_line' id='line_1_63' title="bbox 271 3524 1872 3603; baseline 0.007 -23"><span class='ocrx_word' id='word_1_464' title='bbox 271 3524 554 3593; x_wconf 90' lang='lat' dir='ltr'><strong>dientiam,</strong></span> <span class='ocrx_word' id='word_1_465' title='bbox 585 3527 636 3582; x_wconf 93' lang='lat' dir='ltr'><strong>in</strong></span> <span class='ocrx_word' id='word_1_466' title='bbox 663 3529 837 3584; x_wconf 90' lang='lat' dir='ltr'><strong>altero</strong></span> <span class='ocrx_word' id='word_1_467' title='bbox 884 3531 1148 3587; x_wconf 88' lang='lat' dir='ltr'><strong>sinceram</strong></span> <span class='ocrx_word' id='word_1_468' title='bbox 1175 3533 1340 3590; x_wconf 88' lang='lat' dir='ltr'><strong>animi</strong></span> <span class='ocrx_word' id='word_1_469' title='bbox 1381 3534 1693 3603; x_wconf 87' lang='lat' dir='ltr'><strong>puritatem,</strong></span> <span class='ocrx_word' id='word_1_470' title='bbox 1721 3535 1872 3591; x_wconf 89' lang='lat' dir='ltr'><strong>labo-</strong></span> 
     </span>
    </p>
   </div>
   <div class='ocr_carea' id='block_1_64' title="bbox 272 3618 1868 3696">
    <p class='ocr_par' dir='ltr' id='par_1_64' title="bbox 272 3618 1868 3696">
     <span class='ocr_line' id='line_1_64' title="bbox 272 3618 1868 3696; baseline 0.008 -25"><span class='ocrx_word' id='word_1_471' title='bbox 272 3633 391 3672; x_wconf 91' lang='lat' dir='ltr'><strong>rum</strong></span> <span class='ocrx_word' id='word_1_472' title='bbox 419 3618 763 3677; x_wconf 89' lang='lat' dir='ltr'><strong>tolerantiam</strong></span> <span class='ocrx_word' id='word_1_473' title='bbox 791 3623 844 3678; x_wconf 93' lang='lat' dir='ltr'><strong>in</strong></span> <span class='ocrx_word' id='word_1_474' title='bbox 871 3624 1054 3691; x_wconf 90' lang='lat' dir='ltr'><strong>tertio,</strong></span> <span class='ocrx_word' id='word_1_475' title='bbox 1081 3634 1351 3696; x_wconf 90' lang='lat' dir='ltr'><strong>tamquam</strong></span> <span class='ocrx_word' id='word_1_476' title='bbox 1382 3625 1435 3681; x_wconf 91' lang='lat' dir='ltr'><strong>iu</strong></span> <span class='ocrx_word' id='word_1_477' title='bbox 1477 3627 1700 3684; x_wconf 88' lang='lat' dir='ltr'><strong>totidem</strong></span> <span class='ocrx_word' id='word_1_478' title='bbox 1731 3627 1868 3684; x_wconf 88' lang='lat' dir='ltr'><strong>vivis</strong></span> 
     </span>
    </p>
   </div>
   <div class='ocr_carea' id='block_1_65' title="bbox 274 3709 1868 3791">
    <p class='ocr_par' dir='ltr' id='par_1_65' title="bbox 274 3709 1868 3791">
     <span class='ocr_line' id='line_1_65' title="bbox 274 3709 1868 3791; baseline 0.009 -27"><span class='ocrx_word' id='word_1_479' title='bbox 274 3709 600 3781; x_wconf 86' lang='lat' dir='ltr'><strong>imaginibus</strong></span> <span class='ocrx_word' id='word_1_480' title='bbox 629 3729 913 3785; x_wconf 82' lang='lat' dir='ltr'><strong>expressas</strong></span> <span class='ocrx_word' id='word_1_481' title='bbox 939 3726 1100 3787; x_wconf 90' lang='lat' dir='ltr'><strong>atque</strong></span> <span class='ocrx_word' id='word_1_482' title='bbox 1141 3720 1382 3774; x_wconf 89' lang='lat' dir='ltr'><strong>omnium</strong></span> <span class='ocrx_word' id='word_1_483' title='bbox 1425 3720 1708 3776; x_wconf 90' lang='lat' dir='ltr'><strong>imitationi</strong></span> <span class='ocrx_word' id='word_1_484' title='bbox 1742 3735 1868 3791; x_wconf 52' lang='lat' dir='ltr'><strong>pro.</strong></span> 
     </span>
    </p>
   </div>
   <div class='ocr_carea' id='block_1_66' title="bbox 273 3806 1869 3884">
    <p class='ocr_par' dir='ltr' id='par_1_66' title="bbox 273 3806 1869 3884">
     <span class='ocr_line' id='line_1_66' title="bbox 273 3806 1869 3884; baseline 0.008 -25"><span class='ocrx_word' id='word_1_485' title='bbox 273 3806 478 3876; x_wconf 90' lang='lat' dir='ltr'><strong>positas</strong></span> <span class='ocrx_word' id='word_1_486' title='bbox 515 3823 638 3866; x_wconf 90' lang='lat' dir='ltr'><strong>esse</strong></span> <span class='ocrx_word' id='word_1_487' title='bbox 671 3810 846 3878; x_wconf 86' lang='lat' dir='ltr'><strong>palam</strong></span> <span class='ocrx_word' id='word_1_488' title='bbox 879 3811 1059 3868; x_wconf 86' lang='lat' dir='ltr'><strong>faciat.</strong></span> <span class='ocrx_word' id='word_1_489' title='bbox 1095 3813 1200 3869; x_wconf 90' lang='lat' dir='ltr'><strong>Sed</strong></span> <span class='ocrx_word' id='word_1_490' title='bbox 1230 3815 1319 3884; x_wconf 90' lang='lat' dir='ltr'><strong>qui</strong></span> <span class='ocrx_word' id='word_1_491' title='bbox 1364 3813 1512 3883; x_wconf 90' lang='lat' dir='ltr'><strong>plura</strong></span> <span class='ocrx_word' id='word_1_492' title='bbox 1553 3814 1620 3870; x_wconf 91' lang='lat' dir='ltr'><strong>de</strong></span> <span class='ocrx_word' id='word_1_493' title='bbox 1660 3817 1759 3871; x_wconf 90' lang='lat' dir='ltr'><strong>hac</strong></span> <span class='ocrx_word' id='word_1_494' title='bbox 1809 3831 1869 3873; x_wconf 87' lang='lat' dir='ltr'><strong>re</strong></span> 
     </span>
    </p>
   </div>
   <div class='ocr_carea' id='block_1_67' title="bbox 272 3899 1674 3967">
    <p class='ocr_par' dir='ltr' id='par_1_67' title="bbox 272 3899 1674 3967">
     <span class='ocr_line' id='line_1_67' title="bbox 272 3899 1674 3967; baseline 0.007 -15"><span class='ocrx_word' id='word_1_495' title='bbox 272 3899 525 3967; x_wconf 89' lang='lat' dir='ltr'><strong>voluerit,</strong></span> <span class='ocrx_word' id='word_1_496' title='bbox 559 3902 717 3959; x_wconf 90' lang='lat' dir='ltr'><strong>adeat</strong></span> <span class='ocrx_word' id='word_1_497' title='bbox 754 3907 1004 3962; x_wconf 90' lang='lat' dir='ltr'><strong>eumdem</strong></span> <span class='ocrx_word' id='word_1_498' title='bbox 1030 3905 1315 3962; x_wconf 89' lang='lat' dir='ltr'><strong>Sinensem</strong></span> <span class='ocrx_word' id='word_1_499' title='bbox 1342 3907 1460 3962; x_wconf 89' lang='lat' dir='ltr'><strong>loco</strong></span> <span class='ocrx_word' id='word_1_500' title='bbox 1491 3909 1674 3964; x_wconf 82' lang='lat' dir='ltr'><strong>citato.</strong></span> 
     </span>
    </p>
   </div>
   <div class='ocr_carea' id='block_1_68' title="bbox 347 3990 1866 4071">
    <p class='ocr_par' dir='ltr' id='par_1_68' title="bbox 347 3990 1866 4071">
     <span class='ocr_line' id='line_1_68' title="bbox 347 3990 1866 4071; baseline 0.007 -25"><span class='ocrx_word' id='word_1_501' title='bbox 347 3990 448 4048; x_wconf 83' lang='lat' dir='ltr'><strong>Hic</strong></span> <span class='ocrx_word' id='word_1_502' title='bbox 476 3992 614 4049; x_wconf 89' lang='lat' dir='ltr'><strong>forte</strong></span> <span class='ocrx_word' id='word_1_503' title='bbox 636 3994 901 4052; x_wconf 90' lang='lat' dir='ltr'><strong>lectorum</strong></span> <span class='ocrx_word' id='word_1_504' title='bbox 942 3998 1249 4069; x_wconf 87' lang='lat' dir='ltr'><strong>quempiam</strong></span> <span class='ocrx_word' id='word_1_505' title='bbox 1277 4008 1508 4067; x_wconf 83' lang='lat' dir='ltr'><strong>moveat,</strong></span> <span class='ocrx_word' id='word_1_506' title='bbox 1558 4001 1700 4071; x_wconf 90' lang='lat' dir='ltr'><strong>quod</strong></span> <span class='ocrx_word' id='word_1_507' title='bbox 1745 4016 1866 4058; x_wconf 89' lang='lat' dir='ltr'><strong>cum</strong></span> 
     </span>
    </p>
   </div>
   <div class='ocr_carea' id='block_1_69' title="bbox 271 4087 1867 4162">
    <p class='ocr_par' dir='ltr' id='par_1_69' title="bbox 271 4087 1867 4162">
     <span class='ocr_line' id='line_1_69' title="bbox 271 4087 1867 4162; baseline 0.007 -22"><span class='ocrx_word' id='word_1_508' title='bbox 271 4098 384 4140; x_wconf 91' lang='lat' dir='ltr'><strong>non</strong></span> <span class='ocrx_word' id='word_1_509' title='bbox 409 4100 598 4155; x_wconf 90' lang='lat' dir='ltr'><strong>pauca,</strong></span> <span class='ocrx_word' id='word_1_510' title='bbox 634 4087 710 4143; x_wconf 89' lang='lat' dir='ltr'><strong>uti</strong></span> <span class='ocrx_word' id='word_1_511' title='bbox 740 4089 942 4146; x_wconf 90' lang='lat' dir='ltr'><strong>dictum</strong></span> <span class='ocrx_word' id='word_1_512' title='bbox 982 4102 1084 4155; x_wconf 87' lang='lat' dir='ltr'><strong>est,</strong></span> <span class='ocrx_word' id='word_1_513' title='bbox 1127 4093 1342 4162; x_wconf 90' lang='lat' dir='ltr'><strong>petierit</strong></span> <span class='ocrx_word' id='word_1_514' title='bbox 1390 4109 1459 4149; x_wconf 75' lang='lat' dir='ltr'><strong>ex</strong></span> <span class='ocrx_word' id='word_1_515' title='bbox 1513 4093 1716 4150; x_wconf 68' lang='lat' dir='ltr'><strong>Graecis</strong></span> <span class='ocrx_word' id='word_1_516' title='bbox 1739 4097 1867 4150; x_wconf 84' lang='lat' dir='ltr'><strong>Am-</strong></span> 
     </span>
    </p>
   </div>
   <div class='ocr_carea' id='block_1_70' title="bbox 271 4175 1868 4248">
    <p class='ocr_par' dir='ltr' id='par_1_70' title="bbox 271 4175 1868 4248">
     <span class='ocr_line' id='line_1_70' title="bbox 271 4175 1868 4248; baseline 0.009 -16"><span class='ocrx_word' id='word_1_517' title='bbox 271 4175 522 4245; x_wconf 87' lang='lat' dir='ltr'><strong>brosius,</strong></span> <span class='ocrx_word' id='word_1_518' title='bbox 546 4178 616 4234; x_wconf 92' lang='lat' dir='ltr'><strong>ah</strong></span> <span class='ocrx_word' id='word_1_519' title='bbox 666 4181 746 4236; x_wconf 85' lang='lat' dir='ltr'><strong>eis</strong></span> <span class='ocrx_word' id='word_1_520' title='bbox 777 4193 953 4239; x_wconf 90' lang='lat' dir='ltr'><strong>tamen</strong></span> <span class='ocrx_word' id='word_1_521' title='bbox 988 4185 1220 4240; x_wconf 91' lang='lat' dir='ltr'><strong>citandis</strong></span> <span class='ocrx_word' id='word_1_522' title='bbox 1261 4186 1672 4243; x_wconf 84' lang='lat' dir='ltr'><strong>nominaudisve</strong></span> <span class='ocrx_word' id='word_1_523' title='bbox 1701 4187 1868 4248; x_wconf 80' lang='lat' dir='ltr'><strong>ferme</strong></span> 
     </span>
    </p>
   </div>
   <div class='ocr_carea' id='block_1_71' title="bbox 271 4267 1868 4351">
    <p class='ocr_par' dir='ltr' id='par_1_71' title="bbox 271 4267 1868 4351">
     <span class='ocr_line' id='line_1_71' title="bbox 271 4267 1868 4351; baseline 0.009 -28"><span class='ocrx_word' id='word_1_524' title='bbox 271 4267 568 4326; x_wconf 83' lang='lat' dir='ltr'><strong>abSIiueat.</strong></span> <span class='ocrx_word' id='word_1_525' title='bbox 603 4271 708 4329; x_wconf 90' lang='lat' dir='ltr'><strong>Sed</strong></span> <span class='ocrx_word' id='word_1_526' title='bbox 737 4284 1097 4347; x_wconf 70' lang='lat' dir='ltr'><strong>praeterquam</strong></span> <span class='ocrx_word' id='word_1_527' title='bbox 1141 4277 1284 4349; x_wconf 90' lang='lat' dir='ltr'><strong>quod</strong></span> <span class='ocrx_word' id='word_1_528' title='bbox 1315 4277 1455 4333; x_wconf 89' lang='lat' dir='ltr'><strong>haud</strong></span> <span class='ocrx_word' id='word_1_529' title='bbox 1498 4279 1868 4351; x_wconf 86' lang='lat' dir='ltr'><strong>infrequenter</strong></span> 
     </span>
    </p>
   </div>
   <div class='ocr_carea' id='block_1_72' title="bbox 270 4369 1863 4436">
    <p class='ocr_par' dir='ltr' id='par_1_72' title="bbox 270 4369 1863 4436">
     <span class='ocr_line' id='line_1_72' title="bbox 270 4369 1863 4436; baseline 0.008 -19"><span class='ocrx_word' id='word_1_530' title='bbox 270 4377 567 4435; x_wconf 86' lang='lat' dir='ltr'><strong>suppresso</strong></span> <span class='ocrx_word' id='word_1_531' title='bbox 617 4369 835 4426; x_wconf 91' lang='lat' dir='ltr'><strong>nomine</strong></span> <span class='ocrx_word' id='word_1_532' title='bbox 888 4381 1202 4436; x_wconf 91' lang='lat' dir='ltr'><strong>auctorum,</strong></span> <span class='ocrx_word' id='word_1_533' title='bbox 1257 4372 1490 4428; x_wconf 89' lang='lat' dir='ltr'><strong>alienam</strong></span> <span class='ocrx_word' id='word_1_534' title='bbox 1539 4375 1863 4430; x_wconf 89' lang='lat' dir='ltr'><strong>sententiam</strong></span> 
     </span>
    </p>
   </div>
   <div class='ocr_carea' id='block_1_73' title="bbox 272 4459 1867 4559">
    <p class='ocr_par' dir='ltr' id='par_1_73' title="bbox 272 4459 1867 4559">
     <span class='ocr_line' id='line_1_73' title="bbox 272 4459 1867 4559; baseline 0.008 -50"><span class='ocrx_word' id='word_1_535' title='bbox 272 4468 302 4509; x_wconf 90' lang='lat' dir='ltr'><strong>a</strong></span> <span class='ocrx_word' id='word_1_536' title='bbox 330 4469 391 4559; x_wconf 76' lang='lat' dir='ltr'><strong>se</strong></span> <span class='ocrx_word' id='word_1_537' title='bbox 421 4459 648 4559; x_wconf 79' lang='lat' dir='ltr'><strong>proponi</strong></span> <span class='ocrx_word' id='word_1_538' title='bbox 692 4461 839 4517; x_wconf 88' lang='lat' dir='ltr'><strong>clare</strong></span> <span class='ocrx_word' id='word_1_539' title='bbox 869 4471 1120 4531; x_wconf 89' lang='lat' dir='ltr'><strong>testatur,</strong></span> <span class='ocrx_word' id='word_1_540' title='bbox 1155 4464 1412 4520; x_wconf 84' lang='lat' dir='ltr'><strong>Erasmus</strong></span> <span class='ocrx_word' id='word_1_541' title='bbox 1450 4467 1716 4534; x_wconf 81' lang='lat' dir='ltr'><strong>geminam</strong></span> <span class='ocrx_word' id='word_1_542' title='bbox 1749 4467 1867 4536; x_wconf 78' lang='lat' dir='ltr'><strong>ejus</strong></span> 
     </span>
    </p>
   </div>
   <div class='ocr_carea' id='block_1_74' title="bbox 273 4549 1864 4627">
    <p class='ocr_par' dir='ltr' id='par_1_74' title="bbox 273 4549 1864 4627">
     <span class='ocr_line' id='line_1_74' title="bbox 273 4549 1864 4627; baseline 0.008 -26"><span class='ocrx_word' id='word_1_543' title='bbox 273 4549 350 4601; x_wconf 89' lang='lat' dir='ltr'><strong>rei</strong></span> <span class='ocrx_word' id='word_1_544' title='bbox 405 4549 672 4608; x_wconf 87' lang='lat' dir='ltr'><strong>rationem</strong></span> <span class='ocrx_word' id='word_1_545' title='bbox 701 4551 878 4621; x_wconf 78' lang='lat' dir='ltr'><strong>affert,</strong></span> <span class='ocrx_word' id='word_1_546' title='bbox 921 4555 1171 4611; x_wconf 90' lang='lat' dir='ltr'><strong>nimirum</strong></span> <span class='ocrx_word' id='word_1_547' title='bbox 1201 4557 1343 4627; x_wconf 89' lang='lat' dir='ltr'><strong>quod</strong></span> <span class='ocrx_word' id='word_1_548' title='bbox 1389 4558 1608 4613; x_wconf 90' lang='lat' dir='ltr'><strong>eosdem</strong></span> <span class='ocrx_word' id='word_1_549' title='bbox 1661 4558 1864 4614; x_wconf 87' lang='lat' dir='ltr'><strong>imitari</strong></span> 
     </span>
    </p>
   </div>
   <div class='ocr_carea' id='block_1_75' title="bbox 1976 3312 3572 3397">
    <p class='ocr_par' dir='ltr' id='par_1_75' title="bbox 1976 3312 3572 3397">
     <span class='ocr_line' id='line_1_75' title="bbox 1976 3312 3572 3397; baseline -0.016 -9"><span class='ocrx_word' id='word_1_550' title='bbox 1976 3330 2199 3388; x_wconf 81' lang='lat' dir='ltr'><strong>eosdem</strong></span> <span class='ocrx_word' id='word_1_551' title='bbox 2231 3325 2564 3397; x_wconf 90' lang='lat' dir='ltr'><strong>contemptui</strong></span> <span class='ocrx_word' id='word_1_552' title='bbox 2597 3323 2800 3378; x_wconf 84' lang='lat' dir='ltr'><strong>habere</strong></span> <span class='ocrx_word' id='word_1_553' title='bbox 2823 3324 3101 3391; x_wconf 84' lang='lat' dir='ltr'><strong>pergeret,</strong></span> <span class='ocrx_word' id='word_1_554' title='bbox 3135 3312 3433 3369; x_wconf 74' lang='lat' dir='ltr'><strong>offenderet</strong></span> <span class='ocrx_word' id='word_1_555' title='bbox 3454 3325 3572 3364; x_wconf 86' lang='lat' dir='ltr'><strong>om-</strong></span> 
     </span>
    </p>
   </div>
   <div class='ocr_carea' id='block_1_76' title="bbox 1976 3401 3572 3491">
    <p class='ocr_par' dir='ltr' id='par_1_76' title="bbox 1976 3401 3572 3491">
     <span class='ocr_line' id='line_1_76' title="bbox 1976 3401 3572 3491; baseline -0.016 -10"><span class='ocrx_word' id='word_1_556' title='bbox 1976 3427 2124 3481; x_wconf 90' lang='lat' dir='ltr'><strong>nium</strong></span> <span class='ocrx_word' id='word_1_557' title='bbox 2152 3423 2384 3482; x_wconf 89' lang='lat' dir='ltr'><strong>animos.</strong></span> <span class='ocrx_word' id='word_1_558' title='bbox 2419 3435 2448 3475; x_wconf 90' lang='lat' dir='ltr'><strong>a</strong></span> <span class='ocrx_word' id='word_1_559' title='bbox 2475 3417 2668 3491; x_wconf 90' lang='lat' dir='ltr'><strong>quibus</strong></span> <span class='ocrx_word' id='word_1_560' title='bbox 2720 3425 2942 3471; x_wconf 89' lang='lat' dir='ltr'><strong>sanctus</strong></span> <span class='ocrx_word' id='word_1_561' title='bbox 2968 3408 3172 3466; x_wconf 70' lang='lat' dir='ltr'><strong>Prmsul</strong></span> <span class='ocrx_word' id='word_1_562' title='bbox 3202 3405 3440 3462; x_wconf 80' lang='lat' dir='ltr'><strong>maximo</strong></span> <span class='ocrx_word' id='word_1_563' title='bbox 3469 3401 3572 3457; x_wconf 90' lang='lat' dir='ltr'><strong>ho-</strong></span> 
     </span>
    </p>
   </div>
   <div class='ocr_carea' id='block_1_77' title="bbox 1976 3495 3574 3574">
    <p class='ocr_par' dir='ltr' id='par_1_77' title="bbox 1976 3495 3574 3574">
     <span class='ocr_line' id='line_1_77' title="bbox 1976 3495 3574 3574; baseline -0.015 1"><span class='ocrx_word' id='word_1_564' title='bbox 1976 3533 2110 3574; x_wconf 93' lang='lat' dir='ltr'><strong>nore</strong></span> <span class='ocrx_word' id='word_1_565' title='bbox 2143 3531 2206 3572; x_wconf 91' lang='lat' dir='ltr'><strong>ac</strong></span> <span class='ocrx_word' id='word_1_566' title='bbox 2238 3513 2541 3571; x_wconf 89' lang='lat' dir='ltr'><strong>reverentia</strong></span> <span class='ocrx_word' id='word_1_567' title='bbox 2569 3509 2867 3567; x_wconf 89' lang='lat' dir='ltr'><strong>colebatur.</strong></span> <span class='ocrx_word' id='word_1_568' title='bbox 2899 3503 3051 3572; x_wconf 82' lang='lat' dir='ltr'><strong>Quod</strong></span> <span class='ocrx_word' id='word_1_569' title='bbox 3085 3501 3130 3557; x_wconf 92' lang='lat' dir='ltr'><strong>si</strong></span> <span class='ocrx_word' id='word_1_570' title='bbox 3154 3501 3346 3556; x_wconf 89' lang='lat' dir='ltr'><strong>falsum</strong></span> <span class='ocrx_word' id='word_1_571' title='bbox 3381 3495 3574 3551; x_wconf 88' lang='lat' dir='ltr'><strong>adver-</strong></span> 
     </span>
    </p>
   </div>
   <div class='ocr_carea' id='block_1_78' title="bbox 1974 3591 3566 3678">
    <p class='ocr_par' dir='ltr' id='par_1_78' title="bbox 1974 3591 3566 3678">
     <span class='ocr_line' id='line_1_78' title="bbox 1974 3591 3566 3678; baseline -0.014 -12"><span class='ocrx_word' id='word_1_572' title='bbox 1974 3612 2139 3678; x_wconf 90' lang='lat' dir='ltr'><strong>sario,</strong></span> <span class='ocrx_word' id='word_1_573' title='bbox 2169 3619 2226 3666; x_wconf 93' lang='lat' dir='ltr'><strong>ut</strong></span> <span class='ocrx_word' id='word_1_574' title='bbox 2253 3625 2379 3666; x_wconf 93' lang='lat' dir='ltr'><strong>eum</strong></span> <span class='ocrx_word' id='word_1_575' title='bbox 2409 3614 2626 3663; x_wconf 85' lang='lat' dir='ltr'><strong>vocaret</strong></span> <span class='ocrx_word' id='word_1_576' title='bbox 2647 3606 2699 3660; x_wconf 92' lang='lat' dir='ltr'><strong>in</strong></span> <span class='ocrx_word' id='word_1_577' title='bbox 2730 3602 3010 3666; x_wconf 88' lang='lat' dir='ltr'><strong>invidiam,</strong></span> <span class='ocrx_word' id='word_1_578' title='bbox 3037 3596 3265 3653; x_wconf 89' lang='lat' dir='ltr'><strong>Ruﬁnus</strong></span> <span class='ocrx_word' id='word_1_579' title='bbox 3292 3591 3566 3663; x_wconf 86' lang='lat' dir='ltr'><strong>imposuit,</strong></span> 
     </span>
    </p>
   </div>
   <div class='ocr_carea' id='block_1_79' title="bbox 1975 3686 3573 3767">
    <p class='ocr_par' dir='ltr' id='par_1_79' title="bbox 1975 3686 3573 3767">
     <span class='ocr_line' id='line_1_79' title="bbox 1975 3686 3573 3767; baseline -0.015 -6"><span class='ocrx_word' id='word_1_580' title='bbox 1975 3721 2082 3761; x_wconf 88' lang='lat' dir='ltr'><strong>non</strong></span> <span class='ocrx_word' id='word_1_581' title='bbox 2111 3703 2267 3760; x_wconf 78' lang='lat' dir='ltr'><strong>facile</strong></span> <span class='ocrx_word' id='word_1_582' title='bbox 2299 3703 2455 3758; x_wconf 86' lang='lat' dir='ltr'><strong>fuerit</strong></span> <span class='ocrx_word' id='word_1_583' title='bbox 2481 3700 2727 3756; x_wconf 86' lang='lat' dir='ltr'><strong>divinare</strong></span> <span class='ocrx_word' id='word_1_584' title='bbox 2756 3711 2916 3767; x_wconf 90' lang='lat' dir='ltr'><strong>quam</strong></span> <span class='ocrx_word' id='word_1_585' title='bbox 2969 3691 3309 3764; x_wconf 82' lang='lat' dir='ltr'><strong>potissimum</strong></span> <span class='ocrx_word' id='word_1_586' title='bbox 3339 3686 3408 3742; x_wconf 90' lang='lat' dir='ltr'><strong>ob</strong></span> <span class='ocrx_word' id='word_1_587' title='bbox 3447 3698 3573 3739; x_wconf 89' lang='lat' dir='ltr'><strong>cau-</strong></span> 
     </span>
    </p>
   </div>
   <div class='ocr_carea' id='block_1_80' title="bbox 1973 3782 3570 3856">
    <p class='ocr_par' dir='ltr' id='par_1_80' title="bbox 1973 3782 3570 3856">
     <span class='ocr_line' id='line_1_80' title="bbox 1973 3782 3570 3856; baseline -0.014 0"><span class='ocrx_word' id='word_1_588' title='bbox 1973 3815 2088 3856; x_wconf 91' lang='lat' dir='ltr'><strong>sam</strong></span> <span class='ocrx_word' id='word_1_589' title='bbox 2121 3809 2337 3856; x_wconf 88' lang='lat' dir='ltr'><strong>sanctus</strong></span> <span class='ocrx_word' id='word_1_590' title='bbox 2361 3798 2450 3853; x_wconf 91' lang='lat' dir='ltr'><strong>ille</strong></span> <span class='ocrx_word' id='word_1_591' title='bbox 2473 3796 2664 3852; x_wconf 89' lang='lat' dir='ltr'><strong>doctor</strong></span> <span class='ocrx_word' id='word_1_592' title='bbox 2689 3793 2757 3848; x_wconf 87' lang='lat' dir='ltr'><strong>de</strong></span> <span class='ocrx_word' id='word_1_593' title='bbox 2783 3791 2915 3846; x_wconf 90' lang='lat' dir='ltr'><strong>tanti</strong></span> <span class='ocrx_word' id='word_1_594' title='bbox 2931 3787 3172 3844; x_wconf 81' lang='lat' dir='ltr'><strong>doctoris</strong></span> <span class='ocrx_word' id='word_1_595' title='bbox 3187 3782 3440 3855; x_wconf 90' lang='lat' dir='ltr'><strong>operibus</strong></span> <span class='ocrx_word' id='word_1_596' title='bbox 3463 3793 3570 3834; x_wconf 91' lang='lat' dir='ltr'><strong>non</strong></span> 
     </span>
    </p>
   </div>
   <div class='ocr_carea' id='block_1_81' title="bbox 1973 3877 3572 3964">
    <p class='ocr_par' dir='ltr' id='par_1_81' title="bbox 1973 3877 3572 3964">
     <span class='ocr_line' id='line_1_81' title="bbox 1973 3877 3572 3964; baseline -0.015 -16"><span class='ocrx_word' id='word_1_597' title='bbox 1973 3894 2091 3950; x_wconf 89' lang='lat' dir='ltr'><strong>sine</strong></span> <span class='ocrx_word' id='word_1_598' title='bbox 2115 3892 2347 3964; x_wconf 90' lang='lat' dir='ltr'><strong>quodam</strong></span> <span class='ocrx_word' id='word_1_599' title='bbox 2371 3888 2586 3945; x_wconf 84' lang='lat' dir='ltr'><strong>fastidio</strong></span> <span class='ocrx_word' id='word_1_600' title='bbox 2613 3887 2773 3942; x_wconf 91' lang='lat' dir='ltr'><strong>silere</strong></span> <span class='ocrx_word' id='word_1_601' title='bbox 2804 3883 3055 3938; x_wconf 77' lang='lat' dir='ltr'><strong>voluerit.</strong></span> <span class='ocrx_word' id='word_1_602' title='bbox 3092 3877 3202 3933; x_wconf 85' lang='lat' dir='ltr'><strong>Nec</strong></span> <span class='ocrx_word' id='word_1_603' title='bbox 3230 3877 3362 3932; x_wconf 79' lang='lat' dir='ltr'><strong>scire</strong></span> <span class='ocrx_word' id='word_1_604' title='bbox 3394 3879 3474 3946; x_wconf 80' lang='lat' dir='ltr'><strong>fas</strong></span> <span class='ocrx_word' id='word_1_605' title='bbox 3498 3881 3572 3926; x_wconf 88' lang='lat' dir='ltr'><strong>est</strong></span> 
     </span>
    </p>
   </div>
   <div class='ocr_carea' id='block_1_82' title="bbox 1973 3965 3569 4057">
    <p class='ocr_par' dir='ltr' id='par_1_82' title="bbox 1973 3965 3569 4057">
     <span class='ocr_line' id='line_1_82' title="bbox 1973 3965 3569 4057; baseline -0.015 -14"><span class='ocrx_word' id='word_1_606' title='bbox 1973 3989 2166 4053; x_wconf 85' lang='lat' dir='ltr'><strong>omnia,</strong></span> <span class='ocrx_word' id='word_1_607' title='bbox 2217 3985 2392 4057; x_wconf 83' lang='lat' dir='ltr'><strong>inquit</strong></span> <span class='ocrx_word' id='word_1_608' title='bbox 2443 3983 2534 4037; x_wconf 90' lang='lat' dir='ltr'><strong>ille</strong></span> <span class='ocrx_word' id='word_1_609' title='bbox 2568 3999 2582 4036; x_wconf 91' lang='lat'>:</span> <span class='ocrx_word' id='word_1_610' title='bbox 2617 3993 2792 4050; x_wconf 88' lang='lat' dir='ltr'><strong>neque</strong></span> <span class='ocrx_word' id='word_1_611' title='bbox 2822 3977 2924 4030; x_wconf 88' lang='lat' dir='ltr'><strong>hoc</strong></span> <span class='ocrx_word' id='word_1_612' title='bbox 2979 3983 3304 4043; x_wconf 89' lang='lat' dir='ltr'><strong>magnopere</strong></span> <span class='ocrx_word' id='word_1_613' title='bbox 3348 3965 3416 4021; x_wconf 87' lang='lat' dir='ltr'><strong>ad</strong></span> <span class='ocrx_word' id='word_1_614' title='bbox 3457 3980 3569 4020; x_wconf 89' lang='lat' dir='ltr'><strong>rem</strong></span> 
     </span>
    </p>
   </div>
   <div class='ocr_carea' id='block_1_83' title="bbox 1973 4065 3569 4150">
    <p class='ocr_par' dir='ltr' id='par_1_83' title="bbox 1973 4065 3569 4150">
     <span class='ocr_line' id='line_1_83' title="bbox 1973 4065 3569 4150; baseline -0.014 -14"><span class='ocrx_word' id='word_1_615' title='bbox 1973 4080 2246 4137; x_wconf 89' lang='lat' dir='ltr'><strong>credimus</strong></span> <span class='ocrx_word' id='word_1_616' title='bbox 2291 4077 2584 4150; x_wconf 86' lang='lat' dir='ltr'><strong>pertinere.</strong></span> <span class='ocrx_word' id='word_1_617' title='bbox 2637 4072 2706 4129; x_wconf 90' lang='lat' dir='ltr'><strong>Ut</strong></span> <span class='ocrx_word' id='word_1_618' title='bbox 2754 4071 2860 4135; x_wconf 87' lang='lat' dir='ltr'><strong>sit,</strong></span> <span class='ocrx_word' id='word_1_619' title='bbox 2902 4065 3190 4124; x_wconf 83' lang='lat' dir='ltr'><strong>Ambrosio</strong></span> <span class='ocrx_word' id='word_1_620' title='bbox 3234 4070 3422 4119; x_wconf 87' lang='lat' dir='ltr'><strong>nostro</strong></span> <span class='ocrx_word' id='word_1_621' title='bbox 3462 4073 3569 4115; x_wconf 88' lang='lat' dir='ltr'><strong>non</strong></span> 
     </span>
    </p>
   </div>
   <div class='ocr_carea' id='block_1_84' title="bbox 1974 4153 3571 4244">
    <p class='ocr_par' dir='ltr' id='par_1_84' title="bbox 1974 4153 3571 4244">
     <span class='ocr_line' id='line_1_84' title="bbox 1974 4153 3571 4244; baseline -0.009 -19"><span class='ocrx_word' id='word_1_622' title='bbox 1974 4181 2155 4244; x_wconf 78' lang='lat' dir='ltr'><strong>potest</strong></span> <span class='ocrx_word' id='word_1_623' title='bbox 2185 4171 2545 4227; x_wconf 84' lang='lat' dir='ltr'><strong>honoriﬁcum</strong></span> <span class='ocrx_word' id='word_1_624' title='bbox 2576 4183 2680 4222; x_wconf 91' lang='lat' dir='ltr'><strong>non</strong></span> <span class='ocrx_word' id='word_1_625' title='bbox 2712 4179 2854 4228; x_wconf 88' lang='lat' dir='ltr'><strong>esse,</strong></span> <span class='ocrx_word' id='word_1_626' title='bbox 2878 4160 3020 4232; x_wconf 89' lang='lat' dir='ltr'><strong>quod</strong></span> <span class='ocrx_word' id='word_1_627' title='bbox 3045 4175 3164 4216; x_wconf 90' lang='lat' dir='ltr'><strong>cum</strong></span> <span class='ocrx_word' id='word_1_628' title='bbox 3193 4153 3476 4213; x_wconf 73' lang='lat' dir='ltr'><strong>sementim</strong></span> <span class='ocrx_word' id='word_1_629' title='bbox 3501 4153 3571 4210; x_wconf 79' lang='lat' dir='ltr'><strong>de</strong></span> 
     </span>
    </p>
   </div>
   <div class='ocr_carea' id='block_1_85' title="bbox 1971 4250 3567 4338">
    <p class='ocr_par' dir='ltr' id='par_1_85' title="bbox 1971 4250 3567 4338">
     <span class='ocr_line' id='line_1_85' title="bbox 1971 4250 3567 4338; baseline -0.014 -14"><span class='ocrx_word' id='word_1_630' title='bbox 1971 4267 2196 4338; x_wconf 88' lang='lat' dir='ltr'><strong>singulis</strong></span> <span class='ocrx_word' id='word_1_631' title='bbox 2219 4266 2521 4338; x_wconf 90' lang='lat' dir='ltr'><strong>quibusque</strong></span> <span class='ocrx_word' id='word_1_632' title='bbox 2547 4263 2710 4319; x_wconf 88' lang='lat' dir='ltr'><strong>rebus</strong></span> <span class='ocrx_word' id='word_1_633' title='bbox 2731 4273 2948 4330; x_wconf 90' lang='lat' dir='ltr'><strong>semper</strong></span> <span class='ocrx_word' id='word_1_634' title='bbox 2970 4267 3075 4311; x_wconf 91' lang='lat' dir='ltr'><strong>tam</strong></span> <span class='ocrx_word' id='word_1_635' title='bbox 3099 4255 3328 4309; x_wconf 74' lang='lat' dir='ltr'><strong>diversa:</strong></span> <span class='ocrx_word' id='word_1_636' title='bbox 3349 4250 3567 4318; x_wconf 90' lang='lat' dir='ltr'><strong>abeant,</strong></span> 
     </span>
    </p>
   </div>
   <div class='ocr_carea' id='block_1_86' title="bbox 1971 4343 3569 4430">
    <p class='ocr_par' dir='ltr' id='par_1_86' title="bbox 1971 4343 3569 4430">
     <span class='ocr_line' id='line_1_86' title="bbox 1971 4343 3569 4430; baseline -0.012 -15"><span class='ocrx_word' id='word_1_637' title='bbox 1971 4361 2122 4415; x_wconf 80' lang='lat' dir='ltr'><strong>Solus</strong></span> <span class='ocrx_word' id='word_1_638' title='bbox 2146 4368 2394 4430; x_wconf 89' lang='lat' dir='ltr'><strong>repertus</strong></span> <span class='ocrx_word' id='word_1_639' title='bbox 2412 4357 2574 4412; x_wconf 88' lang='lat' dir='ltr'><strong>fuerit</strong></span> <span class='ocrx_word' id='word_1_640' title='bbox 2597 4354 2959 4425; x_wconf 84' lang='lat' dir='ltr'><strong>Hieronymus</strong></span> <span class='ocrx_word' id='word_1_641' title='bbox 2974 4348 3068 4420; x_wconf 94' lang='lat' dir='ltr'><strong>qui</strong></span> <span class='ocrx_word' id='word_1_642' title='bbox 3087 4361 3248 4402; x_wconf 88' lang='lat' dir='ltr'><strong>mmm</strong></span> <span class='ocrx_word' id='word_1_643' title='bbox 3268 4343 3569 4399; x_wconf 87' lang='lat' dir='ltr'><strong>alterumve</strong></span> 
     </span>
    </p>
   </div>
   <div class='ocr_carea' id='block_1_87' title="bbox 1974 4435 3566 4520">
    <p class='ocr_par' dir='ltr' id='par_1_87' title="bbox 1974 4435 3566 4520">
     <span class='ocr_line' id='line_1_87' title="bbox 1974 4435 3566 4520; baseline -0.014 -10"><span class='ocrx_word' id='word_1_644' title='bbox 1974 4455 2119 4511; x_wconf 90' lang='lat' dir='ltr'><strong>illius</strong></span> <span class='ocrx_word' id='word_1_645' title='bbox 2149 4455 2346 4510; x_wconf 87' lang='lat' dir='ltr'><strong>librum</strong></span> <span class='ocrx_word' id='word_1_646' title='bbox 2371 4452 2548 4508; x_wconf 91' lang='lat' dir='ltr'><strong>minus</strong></span> <span class='ocrx_word' id='word_1_647' title='bbox 2566 4449 2840 4520; x_wconf 87' lang='lat' dir='ltr'><strong>probaret.</strong></span> <span class='ocrx_word' id='word_1_648' title='bbox 2867 4444 3012 4502; x_wconf 90' lang='lat' dir='ltr'><strong>Sane</strong></span> <span class='ocrx_word' id='word_1_649' title='bbox 3038 4441 3181 4514; x_wconf 89' lang='lat' dir='ltr'><strong>pleni</strong></span> <span class='ocrx_word' id='word_1_650' title='bbox 3208 4447 3332 4494; x_wconf 93' lang='lat' dir='ltr'><strong>sunt</strong></span> <span class='ocrx_word' id='word_1_651' title='bbox 3353 4435 3566 4492; x_wconf 86' lang='lat' dir='ltr'><strong>codices</strong></span> 
     </span>
    </p>
   </div>
   <div class='ocr_carea' id='block_1_88' title="bbox 1971 4529 3568 4607">
    <p class='ocr_par' dir='ltr' id='par_1_88' title="bbox 1971 4529 3568 4607">
     <span class='ocr_line' id='line_1_88' title="bbox 1971 4529 3568 4607; baseline -0.014 -3"><span class='ocrx_word' id='word_1_652' title='bbox 1971 4565 2162 4606; x_wconf 86' lang='lat' dir='ltr'><strong>omnes</strong></span> <span class='ocrx_word' id='word_1_653' title='bbox 2216 4565 2338 4605; x_wconf 90' lang='lat' dir='ltr'><strong>cum</strong></span> <span class='ocrx_word' id='word_1_654' title='bbox 2386 4546 2736 4607; x_wconf 64' lang='lat' dir='ltr'><strong>Graecorum,</strong></span> <span class='ocrx_word' id='word_1_655' title='bbox 2784 4549 2898 4596; x_wconf 91' lang='lat' dir='ltr'><strong>tum</strong></span> <span class='ocrx_word' id='word_1_656' title='bbox 2953 4537 3268 4593; x_wconf 86' lang='lat' dir='ltr'><strong>Latinorum</strong></span> <span class='ocrx_word' id='word_1_657' title='bbox 3320 4529 3568 4585; x_wconf 90' lang='lat' dir='ltr'><strong>laudibus</strong></span> 
     </span>
    </p>
   </div>
   <div class='ocr_carea' id='block_1_89' title="bbox 275 4627 3569 4721">
    <p class='ocr_par' dir='ltr' id='par_1_89' title="bbox 275 4627 3569 4721">
     <span class='ocr_line' id='line_1_89' title="bbox 275 4627 3569 4721; baseline -0.005 -29"><span class='ocrx_word' id='word_1_658' title='bbox 275 4638 528 4708; x_wconf 85' lang='lat' dir='ltr'><strong>voluerit,</strong></span> <span class='ocrx_word' id='word_1_659' title='bbox 559 4659 665 4698; x_wconf 93' lang='lat' dir='ltr'><strong>non</strong></span> <span class='ocrx_word' id='word_1_660' title='bbox 711 4645 1080 4716; x_wconf 90' lang='lat' dir='ltr'><strong>interpretari,</strong></span> <span class='ocrx_word' id='word_1_661' title='bbox 1120 4648 1373 4720; x_wconf 91' lang='lat' dir='ltr'><strong>quodque</strong></span> <span class='ocrx_word' id='word_1_662' title='bbox 1404 4665 1498 4720; x_wconf 88' lang='lat' dir='ltr'><strong>per</strong></span> <span class='ocrx_word' id='word_1_663' title='bbox 1525 4649 1577 4704; x_wconf 94' lang='lat' dir='ltr'><strong>id</strong></span> <span class='ocrx_word' id='word_1_664' title='bbox 1610 4652 1868 4721; x_wconf 90' lang='lat' dir='ltr'><strong>temporis</strong></span> <span class='ocrx_word' id='word_1_665' title='bbox 1894 4634 1949 4696; x_wconf 87' lang='lat' dir='ltr'><strong>D</strong></span> <span class='ocrx_word' id='word_1_666' title='bbox 1974 4645 2148 4702; x_wconf 90' lang='lat' dir='ltr'><strong>sancti</strong></span> <span class='ocrx_word' id='word_1_667' title='bbox 2171 4642 2469 4707; x_wconf 80' lang='lat' dir='ltr'><strong>Ambrosii,</strong></span> <span class='ocrx_word' id='word_1_668' title='bbox 2503 4639 2596 4695; x_wconf 90' lang='lat' dir='ltr'><strong>sed</strong></span> <span class='ocrx_word' id='word_1_669' title='bbox 2649 4635 2859 4693; x_wconf 89' lang='lat' dir='ltr'><strong>etiamsi</strong></span> <span class='ocrx_word' id='word_1_670' title='bbox 2893 4633 2961 4688; x_wconf 89' lang='lat' dir='ltr'><strong>de</strong></span> <span class='ocrx_word' id='word_1_671' title='bbox 2988 4632 3078 4687; x_wconf 92' lang='lat' dir='ltr'><strong>illo</strong></span> <span class='ocrx_word' id='word_1_672' title='bbox 3106 4627 3285 4685; x_wconf 67' lang='lat' dir='ltr'><strong>caueri</strong></span> <span class='ocrx_word' id='word_1_673' title='bbox 3327 4630 3569 4680; x_wconf 90' lang='lat' dir='ltr'><strong>tacerent</strong></span> 
     </span>
    </p>
   </div>
   <div class='ocr_carea' id='block_1_90' title="bbox 271 4730 1868 4812">
    <p class='ocr_par' dir='ltr' id='par_1_90' title="bbox 271 4730 1868 4812">
     <span class='ocr_line' id='line_1_90' title="bbox 271 4730 1868 4812; baseline 0.008 -25"><span class='ocrx_word' id='word_1_674' title='bbox 271 4730 575 4804; x_wconf 85' lang='lat' dir='ltr'><strong>Scriptores</strong></span> <span class='ocrx_word' id='word_1_675' title='bbox 594 4739 757 4809; x_wconf 64' lang='lat' dir='ltr'><strong>graeci</strong></span> <span class='ocrx_word' id='word_1_676' title='bbox 800 4740 940 4796; x_wconf 91' lang='lat' dir='ltr'><strong>male</strong></span> <span class='ocrx_word' id='word_1_677' title='bbox 985 4741 1278 4798; x_wconf 89' lang='lat' dir='ltr'><strong>audiebant</strong></span> <span class='ocrx_word' id='word_1_678' title='bbox 1330 4743 1472 4812; x_wconf 90' lang='lat' dir='ltr'><strong>apud</strong></span> <span class='ocrx_word' id='word_1_679' title='bbox 1507 4743 1722 4799; x_wconf 90' lang='lat' dir='ltr'><strong>latinos.</strong></span> <span class='ocrx_word' id='word_1_680' title='bbox 1757 4744 1868 4800; x_wconf 82' lang='lat' dir='ltr'><strong>Nec</strong></span> 
     </span>
    </p>
   </div>
   <div class='ocr_carea' id='block_1_91' title="bbox 272 4826 1868 4910">
    <p class='ocr_par' dir='ltr' id='par_1_91' title="bbox 272 4826 1868 4910">
     <span class='ocr_line' id='line_1_91' title="bbox 272 4826 1868 4910; baseline 0.008 -30"><span class='ocrx_word' id='word_1_681' title='bbox 272 4826 547 4897; x_wconf 69' lang='lat' dir='ltr'><strong>Ciceroni,</strong></span> <span class='ocrx_word' id='word_1_682' title='bbox 597 4833 675 4887; x_wconf 90' lang='lat' dir='ltr'><strong>ait</strong></span> <span class='ocrx_word' id='word_1_683' title='bbox 713 4833 802 4889; x_wconf 91' lang='lat' dir='ltr'><strong>ille</strong></span> <span class='ocrx_word' id='word_1_684' title='bbox 835 4833 1042 4905; x_wconf 79' lang='lat' dir='ltr'><strong>(Epist.</strong></span> <span class='ocrx_word' id='word_1_685' title='bbox 1081 4837 1206 4892; x_wconf 87' lang='lat' dir='ltr'><strong>edit.</strong></span> <span class='ocrx_word' id='word_1_686' title='bbox 1247 4853 1356 4891; x_wconf 69' lang='lat' dir='ltr'><strong>sua:</strong></span> <span class='ocrx_word' id='word_1_687' title='bbox 1399 4838 1627 4908; x_wconf 47' lang='lat' dir='ltr'><strong>prie/ita.</strong></span> <span class='ocrx_word' id='word_1_688' title='bbox 1651 4837 1692 4910; x_wconf 91' lang='lat'><strong>),</strong></span> <span class='ocrx_word' id='word_1_689' title='bbox 1727 4839 1868 4909; x_wconf 86' lang='lat' dir='ltr'><strong>quis-</strong></span> 
     </span>
    </p>
   </div>
   <div class='ocr_carea' id='block_1_92' title="bbox 271 4925 1868 5004">
    <p class='ocr_par' dir='ltr' id='par_1_92' title="bbox 271 4925 1868 5004">
     <span class='ocr_line' id='line_1_92' title="bbox 271 4925 1868 5004; baseline 0.009 -31"><span class='ocrx_word' id='word_1_690' title='bbox 271 4937 425 4992; x_wconf 85' lang='lat' dir='ltr'><strong>quam</strong></span> <span class='ocrx_word' id='word_1_691' title='bbox 464 4925 586 4980; x_wconf 82' lang='lat' dir='ltr'><strong>vitio</strong></span> <span class='ocrx_word' id='word_1_692' title='bbox 630 4928 795 4994; x_wconf 80' lang='lat' dir='ltr'><strong>uertit,</strong></span> <span class='ocrx_word' id='word_1_693' title='bbox 846 4929 985 5000; x_wconf 85' lang='lat' dir='ltr'><strong>quod</strong></span> <span class='ocrx_word' id='word_1_694' title='bbox 1035 4931 1087 4984; x_wconf 88' lang='lat' dir='ltr'><strong>in</strong></span> <span class='ocrx_word' id='word_1_695' title='bbox 1135 4930 1504 5002; x_wconf 78' lang='lat' dir='ltr'><strong>pltilosOplticis</strong></span> <span class='ocrx_word' id='word_1_696' title='bbox 1551 4933 1868 5004; x_wconf 85' lang='lat' dir='ltr'><strong>argumentis</strong></span> 
     </span>
    </p>
   </div>
   <div class='ocr_carea' id='block_1_93' title="bbox 270 5011 1868 5091">
    <p class='ocr_par' dir='ltr' id='par_1_93' title="bbox 270 5011 1868 5091">
     <span class='ocr_line' id='line_1_93' title="bbox 270 5011 1868 5091; baseline 0.009 -25"><span class='ocrx_word' id='word_1_697' title='bbox 270 5011 480 5068; x_wconf 81' lang='lat' dir='ltr'><strong>Grtecos</strong></span> <span class='ocrx_word' id='word_1_698' title='bbox 527 5029 821 5086; x_wconf 86' lang='lat' dir='ltr'><strong>sequeretur</strong></span> <span class='ocrx_word' id='word_1_699' title='bbox 849 5037 952 5075; x_wconf 86' lang='lat' dir='ltr'><strong>non</strong></span> <span class='ocrx_word' id='word_1_700' title='bbox 981 5031 1034 5075; x_wconf 88' lang='lat' dir='ltr'><strong>ut</strong></span> <span class='ocrx_word' id='word_1_701' title='bbox 1072 5023 1348 5091; x_wconf 84' lang='lat' dir='ltr'><strong>interpres,</strong></span> <span class='ocrx_word' id='word_1_702' title='bbox 1391 5023 1480 5077; x_wconf 86' lang='lat' dir='ltr'><strong>sed</strong></span> <span class='ocrx_word' id='word_1_703' title='bbox 1513 5034 1565 5078; x_wconf 85' lang='lat' dir='ltr'><strong>ut</strong></span> <span class='ocrx_word' id='word_1_704' title='bbox 1589 5025 1817 5079; x_wconf 83' lang='lat' dir='ltr'><strong>imitator</strong></span> <span class='ocrx_word' id='word_1_705' title='bbox 1848 5041 1868 5080; x_wconf 91' lang='lat'><strong><em>:</em></strong></span> 
     </span>
    </p>
   </div>
   <div class='ocr_carea' id='block_1_94' title="bbox 272 5115 1866 5190">
    <p class='ocr_par' dir='ltr' id='par_1_94' title="bbox 272 5115 1866 5190">
     <span class='ocr_line' id='line_1_94' title="bbox 272 5115 1866 5190; baseline 0.009 -28"><span class='ocrx_word' id='word_1_706' title='bbox 272 5124 364 5162; x_wconf 87' lang='lat' dir='ltr'><strong>nec</strong></span> <span class='ocrx_word' id='word_1_707' title='bbox 393 5121 496 5166; x_wconf 86' lang='lat' dir='ltr'><strong>erat</strong></span> <span class='ocrx_word' id='word_1_708' title='bbox 545 5115 824 5170; x_wconf 76' lang='lat' dir='ltr'><strong>cornicula:</strong></span> <span class='ocrx_word' id='word_1_709' title='bbox 852 5120 1076 5189; x_wconf 76' lang='lat' dir='ltr'><strong>furtum,</strong></span> <span class='ocrx_word' id='word_1_710' title='bbox 1108 5119 1247 5190; x_wconf 84' lang='lat' dir='ltr'><strong>quod</strong></span> <span class='ocrx_word' id='word_1_711' title='bbox 1285 5118 1586 5176; x_wconf 67' lang='lat' dir='ltr'><strong>Graecorum</strong></span> <span class='ocrx_word' id='word_1_712' title='bbox 1636 5125 1866 5188; x_wconf 89' lang='lat' dir='ltr'><strong>nomina,</strong></span> 
     </span>
    </p>
   </div>
   <div class='ocr_carea' id='block_1_95' title="bbox 268 5203 1867 5286">
    <p class='ocr_par' dir='ltr' id='par_1_95' title="bbox 268 5203 1867 5286">
     <span class='ocr_line' id='line_1_95' title="bbox 268 5203 1867 5286; baseline 0.01 -32"><span class='ocrx_word' id='word_1_713' title='bbox 268 5216 386 5271; x_wconf 71' lang='lat' dir='ltr'><strong>qua:</strong></span> <span class='ocrx_word' id='word_1_714' title='bbox 425 5203 684 5278; x_wconf 71' lang='lat' dir='ltr'><strong>plteraque</strong></span> <span class='ocrx_word' id='word_1_715' title='bbox 728 5221 837 5262; x_wconf 87' lang='lat' dir='ltr'><strong>tum</strong></span> <span class='ocrx_word' id='word_1_716' title='bbox 885 5210 1028 5282; x_wconf 85' lang='lat' dir='ltr'><strong>apud</strong></span> <span class='ocrx_word' id='word_1_717' title='bbox 1071 5209 1288 5267; x_wconf 87' lang='lat' dir='ltr'><strong>Latinos</strong></span> <span class='ocrx_word' id='word_1_718' title='bbox 1327 5230 1514 5286; x_wconf 87' lang='lat' dir='ltr'><strong>ntagna</strong></span> <span class='ocrx_word' id='word_1_719' title='bbox 1566 5214 1867 5270; x_wconf 86' lang='lat' dir='ltr'><strong>laborabant</strong></span> 
     </span>
    </p>
   </div>
   <div class='ocr_carea' id='block_1_96' title="bbox 270 5295 1868 5376">
    <p class='ocr_par' dir='ltr' id='par_1_96' title="bbox 270 5295 1868 5376">
     <span class='ocr_line' id='line_1_96' title="bbox 270 5295 1868 5376; baseline 0.01 -28"><span class='ocrx_word' id='word_1_720' title='bbox 270 5295 571 5369; x_wconf 81' lang='lat' dir='ltr'><strong>dagmatum</strong></span> <span class='ocrx_word' id='word_1_721' title='bbox 616 5301 1023 5371; x_wconf 87' lang='lat' dir='ltr'><strong>improbatorum</strong></span> <span class='ocrx_word' id='word_1_722' title='bbox 1071 5306 1296 5372; x_wconf 85' lang='lat' dir='ltr'><strong>invidia,</strong></span> <span class='ocrx_word' id='word_1_723' title='bbox 1328 5309 1553 5376; x_wconf 86' lang='lat' dir='ltr'><strong>pressit;</strong></span> <span class='ocrx_word' id='word_1_724' title='bbox 1581 5308 1671 5363; x_wconf 88' lang='lat' dir='ltr'><strong>sed</strong></span> <span class='ocrx_word' id='word_1_725' title='bbox 1728 5311 1868 5364; x_wconf 86' lang='lat' dir='ltr'><strong>cauti</strong></span> 
     </span>
    </p>
   </div>
   <div class='ocr_carea' id='block_1_97' title="bbox 268 5394 1866 5471">
    <p class='ocr_par' dir='ltr' id='par_1_97' title="bbox 268 5394 1866 5471">
     <span class='ocr_line' id='line_1_97' title="bbox 268 5394 1866 5471; baseline 0.008 -27"><span class='ocrx_word' id='word_1_726' title='bbox 268 5394 524 5465; x_wconf 85' lang='lat' dir='ltr'><strong>pastoris,</strong></span> <span class='ocrx_word' id='word_1_727' title='bbox 591 5411 790 5451; x_wconf 86' lang='lat' dir='ltr'><strong>omnem</strong></span> <span class='ocrx_word' id='word_1_728' title='bbox 848 5398 1178 5468; x_wconf 71' lang='lat' dir='ltr'><strong>oﬂ&#39;endiculi,</strong></span> <span class='ocrx_word' id='word_1_729' title='bbox 1231 5401 1532 5471; x_wconf 81' lang='lat' dir='ltr'><strong>dissidiique</strong></span> <span class='ocrx_word' id='word_1_730' title='bbox 1597 5402 1866 5456; x_wconf 85' lang='lat' dir='ltr'><strong>materiam</strong></span> 
     </span>
    </p>
   </div>
   <div class='ocr_carea' id='block_1_98' title="bbox 268 5488 1861 5564">
    <p class='ocr_par' dir='ltr' id='par_1_98' title="bbox 268 5488 1861 5564">
     <span class='ocr_line' id='line_1_98' title="bbox 268 5488 1861 5564; baseline 0.005 -22"><span class='ocrx_word' id='word_1_731' title='bbox 268 5488 610 5544; x_wconf 68' lang='lat' dir='ltr'><strong>excludentis.</strong></span> <span class='ocrx_word' id='word_1_732' title='bbox 669 5490 787 5546; x_wconf 87' lang='lat' dir='ltr'><strong>Non</strong></span> <span class='ocrx_word' id='word_1_733' title='bbox 839 5507 1028 5562; x_wconf 91' lang='lat' dir='ltr'><strong>parum</strong></span> <span class='ocrx_word' id='word_1_734' title='bbox 1081 5493 1433 5564; x_wconf 89' lang='lat' dir='ltr'><strong>probabiliter</strong></span> <span class='ocrx_word' id='word_1_735' title='bbox 1494 5494 1546 5548; x_wconf 92' lang='lat' dir='ltr'><strong>id</strong></span> <span class='ocrx_word' id='word_1_736' title='bbox 1611 5493 1861 5564; x_wconf 83' lang='lat' dir='ltr'><strong>quidem;</strong></span> 
     </span>
    </p>
   </div>
   <div class='ocr_carea' id='block_1_99' title="bbox 271 5583 1872 5657">
    <p class='ocr_par' dir='ltr' id='par_1_99' title="bbox 271 5583 1872 5657">
     <span class='ocr_line' id='line_1_99' title="bbox 271 5583 1872 5657; baseline 0.004 -21"><span class='ocrx_word' id='word_1_737' title='bbox 271 5596 434 5636; x_wconf 88' lang='lat' dir='ltr'><strong>nemo</strong></span> <span class='ocrx_word' id='word_1_738' title='bbox 488 5583 631 5637; x_wconf 91' lang='lat' dir='ltr'><strong>enim</strong></span> <span class='ocrx_word' id='word_1_739' title='bbox 659 5593 743 5637; x_wconf 89' lang='lat' dir='ltr'><strong>est</strong></span> <span class='ocrx_word' id='word_1_740' title='bbox 801 5586 891 5654; x_wconf 90' lang='lat' dir='ltr'><strong>qui</strong></span> <span class='ocrx_word' id='word_1_741' title='bbox 925 5585 1130 5641; x_wconf 87' lang='lat' dir='ltr'><strong>neseiat</strong></span> <span class='ocrx_word' id='word_1_742' title='bbox 1168 5600 1304 5657; x_wconf 89' lang='lat' dir='ltr'><strong>quas</strong></span> <span class='ocrx_word' id='word_1_743' title='bbox 1335 5585 1550 5654; x_wconf 89' lang='lat' dir='ltr'><strong>turbas,</strong></span> <span class='ocrx_word' id='word_1_744' title='bbox 1582 5602 1703 5656; x_wconf 72' lang='lat' dir='ltr'><strong>qua:</strong></span> <span class='ocrx_word' id='word_1_745' title='bbox 1752 5587 1872 5656; x_wconf 85' lang='lat' dir='ltr'><strong>jur-</strong></span> 
     </span>
    </p>
   </div>
   <div class='ocr_carea' id='block_1_100' title="bbox 272 5672 1870 5750">
    <p class='ocr_par' dir='ltr' id='par_1_100' title="bbox 272 5672 1870 5750">
     <span class='ocr_line' id='line_1_100' title="bbox 272 5672 1870 5750; baseline 0.007 -24"><span class='ocrx_word' id='word_1_746' title='bbox 272 5674 359 5743; x_wconf 87' lang='lat' dir='ltr'><strong>gia</strong></span> <span class='ocrx_word' id='word_1_747' title='bbox 412 5672 520 5729; x_wconf 88' lang='lat' dir='ltr'><strong>illis</strong></span> <span class='ocrx_word' id='word_1_748' title='bbox 581 5674 918 5747; x_wconf 90' lang='lat' dir='ltr'><strong>temporibus</strong></span> <span class='ocrx_word' id='word_1_749' title='bbox 985 5677 1229 5734; x_wconf 90' lang='lat' dir='ltr'><strong>doctrina</strong></span> <span class='ocrx_word' id='word_1_750' title='bbox 1268 5678 1525 5750; x_wconf 88' lang='lat' dir='ltr'><strong>Origenis</strong></span> <span class='ocrx_word' id='word_1_751' title='bbox 1574 5679 1716 5734; x_wconf 90' lang='lat' dir='ltr'><strong>inter</strong></span> <span class='ocrx_word' id='word_1_752' title='bbox 1753 5679 1870 5749; x_wconf 85' lang='lat' dir='ltr'><strong>ejus</strong></span> 
     </span>
    </p>
   </div>
   <div class='ocr_carea' id='block_1_101' title="bbox 269 5764 1869 5842">
    <p class='ocr_par' dir='ltr' id='par_1_101' title="bbox 269 5764 1869 5842">
     <span class='ocr_line' id='line_1_101' title="bbox 269 5764 1869 5842; baseline 0.006 -23"><span class='ocrx_word' id='word_1_753' title='bbox 269 5764 513 5825; x_wconf 83' lang='lat' dir='ltr'><strong>fautores</strong></span> <span class='ocrx_word' id='word_1_754' title='bbox 555 5776 719 5842; x_wconf 88' lang='lat' dir='ltr'><strong>atque</strong></span> <span class='ocrx_word' id='word_1_755' title='bbox 779 5769 1130 5827; x_wconf 87' lang='lat' dir='ltr'><strong>adversarios</strong></span> <span class='ocrx_word' id='word_1_756' title='bbox 1177 5771 1464 5830; x_wconf 87' lang='lat' dir='ltr'><strong>concierit.</strong></span> <span class='ocrx_word' id='word_1_757' title='bbox 1507 5771 1647 5841; x_wconf 87' lang='lat' dir='ltr'><strong>Quin</strong></span> <span class='ocrx_word' id='word_1_758' title='bbox 1704 5771 1869 5828; x_wconf 87' lang='lat' dir='ltr'><strong>etiam</strong></span> 
     </span>
    </p>
   </div>
   <div class='ocr_carea' id='block_1_102' title="bbox 1970 4715 3568 4811">
    <p class='ocr_par' dir='ltr' id='par_1_102' title="bbox 1970 4715 3568 4811">
     <span class='ocr_line' id='line_1_102' title="bbox 1970 4715 3568 4811; baseline -0.015 -17"><span class='ocrx_word' id='word_1_759' title='bbox 1970 4741 2287 4811; x_wconf 86' lang='lat' dir='ltr'><strong>scriptores,</strong></span> <span class='ocrx_word' id='word_1_760' title='bbox 2303 4739 2471 4792; x_wconf 85' lang='lat' dir='ltr'><strong>instar</strong></span> <span class='ocrx_word' id='word_1_761' title='bbox 2493 4733 2732 4790; x_wconf 87' lang='lat' dir='ltr'><strong>onmium</strong></span> <span class='ocrx_word' id='word_1_762' title='bbox 2758 4737 2901 4785; x_wconf 89' lang='lat' dir='ltr'><strong>esset</strong></span> <span class='ocrx_word' id='word_1_763' title='bbox 2929 4740 3066 4781; x_wconf 85' lang='lat' dir='ltr'><strong>unus</strong></span> <span class='ocrx_word' id='word_1_764' title='bbox 3090 4719 3436 4794; x_wconf 84' lang='lat' dir='ltr'><strong>Augustinus.</strong></span> <span class='ocrx_word' id='word_1_765' title='bbox 3469 4715 3568 4771; x_wconf 79' lang='lat' dir='ltr'><strong>llic</strong></span> 
     </span>
    </p>
   </div>
   <div class='ocr_carea' id='block_1_103' title="bbox 1971 4807 3566 4891">
    <p class='ocr_par' dir='ltr' id='par_1_103' title="bbox 1971 4807 3566 4891">
     <span class='ocr_line' id='line_1_103' title="bbox 1971 4807 3566 4891; baseline -0.018 -3"><span class='ocrx_word' id='word_1_766' title='bbox 1971 4807 2114 4888; x_wconf 82' lang='lat' dir='ltr'><strong>enim</strong></span> <span class='ocrx_word' id='word_1_767' title='bbox 2175 4831 2377 4886; x_wconf 91' lang='lat' dir='ltr'><strong>nullam</strong></span> <span class='ocrx_word' id='word_1_768' title='bbox 2431 4827 2569 4884; x_wconf 91' lang='lat' dir='ltr'><strong>elabi</strong></span> <span class='ocrx_word' id='word_1_769' title='bbox 2623 4823 2726 4879; x_wconf 90' lang='lat' dir='ltr'><strong>sibi</strong></span> <span class='ocrx_word' id='word_1_770' title='bbox 2769 4819 2967 4891; x_wconf 90' lang='lat' dir='ltr'><strong>patitur</strong></span> <span class='ocrx_word' id='word_1_771' title='bbox 3014 4813 3381 4874; x_wconf 89' lang='lat' dir='ltr'><strong>occasionem,</strong></span> <span class='ocrx_word' id='word_1_772' title='bbox 3437 4807 3566 4878; x_wconf 90' lang='lat' dir='ltr'><strong>quin</strong></span> 
     </span>
    </p>
   </div>
   <div class='ocr_carea' id='block_1_104' title="bbox 1971 4901 3570 4992">
    <p class='ocr_par' dir='ltr' id='par_1_104' title="bbox 1971 4901 3570 4992">
     <span class='ocr_line' id='line_1_104' title="bbox 1971 4901 3570 4992; baseline -0.019 -8"><span class='ocrx_word' id='word_1_773' title='bbox 1971 4926 2317 4984; x_wconf 82' lang='lat' dir='ltr'><strong>Ambrosium</strong></span> <span class='ocrx_word' id='word_1_774' title='bbox 2345 4933 2399 4980; x_wconf 96' lang='lat' dir='ltr'><strong>et</strong></span> <span class='ocrx_word' id='word_1_775' title='bbox 2425 4919 2578 4992; x_wconf 89' lang='lat' dir='ltr'><strong>quasi</strong></span> <span class='ocrx_word' id='word_1_776' title='bbox 2606 4925 2883 4989; x_wconf 90' lang='lat' dir='ltr'><strong>parentem</strong></span> <span class='ocrx_word' id='word_1_777' title='bbox 2917 4911 3079 4976; x_wconf 88' lang='lat' dir='ltr'><strong>colat,</strong></span> <span class='ocrx_word' id='word_1_778' title='bbox 3110 4917 3164 4962; x_wconf 91' lang='lat' dir='ltr'><strong>et</strong></span> <span class='ocrx_word' id='word_1_779' title='bbox 3187 4903 3338 4976; x_wconf 90' lang='lat' dir='ltr'><strong>quasi</strong></span> <span class='ocrx_word' id='word_1_780' title='bbox 3379 4901 3570 4957; x_wconf 68' lang='lat' dir='ltr'><strong>docto.-</strong></span> 
     </span>
    </p>
   </div>
   <div class='ocr_carea' id='block_1_105' title="bbox 1970 4992 3569 5087">
    <p class='ocr_par' dir='ltr' id='par_1_105' title="bbox 1970 4992 3569 5087">
     <span class='ocr_line' id='line_1_105' title="bbox 1970 4992 3569 5087; baseline -0.02 -9"><span class='ocrx_word' id='word_1_781' title='bbox 1970 5036 2087 5078; x_wconf 88' lang='lat' dir='ltr'><strong>rem</strong></span> <span class='ocrx_word' id='word_1_782' title='bbox 2142 5035 2206 5075; x_wconf 91' lang='lat' dir='ltr'><strong>ac</strong></span> <span class='ocrx_word' id='word_1_783' title='bbox 2258 5017 2575 5087; x_wconf 87' lang='lat' dir='ltr'><strong>magistrum</strong></span> <span class='ocrx_word' id='word_1_784' title='bbox 2627 5018 2903 5078; x_wconf 87' lang='lat' dir='ltr'><strong>sequatur.</strong></span> <span class='ocrx_word' id='word_1_785' title='bbox 2956 4997 3236 5057; x_wconf 88' lang='lat' dir='ltr'><strong>Contende</strong></span> <span class='ocrx_word' id='word_1_786' title='bbox 3285 4992 3569 5062; x_wconf 89' lang='lat' dir='ltr'><strong>utriusque</strong></span> 
     </span>
    </p>
   </div>
   <div class='ocr_carea' id='block_1_106' title="bbox 1973 5083 3569 5175">
    <p class='ocr_par' dir='ltr' id='par_1_106' title="bbox 1973 5083 3569 5175">
     <span class='ocr_line' id='line_1_106' title="bbox 1973 5083 3569 5175; baseline -0.025 0"><span class='ocrx_word' id='word_1_787' title='bbox 1973 5116 2298 5175; x_wconf 88' lang='lat' dir='ltr'><strong>doctrinam,</strong></span> <span class='ocrx_word' id='word_1_788' title='bbox 2329 5120 2384 5165; x_wconf 85' lang='lat' dir='ltr'><strong>et</strong></span> <span class='ocrx_word' id='word_1_789' title='bbox 2414 5105 2670 5162; x_wconf 80' lang='lat' dir='ltr'><strong>fateberis</strong></span> <span class='ocrx_word' id='word_1_790' title='bbox 2698 5117 2804 5156; x_wconf 90' lang='lat' dir='ltr'><strong>non</strong></span> <span class='ocrx_word' id='word_1_791' title='bbox 2827 5095 3295 5154; x_wconf 89' lang='lat' dir='ltr'><strong>temeredictuma</strong></span> <span class='ocrx_word' id='word_1_792' title='bbox 3317 5083 3569 5138; x_wconf 64' lang='lat' dir='ltr'><strong>doctissio</strong></span> 
     </span>
    </p>
   </div>
   <div class='ocr_carea' id='block_1_107' title="bbox 1975 5574 3352 5660">
    <p class='ocr_par' dir='ltr' id='par_1_107' title="bbox 1975 5574 3352 5660">
     <span class='ocr_line' id='line_1_107' title="bbox 1975 5574 3352 5660; baseline -0.03 -17"><span class='ocrx_word' id='word_1_793' title='bbox 1975 5583 2176 5660; x_wconf 89' lang='lat' dir='ltr'><strong>passim</strong></span> <span class='ocrx_word' id='word_1_794' title='bbox 2205 5574 2506 5636; x_wconf 84' lang='lat' dir='ltr'><strong>consuevit.</strong></span> <span class='ocrx_word' id='word_1_795' title='bbox 3337 5615 3352 5641; x_wconf 39' lang='grc' dir='ltr'>δ</span> 
     </span>
    </p>
   </div>
  </div>
