4102 6360
519 309 606 368 '27
1771 297 1928 358 VITA
1971 297 2222 360 SANCTI
2259 299 2584 360 AMBROSII

567 435 3242 462 Mm

919 633 986 689 Θ
1135 607 1578 740 VlTA
1663 603 2292 736 SANCTI
2387 603 3238 738 AMBROSII

1437 833 2336 910 MEDIOLANENSIS
2387 833 2932 928 EPISCOPI,

995 1019 1040 1077 A
1065 1017 1386 1104 ΞΑΙΙΙΑΙΝΟ
1425 1017 1593 1076 EJUS
1631 1013 1938 1076 NOTABIO
1977 1015 2068 1072 AD
2107 1015 2398 1072 BEATUM
2439 1013 2886 1074 AUGUSTINUM
2925 1011 3378 1072 CONSCRIPTA.

1851 1166 2542 1224 «causasua

614 1346 666 1402 l.
701 1343 970 1411 I-lortaris,
997 1342 1322 1399 venerabilis
1363 1349 1516 1413 pater
1543 1341 1874 1414 Augustine,
1925 1339 2144 1395 utsicut
2169 1336 2224 1399 Α
2249 1335 2459 1392 initium
2507 1351 2742 1404 sumam,
2785 1345 2844 1394 ut
2877 1339 3046 1412 gratia
3097 1339 3198 1396 viri
3239 1337 3308 1394 ab
3341 1337 3694 1398 incunabulis
3743 1355 3868 1412 qua:

541 1441 682 1496 beati
712 1439 814 1494 viri
843 1439 1170 1494 Athanasius
1193 1439 1480 1509 episcopus
1507 1447 1560 1492 et
1603 1436 1962 1508 llieronymus
1993 1447 2142 1500 pres-

543 1531 703 1605 byter
757 1532 906 1604 style
949 1531 1224 1601 prosecuti
1273 1539 1400 1586 sunt
1451 1531 1590 1584 vitas
1636 1537 1944 1584 sanctorum
1991 1525 2140 1582 Pauli

543 1637 596 1682 ct
623 1625 844 1682 Antonii
893 1625 946 1680 in
987 1641 1173 1680 eremo
1219 1628 1538 1696 positorum,
1593 1627 1732 1682 sicut
1787 1626 1948 1682 etiam
2003 1623 2139 1678 Mar-

548 1719 642 1774 tini
677 1719 1004 1774 venerabilis
1032 1721 1272 1790 episcopi
1299 1719 1632 1774 Turonensis
1666 1719 1923 1776 Ecclesia:
1969 1717 2142 1774 Seve'

545 1826 638 1868 rus
685 1827 874 1868 servus
921 1812 1018 1868 Dei
1071 1812 1349 1868 luculento
1403 1828 1658 1870 sermone
1695 1811 2003 1878 contexuit;
2065 1813 2144 1868 sic

545 1907 708 1962 etiam
753 1921 854 1974 ego
925 1905 1222 1962 beatissimi
1269 1906 1538 1962 Ambrosd
1589 1907 1834 1978 episcopi
1883 1905 2142 1962 Mediola-

547 2001 732 2054 nt-nsis
761 1999 1021 2054 Ecclesia:
1049 2016 1172 2056 meo
1217 2015 1514 2072 prosequar
1559 2003 1722 2073 stylo.
1777 1999 1884 2058 Sed
1934 2017 2036 2072 ego
2091 2008 2148 2054 ut

551 2091 760 2148 meritis
805 2091 1086 2148 tantorum
1135 2097 1398 2162 virorum,
1443 2095 1536 2166 qui
1583 2095 1722 2150 muri
1776 2094 2145 2150 Ecclesiarum

551 2196 716 2252 sunt,
769 2197 824 2244 et
851 2189 1171 2260 eloquentia!
1203 2189 1420 2256 fontes;
1465 2191 1534 2244 ita
1587 2189 1750 2246 etiam
1781 2205 2036 2246 sermone
2063 2205 2149 2246 me

553 2279 814 2352 imparem
861 2281 1004 2336 novi.
1038 2280 1242 2336 Tamen
1288 2283 1410 2352 quia
1444 2281 1738 2338 absurdum
1781 2297 1902 2336 esse
1933 2281 2146 2352 opinor,

549 2375 692 2446 quod
723 2377 994 2448 pr:rcipis,
1041 2375 1338 2446 declinare,
1395 2393 1456 2432 ea
1509 2393 1630 2448 quae
1669 2393 1698 2432 a
1753 2377 2150 2448 probatiSsimis

550 2469 702 2534 viris,
760 2468 852 2540 qui
911 2469 988 2524 illi
1031 2480 1158 2525 ante
1209 2487 1296 2524 me
1345 2471 1652 2536 astiterunt,
1703 2481 1760 2526 et
1801 2473 2036 2526 maxime
2081 2471 2150 2526 ab

551 2577 742 2618 sorore
767 2565 936 2632 ipsius
965 2565 1260 2620 venerabili
1301 2565 1608 2621 Marcellino
1645 2565 1851 2630 didici,
1903 2567 1988 2622 vel
2029 2583 2150 2637 qua:

553 2655 672 2724 ipse
700 2655 832 2722 vidi,
861 2671 984 2712 cntn
1015 2657 1090 2712 illi
1121 2667 1379 2726 astaretn,
1405 2660 1490 2714 vel
1533 2675 1652 2730 qua:
1684 2660 1752 2716 ab
1793 2661 1858 2714 iis
1899 2661 2148 2732 cognovi,

2245 1433 2406 1488 fuerit
2429 1476 2444 1502 ,
2489 1427 2842 1504 agnoscatur.

2318 1529 2370 1582 5.
2415 1527 2582 1598 Igitur
2623 1528 2802 1600 posito
2849 1529 2902 1584 in
2979 1529 3452 1586 administratione
3507 1529 3866 1602 prafecturre

2245 1622 2543 1678 Galliarum
2577 1633 2600 1660 ει
2651 1631 2802 1694 patre
2843 1624 2962 1696 ejus
3009 1625 3334 1692 Ambrosio,
3383 1634 3542 1680 natus
3577 1637 3669 1680 est
3729 1627 3868 1682 Am-

2249 1717 2485 1772 brOsius.
2517 1717 2618 1782 Qui
2647 1716 2908 1772 infans-in
2933 1733 3058 1774 area
3089 1717 3330 1788 praetorii
3359 1719 3408 1772 in
3441 1733 3578 1774 cuna
3613 1719 3863 1790 positus,

2247 1825 2370 1866 cum
2399 1810 2661 1866 dormiret
2711 1823 2900 1882 aperto
2947 1811 3528 1874 ore.subitoexatnen
3573 1827 3748 1882 apum
3771 1811 3868 1866 ad-

2249 1905 2490 1972 veniens,
2519 1904 2712 1960 faciem
2765 1905 2880 1976 ejus
2935 1915 3096 1976 atque
3147 1921 3242 1960 ora
3285 1905 3616 1975 complevit;
3671 1909 3754 1962 ita
3807 1915 3866 1962 ut

2251 2001 2584 2072 ingrediendi
2625 2001 2678 2056 in
2733 2015 2828 2068 os,
2880 2001 3302 2072 cgredicndiqne
3349 2002 3496 2058 vices
3547 2003 3868 2074 frequenta-

2253 2107 2392 2152 rent.
2423 2097 2554 2162 Qun:
2593 2103 2768 2166 pater,
2819 2095 2912 2166 qui
2963 2105 3182 2166 propter
3231 2111 3350 2150 cunt
3401 2107 3574 2152 matre
3621 2097 3706 2152 vel
3755 2095 3866 2150 lilia

2251 2187 2664 2256 deambulabat,
2701 2203 2768 2242 ne
2791 2187 3138 2258 abiget-eatur
3173 2187 3242 2242 ab
3265 2188 3482 2254 ancilla,
3515 2205 3636 2258 quae
3667 2203 3864 2244 curam

2254 2281 2526 2338 nutriendi
2577 2281 2796 2336 infantis
2835 2291 3168 2354 susceperat,
3243 2269 3538 2352 prohibens
3593 2281 3866 2354 (sollicita

2251 2381 2396 2436 enim
2419 2389 2536 2434 erat
2563 2394 2630 2434 ne
2671 2378 2858 2433 infanti
2895 2377 3178 2448 nocerent)
3213 2374 3242 2414 ιι
3281 2377 3630 2448 exspectabat
3679 2377 3865 2447 patrio

2254 2473 2483 2538 aﬂectu,
2529 2487 2636 2542 quo
2687 2471 2792 2526 ﬁne
2836 2471 2966 2526 illud
3009 2470 3332 2526 miraculum
3382 2469 3748 2526 clauderetur.
3797 2469 3867 2524 At

2255 2565 2361 2620 illa:
2389 2574 2510 2635 post
2559 2565 2890 2636 aliquamdiu
2967 2564 3296 2630 evolantes,
3377 2563 3430 2616 in
3471 2572 3674 2618 tantum
3723 2561 3868 2618 aeris

2256 2661 2598 2716 altitudinem
2633 2659 2926 2714 sublevatte
2955 2667 3112 2726 sunt,
3143 2667 3202 2712 ut
3243 2658 3492 2712 Immanis
3537 2656 3712 2712 oculis
3765 2655 3868 2710 mi-

553 2747 642 2818 qui
673 2747 824 2802 illum
859 2751 910 2804 itt
941 2749 1170 2806 diversis
1205 2753 1502 2822 provinciis
1557 2763 1676 2824 post
1727 2753 1935 2810 obitum
1985 2755 2152 2826 ipsius
2185 2744 2232 2804 B
2261 2755 2405 2810 ninte
2439 2753 2770 2808 viderentur.
2813 2753 2931 2822 Quo
2961 2751 3102 2806 iacto
3153 2751 3374 2806 territus
3425 2759 3580 2821 pater
3629 2749 3706 2804 ait
3739 2767 3752 2804 :
3807 2747 3866 2804 Si

555 2856 616 2896 se
639 2840 840 2898 vidisse
865 2854 1173 2906 narrarunt.
1207 2845 1290 2900 vel
1321 2861 1440 2916 qua:
1471 2845 1534 2902 ad
1579 2847 1728 2902 illum
1756 2849 1954 2918 scripta
1985 2859 2152 2917 sunt,

555 2948 676 2988 cum
729 2935 906 2991 adlmc
951 2937 1152 2994 obiisse
1208 2938 1511 2994 nesciretur
1551 2957 1564 2994 :
1611 2941 1827 3010 adjutus
1888 2941 2151 2996 orationi-

556 3027 656 3084 bus
685 3031 810 3092 tttis,
835 3040 888 3086 et
917 3031 1122 3088 meritis
1155 3033 1286 3088 tanti
1319 3033 1442 3100 viri,
1489 3033 1614 3090 licet
1645 3035 1847 3090 inculto
1875 3051 2150 3104 sermone,

559 3122 797 3180 breviter
821 3125 1162 3196 strictimque
1193 3125 1500 3184 describam
1529 3147 1543 3194 ;
1569 3139 1626 3184 ut
1657 3129 1875 3186 lectoris
1915 3130 2152 3186 animum

555 3220 657 3274 etsi
705 3233 886 3274 setmo
915 3219 1202 3276 olfettderit
1227 3263 1243 3290 ,
1279 3221 1515 3278 brevitas
1545 3233 1720 3280 tamen
1751 3223 1820 3280 ad
1865 3223 2152 3292 legendum

559 3325 814 3385 provocet
843 3333 855 3370 :
887 3331 986 3371 nec
1017 3317 1306 3372 verborum
1339 3317 1473 3372 fucis
1521 3321 1804 3374 veritatem
1847 3317 2110 3374 obducatn
2137 3359 2152 3384 ,

559 3423 628 3462 ne
645 3408 770 3462 dum
803 3408 1041 3477 scriptor
1073 3409 1355 3478 elegantiae
1383 3426 1636 3481 pompam
1677 3413 1944 3482 requirit,
1985 3411 2156 3466 lector

559 3509 826 3556 tantarum
873 3500 1130 3557 virtutum
1185 3504 1398 3558 amittat
1453 3505 1772 3572 scientiam,
1833 3519 1992 3574 quem
2049 3520 2156 3560 non

561 3595 732 3664 magis
785 3593 1056 3665 phaleras,
1103 3610 1432 3666 pompasque
1482 3597 1791 3662 verborum,
1839 3612 1997 3664 quant
2043 3597 2157 3652 viro

561 3694 732 3742 tutetn
781 3703 996 3754 rerum,
1043 3687 1380 3759 gratiamque
1433 3688 1665 3758 Spiritus
1709 3689 1884 3745 sancti
1909 3703 2160 3760 spectare

561 3780 868 3836 conveniat.
901 3781 1177 3852 Siquidem
1224 3783 1538 3838 noverimus
1593 3783 1826 3838 viatores
1865 3783 2158 3852 gratiorem

565 3874 766 3932 habere
822 3891 1014 3946 aquam
1067 3876 1211 3930 brevi
1268 3891 1404 3931 vena
1463 3875 1782 3942 stillantem,
1843 3875 1988 3932 forte
2036 3891 2160 3932 cum

562 3969 770 4036 sitiunt,
802 3985 960 4040 quant
997 3969 1313 4040 pri-ﬂuentis
1357 3967 1523 4024 fontis
1574 3971 1742 4036 rivos,
1789 3985 2020 4041 quorum
2069 3985 2162 4026 co-

563 4063 704 4134 piam
749 4064 868 4118 sitis
916 4073 1160 4135 tempore
1199 4064 1441 4134 reperire
1479 4080 1586 4120 non
1640 4075 1887 4136 possunt.
1917 4065 1984 4120 Et
2029 4065 2157 4120 hor-

565 4155 798 4212 deaceus
845 4156 998 4226 panis
1039 4157 1212 4214 dulcis
1243 4158 1381 4212 solet
1402 4171 1520 4214 esse
1557 4159 1720 4213 etiam
1773 4159 1854 4216 bis
1899 4160 1989 4230 qui
2035 4173 2163 4214 cen-

567 4250 706 4304 tenis
741 4249 948 4306 vicibus
987 4250 1310 4306 ferculorum
1343 4253 1642 4322 quotidiani
1688 4253 1918 4308 convivii
1973 4254 2162 4322 cupias

565 4355 782 4400 ructare
820 4356 1170 4400 consuerunt.
1225 4345 1331 4400 Sed
1387 4355 1440 4402 et
1477 4348 1756 4402 hortorum
1800 4362 2012 4402 alumna
2065 4348 2167 4402 tni-

567 4439 812 4496 rantibus
839 4439 1022 4496 herbze
1053 4451 1295 4512 agrestes
1323 4441 1540 4512 placere
1563 4451 1984 4498 consueverunt.

639 4534 694 4590 2.
725 4533 1089 4601 Quamobrem
1129 4536 1356 4590 obsecro
1399 4552 1498 4592 vos
1543 4552 1736 4592 omnes
1763 4578 1776 4598 .
1831 4535 1890 4594 in
1935 4551 2165 4608 quorum

571 4629 819 4684 manibus
851 4629 988 4684 liber
1013 4631 1113 4686 iste
1143 4630 1484 4698 versabitur,
1515 4630 1828 4686 utcredatis
1864 4645 1992 4686 vera
2021 4644 2162 4699 esse,

570 4737 690 4792 quae
733 4725 1051 4793 scripsimus
1095 4741 1111 4780 :
1163 4740 1262 4780 nec
1314 4733 1468 4796 putet
1523 4741 1610 4780 me
1652 4725 1936 4794 quisquam
1989 4725 2167 4780 studio

573 4815 776 4872 amoris
805 4817 1008 4886 aliquid
1035 4818 1177 4889 quod
1209 4819 1314 4874 (ide
1345 4826 1527 4874 careat
1552 4860 1580 4884 ,.
1627 4817 1876 4889 posuisse
1903 4833 1918 4882 ;
1952 4817 2168 4888 quando

571 4911 789 4984 quidem
823 4914 1018 4970 melius
1053 4923 1124 4970 Sit
1161 4915 1374 4985 penitus
1421 4913 1556 4970 nihil
1599 4913 1802 4982 dicere,
1859 4928 2018 4984 quam
2065 4913 2166 4968 ali-

573 5007 702 5078 quid
733 5006 852 5064 falsi
885 5009 1148 5078 proferre,
1194 5027 1314 5064 cum
1353 5011 1586 5066 sciamus
1631 5025 1728 5066 nos
1773 5009 2015 5066 omnium
2055 5024 2170 5064 scr-

576 5117 798 5158 monum
830 5111 1138 5160 nostrorum
1169 5103 1476 5160 reddituros
1499 5119 1620 5160 esse
1647 5102 2168 5174 rationem(Mattlt.,

576 5211 652 5254 xu
675 5239 689 5263 ,
727 5197 855 5268 16).
881 5195 992 5254 Nec
1014 5196 1255 5252 dubitem
1299 5205 1356 5252 et
1383 5197 1428 5252 si
1457 5213 1565 5252 non
1597 5197 1664 5251 ab
1689 5191 1940 5252 omnibus
1965 5197 2170 5262 omnia,

577 5299 754 5348 tamen
787 5307 818 5346 ιι
861 5291 1095 5346 diversis
1137 5291 1350 5346 diversa
1381 5291 1527 5358 sciri,
1583 5298 1640 5346 et
1668 5305 1730 5346 ea
1769 5291 1983 5360 cognita
2033 5303 2172 5344 non-

579 5387 743 5442 nullis
782 5401 926 5452 esse,
971 5387 1276 5457 quaaetiam
1325 5387 1504 5442 minus
1545 5386 1659 5456 ipse
1700 5396 1794 5440 aut
1842 5383 2030 5440 audire
2081 5393 2174 5440 aut

577 5481 762 5538 videre
793 5483 959 5552 potui.
1005 5481 1166 5538 Unde
1206 5495 1236 5536 a
1285 5479 1371 5538 die
1400 5479 1695 5536 nativitatis
1750 5479 1866 5550 ejus
1917 5476 2173 5534 narrandi

2264 2847 2768 2908 vixeritittlantnlus
2795 2844 3136 2916 istc,aliquid
3165 2847 3342 2914 magni
3370 2846 3495 2900 erit.
3521 2845 3868 2914 Operabatur

2261 2941 2401 2996 enim
2429 2939 2538 3010 jaut
2569 2947 2696 2994 tunc
2725 2939 2984 2994 Dominus
3011 2941 3064 2994 in
3111 2939 3311 2994 servuli
3363 2939 3449 2993 sui
3499 2938 3746 3002 infantia,
3803 2945 3860 2992 ut

2261 3037 2580 3106 impleretur
2607 3033 2750 3104 quod
2791 3031 2998 3088 dictum
3046 3039 3132 3086 est
3159 3049 3174 3086 :
3205 3027 3338 3086 Favi
3389 3031 3558 3088 mellis
3603 3045 3868 3086 sermones

2261 3129 2380 3184 boni
2437 3127 2667 3200 (Prom,
2715 3143 2824 3192 xvr,
2870 3125 3022 3198 24);
3053 3125 3184 3182 illttd
3233 3127 3375 3182 enim
3423 3141 3650 3182 examen
3701 3141 3866 3195 aputu

2261 3225 2586 3294 scriptorum
2613 3221 2784 3292 ipsius
2807 3219 2962 3276 nobis
2988 3219 3466 3292 generabatfa_vos,
3497 3217 3588 3288 qui
3611 3218 3868 3274 coelestia

2261 3319 2400 3374 dona
2432 3317 2818 3370 ammntiarent
2847 3356 2860 3380 ,
2895 3325 2950 3372 et
2979 3323 3190 3370 tuentes
3217 3313 3492 3370 hominum
3519 3309 3588 3368 de
3627 3313 3868 3368 terrenis

2263 3410 2332 3464 ad
2354 3411 2547 3466 cmlum
2571 3410 2862 3480 erigerent.
3135 3411 3146 3422 ‘

2335 3507 2390 3562 4.
2426 3505 2618 3560 Postea
2649 3518 2780 3559 vero
2821 3519 2944 3558 cum
2971 3502 3342 3568 adolevisset,
3383 3509 3602 3556 etesset
3645 3500 3698 3556 in
3731 3499 3868 3557 urbe

2265 3601 2438 3656 Roma
2469 3603 2802 3656 constitutus
2831 3615 2954 3656 cum
2989 3611 3161 3654 matre
3201 3597 3362 3654 vidua
3401 3604 3458 3652 et
3489 3611 3700 3663 sorore,
3741 3609 3868 3666 qua:

2266 3694 2630 3766 virginitatem
2679 3695 2790 3764 jam
2837 3691 3008 3750 fuerat
3053 3689 3320 3763 professa,
3377 3689 3580 3744 comite
3607 3687 3712 3742 alia
3759 3687 3870 3742 vir—

2265 3791 2414 3864 gine,
2446 3789 2600 3860 cujus
2640 3790 2868 3858 virginis
2887 3803 3046 3842 soror
3075 3785 3338 3853 Candida,
3387 3795 3444 3842 et
3477 3787 3590 3856 ipsa
3619 3783 3864 3855 ejusdem

2271 3883 2641 3955 professionis,
2671 3897 2792 3952 qua:
2823 3895 2964 3936 nunc
2991 3879 3320 3950 Carthagine
3344 3877 3492 3949 degit
3513 3878 3626 3947 jam
3677 3889 3814 3932 anus
3847 3891 3860 3940 ;

2269 3995 2390 4036 eum
2439 3979 2644 4034 videret
2697 3989 2718 4018 ο
2769 3979 3144 4034 Sacerdotibus
3195 3993 3224 4032 a
3279 3977 3601 4040 domestica,
3655 3987 3858 4040 sorore,

2268 4075 2352 4130 vel
2405 4083 2576 4128 matre
2619 4089 2824 4142 manus
2861 4073 3130 4138 Osculari,
3191 4071 3306 4141 ipse
3357 4070 3548 4128 ludens
3601 4069 3865 4126 offerebat

2187 4149 2234 4212 δ
2267 4171 2572 4232 dexteram,
2631 4167 2819 4222 dicens
2863 4177 2920 4224 et
2945 4167 3046 4222 sibi
3099 4166 3152 4222 id
3198 4167 3266 4222 ub
3293 4182 3356 4222 ea
3403 4167 3518 4222 ﬁeri
3565 4173 3860 4236 oportere,

2265 4263 2532 4334 siquidem
2561 4262 2876 4332 episcouum
2909 4276 2968 4316 se
3019 4259 3260 4316 futurum
3303 4273 3424 4316 esse
3477 4259 3860 4322 memorabat;

2269 4355 2592 4426 loquebatur
2619 4355 2760 4410 enim
2811 4355 2864 4408 in
2896 4353 2988 4410 illo
3017 4353 3248 4426 Spiritus
3296 4351 3548 4418 Domini,
3593 4353 3686 4420 qui
3717 4351 3862 4406 illunt

2267 4450 2330 4504 ad
2357 4447 2718 4504 sacerdotium
2753 4447 3058 4502 nutriebat:
3091 4447 3176 4500 illa
3201 4460 3332 4502 vero
3379 4456 3436 4500 ut
3464 4445 3861 4502 adulescentem

2268 4555 2317 4602 et
2351 4543 2682 4600 nescientem
2709 4541 2836 4612 quid
2859 4541 3100 4608 diceret,
3159 4541 3468 4610 respuebat.

2339 4637 2394 4692 5.
2435 4635 2541 4693 Sed
2576 4645 2862 4707 postquam
2905 4635 3132 4690 edoctus
3163 4631 3482 4690 liberalibus
3527 4629 3828 4702 disciplinis
3851 4671 3866 4698 ,

2269 4747 2333 4788 cx
2384 4729 2528 4787 Urbe
2578 4743 2832 4799 egressus
2881 4737 2998 4794 est,
3061 4725 3450 4798 professusque
3489 4725 3542 4780 in
3603 4723 3870 4778 auditorio

2271 4822 2608 4895 praefecturae
2641 4821 2907 4890 praetorii,
2942 4821 3012 4874 ita
3043 4818 3326 4890 splendide
3357 4833 3546 4872 causas
3579 4817 3868 4888 peroravit;

2273 4927 2330 4972 ut
2377 4917 2726 4987 eligeretura
2779 4912 2900 4968 viro
2945 4911 3142 4968 illustri
3197 4910 3398 4976 Probo,
3444 4918 3572 4964 tunc
3617 4906 3873 4979 praefecto

2273 5011 2514 5081 praetorii
2551 5050 2565 5074 ,
2624 5005 2690 5062 ad
2747 5005 3030 5062 consilium
3113 5003 3480 5058 tribuendum.
3555 5001 3687 5056 Post
3757 5001 3871 5055 haec

2274 5101 2678 5160 Consularitatis
2700 5101 2940 5170 suscepit
2967 5100 3196 5170 insignia
3217 5139 3230 5163 ,
3257 5108 3312 5151 ut
3339 5109 3548 5166 regeret
3575 5095 3870 5166 Liguriam,

2276 5197 2662 5265 Etttiliamque
2693 5193 3012 5264 provincias,
3051 5192 3307 5262 venitque
3337 5189 3726 5246 Mediolanum.

2347 5292 2400 5348 ϐ.
2435 5292 2538 5348 Per
2589 5291 2728 5348 idem
2781 5299 3015 5358 tempus,
3077 5297 3293 5341 mortuo
3335 5285 3608 5342 Auxentio
3661 5284 3874 5339 Ariona:

2279 5385 2518 5458 perfidiae
2575 5386 2833 5454 episcopo
2891 5381 3020 5452 (qui
3073 5379 3330 5448 Dionysio
3373 5378 3547 5432 beata:
3599 5377 3876 5431 memoria:

2278 5481 2592 5538 confessore
2664 5478 2732 5534 ad
2794 5477 3046 5534 exsilium
3107 5473 3412 5540 destinato,
3493 5470 3520 5510 ά
3588 5471 3878 5528 incubabat

651 5633 676 5660 τι
703 5624 884 5679 Codex
910 5625 1090 5692 Mich.,
1121 5635 1268 5696 patre
1313 5624 1445 5680 beati
1475 5623 1755 5690 Ambrosii,
1799 5623 2002 5678 nomine
2049 5625 2172 5679 Am—
2200 5615 2252 5677 D
2279 5623 2404 5677 stica
2439 5633 2616 5674 sorore
2650 5617 2733 5696 uel
2773 5626 2932 5670 matre
2969 5629 3161 5696 intuitus
3191 5613 3532 5696 osculari“...
3563 5611 3720 5696 abeis
3762 5609 3876 5694 ﬁeri

581 5693 767 5758 brosio,
795 5707 944 5750 natus
969 5699 1078 5765 ipse
1105 5693 1280 5752 brutus
1323 5697 1622 5752 Ambrosius
1647 5706 1742 5751 est.

653 5765 850 5844 lfidem
875 5769 1065 5844 codex.
1100 5772 1276 5840 ﬁnem-
1305 5771 1379 5844 rei
1407 5769 1820 5844 ριηθδιοιίιὸιιιιιν,
1852 5785 1954 5840 quo
1983 5769 2174 5823 scilicet

581 5840 761 5894 ordine
781 5842 914 5896 illud
945 5843 1250 5896 miraculum
1277 5840 1624 5900 clauderetur.

656 5923 678 5951 ο
709 5913 907 5972 Omnes
925 5914 1056 5971 edit.
1091 5929 1154 5970 ac
1178 5929 1309 5972 mss.
1335 5915 1602 5986 nonnulli,
1629 5913 1913 5972 sacerdotis
1936 5931 1968 5968 a
1990 5913 2172 5970 dome-

2285 5703 2560 5764 oportere;
2612 5689 2702 5743 alii
2749 5701 2880 5742 mss.
2935 5684 3116 5754 plures
3159 5699 3224 5737 ac
3265 5683 3541 5754 potiores,
3591 5693 3646 5737 ut
3679 5697 3776 5738 nos
3824 5683 3876 5736 in

2283 5775 2665 5888 tuaul‘ionnulli
2698 5845 2854 5894 mss.,
2887 5827 3186 5882 incursabat
3209 5823 3490 5880 Ecclesium
3512 5843 3532 5893 ;
3561 5825 3769 5894 caiteri,
3799 5825 3880 5880 in-

2281 5907 2500 5966 cubabat
2525 5903 2832 5970 Ecclesium,
2863 5899 3018 5970 edit.,
3049 5897 3314 5954 Ecclesia.
