4102 6360
231 313 311 370 9.9
1000 314 1038 368 A
1082 310 1382 369 PAULINO
1421 309 1512 366 AD
1552 309 1838 367 BEATUM
1878 308 2333 370 AUGUSTINUM
2372 310 2822 370 CONSCRIPTA.
3498 313 3569 370 50

237 431 586 507 Ecclesium)
623 448 745 489 eum
792 433 1020 504 populus
1046 430 1114 487 ad
1146 430 1468 486 seditionem
1497 437 1747 500 surgeret
1800 429 1853 484 in
1883 433 1936 492 Α
2033 427 2088 485 9.
2121 431 2401 488 Pendente
2440 433 2621 497 itaque
2664 431 2948 495 relatione,
2999 429 3193 485 iterum
3243 430 3424 499 fugam
3483 445 3577 501 pa-

235 529 495 596 petendo
553 531 834 601 episcopo,
863 539 1112 598 essetque
1159 526 1236 580 illi
1286 541 1413 580 cura
1473 518 1730 580 sedandae
1775 539 1862 580 se-

232 621 478 679 ditionis
509 667 523 690 ,
595 639 663 680 ne
712 623 940 692 populus
1021 619 1254 676 civitatis
1326 621 1378 674 in
1429 619 1727 691 perieulum
1777 617 1860 673 sui

233 726 609 783 verteretur,
672 715 912 787 perrexit
954 715 1020 768 ad
1074 713 1370 769 Ecclesiam
1425 731 1439 767 :
1497 713 1681 784 ibique
1735 727 1859 767 cum

231 809 634 882 alloqneretur
681 810 915 879 plebem,
978 805 1160 862 subito
1204 821 1306 861 vox
1350 804 1518 861 fertur
1561 816 1585 840 ιι
1639 803 1859 860 infantis

235 901 298 957 in
333 903 544 973 populo
566 905 814 958 sonuisse
846 901 1191 956 Ambrosium
1222 901 1562 970 episc0pum.
1594 899 1675 954 Ad
1707 897 1860 966 cujus

234 998 397 1052 vocis
425 1013 625 1053 sonum
659 998 820 1052 lotius
852 996 1036 1065 populi
1058 1012 1152 1051 ora
1177 1011 1440 1052 conversa
1481 1005 1601 1050 sunt
1629 1035 1643 1059 ,
1685 996 1862 1050 accla-

233 1090 452 1144 mantis
507 1089 854 1146 Ambrosium
903 1089 1258 1159 episcopum;
1297 1089 1369 1143 ita
1422 1087 1514 1158 qui
1557 1097 1712 1142 antea
1741 1097 1856 1141 tur-

230 1181 630 1239 bulentissime
651 1183 1006 1248 dissidebant,
1033 1182 1157 1251 quia
1207 1191 1264 1237 et
1302 1181 1489 1236 Ariani
1520 1181 1620 1234 sibi
1666 1190 1719 1235 et
1757 1178 1858 1236 Ca-

233 1274 438 1331 tholici
464 1277 568 1333 sibi
585 1277 900 1348 episcopum
921 1275 1235 1342 cupiebant,
1265 1274 1534 1346 superatis
1557 1275 1855 1341 alterutris,

229 1367 514 1436 ordinari,
543 1381 768 1439 repente
799 1370 850 1424 in
883 1368 1026 1423 hunc
1053 1382 1217 1422 unum
1248 1365 1480 1422 mirabili
1529 1373 1585 1422 et
1629 1364 1860 1420 incredi-

229 1461 341 1517 bili
372 1463 675 1517 concordia
704 1470 1117 1517 consenserunt.
1139 1459 1168 1498 ι’

310 1559 369 1613 7.
400 1558 526 1625 Quo
557 1557 647 1611 ille
685 1559 925 1627 cognito,
958 1569 1212 1626 egressus
1244 1552 1543 1608 Ecelesiam
1565 1594 1580 1618 ,
1626 1551 1859 1606 tribunal

231 1649 348 1706 sibi
398 1653 581 1722 parari
633 1649 804 1716 fecit;
850 1652 1048 1720 quippe
1103 1645 1227 1703 mo:
1279 1647 1487 1701 futurus
1524 1647 1854 1717 episcOptts,

235 1745 446 1798 altiora
476 1744 794 1798 conscendit
827 1761 838 1796 :
867 1757 992 1797 tunc
1014 1752 1202 1797 contra
1232 1739 1678 1795 consuetudinem
1703 1753 1853 1792 suam

1965 525 2124 591 ravit,
2170 534 2332 596 atque
2378 525 2430 579 in
2473 526 2819 594 possessione
2862 524 3138 595 cujusdam
3187 523 3401 580 Leontii
3453 526 3570 580 cla-

1963 619 2165 674 rissimi
2213 619 2316 673 viri
2363 618 2697 688 aliquamdiu
2755 619 2992 674 delituit.
3042 618 3147 674 Sed
3191 619 3284 674 ubi
3321 618 3573 675 relationi

1965 727 2291 782 responsum
2323 719 2426 775 est,
2488 713 2555 765 ab
2586 713 2776 769 eodem
2820 713 3047 768 Leontio
3103 712 3382 781 proditur;
3429 728 3572 784 prm-

1962 817 2177 872 ceptum
2201 805 2346 860 enim
2379 811 2496 858 erat
2537 806 2742 860 vicario
2789 814 2849 860 ιιι
2900 805 3172 860 insisteret
3223 806 3389 862 rebus
3438 821 3567 876 per-

1964 897 2210 952 ﬁciendis
2258 915 2270 950 :
2327 899 2414 968 qni
2451 895 2687 965 iniuncta
2730 899 2831 952 sibi
2891 914 3014 954 cum
3081 899 3244 955 vellet
3306 899 3566 970 implere,

1963 992 2242 1065 proposito
2293 991 2512 1059 edicto,
2561 992 2813 1046 convenit
2874 1007 3103 1058 omnes,
3155 1004 3213 1049 ut
3264 995 3307 1047 si
3361 995 3566 1050 vellent

1961 1089 2062 1143 sibi
2086 1087 2415 1154 consulere,
2469 1086 2740 1156 rebusque
2798 1086 2948 1149 suis,
3005 1087 3302 1155 proderent
3359 1086 3561 1142 virum.

1960 1181 2215 1238 Proditus
2263 1181 2449 1252 itaque
2513 1189 2568 1235 et
2617 1180 2884 1236 adductus
2953 1181 3360 1246 Mediolanum,
3435 1198 3561 1238 cum

1963 1277 2288 1347 intelligeret
2308 1275 2454 1330 circa
2484 1290 2543 1330 se
2571 1274 2666 1329 Dei
2694 1274 3048 1337 voluntatem,
3099 1290 3200 1329 nec
3257 1290 3318 1330 se
3364 1275 3566 1332 diutius

1961 1386 2120 1443 posse
2154 1372 2436 1435 resistere,
2478 1368 2768 1438 postulavit
2824 1381 2931 1422 non
2964 1381 3023 1422 se
3072 1367 3176 1420 nisi
3220 1383 3249 1420 a
3299 1369 3566 1424 catholico

1961 1467 2218 1535 episCOpo
2272 1462 2571 1534 baptizari;
2611 1459 2638 1498 ἀ
2683 1461 2915 1516 sollicite
2971 1461 3114 1515 enim
3165 1460 3392 1516 cavebat
3447 1478 3568 1530 per-

1961 1559 2142 1614 fidiam
2176 1559 2524 1613 Arianorum.
2560 1556 2876 1626 Baptizatus
2928 1555 3110 1623 itaque
3160 1556 3330 1611 fertur
3382 1554 3565 1609 omnia

1959 1653 2328 1708 ecclesiastica
2396 1649 2574 1706 officia
2633 1649 2937 1719 implesse,
2987 1656 3150 1716 atque
3221 1658 3406 1702 octava
3479 1647 3568 1703 die

1961 1749 2250 1815 cpiscopus
2291 1743 2569 1798 ordinatus
2615 1751 2699 1798 est
2751 1757 2961 1796 summa
3004 1757 3126 1796 cum
3175 1741 3343 1810 gratia
3377 1750 3427 1795 et
3469 1741 3564 1796 la:-

235 1847 520 1893 tormenta
547 1836 976 1907 jllSSliipel'SOHiS
1005 1833 1442 1902 adltiberi.Quod
1466 1849 1588 1887 cum
1625 1831 1848 1896 faecret,
1884 1835 1931 1896 Β
1963 1842 2073 1897 εἰεί..
2127 1853 2467 1899 cunctorum.
2531 1839 2698 1910 Igitur
2754 1848 2874 1909 post
2941 1853 3114 1892 annos
3163 1839 3368 1908 aliquot
3421 1834 3569 1889 ordi-

233 1930 486 2001 populns
529 1928 881 1984 nihilominus
940 1927 1319 1983 acclamabat:
1357 1926 1642 1981 Peccatum
1697 1933 1851 1980 tuum

233 2038 409 2094 super
436 2037 554 2078 nos.
585 2023 689 2078 Sed
722 2038 826 2077 non
850 2022 1105 2077 similiter
1134 2023 1178 2075 is
1208 2020 1438 2092 populus
1489 2031 1614 2074 tunc
1655 2019 1858 2074 clama-

232 2118 312 2172 vit
334 2159 350 2184 ,
378 2118 524 2174 sicut
555 2118 784 2188 populus
813 2116 1126 2171 .ludaeorum
1153 2133 1168 2182 ;
1204 2115 1282 2170 illi
1313 2116 1455 2170 enim
1494 2114 1718 2175 vocibus
1745 2113 1857 2167 snis

236 2210 570 2280 sanguinem
594 2211 936 2266 Dotuinicum
963 2211 1288 2275 effuderunt,
1321 2210 1598 2264 dicentes:
1628 2208 1857 2279 Sanguis

237 2301 408 2372 hujus
443 2318 598 2372 super
639 2319 732 2356 nos
761 2301 1004 2374 (Matt/L,
1029 2317 1188 2356 xxvn
1211 2343 1224 2368 ,
1256 2300 1350 2373 “25)
1378 2322 1388 2354 ;
1426 2301 1514 2355 isti
1561 2316 1690 2355 vero
1712 2313 1860 2354 cate-

240 2397 582 2450 chumcnum
639 2398 914 2464 scientes,
977 2397 1123 2451 fideli
1168 2411 1301 2450 voce
1352 2395 1732 2450 remissionem
1777 2394 1854 2449 illi

241 2499 597 2559 peccatorum
635 2491 879 2545 omnium
925 2506 1022 2560 per
1069 2490 1406 2559 baptismatis
1453 2490 1680 2558 gratiam
1728 2502 1856 2559 pro—

243 2585 558 2640 ntitzebaut.
617 2586 768 2641 Tune
813 2587 905 2642 ille
956 2587 1203 2642 turbatus
1259 2595 1542 2642 revertens
1595 2585 1851 2655 domum,

243 2681 652 2752 philosophiam
704 2680 943 2752 profiteri
995 2683 1196 2747 voluit,
1247 2680 1457 2736 futurus
1520 2682 1614 2736 sed
1689 2697 1854 2739 verus

246 2775 610 2845 pbilosoyhus
657 2777 894 2842 Christi,
950 2776 1041 2847 qui
1105 2777 1438 2848 contemptis
1503 2777 1853 2834 siccularibus

249 2868 491 2936 pompis,
543 2871 876 2939 piscatorum
932 2881 1215 2926 secuturus
1259 2882 1405 2926 esset
1459 2872 1709 2941 vestigia,
1765 2871 1854 2940 qui

245 2961 477 3018 Christo
506 2965 732 3033 populos
760 2979 1157 3037 congregat-unt
1204 2982 1312 3021 non
1355 2966 1490 3020 fucis
1518 2967 1807 3021 vet-borum
1838 3006 1854 3030 ,

237 3055 345 3110 sed
372 3057 616 3126 simplici
647 3072 933 3126 sermone,
982 3068 1037 3114 cl
1066 3075 1211 3114 vera:
1261 3059 1386 3113 fidei
1419 3061 1650 3122 ratione,
1710 3057 1858 3111 missi

232 3147 356 3203 sine
390 3164 568 3218 pera,
623 3149 742 3204 sine
790 3149 978 3220 virga,
1043 3151 1204 3206 etiam
1277 3151 1423 3219 ipsos
1506 3149 1858 3220 philosophos

1961 1934 2196 1990 nationis
2228 1948 2340 1988 suae
2368 1933 2432 1988 ad
2487 1932 2674 1987 urbem
2726 1931 2978 1993 Romam,
3031 1932 3132 1984 hoc
3160 1941 3260 1992 est,
3317 1927 3383 1982 ad
3437 1944 3562 1996 pro-

1959 2031 2135 2100 prium
2188 2029 2361 2083 solum
2420 2027 2698 2098 perrexit,
2752 2027 2931 2097 ibique
2987 2035 3228 2081 sanetam
3301 2024 3557 2095 puellam,

1956 2123 2026 2178 de
2080 2138 2182 2192 qua
2235 2136 2393 2193 supra
2445 2122 2891 2184 memoravimus,
2947 2121 3034 2174 cui
3097 2134 3313 2174 manum
3366 2117 3564 2173 offerre

1958 2217 2151 2272 solitus
2217 2228 2377 2276 erat.
2425 2217 2476 2271 in
2542 2217 2705 2271 domo
2776 2217 2993 2288 propria
3067 2231 3186 2271 cum
3257 2229 3560 2286 germana,

1959 2317 2101 2367 sicut
2143 2313 2486 2382 reliquerat,
2565 2312 2772 2366 invenit
2805 2353 2818 2375 ,
2882 2314 2990 2380 jam
3065 2321 3237 2366 matre
3286 2311 3558 2364 defuncta.

1957 2407 2135 2473 Atque
2184 2422 2303 2461 cum
2369 2407 2458 2461 illa
2507 2407 2789 2462 dexteram
2847 2406 2993 2460 illius
3023 2406 3382 2470 oscularetur,
3432 2405 3562 2458 sub-

1957 2499 2140 2556 ridens
2182 2501 2260 2555 ait
2309 2501 2384 2555 illi
2436 2519 2448 2554 :
2495 2502 2633 2556 Ecce
2675 2509 2734 2555 ut
2774 2500 3019 2556 dicebam
3065 2500 3198 2566 tibi,
3259 2497 3563 2553 sacerdotis

1958 2611 2176 2650 manum
2209 2595 2491 2650 oscularis.

2031 2689 2122 2743 10.
2157 2688 2261 2742 Per
2305 2688 2446 2743 idem
2502 2697 2713 2758 tempus
2753 2702 2875 2741 cum
2924 2694 3074 2741 trans
3123 2686 3363 2742 Tiberim
3415 2684 3559 2755 apud

1957 2781 2253 2854 quamdam
2314 2783 2671 2837 clarissimam
2750 2782 3047 2848 invitatus,
3113 2779 3439 2834 sacriﬁcium
3507 2780 3560 2833 in

1959 2876 2121 2930 domo
2167 2876 2413 2939 oll'errct,
2459 2877 2703 2947 quaedam
2746 2875 3053 2931 balneatrix
3103 2891 3222 2945 quin
3270 2873 3558 2946 paralytica

1960 2967 2012 3023 in
2063 2969 2203 3023 Ι‹οιο
2259 2968 2490 3038 jacebat.
2557 2983 2679 3022 eum
2763 2969 3106 3035 cognovisset
3182 2967 3379 3021 ibidem
3437 2979 3560 3020 esse

1963 3061 2174 3115 Domini
2204 3062 2578 3127 Sacerdotem,
2629 3064 2680 3116 in
2739 3061 2929 3116 sellula
2961 3077 3020 3116 se
3055 3061 3121 3114 ad
3169 3062 3413 3115 eamdem
3465 3061 3563 3114 do-

1963 3168 2133 3217 mum,
2161 3153 2226 3206 ad
2259 3170 2418 3220 quant
2463 3155 2551 3208 ille
2585 3155 2843 3209 invitatus
2873 3165 3117 3217 venerat,
3169 3156 3372 3223 portari
3410 3153 3558 3219 fecit,

235 3248 662 3296 converterunt.
721 3241 874 3308 Quod
941 3241 1029 3297 ubi
1089 3259 1157 3298 ne
1227 3241 1436 3297 faceret
1467 3283 1482 3309 ,
1569 3252 1854 3297 reVocaIus
1885 3226 1930 3289 Ο
1963 3256 2125 3326 atque
2147 3247 2350 3301 orantis
2399 3257 2453 3302 et
2500 3248 2827 3315 imponentis
2882 3264 3074 3302 manus
3116 3249 3440 3302 vestimenta
3480 3259 3560 3301 at-

239 3344 361 3401 est;
415 3336 660 3406 publicas
702 3336 956 3390 mulieres
1015 3337 1227 3406 publice
1278 3336 1345 3391 ad
1377 3352 1436 3392 se
1461 3337 1665 3398 ingredi
1710 3336 1854 3404 fecit,

241 3429 312 3484 ad
351 3429 458 3484 hoc
490 3440 721 3495 tantum,
756 3439 810 3483 ut
842 3429 971 3484 visis
1002 3429 1115 3492 his.
1153 3431 1334 3501 populi
1374 3431 1606 3486 intentio
1637 3447 1859 3487 revoca-

243 3528 424 3576 retur.
472 3524 694 3576 Atvero
742 3521 972 3593 populus
1000 3521 1175 3594 magis
1223 3523 1503 3594 magisque
1532 3523 1805 3579 clamabat
1839 3542 1853 3580 :

246 3615 544 3672 Poet-etum
581 3624 730 3668 tuum
763 3630 1069 3684 supernos.

320 3708 376 3761 8.
412 3711 477 3762 At
533 3708 623 3762 ille
669 3684 791 3762 cuin
836 3708 1044 3763 videret
1093 3708 1228 3764 nihil
1287 3706 1645 3764 intentionem
1699 3724 1851 3766 suam

245 3817 412 3874 posse
445 3803 731 3873 prolicere,
783 3802 957 3874 fugam
991 3805 1199 3874 paravit
1235 3822 1249 3860 :
1283 3820 1644 3876 egressusque
1677 3808 1852 3861 noctis

246 3898 430 3953 medio
458 3899 756 3963 civitatem.
785 3915 905 3953 cum
933 3899 1182 3954 Ticinum
1226 3915 1286 3956 se
1335 3917 1564 3971 petgere
1616 3911 1853 3972 putaret,

246 4005 412 4046 mane
469 3992 535 4045 ad
603 4002 811 4061 portam
897 3993 1130 4048 civitatis
1194 3994 1658 4064 Mediolancnsis,
1731 4013 1854 4068 quae

246 4085 496 4138 Romana
521 4084 746 4151 dicitur,
780 4085 1084 4152 invenitur;
1112 4087 1252 4142 Deus
1294 4090 1437 4143 enim
1466 4092 1555 4160 qui
1591 4090 1854 4146 Ecclesia!

247 4194 365 4234 suae
414 4179 697 4232 catholicae
747 4194 962 4234 murum
1017 4182 1246 4249 parabat
1293 4180 1552 4236 adversus
1607 4184 1854 4240 inimicos

247 4285 397 4340 suos,
472 4284 526 4328 et
582 4283 784 4328 turrem
835 4274 1078 4343 erigebat
1143 4275 1306 4330 David
1351 4287 1375 4316 ε
1421 4287 1606 4332 contra
1661 4276 1854 4334 faciem

250 4366 524 4434 Damasci,
580 4367 684 4422 hoc
713 4378 815 4431 est,
855 4377 1046 4424 contra
1097 4370 1378 4440 perfidiam
1433 4371 1809 4429 hmreticorum
1837 4414 1851 4439 ,

246 4457 428 4530 fugam
462 4460 605 4514 illius
638 4459 941 4530 impedivit.
985 4464 1083 4530 Qui
1124 4465 1396 4532 inventus,
1449 4481 1570 4520 cum
1619 4468 1857 4522 custodio

249 4562 407 4607 retur
447 4567 476 4606 a
530 4553 748 4622 pepulo,
798 4556 965 4609 missa
1019 4556 1211 4611 relatio
1255 4566 1337 4612 est
1382 4557 1446 4612 ad
1495 4559 1850 4615 clementissi-

1963 3342 2100 3409 tigit.
2133 3341 2263 3409 Quzc
2316 3356 2438 3395 cum
2486 3343 2918 3402 exoscularetur,
2969 3340 3150 3394 statim
3205 3342 3436 3395 sanitate
3477 3357 3561 3395 re-

1959 3442 2138 3500 cepta,
2168 3434 2446 3489 ambulare
2473 3435 2676 3503 σαπήῃ
2735 3442 2792 3488 ιιι
2839 3435 3153 3503 impleretur
3193 3433 3324 3488 illud
3380 3434 3562 3488 Domi-

1959 3530 2140 3584 nicum
2172 3529 2375 3584 dictum
2400 3529 2464 3583 ad
2496 3531 2771 3598 apostolos
2821 3547 2832 3583 :
2882 3529 3057 3584 Etiam
3109 3534 3309 3604 majora
3360 3531 3440 3584 his
3479 3535 3561 3600 fu-

1958 3625 2119 3689 cietis,
2147 3624 2407 3678 credentes
2428 3624 2482 3677 in
2504 3626 2711 3703 nomine
2733 3641 2844 3678 meo
2884 3623 3096 3694 (Joan.,
3126 3641 3233 3691 λιν,
3266 3623 3377 3695 12).
3403 3625 3558 3692 Quod

1961 3730 2139 3773 tamen
2191 3720 2403 3789 signum
2443 3721 2693 3773 sanitatis
2732 3727 2790 3773 ut
2829 3720 3072 3774 mirabile
3109 3721 3225 3780 fuit,
3284 3721 3353 3774 ita
3393 3723 3556 3774 etiam

1959 3827 2059 3866 nec
2083 3811 2356 3866 occultum
2383 3828 2397 3876 ;
2431 3829 2552 3866 natu
2581 3828 2680 3880 ego
2705 3814 2804 3865 hoc
2837 3822 2860 3850 ε
2893 3814 2943 3866 in
2967 3813 3155 3866 eadem
3188 3812 3405 3881 regione
3435 3821 3560 3882 post

1959 3920 2132 3960 annos
2161 3902 2442 3972 plurimos,
2487 3906 2690 3958 sanctis
2747 3904 2876 3959 viris
2918 3904 3302 3969 referentibus,
3351 3904 3557 3974 positus

1958 3997 2010 4052 in
2039 3998 2179 4053 Urbe
2207 3999 2458 4068 cognovi.

2033 4090 2120 4144 11.
2153 4089 2410 4144 Sirmium
2443 4104 2570 4144 vero
2607 4104 2730 4145 eum
2753 4089 2818 4144 ad
2856 4089 3216 4144 ordinandum
3240 4090 3553 4160 episc0pum

1959 4183 2245 4236 Artemium
2275 4182 2624 4251 perrexisset,
2669 4183 2846 4253 ibique
2871 4182 3096 4238 Justinus
3138 4193 3265 4238 tunc
3296 4187 3557 4252 temporis

1959 4273 2157 4346 regina:
2189 4275 2427 4344 potentia
2459 4284 2513 4330 et
2541 4275 2881 4330 multitudine
2926 4277 3224 4331 toadunala
3257 4278 3325 4332 de
3363 4279 3553 4333 l-icclc-

1958 4369 2036 4425 sia
2072 4369 2406 4440 pelleretur;
2455 4378 2514 4424 ut
2547 4385 2653 4426 non
2708 4371 2777 4426 ab
2824 4371 2940 4440 ipso
2967 4413 2981 4435 ,
3032 4371 3126 4426 sed
3171 4372 3242 4425 ab
3289 4372 3556 4427 littrretLCis

1957 4466 2176 4520 arianus
2209 4467 2497 4535 episcopus
2538 4465 2590 4520 in
2647 4465 2836 4520 eadem
2892 4467 3122 4521 ecclesia
3163 4467 3554 4522 ordinaretur:

1960 4567 2212 4629 essetque
2237 4559 2565 4614 constitutus
2617 4560 2667 4613 in
2716 4560 2998 4626 tribunali,
3049 4559 3181 4614 niltil
3219 4576 3416 4614 contus
3463 4576 3559 4614 eo-

247 4662 398 4701 tnum
429 4647 812 4717 imperatorem
847 4660 975 4704 tunc
1003 4649 1467 4717 Valentinianum,
1503 4653 1592 4723 qui
1635 4669 1849 4708 summo
1883 4623 1930 4684 D
1958 4671 2101 4719 rum,
2131 4669 2252 4722 qua:
2279 4670 2304 4706 a
2338 4653 2566 4709 muliere
2588 4653 2996 4720 excitabantur;
3033 4670 3134 4708 una
3166 4653 3234 4710 de
3259 4654 3557 4724 virginibus

247 4741 447 4810 gaudio
477 4743 685 4810 accepit
714 4741 858 4811 quod
902 4742 1072 4812 judex
1102 4758 1134 4799 a
1173 4758 1232 4797 se
1282 4745 1516 4800 directus
1558 4745 1626 4799 ad
1675 4761 1850 4802 sacer-

247 4833 456 4890 dotium
512 4844 826 4905 peteretur,
853 4836 1160 4892 laetabatur
1203 4839 1365 4891 etiam
1412 4837 1618 4893 Probus
1659 4841 1849 4909 prmfe—

246 4939 399 4996 ctus,
443 4928 582 4998 quod
633 4929 858 4984 verbum
887 4931 1006 5000 ejus
1054 4930 1372 5000 impleretur
1421 4932 1472 4986 in
1501 4932 1844 5000 -Atnbrosio;

246 5020 462 5078 dixerat
490 5025 632 5078 enim
666 5026 1049 5093 proficiscenti,
1080 5041 1205 5082 cum
1239 5028 1491 5082 mandata
1537 5029 1604 5084 ab
1652 5028 1844 5084 eodem

248 5113 529 5181 darentur,
562 5125 616 5170 ut
646 5117 812 5173 moris
841 5128 924 5174 est
955 5135 969 5173 :
998 5117 1166 5185 Vade,
1197 5134 1294 5190 age
1319 5135 1425 5176 non
1458 5128 1514 5176 ut
1538 5120 1724 5192 judex,
1750 5122 1846 5179 sed

249 5221 306 5268 ut
331 5214 644 5286 episcopus.

317 5339 348 5368 ιι
380 5329 516 5407 βοά.
546 5331 688 5386 Fisc.
739 5331 1132 5407 atque_Becc_.,
1176 5332 1390 5407 infantis
1444 5343 1519 5388 ter
1560 5337 1614 5388 in
1657 5339 1849 5407 populo

247 5402 772 5477 sonuisse._At_post
810 5405 968 5473 paulo
1020 5405 1169 5458 solus
1206 5401 1374 5470 Fisc.,
1419 5423 1510 5477 per
1560 5401 1854 5460 ter'accla-

246 5475 440 5527 mantis
472 5490 490 5527 :
531 5473 582 5528 in
617 5473 779 5528 Bece.
829 5485 1008 5529 autem
1058 5485 1114 5530 et
1169 5478 1355 5545 paucis
1401 5473 1524 5532 aliis
1576 5477 1663 5533 hic
1689 5493 1851 5534 voces

247 5546 455 5615 aliquot
483 5545 988 5615 praetermittuntur.

317 5614 520 5672 1’Fisc.
554 5618 676 5672 cod.
730 5617 948 5670 immani
1008 5618 1161 5672 hiatu
1209 5619 1332 5673 istic
1374 5619 1603 5685 fatiscit;
1651 5621 1852 5674 etenim

249 5697 374 5757 po‘st
399 5699 768 5761 consenserunt
794 5689 971 5742 statim
1003 5693 1280 5759 subjungit
1315 5710 1326 5744 :
1360 5689 1529 5761 Igitur
1558 5692 1854 5761 Ambrosius

250 5759 430 5828 populi
482 5761 532 5814 in
561 5778 656 5814 sua
703 5761 949 5814 electione
989 5764 1164 5832 agnito
1211 5759 1442 5828 assensu,
1499 5781 1614 5818 cum
1659 5759 1852 5818 videret

245 5841 427 5912 contra
474 5842 648 5887 rotam
675 5848 828 5889 suum
858 5847 965 5886 rem
1010 5833 1078 5886 ad
1110 5835 1396 5904 profectum
1434 5838 1626 5904 venire,
1672 5838 1852 5908 fugam

244 5913 465 5979 paravit.

1955 4749 2277 4805 Arianorum
2305 4747 2672 4817 impudentior
2716 4748 2928 4802 caeteris
2955 4790 2969 4811 ,
3013 4748 3245 4803 tribunal
3293 4763 3559 4803 conscen-

1955 4842 2130 4911 dens,
2201 4841 2546 4912 apprehenso
2616 4844 2942 4896 vestimento
3007 4842 3364 4908 Sacerdotis,
3431 4858 3552 4897 cum

1956 4934 2104 4989 illum
2150 4933 2426 4988 attrahere
2474 4933 2633 4988 vellet
2666 4933 2733 4987 ad
2781 4944 2989 5003 partem
3024 4934 3336 5000 mulierum,
3391 4943 3448 4988 ut
3486 4935 3553 4991 ab

1958 5027 2090 5096 ipsis
2125 5041 2298 5082 caesus
2326 5027 2392 5080 de
2419 5027 2651 5081 ecclesia
2703 5026 3036 5095 pelleretur;
3081 5027 3155 5080 ait
3202 5030 3279 5094 ei,
3329 5036 3390 5081 ut
3436 5027 3554 5097 ipse

1951 5123 2149 5179 solitus
2179 5129 2296 5178 erat
2322 5118 2530 5176 referre
2564 5137 2576 5172 :
2609 5118 2724 5174 Etsi
2755 5136 2856 5190 ego
2885 5119 3139 5190 indignus
3186 5131 3333 5174 tanto
3372 5133 3552 5172 sacer-

1952 5219 2101 5276 dotio
2127 5232 2268 5280 sum,
2305 5227 2483 5270 tamen
2517 5222 2569 5268 te
2598 5229 2706 5268 non
2736 5213 2992 5269 convenit
3041 5214 3124 5266 vel
3161 5213 3551 5283 professionem

2034 5346 2055 5373 ο
2100 5331 2307 5386 Rursus
2342 5327 2606 5384 ittcodem
2643 5329 2766 5384 cod.
2813 5329 2953 5383 Fisc.
3014 5327 3205 5380 lacuna
3250 5330 3336 5382 hic
3379 5331 3552 5386 estad

1951 5422 2080 5462 “eum
2109 5403 2353 5466 modum,
2404 5410 2580 5454 contra
2613 5401 2796 5469 {ariam
2841 5399 3102 5469 Damasci.
3162 5397 3275 5452 Hoc
3302 5400 3460 5466 igitur
3490 5405 3558 5457 ad

1962 5477 2410 5533 clementissimum
2437 5466 2792 5544 imperatorem
2823 5481 2952 5544 tunc
2983 5466 3398 5544 Valentittitittmn
3426 5474 3561 5526 rcta-

1964 5560 2071 5603 tum
2095 5556 2188 5606 est,
2217 5549 2304 5615 qui
2331 5538 2533 5615 summo
2557 5541 2749 5615 gaudio
2780 5541 2975 5610 accepit
3025 5538 3164 5604 quod
3185 5543 3390 5611 judicia;
3428 5560 3458 5594 ιι
3508 5561 3560 5600 δε

1963 5620 2142 5674 directi
2174 5618 2240 5669 ad
2269 5614 2611 5670 sacerdotium
2645 5623 2954 5672 peterentur.

2034 5690 2059 5727 d
2120 5690 2242 5742 Mss.
2276 5689 2506 5756 aliquot,
2550 5684 2822 5738 sollicitam
2855 5679 2989 5733 cuitu
3035 5676 3264 5738 habebat
3293 5683 3565 5751 perﬁdiam

2219 5778 2284 5814 ΠΙ.

2219 5778 2245 5809 Π
2273 5799 2284 5814 .

1955 5763 2299 5884 Ανίελωῖξίέξιεξιι
2336 5830 2403 5882 ab
2454 5825 2584 5880 edit.
2612 5832 2666 5875 et
2713 5835 2842 5874 mss.
2876 5815 3235 5886 quihusdam.
3292 5811 3345 5880 in
3392 5822 3569 5878 eadem

1955 5900 2325 5976 regionused
2372 5899 2429 5954 in
2465 5894 2589 5949 aliis
2625 5905 2759 5947 mss.
2809 5886 3224 5961 probatioribus
3283 5891 3572 5965 reperitur.
