4102 6360
553 324 616 382 5|
1802 307 1964 366 VITA
2002 302 2251 365 SANC'I'I
2290 302 2616 363 AMBROSII

3839 304 3923 361 32

555 451 704 499 tuam
731 439 784 496 in
811 437 1270 511 qualemcumque
1297 433 1636 492 sacerdotem
1670 445 1862 487 manus
1891 429 2155 500 injicere;
2183 423 2237 486 A
2263 423 2534 494 incognita
2567 432 2744 493 erant,
2783 427 2834 481 in
2869 433 3076 483 tantum
3105 435 3161 482 ιιι
3197 439 3359 498 supra
3388 424 3635 498 ipsorum
3695 426 3920 498 sepul—

555 535 700 594 unde
729 533 961 590 deberes
1001 531 1180 588 vereri
1222 530 1318 586 Dei
1365 527 1657 600 judicium,
1705 540 1773 582 ne
1809 523 1907 581 tibi
1949 521 2150 594 aliquid

557 629 685 686 mali
739 627 1003 684 eveniret.
1059 624 1213 694 Quod
1279 623 1486 680 dictum
1543 621 1721 678 exitus
1762 617 2148 683 confirmavit;

555 737 680 780 nam
704 720 812 776 alio
838 719 927 775 die
954 729 1218 774 mortuam
1248 717 1313 772 ad
1347 717 1662 788 sepulcrum
1695 729 1864 785 usque
1890 712 2148 778 deduxit,

555 817 786 890 gratiam
824 829 923 883 pro
974 811 1299 870 contumelia
1355 809 1680 880 rependens.
1721 809 1784 863 Et
1816 807 1918 863 hoc
1950 805 2150 861 factum

555 924 664 967 non
698 909 871 966 levem
904 906 1229 964 adversariis
1278 904 1505 960 incussit
1552 912 1753 959 metum
1781 945 1795 968 ,
1855 915 2153 972 pacemque

555 1017 804 1075 magnam
838 998 1094 1059 Ecclesia:
1139 997 1424 1054 catholicae
1465 997 1518 1052 in
1563 993 1867 1051 ordinando
1895 993 2153 1065 episcopo

556 1100 762 1156 tribuit.

630 1195 713 1254 12.
743 1193 1008 1249 Ordinato
1059 1192 1240 1263 itaque
1279 1189 1547 1247 catholico
1590 1186 1896 1253 sacerdote,
1952 1183 2155 1240 Medio-

552 1289 738 1346 lanum
771 1288 1082 1351 revertitur,
1135 1285 1314 1356 ibique
1353 1281 1680 1354 supradicta:
1706 1279 1936 1337 JuSIinze
1961 1279 2155 1334 mulie-

553 1384 630 1440 ris
681 1383 996 1438 innumeras
1047 1378 1270 1434 insidias
1319 1375 1608 1443 sustinuit,
1663 1389 1786 1446 quae
1838 1372 2153 1428 muneribus

554 1485 720 1546 atque
750 1473 1052 1529 honoribus
1095 1471 1358 1529 adversus
1394 1481 1641 1526 sanctum
1698 1467 1874 1522 virum
1929 1466 2150 1533 oblatis,

557 1567 818 1642 populum
864 1566 1152 1623 excitabat.
1209 1564 1316 1622 Sed
1358 1564 1698 1619 infirmorum
1747 1560 1914 1616 animi
1957 1559 2154 1615 talibus

558 1660 844 1734 promissis
890 1659 1340 1730 decipiebantur;
1394 1655 1743 1728 promittebat
1789 1653 1936 1710 enim
1979 1651 2152 1707 tribu-

559 1764 740 1823 natus,
773 1763 828 1808 et
871 1753 1116 1808 diversas
1144 1751 1279 1807 alias
1299 1749 1590 1822 dignitates
1647 1749 1733 1815 iis,
1766 1748 1854 1818 qui
1905 1746 2055 1801 illum
2085 1744 2154 1800 de

559 1849 794 1908 ecclesia
842 1857 1091 1920 raptum,
1151 1846 1219 1902 ad
1261 1832 1511 1902 exsilium
1565 1843 1974 1914 perduxissent.
2003 1839 2158 1909 Quod
2191 1832 2238 1893 Β

559 1959 682 2000 cum
710 1943 863 1998 multi
893 1950 1245 2010 conarentur,
1295 1940 1390 1998 sed
1418 1941 1532 1996 Deo
1570 1936 1800 2009 prsesule
1825 1977 1839 2002 ,
1899 1932 2163 2005 perficere

559 2053 669 2094 non
695 2039 960 2104 valerent,
990 2050 1128 2091 unus
1158 2034 1424 2091 infelicior
1450 2035 1684 2099 ett-teris,
1717 2032 1935 2087 nomine
1958 2027 2164 2099 Euthy-

560 2131 723 2198 mius,
777 2132 831 2186 in
875 2139 1084 2186 tantum
1145 2131 1381 2186 furorem
1432 2130 1702 2184 excitatus
1755 2135 1878 2194 est,
1917 2132 1975 2179 ut
2010 2123 2162 2193 juxta

560 2223 852 2280 ecclesiam
918 2223 1022 2280 sibi
1073 2222 1296 2279 domum
1347 2232 1584 2293 pararet,
1639 2230 1803 2291 atque
1867 2219 1918 2274 in
1972 2217 2161 2273 eadem

561 2332 774 2374 carrum
804 2319 1204 2385 constitueret,
1239 2332 1348 2382 quo
1387 2315 1601 2370 facilius
1626 2324 1838 2384 raptum
1862 2354 1877 2379 ,
1912 2321 1938 2348 ει
1974 2325 2164 2380 super—

561 2412 796 2481 positum
849 2417 1112 2481 carpento
1149 2409 1218 2464 ad
1266 2407 1515 2464 exsilium
1546 2406 1893 2478 perduceret.
1926 2403 2034 2460 Sed
2064 2403 2165 2458 ini-

559 2507 727 2576 quitas
755 2506 866 2575 ejus
897 2505 948 2559 in
971 2504 1206 2560 verticem
1228 2504 1395 2577 ipsius
1416 2503 1670 2558 descendit
1697 2501 1870 2575 (Psal.
1924 2515 2018 2567 vit,
2047 2498 2160 2571 l7);

563 2605 687 2668 post
713 2612 914 2652 annum
943 2597 1144 2653 ctenim
1185 2597 1376 2654 eodem
1422 2597 1510 2653 die
1535 2611 1642 2668 quo
1687 2595 1838 2652 illum
1884 2609 2076 2666 rapere
2105 2608 2164 2649 se

561 2692 962 2758 arbitrabatur,
1029 2692 1082 2747 in
1134 2691 1324 2748 eodem
1395 2699 1656 2762 carpento
1708 2689 2031 2760 impositus,
2095 2687 2165 2743 de

559 2784 750 2842 eadem
779 2785 941 2840 domo
973 2787 1088 2857 ipse
1111 2785 1178 2840 ad
1205 2786 1454 2841 exsilium
1502 2785 1805 2840 destinatus
1839 2791 1922 2838 est
1947 2823 1962 2847 ,
2000 2796 2164 2852 repu-

563 2887 682 2936 tans
711 2881 810 2935 sibi
833 2881 983 2950 justo
1008 2879 1213 2950 judicio
1257 2879 1350 2935 Dei
1382 2879 1432 2934 id
1466 2879 1516 2933 in
1547 2892 1607 2934 se
1643 2892 1764 2933 esse
1799 2890 2121 2932 conversum
2147 2890 2163 2941 ;

560 2982 621 3029 ut
654 2974 706 3028 itt
739 2989 804 3029 eo
827 2983 1084 3044 carpento
1106 2973 1428 3046 dirigeretur
1457 2972 1524 3028 ad
1579 2972 1850 3037 exsilium,
1879 2969 2021 3042 quod
2053 2969 2167 3040 ipse

563 3076 846 3138 paraverat
871 3065 1172 3124 Sacerdoti.
1205 3067 1305 3122 Cui
1351 3081 1457 3122 non
1504 3065 1790 3122 minimum
1845 3065 2022 3120 solatii
2067 3064 2167 3119 Sa-

560 3160 754 3217 cerdos
785 3161 1047 3232 praebuit,
1090 3161 1271 3218 dando
1316 3175 1587 3234 sumptus,
1622 3163 1705 3217 vel
1730 3161 1833 3216 alia
1856 3177 1976 3233 quze
2006 3170 2162 3219 erant

559 3255 884 3312 necessaria.

633 3351 718 3406 l5.
751 3351 859 3407 Sed
897 3351 1012 3405 lucc
1049 3350 1318 3408 confessio
1362 3350 1600 3406 hominis
1641 3365 1742 3406 nec
1790 3350 2033 3406 mulieris
2076 3349 2162 3404 fu-

559 3458 740 3500 rorem
762 3487 778 3510 ,
831 3457 934 3498 nec
972 3457 1315 3499 vaesanorum
1346 3445 1666 3498 Arianorum
1699 3443 2028 3499 dementiam
2065 3457 2158 3497 re-

563 3537 795 3606 pressit;
826 3536 1034 3607 majore
1061 3537 1264 3593 etenim
1292 3538 1505 3592 accensi
1555 3536 1788 3592 amentia
1813 3579 1828 3603 ,
1879 3535 2159 3591 basilicam

562 3628 872 3684 Portianam
931 3628 1189 3684 invadere
1246 3628 1556 3709 nitebantur
1613 3647 1625 3684 :
1683 3629 1952 3685 exercitus
1996 3629 2159 3684 etiam

563 3730 805 3778 armatus
831 3722 896 3776 ad
928 3722 1311 3779 custodiendas
1338 3723 1482 3779 fores
1514 3722 1760 3779 ecclesiae
1786 3733 1869 3779 est
1899 3724 2156 3790 directus,

562 3826 623 3872 ut
673 3832 834 3873 nemo
886 3818 1114 3874 auderet
1173 3818 1494 3874 catholicam
1569 3820 1860 3876 ecclesiam
1927 3819 2159 3890 ingredi.

563 3909 671 3965 Sed
704 3909 968 3966 Dominus
988 3909 1080 3984 qui
1111 3910 1180 3967 de
1207 3911 1533 3967 adversariis
1575 3912 1689 3966 suis
1737 3911 1998 3968 Ecclesiae
2048 3925 2162 3968 suae

563 4003 868 4072 triumphos
895 4002 1100 4061 donare
1141 4005 1442 4073 consuevit,
1479 4004 1546 4060 ad
1589 4005 1845 4062 Ecclesia:
1883 4020 1996 4062 sua:
2044 4023 2162 4062 mu-

562 4097 864 4151 nimentum
921 4098 1149 4153 militum
1199 4098 1364 4154 corda
1411 4079 1708 4167 convertit;
1761 4097 1790 4137 δ
1850 4110 1908 4155 ttt
1955 4100 2162 4156 aversis

563 4191 732 4245 scutis
769 4189 1016 4246 ecclesiae
1047 4190 1192 4246 fores
1217 4202 1530 4259 servarent,
1565 4208 1667 4248 nec
1693 4192 1878 4264 egredi
1917 4194 2160 4250 dimitte-

565 4290 728 4351 rent,
789 4283 885 4339 sed
951 4284 1159 4355 ingredi
1215 4285 1502 4341 ecclesiam
1561 4287 1773 4357 plebem
1835 4287 2158 4342 catholicam

565 4377 788 4433 minime
809 4379 1182 4449 prohiberent.
1215 4381 1321 4437 Sed
1349 4395 1450 4437 nec
1494 4380 1599 4437 hoc
1645 4383 1778 4438 satis
1827 4393 1945 4438 erat
1982 4383 2164 4438 missis

564 4469 854 4536 militibus,
898 4471 1001 4525 nisi
1036 4471 1199 4527 etiam
1232 4489 1328 4542 pro
1357 4472 1630 4530 catholica
1686 4473 1794 4530 fide
1833 4489 1958 4529 cum
2003 4473 2162 4544 plebe

563 4562 768 4632 pariter
793 4561 1178 4619 acclamarent.
1214 4564 1328 4620 Hoc
1378 4566 1430 4620 in
1487 4575 1732 4638 tempore
1787 4567 2017 4637 primum
2053 4581 2164 4621 an-

566 4653 829 4725 tipbonae,
864 4655 1072 4728 hymni,
1097 4672 1161 4712 ac
1188 4659 1382 4729 vigilite
1416 4659 1468 4715 in
1498 4660 1729 4716 ecclesia
1769 4659 2160 4717 Mediulaneusi

564 4747 832 4804 celebrari
885 4760 1188 4820 coeperunt.
1221 4749 1388 4823 Cujus
1441 4753 1775 4810 celebritatis
1826 4755 2046 4812 devotio
2073 4771 2164 4812 us-

565 4855 671 4910 que
699 4841 750 4895 iu
774 4840 1095 4897 hodiernum
1123 4842 1269 4898 diem
1313 4859 1421 4900 non
1466 4845 1642 4902 solum
1675 4847 1726 4901 in
1759 4848 1948 4904 eadem
1989 4849 2163 4904 eccle-

565 4935 646 4990 sia
678 4976 694 5001 ,
729 4951 913 4992 verum
945 4953 1046 5010 per
1081 4953 1271 4996 omnes
1323 4955 1467 5012 pene
1499 4941 1810 5000 Occidentis
1853 4944 2162 5016 provincias

565 5038 772 5086 manet.

641 5123 728 5179 14.
753 5123 858 5180 Per
893 5124 1034 5180 idem
1080 5133 1292 5198 tempus
1337 5129 1510 5184 sancti
1562 5139 1835 5204 martyres
1886 5131 2166 5190 Protasius

564 5226 622 5274 et
637 5217 932 5276 Gervasius
962 5235 1023 5275 se
1061 5219 1346 5278 Sacerdoti
1396 5222 1794 5280 revelaverunl.
1821 5225 1988 5280 Erant
2015 5227 2161 5282 enim

566 5312 621 5368 in
645 5314 863 5370 basilica
897 5313 1078 5384 positi,
1108 5315 1161 5368 in
1190 5330 1292 5386 qua
1317 5327 1438 5370 sunt
1473 5315 1634 5374 hodie
1676 5333 1906 5389 corpora
1933 5319 2165 5378 Naboris

567 5414 624 5460 et
665 5404 863 5462 Felicis
911 5418 1209 5480 martyrum
1261 5425 1274 5462 :
1318 5408 1412 5463 sed
1451 5411 1624 5466 sancti
1674 5420 1940 5484 martyres
1984 5413 2165 5470 Nabor

568 5508 624 5557 et
649 5499 804 5557 Felix
833 5497 1193 5560 celeberrime
1222 5503 1736 5575 frequentabantur,
1770 5509 1999 5564 Protasii
2029 5525 2163 5566 vero

567 5603 621 5650 et
659 5593 900 5652 Gervasii
932 5610 1233 5672 martyrum
1259 5605 1318 5654 ut
1344 5600 1588 5667 nomina,
1620 5601 1690 5656 ita
1722 5603 1887 5659 etiam
1911 5606 2160 5676 sepulcra

642 5713 1031 5802 ‘thstituitur
1054 5719 1217 5776 etiam
1249 5735 1439 5796 egmss.
1485 5721 1956 5796 pr0pezomnibus,
1979 5745 2162 5802 super-

566 5797 794 5859 positum
823 5799 1084 5859 carpento.

640 5858 668 5900 ιι
708 5858 1240 5946 yonnulli_mss.,_ut
1279 5865 1825 5946 adversis_”scufis....‘._
1850 5890 1943 5932 nec
1986 5875 2166 5946 ingreo

570 5929 747 5988 diem“
766 5932 1024 5990 licentiam
1055 5929 1391 6009 dimitterent,
1420 5941 1509 5995 sed
1529 5938 1843 6014 (gradiendi.

2255 533 2346 574 cra
2396 513 2746 576 ambularent
2785 535 3016 587 omnes,
3069 519 3160 592 qui
3215 519 3417 576 vellent
3464 519 3532 575 ad
3588 518 3915 576 cancellos

2258 614 2578 685 pervenire,
2636 615 2832 687 quibus
2885 625 3200 671 sanctorum
3261 614 3493 672 Nahoris
3553 625 3610 669 et
3672 613 3913 670 Felicis

2256 717 2556 780 martyrum
2587 707 2656 762 ab
2702 707 2896 776 injuria
2945 707 3196 776 sepulcra
3245 705 3716 762 defendebantur.
3782 706 3911 762 Sed

2258 802 2346 856 ubi
2375 810 2686 856 sanctorum
2717 809 3014 873 martyrum
3036 816 3265 874 corpora
3296 810 3423 854 sunt
3469 800 3669 865 levata,
3733 809 3804 855 et
3840 801 3902 854 in

2257 894 2461 950 lecticis
2508 897 2680 964 posita
2708 937 2724 960 ,
2788 895 3082 950 multorum
3129 895 3201 950 ibi
3249 903 3455 950 satana:
3508 895 3904 965 aegritudines

2257 986 2640 1058 perdocontur.
2700 985 2890 1043 Crecus
2965 989 3126 1043 etiam
3183 988 3417 1044 Severus
3452 989 3721 1054 nomine,
3797 989 3900 1060 qui

2258 1096 2400 1137 nunc
2429 1097 2602 1152 usque
2646 1083 2696 1135 in
2728 1082 2917 1138 eadem
2963 1080 3183 1136 basilica
3230 1096 3352 1152 qua:
3380 1081 3579 1136 dicitur
3627 1081 3898 1137 Ambro-

2256 1175 2444 1242 siana,
2495 1174 2551 1230 in
2589 1191 2750 1245 quam
2775 1175 3068 1248 Martyrum
3103 1190 3334 1246 corpora
3381 1185 3506 1230 sunt
3559 1177 3852 1231 translata
3877 1217 3895 1245 ,

2270 1268 2522 1338 religiose
2545 1269 2746 1334 servit;
2778 1269 2865 1323 ubi
2915 1279 3119 1323 veSIem
3171 1280 3468 1342 martyrum
3511 1270 3714 1341 attigit,
3774 1280 3899 1325 sta-

2260 1362 2351 1416 tim
2411 1361 2594 1416 lumen
2647 1363 2872 1434 recepit.
2932 1361 3165 1418 Obsessa
3214 1364 3376 1417 ctiam
3428 1377 3656 1432 corpora
3700 1378 3734 1416 a
3774 1361 3896 1432 spi-

2265 1453 2458 1510 ritibus
2489 1454 2780 1510 immundis
2806 1464 3017 1521 curata,
3051 1470 3260 1509 summa
3293 1469 3415 1510 cum
3444 1456 3615 1526 gratia
3646 1454 3888 1509 domum

2260 1547 2600 1616 repetebant.
2627 1547 2736 1604 Sed
2760 1547 2824 1602 iis
2851 1546 3132 1602 beneficiis
3169 1544 3467 1618 martyrum
3506 1545 3566 1600 in'
3598 1557 3882 1618 quantum

2275 1639 2556 1694 crescebat
2584 1641 2721 1695 fides
2751 1640 3010 1695 Ecclesiae
3038 1639 3337 1705 catholicze,
3367 1640 3418 1694 in
3451 1649 3658 1694 tantum
3715 1638 3887 1695 Aria-

2260 1746 2455 1787 norum
2483 1731 2712 1804 perfidia
2745 1734 3106 1789 minuebatur.

2344 1844 2430 1899 15.
2474 1846 2716 1918 Denique
2758 1862 2823 1903 ex
2874 1847 2974 1903 hoc
3006 1857 3250 1917 tempore
3279 1846 3459 1903 sedari
3485 1847 3652 1917 coepit
3689 1862 3886 1918 perse-

2267 1941 2434 2006 cutio,
2467 1957 2586 2012 quae
2617 1942 2844 1998 Justinse
2889 1940 3076 1995 furore
3105 1941 3537 2006 accendebatur;
3569 1952 3628 2008 ut
3676 1941 3882 1997 Sacer-

2267 2033 2367 2088 dos
2414 2034 2481 2087 de
2532 2035 2770 2090 Ecclesia
2803 2034 3120 2104 pelleretur.
3155 2035 3359 2091 Tamen
3418 2035 3559 2088 intra
3613 2035 3882 2105 palatium

2268 2127 2558 2183 multitudo
2589 2128 2915 2184 Arianorum
2943 2144 3064 2183 cum
3086 2127 3299 2183 Justina
3319 2128 3612 2182 constituta
3650 2129 3879 2184 deride-

2271 2222 2362 2276 bat
2390 2231 2592 2278 tantam
2628 2222 2721 2278 Dei
2765 2223 3016 2294 gratiam,
3067 2237 3229 2292 quam
3283 2221 3544 2277 Ecclesia:
3589 2221 3881 2278 catholica:

2271 2313 2528 2369 Dominus
2555 2313 2716 2370 Jesus
2765 2315 2974 2369 meritis
3005 2327 3302 2386 martyrum
3347 2329 3569 2369 suorum
3616 2315 3879 2372 conferre

2267 2407 2520 2478 dignatus
2571 2417 2656 2464 est
2702 2427 2714 2462 :
2765 2408 3246 2478 venerabiletnque
3297 2407 3471 2462 virum
3525 2406 3879 2464 Ambrosium

2268 2504 2522 2558 narrabat
2547 2503 2772 2573 pecunia
2800 2517 3150 2572 comparasse
3190 2501 3460 2569 homines,
3485 2501 3574 2573 qui
3602 2517 3663 2558 se
3686 2504 3874 2560 vexari

2266 2599 2334 2655 ab
2376 2599 2668 2654 immundis
2717 2599 3003 2668 spiritibus
3048 2599 3440 2662 mentirentur;
3495 2606 3658 2667 atque
3702 2598 3776 2652 ita
3808 2596 3877 2652 ab

2268 2691 2387 2758 illo,
2419 2692 2560 2746 sicut
2588 2701 2639 2746 et
2672 2707 2700 2744 a
2736 2692 3064 2763 martyribus
3097 2706 3156 2746 se
3183 2691 3422 2761 t'orqueri
3460 2689 3725 2745 dicerent.
3769 2690 3874 2747 Sed

2269 2782 2374 2840 hoc
2402 2783 2625 2839 Judaico
2656 2799 2751 2838 ore
2783 2784 3144 2854 loquebantur
3176 2782 3388 2848 Ariani,
3419 2796 3681 2852 suppares
3713 2783 3871 2838 scili-

2268 2889 2356 2936 cet
2385 2895 2612 2945 eorum;
2643 2878 2720 2933 illi
2751 2879 2895 2934 enim
2939 2877 3007 2934 de
3055 2879 3286 2932 Domino
3312 2877 3582 2942 dicebant,
3612 2876 3868 2946 quoniam

2269 2979 2321 3032 in
2375 2976 2684 3031 Beelzebuth
2735 2977 2971 3048 principe
3021 2976 3391 3029 dmmoniorum
3447 2974 3586 3047 ejicit
3618 2974 3871 3028 clamauit

2270 3070 2450 3143 (Lua,
2481 3087 2552 3133 xt,
2592 3071 2680 3141 15)
2714 3087 2726 3122 :
2763 3070 2934 3124 istide
2963 3067 3316 3140 martyribus,
3342 3069 3428 3124 vel
3457 3066 3755 3123 deDomini
3778 3066 3869 3122 Sa-

2269 3168 2492 3222 certlote
2523 3166 2908 3237 loquebantur,
2949 3164 3094 3236 quod
3125 3178 3232 3219 non
3285 3163 3377 3218 Dei
3403 3162 3601 3233 gratia,
3632 3178 3752 3233 qua:
3779 3177 3865 3233 per

2188 3227 2234 3290 Ο
2267 3261 2414 3332 ipsos
2444 3260 2794 3327 Operabatur,
2821 3257 3085 3312 immundi
3117 3257 3342 3329 spiritus
3386 3255 3748 3325 pellerentur;
3776 3252 3862 3310 sed

2264 3363 2489 3427 accepta
2515 3354 2739 3424 pecunia
2787 3367 2848 3408 se
2870 3352 3109 3422 torqueri
3138 3350 3525 3407 mentirentur.
3557 3349 3864 3404 Clamabam

2265 3452 2410 3508 enim
2474 3450 2752 3505 daamones
2788 3465 2800 3501 :
2843 3446 3058 3503 Scimus
3115 3459 3212 3500 vos
3256 3454 3559 3516 martyres;
3592 3454 3646 3498 et
3686 3443 3859 3501 Ariani

2265 3545 2561 3600 dicebant:
2594 3542 2878 3598 Nescimus
2911 3555 3034 3596 esse
3081 3550 3374 3612 martyres.
3415 3537 3534 3594 Jam
3584 3537 3689 3593 hoc
3732 3549 3785 3594 et
3813 3540 3860 3594 in

2269 3638 2565 3710 Evangelio
2598 3637 2850 3709 legimus,
2885 3634 2975 3690 ubi
3004 3633 3258 3689 dixerunt
3284 3631 3562 3688 daemones
3592 3631 3659 3686 ad
3696 3632 3860 3688 Domi-

2266 3748 2393 3786 num
2416 3730 2602 3787 Jesum
2629 3746 2642 3782 :
2667 3729 2880 3784 Scimus
2903 3734 2978 3792 te,
3010 3725 3131 3796 quia
3152 3727 3228 3781 sis
3257 3726 3348 3780 Dei
3371 3724 3540 3779 Filius
3571 3723 3789 3798 (Mam,
3817 3740 3850 3789 ι,

2267 3825 2398 3892 24);
2431 3833 2485 3878 et
2513 3823 2687 3879 Juda-i
2708 3821 2963 3877 dicebant
2987 3837 3000 3872 :
3030 3819 3130 3873 llic
3155 3829 3325 3873 autem
3350 3818 3487 3872 unde
3507 3819 3593 3884 sit,
3620 3820 3857 3872 nescimus

2265 3918 2474 3987 (Joau.,
2506 3933 2582 3983 ιιι,
2613 3915 2728 3987 29).
2777 3913 2882 3970 Sed
2914 3927 3020 3968 non
3073 3911 3160 3967 hic
3183 3910 3550 3968 testimonium
3597 3910 3847 3980 accipitur

2261 4013 2592 4076 daemonum,
2647 4009 2741 4065 sed
2787 4007 3093 4073 confessio;
3130 4005 3272 4062 unde
3319 4005 3638 4061 miseriores
3681 4005 3853 4060 Ariani

2268 4106 2353 4162 vel
2384 4105 2578 4167 Judaei,
2613 4112 2670 4158 ut
2696 4102 2838 4172 quod
2866 4103 3196 4156 confitentur
3215 4099 3517 4165 daemones,
3548 4099 3624 4154 illi
3651 4108 3850 4169 negent.

2339 4201 2428 4257 16.
2474 4201 2614 4256 Deus
2646 4209 2823 4254 tamen
2855 4197 2946 4269 qui
2978 4197 3204 4268 gratiam
3237 4197 3496 4253 Ecclesia:
3526 4212 3639 4251 sine
3673 4211 3854 4266 augere

2271 4293 2580 4359 consuevit,
2615 4307 2723 4348 non
2780 4305 2969 4362 passus
3021 4299 3106 4347 est
3156 4289 3248 4345 diu
3290 4289 3540 4346 insultari
3577 4304 3604 4342 a
3656 4287 3856 4358 perfidis

2266 4387 2471 4442 sanctis
2502 4386 2636 4441 suis.
2667 4385 2820 4445 Unus
2843 4386 3025 4455 itaque
3051 4401 3116 4439 ex
3162 4384 3276 4455 ipsa
3323 4383 3667 4439 multitudine
3692 4382 3855 4438 subito

2265 4491 2518 4551 arreptus
2549 4495 2576 4534 a
2599 4480 2796 4550 spiritu
2825 4478 3129 4540 immundo,
3154 4479 3390 4533 clamare
3418 4477 3583 4546 coepit
3612 4487 3634 4516 ο
3665 4477 3732 4531 ita
3757 4487 3853 4531 tor-

2268 4576 2420 4648 queri
2446 4590 2563 4643 eos,
2597 4585 2653 4629 ut
2683 4575 2797 4646 ipse
2821 4573 3194 4645 torquebatur,
3233 4573 3323 4643 qui
3367 4581 3626 4642 negarent
3659 4581 3850 4642 marty-

2269 4683 2381 4734 res,
2414 4668 2502 4723 vel
2551 4669 2641 4738 qui
2687 4684 2794 4722 non
2840 4667 3132 4723 crederent
3183 4667 3234 4721 in
3277 4666 3558 4720 Trinitatis
3585 4665 3849 4728 unitatem,

2269 4777 2430 4832 quam
2460 4761 2620 4818 docet
2647 4759 2988 4816 Ambrosius.
3010 4760 3081 4814 At
3112 4759 3187 4814 illi
3220 4758 3320 4814 hac
3343 4773 3477 4813 voce
3515 4756 3744 4821 confusi,
3773 4757 3850 4827 qui

2269 4855 2515 4913 Converti
2546 4855 2868 4922 debuerant,
2900 4863 2956 4910 et
2984 4853 3197 4925 dignam
3227 4853 3317 4907 tali
3343 4853 3688 4908 confessione
3709 4865 3850 4922 agere

2270 4951 2674 5024 ptenitentiam,
2706 4950 2757 5004 in
2783 4949 3042 5021 piscinam
3067 4949 3376 5004 demersum
3408 4947 3683 5002 hominem
3711 4959 3850 5001 neca-

2269 5055 2485 5112 verunt,
2537 5043 2779 5115 perfidia:
2829 5041 3182 5098 homicidium
3227 5040 3618 5110 adjungentes;
3651 5037 3851 5094 deduxit

2272 5138 2418 5193 enim
2450 5137 2574 5192 illos
2602 5135 2670 5190 ad
2717 5135 2861 5190 hunc
2900 5133 3063 5190 finem
3094 5133 3254 5204 digna
3299 5132 3616 5187 necessitas.
3643 5130 3848 5187 Sanctus

2271 5247 2400 5288 vero
2457 5230 2780 5286 Ambrosius
2824 5229 3114 5301 episcopus
3166 5226 3386 5298 majoris
3420 5210 3748 5281 humilitatis
3777 5225 3850 5279 vir

2271 5327 2467 5392 factus,
2501 5324 2758 5379 donatam
2789 5321 2890 5378 sibi
2925 5337 2954 5376 a
2983 5321 3214 5376 Domino
3253 5319 3484 5389 gratiam
3535 5319 3848 5380 reservabat,

2271 5420 2662 5491 crescebatque
2705 5417 2946 5490 quotidie
3003 5415 3109 5472 fide
3151 5423 3206 5470 ct
3250 5429 3436 5470 amore
3466 5427 3650 5470 coram
3682 5413 3780 5469 Deo
3805 5420 3852 5467 et

2273 5512 2603 5570 hominibus.

2348 5607 2436 5662 ΓΙ.
2476 5603 2581 5660 Per
2627 5601 2770 5659 idem
2802 5611 3014 5674 tempus
3036 5608 3156 5657 erat
3183 5597 3402 5671 quidam
3444 5597 3526 5653 vir
3562 5596 3633 5654 de
3679 5595 3850 5654 haeresi

2349 5738 2371 5767 °
2397 5727 2601 5784 Omnes
2627 5727 2757 5784 edit.
2787 5740 2911 5782 eum
2932 5721 3121 5780 codice
3143 5733 3249 5775 uno
3266 5718 3350 5772 vel
3382 5718 3577 5783 altero,
3599 5718 3674 5772 ita
3695 5725 3852 5785 aptare

2272 5817 2326 5857 se
2355 5801 2578 5873 torqueri
2607 5815 2692 5854 eos
2717 5815 2735 5853 :
2765 5796 2952 5856 caeteri
2980 5808 3113 5852 mss.-
3141 5803 3353 5850 sumtno
3375 5802 3652 5848 consensu
3704 5804 3848 5863 repu-

2272 5873 2446 5944 diant,
2471 5879 2652 5947 optare
2675 5881 2749 5926 se.
