4102 6360
166 370 236 426 33
912 362 955 418 A
993 357 1296 419 PAULINO
1334 359 1428 416 AD
1467 355 1753 416 BEATUM
1791 350 2243 417 AUGUSTINUM
2280 355 2730 417 CONSCRIPTA.

3399 347 3474 410 δι

169 477 842 548 Arianorum,acerrimus
888 475 1108 531 nimium
1153 473 1484 546 disputator,
1515 482 1571 530 et
1601 473 1770 530 durus
1795 477 1848 536 Α
1875 471 2126 529 ecclesiae
2175 473 2573 541 conscendens,
2616 468 2796 528 medio
2835 467 3015 524 noctis
3061 465 3470 524 sacriﬁcaverit.

169 583 331 646 atque
361 572 795 630 inconvertibilis
825 569 891 626 ad
923 570 1082 624 [idem
1107 568 1452 624 catholicam.
1489 557 1768 624 ls'consti-

171 677 320 727 tutus
360 668 413 724 in
462 665 724 733 Ecclesia,
758 672 1024 720 tractante
1063 661 1357 734 Episcopo,
1384 663 1515 717 vidit
1547 662 1628 734 (ut
1655 662 1773 733 ipse

173 762 522 836 postmodum
554 759 896 832 loquebatur)
931 759 1196 830 Angelum
1217 758 1284 815 ad
1323 772 1488 815 aures
1516 757 1772 829 Episcopi

174 856 456 912 tractantis
498 856 840 925 loquentem;
872 859 933 907 ut
969 853 1135 908 verba
1181 850 1357 922 angeli
1402 851 1600 922 populo
1646 851 1776 922 Epi-

174 964 373 1024 scopus
426 949 742 1006 renuntiare
797 947 1092 1003 videretur.
1126 948 1245 1016 Quo
1292 947 1410 1001 viso
1453 960 1771 1014 conversus,

175 1047 334 1103 fidem
366 1060 524 1114 quam
554 1042 916 1116 expugnabat,
949 1043 1113 1112 cepit
1136 1044 1252 1113 ipse
1275 1041 1590 1099 defendere.

247 1139 336 1196 18.
378 1139 621 1194 Fuerunt
645 1137 808 1194 etiam
843 1136 950 1192 duo
996 1135 1315 1191 cubicularii
1346 1145 1472 1190 tunc
1514 1133 1776 1205 temporis

173 1233 420 1291 Gratiani
470 1231 814 1304 imperatoris
867 1229 937 1287 de
992 1230 1186 1286 hceresi
1228 1228 1576 1295 Arianorum,
1620 1237 1646 1266 α
1684 1228 1776 1300 qui

173 1324 429 1382 tractanti
453 1325 723 1395 Episcopo
739 1323 1095 1394 quaaStionem
1119 1329 1502 1392 preponerent,
1527 1319 1595 1375 ad
1617 1336 1776 1391 quam

173 1417 500 1475 audiendam
531 1418 704 1472 altero
731 1415 819 1472 die
857 1415 924 1471 ad
955 1415 1230 1470 basilicam
1257 1413 1565 1469 Portianam
1599 1428 1660 1469 se
1679 1412 1778 1468 ad-

176 1511 389 1568 futuros
418 1512 810 1582 promiserant;
851 1519 969 1564 erat
1011 1509 1153 1564 enim
1205 1507 1431 1579 qumstio
1469 1507 1538 1562 de
1597 1507 1776 1562 incar-

179 1605 402 1659 natione
435 1603 669 1657 Domini.
697 1601 805 1657 Sed
837 1601 946 1656 alio
974 1599 1062 1656 die
1093 1599 1385 1656 miserandi
1418 1599 1666 1654 homines
1691 1614 1780 1654 su-

179 1697 383 1770 perbia:
409 1703 621 1750 tumore
641 1693 926 1763 completi,
951 1708 1051 1749 nec
1073 1708 1342 1748 memores
1366 1692 1777 1762 promissorum,

175 1798 592 1847 contemnentes
615 1788 787 1844 Deum
837 1789 892 1842 in
920 1785 1215 1842 Sacerdote
1263 1788 1453 1857 ipsius,
1484 1801 1582 1841 nec
1606 1785 1778 1856 plebis

1877 563 1985 621 Sed
2029 573 2234 636 quanto
2266 565 2558 621 instantius
2603 573 2658 621 et
2710 561 2998 618 sollicitius
3021 575 3188 631 Opera
3237 561 3474 631 maligna

1879 659 2194 726 exercebat,
2225 667 2372 714 tanto
2411 660 2586 731 magis
2615 673 2769 714 amor
2796 656 2978 729 populi
3020 654 3162 711 circa
3191 653 3351 710 fidem
3383 667 3478 709 ca-

1877 753 2128 809 tholicam
2153 763 2208 809 et
2236 751 2450 808 Domini
2500 751 2852 809 Sacerdotem
2901 748 3343 807 convalescebat.
3375 745 3475 803 Mi-

1876 850 2014 904 sisse
2041 862 2101 904 se
2138 847 2300 903 etiam
2323 855 2380 902 et
2406 845 2702 912 daemones,
2733 847 2826 917 qui
2857 845 3010 901 illum
3037 844 3470 908 internecarent,

1879 942 2180 999 fatebatur:
2208 942 2303 999 sed
2324 941 2602 998 daemones
2624 939 2966 996 renuntiasse
2986 955 3045 996 se
3068 954 3174 995 non
3202 939 3377 995 solum
3405 935 3473 993 ad

1879 1035 2056 1106 ipsum
2109 1037 2544 1107 appropinquare
2585 1032 2809 1089 minime
2856 1049 3035 1104 posse,
3069 1049 3254 1090 verum
3309 1031 3472 1089 etiam

1881 1146 1980 1186 nec
2002 1130 2068 1186 ad
2097 1131 2243 1186 fores
2266 1130 2481 1196 domus,
2506 1129 2559 1184 in
2583 1143 2688 1200 qua
2711 1127 2962 1182 manebat
2990 1127 3321 1198 Episcopus;
3347 1126 3475 1198 quia

1881 1225 2023 1298 ignis
2071 1223 2451 1296 insuperabilis
2476 1237 2638 1278 omne
2669 1220 2803 1276 illud
2848 1219 3133 1274 mdificium
3173 1217 3477 1275 communi-

1881 1329 1986 1386 ret,
2015 1321 2262 1390 utetiam
2309 1321 2469 1390 longe
2499 1318 2657 1390 positi
2689 1325 2976 1372 urerentur
3000 1319 3020 1368 :'
3045 1323 3206 1385 atque
3261 1316 3331 1370 ita
3359 1330 3477 1371 ces-

1882 1430 2034 1470 sasse
2064 1387 2212 1470 aortes
2243 1428 2390 1481 suas,
2432 1412 2630 1484 quibus
2673 1410 2936 1466 adversus
2963 1407 3175 1464 Domini
3206 1408 3476 1466 Sacerdo-

1884 1517 1991 1564 tem
2023 1522 2083 1563 se
2121 1506 2327 1578 aliquid
2370 1521 2531 1578 posse
2560 1504 2948 1561 arbitrabatur.
2982 1501 3133 1558 Alius
3171 1503 3333 1557 etiam
3363 1500 3479 1571 gla-

1881 1603 2030 1659 dium
2061 1601 2246 1660 ferens
2275 1602 2342 1658 ad
2363 1601 2672 1658 cubiculum
2700 1615 2874 1672 usque
2903 1598 3168 1671 pervenit,
3193 1607 3251 1652 ttt
3277 1595 3480 1652 interli-

1880 1707 2029 1752 ccret
2081 1695 2432 1752 SacerdOtem
2483 1712 2498 1749 :
2548 1694 2645 1751 sed
2708 1709 2830 1750 cum
2887 1693 3154 1749 elevasset
3218 1705 3476 1758 manum,

1881 1790 2130 1846 districto
2180 1789 2387 1861 gladio,
2437 1788 2661 1845 dextera
2714 1797 2900 1844 exerta
2934 1787 2986 1841 in
3038 1801 3164 1841 aera
3195 1785 3481 1856 obrigente

176 1885 548 1958 exspectantis
601 1882 1014 1939 considerantes
1075 1881 1328 1952 injuriatn
1361 1924 1376 1948 ,
1429 1882 1776 1937 immemores
1806 1887 1856 1949 Β
1879 1885 2164 1940 remansit.
2188 1882 2344 1938 Tunc
2398 1897 2458 1938 se
2485 1883 2711 1938 missum
2743 1897 2771 1935 a
2803 1879 3011 1937 Justina
3043 1886 3324 1950 postquam
3351 1891 3484 1932 con-

177 1981 341 2034 etiam
374 1977 644 2032 dictorum
674 1975 1103 2043 Dominicorum,
1162 1974 1415 2046 quoniam
1443 1975 1532 2045 qui
1558 1976 1783 2030 scanda-

175 2073 408 2128 lizaverit
436 2088 592 2125 unum
619 2087 680 2125 ea:
710 2069 936 2124 minimis
978 2069 1109 2136 istis,
1140 2078 1337 2136 oportet
1363 2078 1419 2124 ut
1441 2068 1580 2122 mola
1609 2069 1784 2123 asina-

174 2167 258 2220 ria
298 2163 433 2219 collo
475 2167 585 2237 ejus
626 2163 894 2232 alligetur,
937 2171 984 2218 et
1029 2163 1355 2234 demergatur
1383 2163 1434 2216 in
1464 2163 1783 2234 profundum

178 2261 338 2316 maris
369 2259 614 2332 (unum.
669 2275 820 2327 xvtn,
875 2256 964 2329 6),
1013 2258 1369 2315 ascendentes
1417 2257 1472 2313 in
1519 2257 1780 2325 rhedam,

175 2356 331 2426 quasi
360 2353 534 2424 gratia
559 2352 828 2424 gestandi,
855 2353 1132 2408 civitatem
1162 2353 1365 2424 egressi
1394 2361 1784 2422 sunt,exspcc-

181 2457 330 2503 tante
359 2447 658 2505 Sacerdote
689 2457 744 2503 et
778 2447 934 2517 plebe
965 2447 1019 2501 in
1051 2446 1296 2502 Ecclesia
1325 2447 1642 2502 constituta.
1676 2445 1782 2502 Sed

180 2541 344 2612 hujus
357 2543 716 2597 contumaciae
737 2539 860 2612 quis
882 2540 1002 2595 finis
1022 2540 1201 2607 fuerit,
1228 2539 1487 2596 horresco
1507 2539 1779 2607 referens;

181 2635 365 2692 subito
387 2636 531 2691 enim
565 2634 886 2706 praecipitati
913 2634 981 2690 de
1009 2634 1201 2700 rhedn,
1227 2634 1435 2688 animas
1455 2634 1782 2703 emiserunt,

181 2741 351 2799 atque
376 2744 611 2798 corpora
645 2729 858 2783 illorum
891 2727 1185 2798 sepultura:
1208 2739 1333 2783 sunt
1365 2728 1580 2783 tradita.
1618 2730 1786 2785 Sanc-

184 2831 276 2876 tus
302 2836 432 2876 vero
464 2821 790 2876 Ambrosius
819 2836 942 2876 cum
974 2821 1252 2891 ignoraret
1291 2819 1418 2891 quid
1449 2819 1648 2876 factum
1693 2835 1783 2876 es-

186 2921 294 2980 set,
329 2928 428 2967 nec
456 2914 659 2968 diutius
684 2922 868 2983 posset
895 2914 1106 2983 plebem
1138 2914 1665 2979 tenere,ascendens
1690 2929 1786 2983 pro

188 3003 477 3069 tribunali,
507 3001 576 3057 de
598 3002 789 3058 eadem
811 3005 1106 3074 quzestiune
1137 3020 1253 3074 quae
1285 3003 1458 3058 fuerat
1491 3004 1782 3074 preposita,

186 3111 504 3151 sermonem
528 3095 758 3151 adorsus
777 3102 884 3160 est,
915 3095 1104 3150 dicens
1133 3112 1146 3147 :
1177 3094 1436 3162 Debitum,
1468 3097 1677 3166 fratres,
1704 3113 1792 3149 cu-

185 3189 274 3261 pio
299 3188 621 3254 solvendum,
649 3187 743 3243 sed
761 3188 1024 3242 hesternos
1054 3205 1190 3242 meos
1219 3205 1318 3242 non
1348 3189 1551 3243 invenio
1572 3189 1791 3243 credito-

1885 1978 2061 2033 fessus
2089 1985 2193 2045 est,
2224 1975 2507 2032 brachium
2543 1975 2687 2047 quod
2720 1975 2902 2045 inique
2923 1989 3046 2030 cum
3078 1970 3483 2039 extenderetur,

1885 2071 2222 2144 obriguerat,
2253 2078 2502 2126 sanatum
2526 2078 2609 2125 est
2636 2067 2998 2124 confessione.

1956 2174 2048 2228 21.
2094 2173 2198 2229 Per
2246 2171 2388 2228 idem
2446 2181 2662 2242 tempus
2708 2169 2954 2226 cumvir
3007 2165 3234 2223 illustris
3276 2164 3486 2222 Probus

1884 2282 2112 2338 puerum
2135 2282 2291 2323 suum
2323 2266 2620 2332 notarium,
2647 2264 2739 2336 qui
2768 2264 2963 2335 spiritu
3005 2259 3283 2318 immundo
3308 2258 3487 2331 gravi-

1887 2370 1970 2416 ter
2020 2361 2340 2429 vexabatur,
2381 2361 2674 2417 direxisset
2703 2357 2770 2414 ad
2822 2358 3171 2428 Episcopum,
3203 2366 3488 2425 egressum

1887 2469 1953 2509 ex
1985 2453 2130 2510 Urbe
2160 2453 2364 2509 dimisit
2392 2453 2663 2519 diabolus,
2695 2452 2895 2507 timens
2925 2443 2990 2506 ad
3033 2450 3207 2504 virum
3235 2455 3486 2502 sanetum

1888 2548 2132 2620 perduci.
2166 2551 2344 2622 Atque
2397 2549 2468 2603 ita
2520 2563 2653 2619 puer
2700 2544 2961 2617 quamdiu
3009 2540 3301 2600 Mediolani
3345 2538 3490 2612 apud

1889 2642 2220 2713 Episcopum
2250 2642 2367 2711 fuit,
2399 2642 2545 2698 nulla
2574 2642 2627 2698 in
2653 2641 2746 2697 illo
2774 2639 2973 2696 diaboli
3002 2637 3302 2694 dominatio
3327 2649 3494 2707 appa-

1887 2735 2025 2791 ruit:
2051 2735 2146 2790 sed
2171 2736 2259 2790 ubi
2287 2751 2538 2808 egressus
2560 2734 2867 2791 Mediolano
2895 2741 2998 2799 est,
3021 2741 3260 2803 etprope
3285 2729 3489 2787 Urbem

1891 2829 2155 2898 pervenit,
2199 2829 2340 2884 idem
2393 2828 2615 2900 spiritus
2661 2828 2751 2899 qui
2798 2825 2950 2881 illum
2999 2834 3156 2881 antea
3202 2823 3490 2888 habuerat,

1891 2938 2091 2979 vexare
2131 2939 2254 2978 eum
2296 2923 2479 2993 coepit.
2510 2923 2611 2992 Qui
2639 2938 2761 2978 cum
2788 2921 3212 2993 interrogaretur
3239 2919 3307 2974 ab
3334 2932 3496 2974 exor-

1896 3016 2069 3081 cistis,
2094 3031 2191 3072 cur
2217 3016 2470 3086 quamdiu
2492 3015 2774 3072 Mediolani
2805 3015 3009 3079 luisset,
3029 3029 3134 3068 non
3158 3013 3497 3082 inilloappa-

1895 3107 2120 3172 ruisset;
2148 3107 2430 3162 confessus
2458 3116 2543 3163 est
2585 3107 2833 3162 diabolus
2881 3105 3129 3161 timuisse
3175 3121 3232 3161 se
3258 3105 3494 3162 Ambro-

1895 3202 2131 3267 sinm,et
2154 3200 2276 3257 ideo
2307 3203 2598 3258 recessisse
2622 3200 2689 3256 ad
2721 3205 2956 3272 tempus,
2976 3209 3136 3269 atque
3151 3207 3497 3270 exspectasse

185 3300 290 3350 res,
324 3293 380 3338 et
401 3282 611 3353 reliqua
644 3298 768 3353 qua:
811 3282 1010 3352 scripta
1044 3291 1168 3337 sunt
1190 3285 1241 3337 in
1277 3282 1438 3348 libro,
1474 3283 1565 3353 qui
1611 3283 1674 3338 de
1701 3282 1788 3337 In-

1899 3295 1951 3350 in
1979 3295 2074 3350 illo
2106 3295 2250 3362 loco,
2284 3295 2374 3351 ubi
2398 3295 2578 3351 abillo
2603 3304 2926 3362 recesserat,
2969 3295 3143 3350 donec
3195 3304 3498 3351 revertere-

185 3377 488 3432 carnatione
519 3375 730 3431 Domini
753 3375 1057 3430 intitulatur
1084 3373 1258 3447 (Tom.
1290 3373 1356 3442 ll,
1383 3392 1503 3446 pag.
1529 3374 1682 3445 703).

264 3471 354 3526 19.
396 3469 586 3526 Occiso
611 3470 788 3539 itaque
817 3467 1078 3524 Gratiano
1112 3468 1461 3539 imperatore,
1493 3467 1791 3537 recipiendi

188 3563 439 3634 corporis
462 3563 579 3634 ejus
603 3577 764 3618 causa
794 3560 1087 3618 secundam
1112 3561 1180 3617 ad
1221 3561 1514 3618 Maximum
1555 3563 1794 3634 suscepit

191 3657 541 3728 legationem.
571 3655 723 3726 Apud
755 3671 916 3727 quem
946 3671 1106 3724 quam
1137 3663 1452 3711 constanter
1476 3657 1670 3724 egerit,
1701 3656 1791 3727 qui

192 3749 811 3818 volueritciignoscere,
850 3747 1020 3818 ipsius
1069 3749 1352 3817 legationis
1399 3750 1683 3819 epistolam
1723 3750 1792 3805 ad

195 3839 634 3896 Valentinianum
676 3840 949 3908 juniorem
981 3840 1161 3895 datam
1215 3857 1337 3896 cum
1370 3841 1560 3913 legerit
1596 3841 1789 3914 (Epist.

192 3931 317 4004 24),
351 3930 712 4002 approbabit;
747 3932 903 3987 nobis
926 3932 1070 3988 enim
1105 3934 1341 3990 alienum
1373 3950 1400 3987 a
1433 3936 1795 4006 promissione

193 4024 372 4079 visum
399 4034 486 4080 est
510 4024 659 4078 illam
702 4024 962 4092 inserere,
997 4041 1065 4080 ne
1093 4025 1361 4095 adjuncta:
1385 4028 1631 4097 epistolae
1672 4045 1796 4100 pro-

195 4119 380 4175 lixitas
423 4117 695 4174 fastidium
750 4117 951 4190 legenti
981 4117 1222 4176 afferret.
1248 4118 1428 4190 Ipsum
1458 4137 1587 4177 vero
1627 4121 1797 4177 Maxi-

199 4227 349 4267 mum
389 4225 418 4265 a
465 4209 869 4266 communionis
919 4212 1196 4267 consortio
1232 4214 1559 4284 segregavit,
1610 4215 1800 4270 admo-

198 4321 338 4362 nens
361 4313 420 4361 ut
441 4304 598 4361 effusi
631 4305 907 4377 sanguinis
937 4305 1144 4361 domini
1175 4308 1281 4372 sui,
1311 4319 1368 4364 et
1391 4307 1534 4380 quod
1565 4318 1650 4364 est
1669 4324 1796 4380 gra-

198 4403 340 4466 vius,
395 4399 723 4466 innocentis,
755 4409 941 4470 ageret
989 4401 1380 4472 paenitentiam,
1414 4402 1461 4458 si
1495 4403 1598 4459 sibi
1653 4404 1795 4474 apud

198 4492 372 4548 Deum
403 4492 573 4548 vellet
596 4506 717 4548 esse
743 4494 1072 4549 consultum.
1098 4494 1206 4551 Sed
1238 4495 1332 4552 ille
1360 4511 1483 4552 cum
1531 4496 1801 4569 paeniten-

201 4589 334 4642 tiam
367 4587 602 4643 declinat
646 4589 883 4659 superbo
927 4591 1143 4660 spiritu,
1170 4605 1276 4646 non
1309 4591 1490 4648 solum
1534 4592 1794 4662 futuram,

1900 3397 1985 3444 tur
2013 3406 2026 3443 :
2054 3404 2161 3458 quo
2179 3398 2508 3452 revertentc,
2541 3405 2633 3445 vas
2655 3389 2798 3461 quod
2827 3389 3164 3456 deseruerat,
3185 3389 3494 3462 repetisset.

1967 3483 2060 3542 22.
2101 3484 2390 3540 Exstincto
2418 3485 2671 3552 Maximo,
2702 3485 2880 3557 posito
2908 3484 3217 3542 Theodosio
3245 3469 3497 3556 impera-

1897 3586 2013 3632 tore
2041 3577 2355 3646 Mediolani,
2385 3577 2674 3635 Ambrosio
2715 3595 2847 3636 vero
2891 3579 3152 3650 episcopo
3199 3579 3497 3636 constituto

1895 3670 2177 3740 Aquileiae,
2211 3671 2261 3725 in
2296 3672 2538 3742 partibus
2563 3674 2804 3729 Orientis
2833 3672 2885 3728 in
2937 3671 3172 3744 quodam
3199 3671 3425 3728 castello
3463 3685 3496 3727 a

1894 3765 2201 3821 cbristimis
2225 3765 2352 3821 viris
2372 3782 2640 3840 synagoga
2664 3767 2976 3823 Iudaeorum
3006 3775 3053 3823 et
3080 3766 3232 3822 lucus
3258 3764 3498 3821 Valenti-

1897 3859 2182 3914 nianornm
2215 3859 2466 3916 incendio
2487 3871 2832 3917 concremata
2856 3869 3004 3925 sunt,
3039 3870 3328 3930 propterea
3351 3859 3496 3929 quod

1896 3949 2068 4007 Judaei
2105 3952 2190 4008 vel
2249 3952 2609 4008 Valentiniani
2659 3953 2985 4008 insultarent
3029 3951 3312 4009 monachis
3351 3952 3498 4008 chri-

1896 4045 2120 4111 Stianis;
2154 4045 2657 4102 Valentinianorum
2695 4047 2839 4102 enim
2869 4046 3093 4104 luercsis
3120 4046 3335 4119 triginta
3362 4046 3497 4103 deos

1897 4139 2048 4196 colit.
2083 4139 2190 4199 Sed
2236 4141 2304 4198 de
2359 4141 2666 4212 hujusmodi
2721 4140 2867 4197 facto
2916 4157 3101 4198 comes
3152 4141 3392 4199 Orientis
3429 4141 3496 4198 ad

1900 4233 2286 4304 imperatorem
2335 4234 2657 4292 relationem
2688 4235 2886 4293 direxit
2922 4254 2936 4292 :
2966 4253 3068 4308 qua
3125 4248 3367 4307 accepta,
3398 4237 3499 4292 int-

1901 4337 2121 4400 perator
2139 4343 2472 4402 prmceperat
2497 4339 2557 4386 ut
2580 4345 2852 4403 synagoga
2875 4331 2944 4387 ab
2961 4329 3215 4402 episcopo
3237 4331 3340 4386 loci
3366 4347 3500 4387 rete-

1901 4420 2235 4489 diﬁcaretur,
2270 4424 2322 4479 in
2351 4423 2650 4480 monachos
2679 4439 2810 4480 vero
2847 4425 3230 4480 vindicaretur.
3261 4422 3368 4482 Sed
3402 4423 3501 4478 hu-

1897 4513 1986 4584 jus
2011 4515 2262 4586 przecepti
2295 4525 2455 4572 tenor
2481 4531 2602 4572 cum
2630 4515 2698 4572 ad
2727 4531 2887 4572 aures
2917 4516 3250 4587 pervenisset
3275 4531 3502 4573 venera-

1902 4605 2026 4662 bilis
2054 4607 2150 4662 viri
2183 4605 2457 4664 Ambrosii
2497 4609 2763 4679 episcopi,
2791 4608 2992 4664 direxit
3019 4607 3086 4663 ad
3116 4609 3500 4680 imperatorem

203 4681 302 4736 sed
330 4682 516 4776 ﬁmi“
576 4689 916 4776 Ρνξῖιεεοὲηιθιη⁸
945 4683 1176 4776 samem
1225 4685 1432 4750 amis“:
1465 4701 1799 4759 ηειιιιηιίιυε
1825 4679 1881 4740 D
1905 4701 2191 4772 epistolam
2221 4699 2421 4776 (Epist.
2451 4701 2570 4774 40).
2616 4703 2738 4772 quia
2789 4703 2906 4774 ipse
2935 4703 2987 4758 in
3034 4679 3279 4773 tempore
3309 4717 3504 4758 excur-

200 4772 347 4844 quod
378 4774 520 4829 male
548 4773 873 4844 arripuerat,
895 4773 1133 4832 femineo
1154 4777 1386 4848 quodam
1403 4777 1585 4847 modo,
1605 4779 1802 4838 timore

203 4866 476 4938 deposuit,
508 4875 565 4922 ut
595 4875 1002 4938 procuratorem
1032 4867 1060 4907 ι)
1085 4885 1145 4925 se
1168 4871 1501 4942 reipublicae,
1537 4887 1645 4929 non
1705 4873 1805 4930 im-

196 4968 513 5031 peratorem
556 4959 724 5016 fuisse
761 4961 1136 5018 conﬁteretur.

277 5055 372 5109 20.
412 5053 619 5110 Mortua
649 5070 780 5112 vero
828 5055 1061 5124 Justina,
1087 5058 1304 5129 quidam
1337 5060 1605 5134 haruspex
1639 5062 1803 5120 Innu-

204 5147 419 5204 centius
458 5147 698 5216 nomine,
733 5160 754 5187 ε
785 5164 891 5205 ηοη
939 5158 1116 5206 tamen
1142 5166 1332 5221 opere,
1374 5170 1498 5211 cum
1545 5156 1600 5210 in
1642 5171 1806 5212 causa

209 5241 599 5298 maleficiorum
629 5257 660 5296 a
688 5241 866 5313 judice
895 5253 1238 5315 torqueretur
1257 5247 1403 5302 aliud
1445 5264 1607 5320 quam
1640 5249 1809 5307 inter-

207 5333 501 5405 rogabatur
549 5333 705 5390 fateri
753 5337 954 5409 coepit;
1017 5338 1286 5397 clamabat
1329 5343 1475 5398 enim
1504 5344 1572 5399 ab
1613 5345 1811 5416 angelo

210 5430 417 5499 majora
471 5437 737 5487 tormenta
789 5432 892 5488 sibi
948 5433 1195 5491 adhiberi
1227 5452 1294 5494 eo
1362 5438 1455 5510 qui
1513 5441 1812 5498 custodiret

210 5522 870 5596 Ambrosium;quoniam
917 5530 1254 5597 temporibus
1297 5531 1526 5590 Justina:
1551 5535 1620 5590 ad
1665 5537 1813 5592 exci-

214 5619 374 5674 tanda
404 5618 528 5675 odia
559 5618 882 5692 populorum
932 5621 986 5678 in
1019 5621 1342 5696 EplscOpum
1386 5640 1649 5684 cacumen
1689 5631 1814 5687 tecti

289 5765 314 5792 ει
344 5755 423 5884 l:a
455 5771 587 5814 mss.
608 5757 740 5815 edit.
773 5773 804 5816 e
830 5759 1124 5823 contrario,
1156 5762 1244 5832 qui
1266 5764 1591 5820 tractandam
1617 5768 1814 5836 episco-

291 5870 306 5884 .
331 5846 361 5884 e
389 5845 440 5884 c.

218 5843 306 5905 po,
331 5843 440 5905 etc.

286 5900 314 5943 δ
329 5900 533 5962 Omnes
552 5902 684 5962 edit.
691 5945 709 5975 ,
726 5921 780 5962 se
793 5901 1089 5979 reipublicw
1100 5905 1302 5963 nomine
1320 5906 1614 5983 profuisse;
1625 5922 1818 5971 omnes

1907 4810 2030 4851 rere
2060 4811 2166 4851 non
2198 4804 2431 4867 poterat,
2463 4811 2568 4868 qua
2597 4796 2750 4851 illum
2779 4797 3057 4864 convenit,
3085 4805 3143 4853 ut
3184 4797 3234 4853 id
3263 4796 3407 4869 quod
3437 4795 3505 4854 ab

1907 4885 2098 4942 eodem
2136 4894 2395 4942 statutum
2423 4886 2622 4954 fuerat,
2655 4897 3026 4956 revocaretur,
3064 4889 3379 4960 servarique
3403 4887 3508 4945 sibi

1909 4979 2108 5037 debere
2137 4980 2206 5036 ab
2246 4995 2312 5036 eo
2338 4979 2704 5047 audientiam;
2739 4982 2864 5053 quia
2893 4981 2939 5037 si
2965 4981 3162 5054 dignus
3189 4997 3299 5038 non
3336 4990 3506 5048 esset,

1899 5077 1999 5144 qui
2023 5071 2208 5127 abillo
2233 5070 2534 5139 audiretur,
2561 5072 2760 5146 dignus
2783 5075 2945 5131 etiam
2974 5091 3080 5130 non
3105 5083 3272 5141 esset,
3294 5074 3384 5144 qui
3410 5088 3510 5143 pro

1915 5166 2012 5222 illo
2038 5182 2066 5221 a
2095 5166 2324 5222 Domino
2353 5165 2657 5235 audiretur,
2689 5168 2775 5226 vel
2802 5167 2892 5224 cui
2919 5182 3046 5224 suas
3069 5181 3281 5237 preces,
3304 5171 3398 5216 aut
3423 5162 3512 5217 cui

1914 5275 2013 5316 sua
2066 5270 2186 5315 vota
2235 5259 2602 5316 committeret
2634 5277 2647 5314 :
2680 5269 2927 5332 paratum
2958 5259 3120 5315 etiam
3170 5272 3232 5313 se
3260 5266 3382 5308 esse
3413 5266 3515 5321 pro

1917 5355 2006 5410 tali
2041 5354 2261 5426 negotio
2304 5365 2536 5410 mortem
2591 5356 2797 5422 subire,
2842 5369 2911 5410 ne
2954 5347 3389 5407 dissimulatione
3433 5347 3518 5402 sui

1918 5449 2398 5521 praevaricatorem
2419 5431 2619 5505 faceret
2641 5450 3047 5520 imperatorem,
3074 5444 3164 5514 qui
3188 5453 3296 5497 tam
3320 5437 3521 5509 iniusta

1917 5552 2105 5598 contra
2136 5538 2439 5596 Ecclesiatn
2468 5540 2839 5611 praecepisset.

1991 5634 2084 5692 25.
2125 5634 2321 5690 Postea
2343 5646 2474 5688 vero
2502 5646 2665 5703 quam
2715 5626 3079 5686 Mediolanum
3122 5633 3380 5682 reversus
3417 5631 3528 5692 est,

1921 5786 2053 5828 mss.
2080 5779 2140 5826 ut
2163 5771 2217 5825 in
2247 5775 2526 5824 contextu.

1999 5853 2019 5883 ο
2052 5843 2181 5900 Mss.
2219 5838 2486 5907 nonnulli,
2519 5836 2608 5891 sed
2633 5850 2786 5906 apere
2804 5831 3210 5890 crudelissimus.
