4102 6360
555 383 625 439 55
1777 343 1970 430 tot
2009 367 2258 436 sane?!
2298 367 2624 428 AMBROSII
3809 367 3880 422 se

551 499 730 570 posito
759 499 1089 567 imperatore
1119 495 1172 554 in
1205 493 1469 560 Ecclesia,
1501 493 1570 550 de
1601 491 1790 548 eadem
1815 507 1978 548 causa
2015 501 2158 547 trac-
2185 494 2240 556 Α
2263 507 2418 548 scere
2449 491 2746 560 potentiam
2785 487 3014 544 illustris
3041 487 3142 544 virl
3175 485 3360 554 Probi,
3393 501 3500 559 qua
3535 485 3782 557 cognita,
3809 485 3874 542 ad

553 593 684 648 lavit
727 594 780 646 in
825 593 1044 662 pepulo.
1077 591 1134 646 In
1179 605 1284 659 quo
1323 597 1554 644 tractatu
1599 587 1903 644 introduxit
1944 587 2154 642 Domini

553 703 846 759 personant
901 686 1170 756 loquentis
1213 683 1526 754 imperatori
1567 684 1724 754 :Ego
1762 692 1814 738 te
1851 698 1916 738 ex
1965 682 2158 736 ultimo

479 809 482 814 ·
554 782 936 850 imperatorem
969 779 1090 842 feci,
1123 795 1222 850 ego
1253 779 1346 834 tibi
1375 779 1676 834 exercitum
1709 777 1914 832 inimici
1949 777 2020 832 lui
2045 785 2156 830 tra-

555 875 690 940 didi.
719 891 820 946 ego
855 876 949 930 tibi
991 875 1178 945 cupias
1203 889 1340 944 quas
1369 874 1460 928 ille
1485 875 1770 928 adversum
1803 881 1856 928 te
1897 871 2158 928 exercitui

555 985 656 1026 suo
705 977 1126 1040 prteparaverat,
1155 967 1314 1030 dedi.
1341 983 1444 1038 ego
1477 968 1750 1022 inimicum
1783 976 1934 1022 tuum
1970 969 2024 1022 in
2067 981 2162 1036 po—

557 1071 808 1118 testatem
845 1073 988 1118 tuam
1023 1061 1241 1132 redegi.
1271 1075 1374 1130 ego
1397 1063 1466 1116 de
1507 1060 1716 1116 semine
1757 1069 1848 1114 tuo
1875 1075 2038 1130 supra
2067 1073 2158 1114 so-

552 1156 682 1213 lium
717 1157 866 1226 regni
899 1157 1160 1212 constitui
1189 1197 1205 1220 ,
1238 1169 1338 1225 ego
1366 1163 1420 1210 te
1453 1155 1786 1225 triumphare
1813 1154 1929 1208 sine
1977 1153 2162 1208 labore

551 1248 652 1306 Ieci
694 1261 794 1304 :et
825 1257 880 1304 tu
923 1248 991 1304 de
1033 1263 1122 1304 me
1163 1247 1399 1302 inimicis
1443 1249 1580 1304 meis
1621 1249 1788 1302 tlonas
1821 1245 2158 1316 triumphos!

553 1341 654 1400 Cui
699 1342 1056 1398 descendenti
1085 1342 1154 1398 de
1195 1342 1430 1398 exhedra
1473 1341 1770 1414 imperator
1806 1343 1924 1398 ait:
1964 1343 2162 1396 Contra

553 1455 657 1496 nos
705 1440 1034 1510 preposnisti
1077 1438 1270 1506 hodie,
1301 1439 1588 1508 Episcopo.
1623 1439 1693 1494 At
1741 1437 1835 1494 ille
1885 1437 2166 1508 reapondit

555 1547 664 1587 non
705 1547 766 1588 se
813 1541 999 1586 contra
1033 1532 1208 1602 ipsum
1233 1573 1247 1595 ,
1288 1531 1382 1586 sed
1419 1545 1518 1600 pro
1555 1531 1672 1600 ipso
1701 1529 1868 1586 fuisse
1901 1531 2164 1586 locutum.

555 1625 706 1680 Tunc
729 1625 1020 1694 imperator
1051 1643 1062 1680 :
1097 1623 1176 1680 Re
1205 1639 1354 1690 vera,
1393 1623 1596 1693 inquit.
1627 1623 1763 1678 dure
1801 1639 2164 1694 przeccperam

557 1729 748 1774 contra
779 1720 1092 1788 episcopum
1123 1717 1192 1772 de
1215 1733 1484 1789 synagoga
1519 1715 1816 1788 reparanda
1849 1733 1862 1770 :
1899 1718 1950 1770 in
1981 1729 2170 1770 inena-

556 1810 694 1866 chos
725 1825 851 1866 vcro
876 1819 900 1846 ει
924 1809 1308 1864 vindicandum
1335 1825 1480 1866 esse.
1513 1809 1586 1864 Ita
1615 1817 1670 1864 et
1689 1825 1718 1864 a
1748 1807 2042 1864 comitibus
2071 1807 2166 1878 qui

2263 586 2482 658 propria
2511 593 2845 640 remearunt.

2331 681 2420 736 26.
2467 679 2572 738 Sed
2613 693 2836 750 egresso
2863 677 3178 734 Theodosio
3199 675 3268 732 de
3293 675 3442 732 Italia
3469 685 3524 732 ct
3553 675 3876 732 Constanti-

2261 773 2440 844 nepoli
2473 773 2788 840 constituto,
2815 771 3196 828 Valentiniano
3225 769 3468 842 Augusto
3495 771 3636 826 intra
3665 767 3876 826 Gallias

2263 869 2703 943 posito,t|iret'lu
2735 868 2977 938 clegatio
3033 877 3118 922 est
3159 867 3260 920 sub
3307 867 3530 920 nomine
3573 877 3802 920 senatus
3845 879 3876 918 a

2263 961 2592 1034 Symmacho
2649 973 2772 1018 tunc
2810 963 3068 1030 praelecto
3103 959 3264 1016 Urbis
3305 959 3376 1014 de
3413 959 3710 1026 repetenda
3781 973 3878 1014 ara

2263 1057 2524 1114 Victoriae
2547 1069 2602 1112 et
2635 1055 2941 1126 sumptibus
2967 1054 3438 1112 caeremoniarum.
3463 1053 3572 1110 Sed
3603 1053 3690 1108 ubi
3721 1067 3876 1108 com-

2265 1153 2410 1224 perit
2435 1151 2726 1217 Sacerdos,
2763 1152 2932 1206 misso
2961 1151 3144 1206 libello
3167 1151 3234 1206 ad
3265 1151 3648 1220 imperatorem
3671 1147 3874 1220 (Epist.

2267 1247 2334 1302 l7
2365 1257 2423 1304 et
2453 1247 2576 1320 l8),
2611 1247 2904 1318 postulavit
2935 1255 2995 1302 ut
3036 1245 3102 1300 ad
3135 1261 3196 1301 se
3233 1245 3518 1300 relationis
3545 1243 3878 1314 exemplaria

2265 1345 2652 1417 dirigerentur,
2683 1345 2880 1416 quibus
2909 1345 3024 1416 ipse
3053 1359 3152 1414 pro
3179 1343 3424 1414 partibus
3447 1343 3560 1396 suis
3584 1355 3880 1410 responso-

2259 1453 2360 1496 rus
2403 1450 2576 1497 esset.
2623 1439 2738 1508 Qua
2787 1439 3054 1494 relatione
3103 1449 3345 1508 accepta,
3401 1435 3876 1506 pra-clarissimum

2269 1533 2516 1589 libellum
2547 1535 2905 1605 conscripsit,
2937 1541 2996 1588 ut
3037 1543 3224 1588 contra
3259 1533 3390 1586 nihil
3427 1547 3680 1602 umquam
3707 1529 3876 1586 aude-

2267 1637 2354 1682 ret
2406 1627 2768 1698 Symmachus
2821 1627 2906 1682 vir
2957 1627 3436 1696 eloquentissimus
3477 1624 3814 1695 respondere
3859 1639 3876 1676 :

2269 1719 2366 1776 sed
2419 1731 2704 1790 postquam
2747 1727 2990 1788 augusta:
3039 1717 3318 1774 memoriae
3361 1717 3778 1772 Valentinianus
3825 1715 3876 1770 in

2273 1811 2568 1867 Viennensi
2597 1813 2816 1867 civitate
2849 1813 2990 1880 (qua:
3019 1821 3102 1866 est
3135 1811 3432 1866 Galliarum
3463 1811 3680 1880 civitas)
3715 1810 3874 1863 vitam

556 1900 612 1958 in
651 1913 896 1974 tempore
944 1902 1194 1968 aderant,
1217 1902 1517 1958 dicebatur.
1571 1902 1780 1970 Quibus
1825 1901 2166 1971 Episcopus:
2203 1907 2246 1966 Β
2279 1909 2476 1974 ﬁnivit;
2513 1908 2788 1978 Eugeniae
2821 1907 3060 1977 suscepit
3103 1905 3412 1977 imperium,
3441 1907 3530 1974 qui
3577 1905 3670 1960 ubi
3707 1905 3874 1974 impe-

557 1996 670 2068 Ego
693 1997 909 2068 quidem
933 2011 1054 2052 cum
1079 1995 1408 2066 imperatore
1429 2011 1570 2052 nunc
1591 2011 1714 2066 ago,
1739 1995 2016 2050 vobiscum
2041 2010 2172 2052 vero

553 2091 688 2146 mihi
727 2092 884 2144 aliter
924 2081 1194 2162 agendum
1235 2101 1338 2146 est.
1377 2091 1556 2160 Atque
1587 2093 1658 2146 ita
1697 2090 1933 2146 obtinuit
1977 2099 2030 2144 ut
2081 2089 2170 2144 illa

553 2199 675 2256 qua:
698 2193 896 2240 statuta
929 2184 1180 2252 fuerant,
1213 2197 1606 2242 revocarentur
1637 2203 1650 2238 :
1681 2201 1782 2240 nec
1813 2185 1963 2256 prius
1991 2183 2058 2238 ad
2089 2184 2170 2238 al-

553 2285 670 2336 tare
709 2280 973 2336 accedere
1005 2281 1173 2336 voluit
1199 2321 1214 2344 ,
1241 2281 1344 2334 nisi
1395 2279 1500 2334 lide
1537 2293 1632 2334 sua
1679 2279 1976 2348 imperator
2018 2265 2168 2334 illum

553 2387 719 2446 agere
762 2373 964 2430 debere
1009 2383 1324 2430 testaretur.
1371 2371 1468 2428 Cui
1513 2373 1814 2444 Episcopus
1849 2391 1861 2426 :
1897 2373 2032 2444 Ergo
2073 2389 2172 2444 ago

553 2465 656 2535 ﬁde
703 2477 812 2522 tua.
841 2467 1146 2536 Respondit
1190 2471 1484 2536 imperator
1525 2467 1681 2538 :Age
1723 2467 1828 2538 ﬁde
1872 2484 2004 2522 mea.
2055 2467 2170 2536 Qua

552 2561 850 2630 Sponsinnc
879 2561 1092 2624 iterata,
1123 2560 1234 2630 jam
1279 2575 1509 2616 securus
1549 2561 1756 2630 peregit
1795 2559 2066 2616 Sacerdos
2091 2563 2172 2614 di-

551 2653 678 2718 vina
717 2655 998 2726 mysteria.
1041 2654 1168 2710 lltec
1199 2664 1380 2710 autem
1423 2655 1626 2723 scripta
1672 2665 1796 2710 sunt
1835 2655 1886 2707 in
1913 2653 2168 2723 epistola,

555 2761 716 2816 quam
749 2746 814 2800 ad
857 2761 1178 2818 germanam
1217 2763 1369 2802 suam
1411 2745 1534 2804 fecit
1569 2745 1766 2820 (Epist.
1795 2745 1890 2818 41)
1927 2747 2018 2802 :in
2065 2761 2170 2818 qua

555 2848 844 2898 tractatum
891 2841 1148 2910 inseruit,
1181 2857 1344 2913 quem
1375 2843 1570 2898 eodem
1611 2842 1698 2898 die
1743 2839 1928 2896 habuit
1967 2841 2036 2898 de
2077 2841 2174 2896 ba-

556 2937 680 2998 culo
707 2950 902 3004 noceo,
939 2939 1028 3008 qui
1063 2951 1094 2992 a
1125 2935 1392 3008 propheta
1425 2935 1696 2994 Hieremia
1725 2936 1872 2992 visus
1899 2950 2022 2992 esse
2049 2935 2174 2992 des-

563 3033 816 3090 cribitur.

631 3123 725 3182 24.
767 3125 870 3182 Per
901 3126 1040 3184 idem
1069 3135 1286 3198 tempus
1311 3141 1470 3182 causa
1505 3126 2012 3184 Thessalonicensis
2039 3127 2172 3184 civi.

559 3221 686 3276 tatis
719 3237 824 3276 non
855 3221 1080 3276 minima
1105 3223 1372 3278 successit
1403 3221 1680 3278 tribulatio
1710 3221 2014 3290 Sacerdoti,
2047 3237 2168 3278 cum

2275 2017 2398 2058 rare
2429 2003 2614 2072 cmpit.
2639 2017 2746 2056 non
2773 2001 2942 2054 multo
2971 2009 3116 2068 past,
3139 1999 3444 2070 petentibus
3467 1997 3726 2054 Flaviano
3751 2009 3876 2052 tunc

2277 2097 2532 2166 prtelecto
2549 2109 2604 2152 et
2633 2095 2938 2166 Arbogasto
2959 2095 3178 2162 comite,
3201 2109 3346 2148 aram
3369 2093 3628 2150 Victorias
3661 2103 3714 2148 et
3735 2107 3882 2148 seek

2276 2201 2400 2264 plus
2449 2191 2940 2258 caeremoniarum,
2975 2189 3120 2260 quod
3167 2189 3580 2244 Valentinianus
3637 2195 3880 2256 augusta:

2275 2287 2554 2340 ntemorize
2585 2283 2762 2340 adhuc
2793 2285 2846 2339 in
2874 2282 3184 2354 junioribus
3209 2284 3366 2337 annis
3395 2283 3753 2344 constitutus,
3779 2295 3880 2350 pc-

2276 2378 2514 2433 tentihus
2543 2378 2924 2446 denegaverat,
2955 2377 3158 2430 oblitus
3185 2375 3310 2430 ﬁdei
3338 2391 3450 2428 sure
3477 2373 3772 2432 concessit.

2345 2473 2435 2526 27.
2481 2472 2596 2527 Hoc
2637 2473 2726 2526 ubi
2753 2471 3010 2542 cognovit
3037 2469 3338 2534 Sacerdos,
3371 2469 3628 2524 derelicta
3661 2467 3882 2522 civitate

2277 2564 2700 2630 Mediolanensi,
2731 2565 2798 2617 ad
2845 2579 3004 2634 quam
3045 2563 3136 2618 ille
3187 2561 3442 2618 festinato
3483 2561 3780 2628 veniebat,
3813 2559 3880 2614 ad

2275 2659 2675 2714 Bononienscm
2703 2659 2976 2713 civitatem
3005 2656 3311 2726 emigravit,
3341 2664 3504 2726 atque
3531 2654 3654 2708 inde
3677 2653 3886 2708 Faven-

2278 2755 2404 2809 tiam
2431 2769 2604 2826 usque
2635 2755 2896 2825 perrexit.
2927 2751 3030 2808 Ubi
3053 2767 3174 2806 cum
3201 2749 3496 2818 aliquantis
3523 2749 3752 2819 degeret
3771 2747 3882 2804 die-

2275 2847 2399 2911 bus,
2430 2847 2692 2901 invitatus
2721 2861 2750 2900 a
2781 2845 3146 2912 Florentinis,
3177 2845 3246 2900 ad
3273 2843 3525 2900 Tusciam
3555 2857 3728 2914 usque
3783 2841 3882 2896 de-

2277 2941 2508 3004 scendit.
2537 2941 2824 2996 declinans
2851 2943 3020 3012 magis
3049 2941 3298 3012 sacrilegi
3329 2941 3428 2996 viri
3453 2949 3884 3012 aspectummon

2275 3037 2572 3094 formidans
2613 3037 2933 3108 imperantis
2972 3037 3268 3108 injuriam;
3319 3051 3444 3092 nam
3491 3045 3546 3093 et
3595 3035 3880 3106 epistolam

2276 3132 2342 3188 ad
2369 3133 2622 3188 eumdem
2663 3131 2808 3188 dedit
2839 3129 3042 3201 (Epist.
3083 3129 3208 3202 57),
3235 3132 3288 3186 in
3319 3145 3424 3204 qua
3463 3129 3720 3185 convenit
3753 3143 3882 3185 con-

2276 3227 2558 3283 scientiam
2605 3225 2770 3292 illius,
2821 3225 2890 3280 de
2921 3241 3024 3294 qua
3081 3239 3250 3295 pauca
3293 3223 3362 3280 de
3409 3223 3594 3280 multis
3635 3222 3878 3294 ponenda

554 3315 826 3370 civitatem
847 3331 986 3384 pene
1007 3316 1244 3372 deletam
1263 3317 1656 3384 comperisset;
1681 3315 2004 3386 promiserat
2025 3316 2170 3370 enim
2197 3317 2244 3380 C
2275 3319 2424 3374 duxi.
2459 3317 2522 3372 Et
2553 3319 2596 3372 si
2625 3319 2960 3388 imperatoria
2987 3327 3212 3388 potestas
3237 3335 3428 3394 magna
3451 3320 3536 3386 sit,
3569 3329 3742 3374 tamen
3763 3335 3882 3373 con-

553 3408 630 3464 illi
659 3411 956 3480 imperator
983 3426 1042 3466 se
1070 3411 1284 3466 veniam
1315 3410 1566 3466 daturum
1594 3410 1804 3466 civibus
1835 3409 2166 3480 supradictae

553 3502 789 3559 civitatis
821 3523 835 3560 :
863 3502 957 3558 sed
981 3503 1267 3574 agentibus
1296 3503 1586 3558 comitibus
1605 3503 1817 3560 occulte
1846 3518 1968 3558 cum
1999 3504 2168 3574 impe-

551 3607 757 3662 ratore,
793 3599 1081 3670 ignorante
1123 3597 1442 3660 Sacerdote,
1481 3613 1650 3668 usque
1673 3595 1702 3636 ι’
1733 3599 1782 3652 in
1833 3597 2022 3652 horant
2057 3607 2170 3654 ter-

551 3693 684 3746 tiam
732 3692 915 3764 gi-IlilO
943 3691 1136 3746 civitas
1170 3700 1254 3746 est
1301 3691 1522 3758 donata,
1568 3703 1730 3762 atque
1763 3691 1978 3761 plurimi
2026 3692 2167 3748 inte-

551 3788 750 3858 rempti
785 3788 1122 3844 innocentes.
1156 3787 1310 3856 Quod
1343 3788 1540 3842 factum
1573 3787 1658 3840 ubi
1689 3789 1944 3854 cognovit
1975 3789 2167 3844 Sacer-

551 3881 674 3948 dos,
698 3883 910 3952 copiam
939 3883 1253 3952 imperatori
1285 3880 1626 3952 ingrediendi
1657 3881 1960 3936 Ecclesium
1992 3881 2164 3938 dene-

549 3977 741 4047 gavit:
777 3991 880 4032 nec
923 3977 1071 4046 prius
1117 3975 1342 4046 dignum
1383 3973 1650 4044 judicavit
1691 3985 1836 4030 cmlu
1894 3975 2164 4040 ecclesiae,

553 4071 640 4128 vel
691 4079 1160 4127 sacramentorum
1211 4069 1631 4135 communione,
1687 4083 1846 4138 quam
1895 4066 2164 4137 publicam

550 4173 736 4236 ageret
767 4163 1168 4236 prenitentiam.
1201 4161 1300 4218 Cui
1333 4163 1630 4230 imperator
1668 4171 1858 4216 contra
1889 4162 2166 4216 asserebat

551 4259 718 4314 David
759 4258 1084 4313 adulterium
1127 4256 1288 4312 simul
1326 4273 1380 4311 et
1415 4255 1763 4312 homicidium
1795 4266 2161 4324 perpetrasse.

551 4351 659 4410 Sed
701 4367 1024 4420 reSponsum
1061 4350 1207 4406 illico
1251 4360 1371 4406 est:
1405 4351 1507 4418 Qui
1544 4360 1747 4406 secutus
1786 4366 1838 4404 es
1877 4360 2163 4415 errantem,

547 4464 758 4520 sequere
783 4448 1146 4520 corrigentem.
1173 4445 1326 4514 Quod
1363 4445 1454 4502 ubi
1481 4445 1682 4500 audivit
1709 4439 2166 4502 clemetttissimus

550 4542 871 4612 imperator,
905 4541 978 4598 ita
1006 4543 1248 4610 suscepit
1269 4541 1474 4606 animo,
1509 4551 1566 4596 ut
1595 4541 1860 4610 publicam
1894 4543 2162 4614 pceniten-

549 4637 680 4694 tiam
720 4655 826 4694 non
873 4638 1196 4693 abhorreret
1235 4655 1247 4691 :
1281 4637 1440 4708 cujus
1475 4635 1836 4694 correctionis
1879 4637 2164 4708 profectus

549 4731 848 4786 scoriadam
877 4731 954 4784 illi
981 4729 1188 4800 paravit
1217 4731 1524 4786 victoriam.

617 4823 710 4880 25.
755 4823 858 4878 Per
895 4824 1040 4878 idem
1078 4834 1288 4893 tempus
1315 4823 1426 4878 duo
1455 4823 1814 4894 potentissimi
1847 4831 1904 4880 et
1941 4825 2158 4895 sapien-

473 4901 476 4904 t
547 4917 744 4972 tissimi
773 4916 872 4971 viri
919 4917 1209 4972 Persarum
1251 4916 1318 4972 ad
1369 4915 1568 4972 lautam
1615 4916 1926 4974 Sacerdotis
1955 4934 2156 4974 venere

507 5075 516 5080 ,
547 5011 934 5072 Mediolanum.
963 5011 1274 5068 delerentes
1295 5025 1479 5066 secum
1511 5010 1774 5082 plurimas
1797 5013 2154 5080 qumstiones,

546 5113 604 5160 ut
643 5121 710 5162 ex
761 5105 842 5160 his
885 5105 1179 5175 probarent
1221 5104 1546 5176 sapientiam
1591 5106 1688 5162 viri
1723 5119 1886 5160 :cum
1933 5121 2040 5174 quo
2087 5106 2156 5160 ab

544 5197 680 5256 hora
712 5199 822 5256 diei
867 5200 1036 5269 prima
1071 5213 1240 5270 usque
1271 5201 1322 5256 iit
1357 5199 1546 5256 horam
1591 5199 1806 5256 tertiam
1839 5201 2014 5256 noctis
2058 5215 2156 5270 per

541 5291 900 5364 interpretem
929 5291 1374 5362 disputaverunt,
1405 5293 1848 5363 admirantesque
1885 5293 2156 5348 discesse-

542 5395 669 5442 runt
696 5389 765 5442 ab
793 5401 880 5442 eo.
908 5385 979 5442 Et
1003 5395 1060 5442 ut
1085 5401 1148 5442 se
1181 5387 1473 5455 probarent
1507 5401 1614 5442 non
1641 5385 1712 5440 ob
1743 5385 1905 5440 aliam
1933 5401 2150 5440 causam

543 5481 793 5548 venisse,
829 5480 934 5536 nisi
979 5491 1036 5536 ut
1075 5491 1226 5536 certo
1263 5480 1468 5536 certius
1501 5479 1924 5538 nossentvirnm
1949 5519 1966 5542 ,
1991 5495 2153 5548 quem

540 5573 680 5632 fama
706 5584 1086 5646 compererant
1109 5593 1124 5642 ;
1151 5577 1254 5630 alia
1281 5575 1372 5630 die
1399 5573 1784 5628 valelacieutes
1811 5572 2153 5640 imperatori,

539 5671 768 5741 profecti
790 5679 918 5726 sunt
941 5672 1008 5730 ad
1041 5673 1230 5728 urbem
1269 5670 1520 5731 Romam.
1551 5668 1664 5724 illic
1683 5667 1928 5724 volentes
1954 5681 2156 5738 cogno-

612 5821 638 5850 α
669 5811 745 5868 Ita
776 5827 932 5875 mss.;
953 5810 1086 5866 edit.
1116 5803 1648 5875 vero,oindicamlum
1677 5818 1786 5860 esse
1805 5819 1838 5856 a
1861 5803 2152 5860 comitibus.

535 5879 714 5942 Minus
736 5886 1024 5940 concinne.

607 5953 636 5998 ι’
667 5957 796 6014 Mss.
829 5956 1068 6028 aliquot,
1097 5955 1152 6010 in
1179 5951 1363 6009 horam
1389 5949 1598 6009 tertiam
1636 5950 1710 6008 eis
1740 5947 1942 6016 civitas,
1971 5955 2077 6005 etc.

2267 3413 2462 3478 sidera,
2495 3411 2788 3482 Imperator
2815 3455 2829 3478 ,
2859 3425 3081 3484 quantus
3111 3413 3176 3467 sit
3231 3411 3386 3467 Deus.
3413 3411 3582 3467 Corda
3619 3413 3880 3466 hominum

2267 3505 2403 3562 videt
2429 3548 2442 3570 ,
2479 3507 2845 3561 conscientiam
2877 3507 3174 3560 interiorem
3211 3507 3516 3578 interrogat,
3548 3509 3686 3560 novit
3711 3507 3878 3561 omnia

2265 3611 2540 3666 antequam
2573 3601 2718 3663 ﬁant,
2745 3601 2886 3654 novit
2915 3601 3118 3654 interna
3144 3601 3364 3672 pectoris
3387 3603 3480 3654 tui.
3509 3598 3626 3672 Ipsi
3647 3601 3768 3670 falli
3795 3617 3876 3655 ros

2268 3711 2370 3748 non
2399 3695 2656 3764 patimini,
2683 3705 2726 3747 et
2755 3693 2920 3748 Deum
2947 3695 3104 3748 vultis
3125 3694 3322 3748 celare?
3337 3691 3458 3747 Non
3488 3695 3668 3748 cecidit
3699 3695 3754 3747 in
3771 3694 3880 3748 ani-

2267 3805 2404 3842 mum
2437 3800 2582 3842 tuum
2611 3787 2938 3858 quidquam?
2971 3787 3034 3842 Si
3063 3788 3141 3841 illi
3167 3789 3386 3858 agebant
3408 3799 3514 3841 tam
3551 3803 3879 3857 perseveran-

2269 3893 2366 3946 ter,
2387 3897 2554 3937 nonne
2581 3891 2724 3936 tuum
2750 3881 2870 3953 fuit,
2899 3880 3214 3950 Imperator,
3241 3898 3334 3952 pro
3363 3879 3460 3936 Dei
3479 3882 3666 3936 summi
3697 3891 3746 3936 et
3777 3881 3882 3934 vrri

2269 3987 2316 4032 et
2351 3977 2453 4030 rivi
2491 3977 2818 4030 reneratione
2851 3977 3260 4045 perseverantius
3306 3975 3572 4041 obsistere,
3605 3985 3653 4028 et
3697 3989 3880 4046 negare

2268 4075 2408 4144 quod
2433 4071 2618 4125 eratin
2639 4071 2888 4142 injurium
2910 4085 3072 4126 sacrae
3084 4071 3210 4141 legis
3231 4069 3420 4141 (Nam.
3451 4069 3507 4138 7)
3521 4073 3544 4121 ’ξ
3567 4069 3630 4124 Εῑ
3651 4071 3878 4124 iterum:

2273 4165 2528 4232 Quoniam
2571 4165 2730 4238 igitur
2763 4167 2888 4219 meis
2923 4165 3126 4218 vocibus
3175 4175 3223 4220 et
3266 4165 3404 4232 apud
3443 4161 3612 4217 Deum
3659 4173 3706 4218 et
3740 4161 3881 4228 apud

2271 4273 2444 4312 omnes
2478 4259 2707 4312 homines
2731 4267 2906 4313 teneor
2931 4274 2950 4313 :
2980 4257 3126 4312 aliud
3151 4257 3278 4310 mihi
3301 4273 3402 4310 non
3427 4256 3580 4310 licere
3607 4255 3838 4309 intellexi
3861 4296 3876 4318 ,

2268 4355 2414 4408 aliud
2445 4372 2546 4408 non
2577 4367 2832 4424 oportere,
2869 4353 2968 4410 nisi
3009 4363 3064 4408 ut
3092 4353 3406 4409 consulerent
3437 4353 3564 4406 mihi
3589 4394 3602 4418 ,
3627 4352 3746 4422 quia
3775 4367 3877 4405 non

2269 4451 2414 4519 potui
2445 4449 2555 4504 tibi.

2339 4543 2431 4598 ‘28.
2475 4543 2534 4598 In
2576 4543 2882 4612 supradicta
2927 4543 3108 4614 itaque
3145 4540 3365 4598 civitate
3397 4537 3874 4606 Florentinorum,

2270 4654 2392 4694 cum
2441 4639 2495 4693 in
2523 4639 2690 4694 domo
2717 4639 3006 4694 clarissimi
3051 4637 3324 4708 quondam
3363 4637 3462 4692 viri
3505 4637 3758 4692 Decentis
3781 4677 3794 4699 ,
3823 4641 3878 4689 et

2200 4720 2250 4782 D
2277 4731 2418 4800 quod
2445 4741 2528 4788 est
2557 4733 2808 4801 amplius,
2843 4731 3150 4800 christiani,
3189 4741 3454 4796 maneret,
3485 4731 3626 4783 lilius
3655 4727 3828 4799 ipsius
3857 4769 3872 4794 ,

2261 4825 2603 4896 Panstiphius
2651 4825 2901 4892 nomine,
2931 4825 3224 4894 admodum
3267 4824 3553 4896 parvulus,
3597 4837 3720 4877 cum
3759 4821 3868 4893 spi-

2259 4923 2364 4978 ritu
2399 4921 2678 4976 immtmdo
2709 4922 3006 4984 laboraret,
3039 4921 3308 4992 frequenti
3338 4919 3584 4974 oratione
3617 4927 3670 4974 et
3699 4917 3875 4988 impo-

2262 5016 2462 5072 sitione
2505 5031 2701 5071 manus
2753 5015 3068 5072 Sacerdotis
3109 5015 3276 5084 ipsius
3318 5023 3400 5068 est
3453 5021 3674 5068 sanatus
3719 5027 3732 5064 :
3777 5009 3872 5066 sed

2261 5123 2382 5183 post
2413 5111 2719 5182 aliquantos
2761 5111 2878 5166 dies
2917 5111 3096 5166 subita
3129 5109 3444 5164 infirmitate
3471 5117 3760 5177 correptus
3793 5105 3874 5160 in-

2264 5205 2502 5260 fantulus
2529 5203 2806 5260 exhalavit
2834 5205 3105 5275 spiritum.
3136 5201 3304 5274 Cujus
3335 5212 3507 5257 mater
3545 5202 3706 5256 valde
3739 5199 3874 5256 reli-

2261 5299 2434 5370 giosa,
2455 5308 2508 5351 et
2535 5297 2692 5368 plena
2719 5299 2826 5354 [ide
2848 5313 2910 5354 ac
2935 5300 3129 5354 timore
3153 5299 3270 5364 Dei,
3295 5297 3470 5353 ablato
3499 5295 3592 5352 illo
3623 5295 3690 5350 de
3713 5311 3873 5366 supe-

2259 5391 2406 5446 riore
2439 5400 2590 5457 parte
2615 5389 2832 5460 domus,
2861 5392 2928 5446 ad
2953 5391 3208 5446 inferiora
3227 5391 3526 5452 descendit.
3561 5405 3624 5446 ac
3651 5391 3703 5445 in
3731 5390 3872 5446 lecto

2261 5481 2590 5546 Sacerdotis,
2625 5483 2742 5552 ipso
2783 5487 3008 5540 absente
3029 5527 3042 5548 ,
3071 5487 3397 5554 composuit.
3431 5485 3600 5554 Quem
3630 5501 3756 5540 cum
3789 5501 3872 5542 rc-

2263 5584 2480 5630 vertens
2507 5572 2774 5632 Sacerdos
2797 5577 2848 5631 in
2875 5576 3072 5631 lectulo
3097 5577 3419 5646 invenisset,
3452 5585 3573 5633 erat
3599 5579 3745 5634 enim
3779 5579 3870 5635 illo

2265 5667 2320 5722 in
2353 5677 2598 5735 tempore
2617 5678 2770 5724 extra
2793 5669 3014 5725 domum
3043 5671 3278 5740 positus,
3313 5673 3610 5727 miseratus
3636 5685 3870 5729 matrem

2343 5811 2364 5840 ο
2397 5797 2599 5874 Omnes
2639 5803 2810 5872 edit.,
2855 5805 3050 5861 directa
3088 5805 3271 5861 relatio
3322 5817 3396 5863 est
3420 5825 3438 5874 ,°
3492 5821 3686 5863 omnes
3733 5823 3888 5868 mss.’

2263 5875 2467 6003 agit;th
2491 5871 2681 5944 legatio
2723 5889 2822 5948 est;
2863 5895 2985 5954 qua:
3034 5879 3356 5938 relationem
3403 5871 3612 5938 scilicet
3649 5881 3873 5940 oll‘errct
