4102 6360
174 275 243 354 si
913 288 961 346 Α
998 283 1297 346 PAULINO
1336 286 1430 342 AD
1468 284 1755 352 BEATUtt
1794 283 2246 355 AUGUSTINUM
2284 256 2741 348 conseruerit.
3413 257 3488 345 sa

171 416 225 462 ct
269 405 424 462 fidem
458 403 630 478 ipsius
666 404 1066 474 contemplatus
1089 446 1104 471 ,
1139 403 1339 460 Elisaeo
1380 401 1574 456 similis
1612 415 1777 470 supra
1811 402 1858 466 Α
1888 402 2171 458 Exstincto
2216 405 2396 474 itaque
2444 405 2683 473 Eugenio
2733 400 3164 470 satellitibusqne
3195 401 3332 473 ejus,
3364 418 3486 457 (:unt

173 513 369 566 corpus
390 498 612 552 infantis
641 515 699 553 se
730 499 844 569 ipse
872 496 1174 567 composuit
1199 536 1214 562 ,
1245 505 1410 566 atque
1437 493 1643 549 orando
1668 508 1783 548 me-

173 594 278 648 ruit
317 604 377 648 ut
406 594 581 650 vivum
612 592 862 656 redderet
891 592 1088 658 matri,
1121 606 1283 664 quem
1319 601 1596 644 mortuum
1635 588 1784 642 inve.-

174 695 363 742 nerat:
389 686 454 740 ad
483 702 643 756 quem
669 687 833 741 etiam
861 685 1184 740 iuiantulutn
1219 683 1466 740 libellum
1499 682 1784 750 conscrip-

180 780 270 843 sit,
299 788 356 832 ut
385 777 530 850 quod
575 795 668 848 per
703 779 878 834 aetatis
921 779 1196 834 inl'autiam
1233 780 1374 832 scire
1401 792 1503 831 non
1530 782 1782 848 poterat,

181 869 412 942 legendo
458 881 830 942 cognosceret.
877 870 1262 927 Verumtamen
1318 869 1512 923 factum
1570 866 1786 936 scriptis

182 967 296 1020 suis
324 982 428 1020 non
451 967 899 1021 commemoravit
934 983 948 1021 :
994 965 1086 1021 scd
1117 980 1224 1032 quo
1254 962 1451 1025 affectu
1482 961 1789 1017 declinave-

183 1059 254 1114 rit
278 1073 728 1125 commemorare,
760 1075 865 1115 n0n
898 1067 978 1112 est
1009 1070 1256 1112 nostrum
1280 1055 1550 1128 judicare.

253 1153 346 1209 29.
389 1153 444 1208 ln
480 1154 669 1210 eadem
704 1157 867 1211 etiam
893 1157 1114 1212 civitate
1152 1154 1430 1208 basilicam
1463 1150 1787 1216 constituit,

181 1249 236 1306 in
276 1266 379 1322 qua
411 1249 662 1321 deposuit
705 1249 966 1320 reliquias
1010 1259 1307 1322 martyrum
1337 1247 1532 1304 Vitalis
1565 1255 1619 1300 et
1642 1246 1794 1315 Agri-

179 1343 338 1412 colae,
365 1359 592 1416 quorum
621 1360 851 1416 corpora
884 1345 938 1399 in
973 1343 1299 1398 Bononiensi
1329 1342 1547 1395 civitate
1577 1340 1790 1394 levave-

181 1444 267 1490 rat
291 1435 312 1509 (
339 1433 563 1491 Exhort.
596 1435 744 1509 Virg.
777 1454 897 1510 pag.
921 1437 1087 1505 9.77);
1118 1436 1290 1506 posita
1319 1433 1462 1489 enim
1487 1444 1640 1488 erant
1671 1447 1794 1487 coro

179 1543 313 1600 pora
354 1529 651 1602 Martyrum
697 1531 838 1585 inter
879 1545 1109 1598 corpora
1153 1528 1464 1584 Iudaeorum
1492 1545 1504 1580 :
1531 1540 1630 1582 nec
1681 1533 1797 1580 erat

181 1604 467 1692 cognitum
497 1621 698 1690 p0pu|o
720 1621 1042 1688 christiano,
1067 1621 1167 1676 nisi
1198 1637 1256 1676 se
1284 1621 1457 1676 sancti
1486 1607 1795 1692 martyrcs‘l

182 1713 456 1769 sacerdoti
512 1715 680 1785 ipsius
711 1715 967 1770 Ecclesia:
1011 1713 1364 1768 revelassent.
1388 1713 1521 1779 Qua:
1551 1727 1672 1768 cum
1704 1711 1800 1764 dc-

1883 497 2084 566 scripta
2116 497 2389 566 acciperet
2421 499 2785 565 imperatoris,
2809 513 2914 551 nou
2940 495 3017 551 illi
3038 496 3140 550 alia
3163 510 3292 550 cura
3316 495 3492 565 major

1883 589 1982 642 fuit
2009 604 2165 658 quam
2198 599 2256 643 ut
2308 605 2404 658 pro
2443 591 2505 644 iis
2536 591 2906 652 interveniret,
2940 604 3075 660 quos
3114 599 3296 644 reatus
3343 590 3493 644 inve-

1883 691 2060 739 nerat.
2093 682 2424 738 Olisccratus
2475 694 2558 738 est
2612 687 2784 752 primo
2834 684 3055 752 scriptis
3103 683 3487 752 imperatorem

1889 775 2057 832 misso
2082 775 2310 832 diacono
2337 773 2529 847 (Epist.
2563 777 2622 832 6|
2655 790 2700 832 et
2727 778 2857 849 62):
2890 789 3012 849 post
3051 795 3113 834 ea
3158 793 3288 833 vero
3327 793 3488 849 quam

1888 869 2130 926 directus
2151 879 2233 925 est
2260 869 2542 931 Joliauttes
2573 881 2698 926 tunc
2725 872 2971 926 tribunus
3015 884 3068 928 et
3100 874 3368 937 notarius,
3400 869 3492 941 qui

1890 980 2033 1019 nunc
2083 965 2368 1034 przefectus
2423 973 2540 1031 est,
2599 965 2665 1019 ad
2713 966 2996 1021 tuitionem
3054 984 3242 1023 eorum
3280 966 3374 1038 qui
3423 965 3492 1021 ad

1895 1059 2193 1116 Ecclesiatn
2243 1045 2630 1130 confugerant,
2679 1060 2841 1114 etiam
2877 1060 3322 1132 ipse—Aquileiam
3374 1076 3495 1128 per-

1894 1152 2032 1208 rexit
2055 1163 2371 1222 precaturus
2403 1167 2499 1222 pro
2545 1151 2654 1213 eis,
2690 1151 2888 1222 quibus
2919 1151 3074 1208 facile
3118 1155 3270 1208 venia
3327 1155 3498 1224 impev

1896 1254 2034 1302 trata
2055 1254 2158 1314 est;
2182 1246 2303 1315 quia
2335 1247 2449 1316 ipse
2489 1245 2820 1301 christianus
2843 1245 3140 1315 imperator
3183 1252 3498 1316 provolutus

1898 1339 2126 1410 pedibus
2156 1339 2462 1394 Sacerdotis
2513 1338 2813 1396 testabatur
2837 1340 3048 1396 meritis
3081 1349 3134 1394 et
3161 1339 3498 1396 orationibus

1897 1435 2017 1503 ejus
2039 1448 2096 1488 se
2119 1448 2240 1488 esse
2268 1441 2559 1492 servatum.

1973 1527 2061 1582 52.
2124 1527 2419 1584 Revertens
2467 1527 2651 1597 itaque
2696 1529 2764 1585 dc
2795 1528 2941 1587 Urbe
2983 1528 3342 1600 Aquileiensi,
3392 1545 3503 1585 uno

1901 1620 1989 1676 die
2021 1623 2299 1690 praecessit
2327 1621 2708 1688 imperatorem
2746 1641 2759 1678 :
2799 1637 2900 1678 nec
2933 1622 3024 1676 diu
3064 1622 3503 1678 clementissima:

1903 1715 2178 1772 memoria:
2209 1715 2549 1772 Theodosius
2573 1718 2867 1786 imperatur
2889 1718 3158 1785 susceptis
3180 1717 3305 1772 filiis
3330 1718 3382 1772 in
3402 1717 3508 1772 Ec-

185 1818 521 1880 ponerentur
551 1809 651 1863 sub
695 1807 876 1873 altari,
923 1807 1068 1878 quod
1097 1815 1182 1864 est
1227 1807 1280 1863 in
1323 1806 1512 1862 eadem
1563 1805 1787 1862 basilica
1821 1805 1863 1867 Β
1893 1809 2060 1866 clesia
2111 1820 2166 1866 et
2217 1810 2427 1866 traditis
2457 1809 2764 1878 Sacerdoti,
2811 1810 2862 1866 in
2897 1810 2998 1866 hac
3036 1811 3156 1867 luce
3187 1811 3286 1866 fuit
3319 1828 3332 1864 :
3387 1820 3509 1879 post

185 1904 568 1969 constitutum,
603 1919 796 1974 magna
842 1903 950 1959 illic
980 1904 1142 1958 totius
1182 1902 1355 1974 plebis
1382 1911 1584 1958 saneta:
1608 1901 1791 1958 laetitia

186 2006 351 2068 atque
391 1997 687 2052 exsultatio
717 1995 839 2066 fuit,
892 2011 1047 2069 paena
1079 1996 1387 2056 daemonum
1419 1995 1790 2054 confitentium

187 2107 492 2168 martyrum
522 2094 734 2150 merita.

263 2193 354 2248 50.
401 2192 502 2247 Per
522 2191 663 2247 idem
697 2199 911 2264 tempus
938 2191 1269 2262 Arbogastes
1298 2203 1482 2246 comes
1503 2187 1792 2246 adversum

189 2295 411 2359 gentem
443 2302 618 2352 suam,
643 2286 747 2342 hoc
787 2297 891 2352 est,
914 2286 1267 2352 Francorum,
1321 2286 1517 2341 bellum
1569 2283 1794 2358 paravit,

187 2389 354 2452 atque
409 2380 696 2451 pugnando
747 2398 852 2436 non
907 2397 1126 2452 parram
1175 2381 1580 2436 multitudinem
1632 2394 1797 2434 manu

191 2473 351 2538 fudit,
372 2488 493 2528 cum
521 2474 753 2530 residuis
779 2491 908 2530 vero
952 2491 1140 2544 pacem
1171 2475 1422 2531 firmavit.
1455 2474 1560 2531 Sed
1591 2489 1711 2530 cum
1745 2475 1797 2529 in

192 2565 447 2623 convivio
475 2583 502 2621 a
526 2568 743 2638 regibus
765 2570 943 2638 gentis
983 2584 1094 2624 sua:
1142 2569 1587 2638 interrogaretur,
1618 2577 1796 2621 utrum

195 2663 365 2718 sciret
393 2663 761 2731 Ambrosium;
791 2673 845 2718 et
875 2663 1247 2734 respondisset
1279 2676 1441 2717 nosse
1492 2677 1551 2717 se
1599 2663 1797 2727 virum,

198 2764 256 2810 et
277 2754 429 2824 diligi
469 2755 537 2810 ab
570 2772 657 2822 eo,
690 2763 849 2828 atque
879 2756 1191 2827 frequenter
1229 2772 1352 2812 cum
1395 2756 1488 2811 illo
1520 2755 1803 2810 convivari

201 2848 449 2914 solitum,
486 2849 724 2902 audivit:
781 2849 906 2904 Ideo
940 2850 1132 2915 vincis,
1164 2849 1382 2915 Comes,
1443 2848 1568 2916 quia
1618 2847 1806 2903 abillo

202 2938 325 2994 viro
357 2938 620 3007 diligeris,
653 2940 740 3006 qui
772 2939 902 2994 dicit
941 2941 1078 2996 soli:
1121 2941 1240 3007 Sta,
1265 2951 1321 2995 et
1348 2949 1474 2996 stat.
1504 2941 1661 3008 Quod
1707 2955 1808 3010 ego

204 3031 333 3088 ideo
365 3031 545 3102 pOsui,
578 3042 631 3086 ut
667 3033 819 3101 cujus
850 3032 1005 3088 fama:
1048 3033 1209 3087 fuerit
1265 3033 1350 3088 vir
1390 3044 1609 3088 sanctus
1647 3032 1808 3086 etiam

203 3125 348 3196 apud
381 3125 642 3180 barbaras
688 3133 900 3195 gentes,
932 3125 1177 3195 legentes
1204 3136 1522 3196 agnoscant.
1577 3123 1707 3179 Nam
1760 3137 1813 3180 et

1897 1905 2049 1976 Cujus
2079 1907 2286 1962 obitum
2320 1905 2434 1962 fere
2462 1907 2751 1962 triennium
2785 1907 3105 1977 supervixit.
3139 1905 3258 1974 Quo
3288 1906 3340 1962 in
3373 1915 3510 1962 lem-

1899 2014 2031 2069 pore
2070 1999 2246 2054 sancti
2287 1999 2503 2056 Nazarii
2545 2002 2795 2072 martyris
2842 2016 3064 2071 corpus,
3098 2001 3238 2071 quod
3288 2013 3403 2056 erat
3454 2001 3509 2056 in

1899 2091 2060 2150 horto
2086 2092 2318 2164 positum
2351 2101 2502 2150 extra
2529 2094 2824 2160 civitatem,
2858 2095 3092 2150 leVatutn
3123 2095 3190 2150 ad
3229 2095 3510 2151 basilicam

1899 2187 2283 2258 Apostolorum
2342 2184 2369 2225 ἀ
2437 2205 2557 2258 qua}
2609 2199 2693 2244 cst
2764 2189 2816 2244 in
2874 2189 3139 2254 Romana,
3207 2190 3508 2244 transtulit.

1901 2281 2146 2338 Vidimus
2171 2291 2353 2338 autem
2385 2283 2436 2337 in
2469 2285 2744 2354 sepulcro,
2773 2299 2881 2354 quo
2898 2285 3117 2354 jarcbat
3144 2299 3341 2354 corpus
3366 2301 3508 2340 mar-

1905 2378 2038 2448 tyris
2069 2376 2180 2448 (qui
2230 2376 2445 2446 quando
2491 2379 2563 2432 sit
2598 2392 2810 2445 passus,
2864 2393 3034 2448 usque
3085 2379 3136 2434 in
3185 2379 3508 2434 hodiernum

1905 2477 2046 2526 scire
2078 2487 2184 2526 non
2213 2473 2519 2542 possumus)
2563 2477 2883 2543 sanguinem
2923 2473 3183 2543 martyris
3213 2473 3290 2526 ita
3319 2487 3514 2527 recen-

1909 2576 2037 2632 tem,
2071 2568 2226 2637 quasi
2266 2567 2457 2622 eodem
2497 2567 2585 2622 die
2623 2567 2818 2623 fuisset
2857 2567 3079 2623 effusus.
3128 2567 3306 2636 Caput
3351 2567 3512 2622 etiam

1909 2659 2099 2729 ipsius,
2122 2658 2261 2728 quod
2291 2658 2360 2714 ab
2391 2659 2570 2729 impiis
2600 2660 2772 2715 fuerat
2796 2660 3121 2727 abscissum,
3146 2661 3214 2714 ita
3241 2658 3514 2730 integrum

1909 2762 2071 2822 atquc
2097 2751 2469 2821 incorruptum
2516 2767 2639 2808 cum
2669 2753 2882 2824 capillis
2912 2753 3106 2824 rapitis
3133 2764 3296 2823 atque
3323 2753 3516 2820 barba,

1913 2854 1970 2900 ut
2019 2846 2174 2902 nobis
2220 2847 2494 2902 videretur
2537 2848 2728 2903 eodem
2763 2857 3010 2919 tempore
3049 2864 3157 2914 quo
3208 2849 3516 2918 levabatur,

1913 2939 2082 2993 lmum
2112 2949 2270 3008 atque
2287 2941 2642 3011 compositum
2666 2944 2717 2997 in
2735 2945 3012 3012 sepulcro.
3039 2943 3106 2997 Et
3131 2942 3261 3010 quid
3287 2944 3518 3009 mirum,

1916 3031 2349 3100 quandoquidem
2391 3033 2649 3089 Dominus
2675 3035 2730 3089 in
2762 3035 3054 3105 Evangelia
3081 3045 3208 3090 ante
3239 3036 3510 3105 promisit,

1919 3124 2061 3194 quod
2085 3125 2311 3194 capillus
2331 3125 2398 3180 de
2420 3127 2596 3192 capite
2619 3143 2805 3182 eorum
2840 3144 2947 3182 non
2975 3127 3178 3197 peribit
3220 3127 3374 3197 (Luc.
3400 3145 3514 3196 ut,

203 3235 330 3286 nos,
361 3217 632 3272 referente
667 3216 868 3288 juvene
895 3218 1126 3286 quodam
1175 3218 1493 3288 Arbogastis
1522 3216 1809 3278 admodum
1839 3205 1882 3270 C
1920 3216 2041 3288 18)?
2088 3217 2264 3273 Etiam
2311 3217 2480 3275 odore
2530 3227 2678 3274 tanto
2729 3219 2922 3288 repleti
2954 3235 3162 3288 sumus,
3194 3231 3252 3276 ut
3277 3222 3520 3278 omnium

203 3311 488 3380 religioso,
517 3311 890 3380 cognovimus.
922 3310 1014 3381 qui
1042 3320 1168 3366 tunc
1214 3308 1478 3376 interfuit;
1510 3321 1629 3366 erat
1665 3311 1809 3366 cnim

207 3404 262 3462 in
286 3413 560 3476 tempore,
589 3405 616 3446 ι)
648 3423 757 3480 quo
787 3408 904 3464 haec
931 3409 1305 3479 loquebantur,
1331 3409 1438 3462 vini
1468 3409 1735 3465 minister.

281 3499 371 3558 Si.
416 3499 698 3554 Profectus
727 3501 908 3572 itaque
938 3500 1206 3557 Sacerdos
1236 3499 1304 3556 de
1335 3499 1546 3554 Tuscia:
1571 3500 1810 3572 partibus

207 3592 571 3649 Mediolanum
623 3597 934 3661 revertitur,
979 3596 1092 3664 jam
1144 3595 1266 3650 inde
1318 3611 1538 3666 egresso
1574 3597 1812 3666 Eugenio

210 3696 410 3742 contra
455 3685 854 3754 Theodosium;
891 3689 961 3742 ibi
990 3687 1274 3743 christiani
1304 3689 1648 3758 imperatoris
1675 3705 1814 3760 prte-

209 3781 513 3838 stolabatur
537 3781 852 3848 adventum,
881 3799 1108 3839 securus
1134 3784 1201 3839 de
1249 3784 1345 3839 Dei
1375 3786 1614 3855 potentia
1669 3785 1812 3854 quod

211 3891 323 3932 non
372 3875 611 3933 traderet
660 3877 975 3933 credentem
1026 3877 1080 3932 in
1130 3893 1191 3934 sc
1232 3877 1810 3957 hominibusiujustis,

214 3985 322 4026 nec
372 3970 707 4041 relinqueret
752 3971 957 4041 virgam
1012 3982 1358 4042 peccatorum
1401 3988 1565 4042 super
1609 3980 1816 4028 sortem

211 4064 514 4136 justornm,
555 4080 622 4120 ne
649 4065 1003 4120 extenderent
1026 4065 1154 4134 justi
1171 4065 1236 4120 ad
1270 4066 1578 4138 iniquitates
1631 4082 1820 4121 manus

219 4171 352 4214 suas
402 4155 776 4228 (Psal.cxxrv,
813 4156 892 4230 5).
941 4157 1274 4213 Promiscrat
1324 4159 1467 4214 enim
1495 4158 1823 4229 Arbngastcs

221 4261 354 4308 tunc
378 4267 584 4318 comes.
617 4262 672 4308 et
698 4252 989 4310 Flavianus
1029 4255 1312 4325 praefectus
1336 4255 1640 4312 Mediolano
1669 4272 1824 4329 egre-

221 4331 457 4411 dientes,
486 4363 611 4403 cum
657 4352 892 4410 victores
931 4352 1138 4406 reversi
1186 4361 1393 4417 essent,
1448 4352 1716 4410 stabulum
1764 4365 1824 4408 se

225 4455 350 4498 esse
398 4441 637 4498 facturos
714 4442 768 4500 in
836 4443 1056 4500 basilica
1108 4445 1356 4502 ecclesia:
1407 4445 1826 4502 Mediolancnsis

224 4540 390 4605 atque
415 4533 645 4590 clericos
683 4535 785 4590 sub
809 4536 976 4592 armis
1032 4537 1394 4607 probaturos:
1437 4539 1530 4593 sed
1563 4541 1829 4594 miseran-

1915 3319 2215 3364 arontatum
2245 3309 2483 3366 vinceret
2511 3311 2850 3367 suavitatem.

1986 3404 2077 3458 55.
2137 3402 2254 3470 Quo
2309 3403 2487 3460 levato
2535 3420 2765 3477 corpore
2818 3410 3094 3480 martyris,
3127 3418 3183 3466 et
3227 3409 3279 3464 in
3323 3410 3515 3469 lectica

1915 3497 2239 3565 composito,
2291 3501 2472 3553 statim
2520 3500 2586 3556 ad
2637 3511 2881 3557 sanctum
2932 3502 3148 3558 (ielsnm
3200 3513 3518 3576 martyrem,

1917 3590 2004 3658 qui
2055 3590 2105 3642 in
2136 3590 2324 3651 eodem
2369 3590 2528 3648 horto
2574 3595 2782 3664 positus
2810 3603 2914 3663 est,
2957 3611 3079 3651 cum
3111 3607 3302 3652 sancto
3330 3599 3527 3654 Sacer-

1918 3681 2045 3736 dotc
2075 3683 2140 3738 ad
2172 3687 2470 3740 orationetn
2503 3689 2861 3754 perreximus.
2907 3689 3209 3761 Numquam
3247 3703 3424 3746 tamen
3457 3693 3525 3746 il-

1921 3774 2032 3830 lum
2062 3787 2218 3832 antea
2261 3795 2443 3835 orasse
2490 3782 2541 3836 in
2583 3783 2774 3838 eodem
2809 3785 2932 3838 loco
2971 3794 3306 3855 compertum
3355 3788 3524 3843 habe-

1923 3885 2042 3924 mus
2073 3888 2086 3924 :
2121 3873 2212 3932 sed
2249 3875 2346 3927 hoc
2377 3885 2496 3929 erat
2539 3876 2752 3944 signum
2787 3878 3007 3932 revelati
3037 3881 3284 3948 corporis
3322 3891 3529 3951 marty-

1924 3965 2020 4032 ris,
2070 3967 2114 4020 si
2156 3978 2376 4021 sanctus
2422 3968 2690 4024 Sacerdos
2720 3970 2787 4025 ad
2818 3971 3016 4037 locum,
3065 3973 3132 4027 ad
3161 3988 3319 4043 quem
3372 3989 3529 4027 nunt-

1925 4074 2084 4130 quam
2117 4068 2272 4114 antea
2310 4060 2506 4125 fuerat,
2531 4075 2740 4119 oratum
2773 4062 2924 4119 isset.
2951 4065 3318 4134 Cognovimus
3348 4077 3524 4123 tamen

1925 4167 1957 4206 a
1992 4151 2309 4208 cusmdibus
2339 4153 2444 4210 loci
2477 4155 2665 4223 ipsius,
2701 4158 2843 4226 quod
2881 4173 2908 4211 a
2939 4159 3252 4228 parentibus
3278 4161 3390 4215 suis
3419 4161 3528 4216 illis

1929 4247 2180 4304 traditum
2211 4249 2299 4315 sit,
2333 4265 2439 4305 non
2470 4249 2754 4309 discedere
2795 4254 2862 4308 de
2903 4254 3023 4309 loco
3054 4255 3148 4308 illo
3181 4271 3276 4326 per
3312 4273 3526 4312 omnem

1928 4342 2335 4412 generationem
2383 4353 2438 4398 et
2485 4346 2797 4415 progeniem
2835 4361 3088 4414 suorum;
3122 4365 3188 4403 eo
3219 4351 3362 4420 quod
3412 4350 3530 4406 the-

1930 4434 2078 4490 sauri
2119 4438 2296 4507 magni
2350 4437 2405 4494 in
2457 4438 2647 4494 eodem
2683 4439 2800 4494 loco
2831 4439 2991 4510 positi
3047 4451 3252 4497 essent.
3306 4443 3374 4496 Et
3405 4459 3533 4500 vero

1934 4531 2114 4601 magni
2138 4532 2402 4598 thesauri,
2435 4549 2575 4603 quos
2599 4549 2703 4589 non
2735 4536 2940 4606 aerugo,
2976 4551 3152 4607 neque
3174 4538 3314 4592 tinea
3349 4548 3528 4594 exter-

225 4624 281 4681 di
320 4625 567 4683 homines
588 4643 710 4682 cum
744 4628 1079 4685 dgemouibus
1118 4629 1227 4684 suis
1251 4631 1392 4686 male
1443 4631 1648 4686 creduli
1675 4641 1823 4699 sunt,
1854 4619 1908 4680 ἶ)
1935 4625 2123 4693 titillat,
2154 4642 2329 4696 neque
2361 4625 2506 4683 fures
2541 4627 2804 4684 effodiunt
2835 4637 2890 4684 et
2906 4631 3152 4688 furantur
3175 4631 3414 4702 (Matth,
3453 4648 3526 4699 vl,

228 4725 283 4774 et
307 4719 637 4789 aperiuntos
657 4736 813 4776 suum
858 4723 910 4776 in
964 4721 1402 4791 blaSphemiamc
1435 4724 1580 4796 apud
1632 4725 1824 4790 Deum,

228 4828 382 4883 spem
414 4813 515 4868 sibi
545 4814 781 4871 victoriae
816 4815 1152 4872 ademerunt.
1174 4820 1346 4873 Causa
1377 4828 1556 4876 autem
1588 4835 1829 4874 commo-

229 4906 394 4963 tioois
449 4910 564 4964 haec
605 4910 733 4976 fuit,
780 4911 901 4982 quia
949 4927 1171 4967 munera
1229 4913 1576 4982 imperatoris
1619 4915 1710 4984 qui
1771 4929 1830 4968 se

231 4999 518 5071 sacrilegio
542 5003 850 5070 miscuerat,
883 5004 951 5059 ab
1008 5005 1245 5068 Ecclesia
1306 5007 1684 5075 respuebatur,
1730 5020 1830 5062 nec

232 5095 424 5153 orandi
470 5098 546 5154 illi
576 5115 698 5163 cum
739 5099 983 5156 Ecclesia
1019 5101 1264 5180 societas
1311 5099 1665 5156 tribuebatur.
1721 5100 1829 5158 Sed

234 5190 497 5248 Dominus
525 5195 614 5263 qui
668 5193 964 5256 Ecclesium
1018 5209 1171 5250 suam
1225 5195 1363 5250 tueri
1418 5196 1724 5260 censuerit,
1763 5196 1833 5254 de

235 5287 656 5360 cmlojaculatus
682 5301 763 5351 est
785 5289 1071 5359 judicium,
1095 5299 1256 5360 atque
1304 5305 1521 5345 omnem
1551 5290 1833 5348 victoriam

236 5379 302 5436 ad
347 5380 658 5452 religiosum
711 5381 1087 5453 imperatorem
1132 5383 1415 5438 transtulit
1446 5382 1833 5440 Theodosium.

313 5579 338 5608 α
364 5567 581 5625 Emdem
604 5568 734 5626 edit.
761 5583 883 5624 cum
911 5569 1032 5625 cod.
1062 5583 1170 5624 uno
1210 5567 1423 5642 Germ.,
1452 5568 1706 5626 sacerdoti
1732 5569 1831 5639 ipsi

239 5642 566 5707 revelassent,
587 5643 770 5706 ca-teri
803 5656 933 5697 mss.
965 5643 1104 5700 utin
1129 5650 1415 5697 contextu.

312 5712 340 5752 δ
371 5711 443 5769 ita
470 5730 579 5769 mss
635 5731 741 5770 uno
771 5724 1030 5784 excepto:
1069 5713 1197 5770 edit.
1229 5723 1413 5776 autem
1460 5727 1582 5770 cum
1612 5711 1831 5782 eodem,

239 5803 341 5859 quo
372 5787 480 5842 lucc
499 5786 819 5859 loquebatur.

286 5861 343 5898 ‘°
373 5851 578 5916 Omnes
615 5858 772 5929 edit.,
823 5867 999 5918 contra
1037 5851 1222 5926 Deum;
1266 5873 1456 5918 omnes
1497 5874 1655 5926 mss.,
1698 5856 1838 5928 apud

1936 4718 2059 4787 i9);
2092 4724 2215 4789 quia
2243 4730 2428 4775 custos
2454 4736 2640 4777 eorum
2665 4722 2914 4778 Christus
2943 4733 3047 4789 est,
3083 4735 3137 4779 et
3165 4726 3314 4780 locus
3343 4741 3532 4782 eorum

1933 4812 2057 4868 aula
2085 4813 2346 4878 caeli-stis,
2376 4815 2570 4883 quibus
2611 4812 2785 4870 Vivere
2805 4814 3041 4871 Christus
3068 4819 3186 4888 fuit.
3220 4829 3267 4874 et
3290 4821 3420 4874 mori
3453 4824 3537 4875 tu-

1935 4923 2077 4960 crum
2112 4903 2337 4977 (Philip.
2363 4923 2402 4974 ι,
2430 4908 2542 4976 21).
2592 4908 2880 4964 Translato
2908 4911 3088 4981 itaque
3132 4927 3364 4982 corpore
3397 4915 3537 4970 Maro

1937 5001 2071 5070 tyris
2117 5000 2182 5054 ad
2215 4999 2490 5055 basilicam
2522 5002 2905 5071 Apostolorum
2955 5013 2978 5040 ε
3012 5005 3101 5060 ubi
3135 5007 3344 5074 pridem
3381 5022 3538 5063 sanc-

1938 5102 2112 5150 torum
2140 5093 2526 5163 Apostolorum
2574 5095 2818 5166 reliquiae
2849 5111 3058 5152 summa
3101 5099 3342 5154 omnium
3373 5099 3538 5154 devo-

1939 5188 2086 5243 tione
2131 5187 2391 5257 depositze
2444 5186 2676 5251 fuerant,
2730 5203 2851 5244 cum
2899 5198 3157 5246 tractaret
3209 5190 3534 5259 Episciipus,

1938 5282 2154 5353 quidam
2177 5281 2246 5336 de
2268 5281 2466 5350 populo
2489 5282 2728 5350 repletus
2755 5280 2952 5349 spiritu
2973 5282 3270 5342 immundo.
3297 5280 3539 5338 clamare

1937 5377 2102 5450 coepit
2132 5391 2193 5432 se
2216 5374 2455 5445 torqueri
2485 5374 2553 5429 ab
2580 5373 2887 5430 Ambrosio.
2921 5373 2992 5428 At
3020 5374 3110 5429 ille
3145 5386 3444 5438 conversus
3471 5375 3538 5431 ad

1940 5567 2127 5623 Deum.

2013 5638 2038 5676 ά
2072 5640 2272 5694 Omnes
2303 5635 2458 5698 edit.,
2489 5651 2604 5706 qua:
2625 5642 2700 5689 est
2721 5633 2986 5706 Romane;
3014 5646 3143 5688 mss.
3180 5649 3214 5706 ρ
3243 5636 3536 5704 contrario,

1943 5728 2058 5783 qua:
2095 5721 2167 5766 est
2188 5711 2250 5783 _i_n
2287 5703 2546 5764 Romane.
2589 5703 3099 5783 regipiienscilieet;
3141 5705 3195 5760 id
3241 5716 3348 5769 est,
3375 5722 3544 5776 prope

1945 5771 2156 5856 portam
2188 5780 2487 5856 Romanam
2530 5771 3014 5856 urbisMediolani.

2023 5865 2046 5893 e
2077 5856 2207 5917 MSS,
2240 5850 2468 5920 aliquot,
2500 5846 2588 5903 ubi
2621 5843 2789 5914 pridie
2809 5852 3098 5898 certatorum
3119 5847 3486 5916 apostolorum.
