4102 6360
589 320 661 377 59
1804 312 1963 371 VITA
2002 311 2254 372 SANCTI
2290 311 2619 371 AMBROSII

3903 321 3970 377 ιο

590 450 715 493 eum
762 434 837 489 ait
882 451 896 490 :
943 430 1294 499 Obmutesce,
1350 430 1595 496 diabole;
1649 430 1772 502 quia
1822 444 1928 485 non
1983 439 2035 485 te
2074 437 2186 484 tor-
2218 430 2274 491 Α
2371 430 2461 486 37.
2493 428 2856 501 Temporibus
2907 444 3038 487 vero
3076 431 3343 501 Gratiani,
3376 439 3433 489 ut
3473 440 3633 491 retro
3683 435 3961 505 redeam,

589 537 719 601 qnet
748 526 1089 591 Ambrosius,
1121 524 1217 582 sed
1243 524 1377 582 fides
1398 535 1709 581 sanctorum
1755 533 1810 579 et
1842 522 2045 578 invidia
2077 531 2190 588 tua;

588 624 845 696 quoniam
874 620 1005 677 illuc
1032 618 1187 676 vides
1212 618 1509 677 ascendere
1537 618 1809 681 homines,
1848 616 1991 672 unde
2016 625 2068 671 tu
2099 614 2195 672 de-

586 716 765 789 iectus
804 731 894 782 es;
924 730 1047 770 nam
1080 713 1405 772 Ambrosius
1446 714 1622 768 nescit
1651 710 1851 767 inflari.
1878 710 1996 779 Quo
2024 709 2190 777 dicto,

591 809 684 866 ille
724 808 815 881 qui
852 807 1141 877 clamabat,
1172 808 1465 875 obmutuit,
1497 815 1880 877 postratusque
1910 805 1963 859 in
1992 813 2193 860 terram

516 948 524 955 .
590 912 696 971 εει,
761 917 861 959 nec
916 902 1150 974 amplius
1211 916 1403 958 vocem
1476 915 1580 971 qua
1620 900 1936 971 obstrepere
1987 906 2191 971 posset,

590 996 793 1053 emisit.

659 1088 750 1147 54.
784 1089 886 1147 Per
912 1090 1056 1146 idem
1086 1099 1304 1161 tempus
1332 1103 1455 1145 cum
1484 1088 1802 1143 consulatus
1829 1086 1911 1143 sui
1953 1094 2195 1156 tempore

588 1185 889 1259 imperator
917 1186 1192 1242 Honorius
1226 1185 1279 1240 in
1315 1188 1451 1240 urbe
1494 1182 2000 1246 Mediolanensium,
2030 1178 2195 1252 Lybi-

587 1297 774 1338 carum
813 1280 1050 1335 ferarum
1096 1278 1387 1336 exhiberet
1414 1294 1630 1345 munus,
1662 1278 1861 1347 pepnlo
1888 1276 2018 1331 illuc
2060 1291 2194 1331 con-

587 1382 865 1441 currente,
893 1384 919 1411 λ
955 1373 1080 1429 data
1128 1374 1286 1445 copia
1316 1381 1401 1428 est
1445 1371 1625 1427 missis
1653 1370 1913 1426 militibus
1961 1379 2087 1424 tunc
2128 1368 2195 1423 ab

587 1465 852 1523 Stilicone
882 1468 1079 1523 comite
1110 1467 1325 1522 hortatu
1365 1465 1586 1521 Eusebii
1618 1464 1882 1535 praefecti,
1922 1470 1980 1517 ut
2029 1460 2194 1517 Cres-

588 1563 783 1616 conius
812 1560 1029 1632 quidam
1075 1559 1145 1615 de
1181 1560 1413 1615 ecclesia
1445 1566 1760 1632 raperetur;
1811 1570 1969 1627 quem
2001 1554 2193 1611 confu-

588 1657 828 1730 gientem
870 1656 939 1713 ad
984 1656 1157 1713 altare
1196 1655 1410 1711 Domini
1463 1664 1683 1709 sanctus
1734 1652 2029 1723 Episcopus
2070 1665 2193 1706 cum

589 1753 826 1817 clericis,
851 1756 942 1825 qui
996 1753 1049 1808 in
1100 1762 1347 1824 tempore
1381 1751 1630 1818 aderant,
1663 1748 2061 1805 defendendum
2092 1747 2197 1803 cir-

2295 539 2417 581 cum
2440 525 2508 581 ad
2530 526 2845 597 praetorium
2864 527 3164 585 Macedonii
3188 539 3314 585 tunc
3336 529 3576 600 magistri
3604 529 3963 587 ofﬁciorum

2295 632 2397 689 pro
2434 620 2669 691 quodam
2721 620 3166 678 intercedendum
3214 624 3569 695 perrexisset,
3632 634 3841 697 atque
3895 643 3960 683 ex

2296 722 2569 783 praecepto
2592 714 2887 785 supradicti
2916 715 3021 772 viri
3050 715 3196 773 fores
3224 716 3521 775 invenisset
3547 718 3834 787 clausas,
3861 736 3961 777 nec

2295 809 2507 880 copiam
2539 810 2879 881 ingrediendi
2906 811 3137 883 adeptus
3167 821 3336 879 esset,
3367 813 3479 868 ait:
3504 813 3574 869 Et
3605 823 3679 870 tu
3716 816 3956 887 quidem

2296 903 2485 959 venies
2520 900 2546 939 ἀ
2598 903 2663 959 ad
2705 904 2996 960 ecclesiam
3032 920 3132 961 nec
3166 903 3370 962 clausis
3410 904 3590 976 januis
3650 905 3955 973 invenies,

2296 1011 2401 1067 qua
2432 996 2773 1069 ingrediaris.
2802 997 2958 1067 Quod
2990 997 3189 1053 factum
3211 1008 3324 1063 est;
3358 1009 3574 1054 mortuo
3602 999 3783 1055 enim
3813 1000 3955 1057 Gra-

2300 1090 2472 1155 tiano,
2502 1091 2825 1163 confugiens
2850 1092 3200 1149 Macedonius
3235 1093 3300 1148 ad
3330 1092 3654 1167 ecclesiam,
3698 1096 3955 1166 patenti-

2296 1184 2398 1241 bus
2418 1186 2620 1256 januis,
2650 1186 2854 1242 aditum
2884 1186 3127 1258 reperire
3157 1202 3263 1243 non
3305 1197 3537 1259 p0terat.

2370 1281 2459 1337 58.
2509 1281 2603 1336 Vir
2645 1291 2824 1337 autem
2867 1281 2985 1353 ipse
3016 1282 3349 1339 venerabilis
3388 1283 3712 1353 EpiscOpus
3754 1284 3951 1339 multa:

2296 1374 2663 1441 abstinentiae,
2686 1386 2739 1430 et
2758 1375 3063 1447 vigiliarum
3089 1375 3379 1431 multarum
3408 1387 3458 1429 et
3481 1375 3787 1443 laborum,
3813 1392 3949 1448 quo-

2299 1466 2503 1523 tidiano
2528 1468 2736 1538 jejunio
2762 1484 3045 1525 macerans
3067 1484 3288 1539 corpus,
3315 1468 3402 1524 cui
3428 1468 3757 1539 prandendi
3787 1486 3945 1525 numo

2299 1577 2459 1633 quam
2484 1563 2819 1618 consuetudo
2842 1562 2964 1629 fuit,
2994 1564 3096 1619 nisi
3132 1562 3220 1619 die
3251 1563 3489 1627 sabbati,
3514 1574 3567 1619 et
3599 1562 3938 1629 Dominico,

2300 1653 2387 1709 vel
2424 1669 2545 1708 cum
2586 1655 2830 1709 natalitia
2860 1655 3341 1711 celeberrimorum
3375 1667 3687 1729 martyrum
3722 1666 3938 1714 essent.

2299 1744 2502 1801 Orandi
2524 1748 2684 1801 etiam
2716 1747 3003 1803 assiduitas
3031 1762 3221 1819 magna
3243 1747 3330 1805 die
3356 1764 3418 1803 ac
3444 1760 3605 1804 nocte
3625 1768 3638 1804 :
3657 1766 3778 1806 nec
3810 1765 3938 1821 ope-

588 1845 882 1903 cumdedit.
914 1845 1020 1903 Sed
1054 1846 1344 1902 multitudo
1371 1846 1625 1911 militum,
1653 1843 1681 1882 b
1720 1859 1841 1915 qum
1872 1842 2038 1899 duces
2062 1855 2192 1897 suos
2222 1827 2271 1889 Β
2298 1856 2412 1897 ram
2460 1840 2766 1897 declinabat
2806 1841 3081 1899 scribendi
3113 1842 3332 1913 propria
3364 1858 3527 1898 manu
3569 1842 3787 1910 libros,
3835 1842 3937 1897 nisi

589 1940 825 1999 habebat
851 1942 920 1999 de
958 1941 1184 2014 perfidia
1218 1943 1564 2008 Arianorum,
1596 1939 1880 2011 prmvaluit
1904 1937 2193 1994 adversum

585 2051 818 2109 paucos;
843 2045 1026 2108 atque,
1056 2036 1239 2092 ablato
1263 2036 1583 2102 Cresconio,
1617 2034 1957 2089 exsultantes
1985 2031 2051 2086 ad
2078 2046 2195 2085 am-

588 2127 955 2200 phitheatrum
1006 2139 1373 2195 reverterunt,
1424 2128 1683 2184 Ecclesia:
1712 2126 1915 2181 luctum
1945 2141 2053 2180 non
2080 2138 2196 2179 mo-

587 2222 767 2279 dicum
809 2223 1209 2295 relinquentes;
1253 2238 1377 2277 nam
1419 2220 1691 2278 Sacerdos
1729 2227 2032 2291 prostratus
2068 2227 2195 2273 ante

586 2316 758 2373 altare
789 2316 1001 2374 Domini
1025 2316 1225 2372 factum
1249 2314 1344 2370 diu
1374 2314 1544 2370 flevit.
1583 2313 1690 2370 Sed
1714 2314 1766 2368 in
1798 2323 2043 2384 tempore
2072 2327 2195 2367 cum

587 2411 960 2477 revertissent,
1005 2418 1061 2467 et
1100 2410 1510 2467 renuntiassent
1555 2409 1645 2475 iis,
1684 2423 1714 2463 a
1745 2408 1937 2479 quibus
1985 2406 2198 2462 fuerant

586 2502 844 2559 destinati
898 2503 1125 2568 milites,
1158 2502 1368 2558 dimissi
1428 2500 1670 2571 Ieopardi
1712 2500 1850 2555 saltu
1904 2498 2072 2555 celeri
2128 2497 2196 2553 ad

588 2596 844 2653 eumdem
899 2596 1101 2660 locum,
1147 2596 1199 2650 in
1250 2611 1359 2666 quo
1399 2594 1657 2651 sederant
1704 2594 1794 2664 qui
1840 2591 1909 2648 de
1952 2591 2196 2647 Ecclesia

587 2688 1020 2760 triumphabant,
1050 2687 1409 2744 ascendentes
1435 2688 1677 2758 graviter
1705 2685 1937 2742 laniatos
1966 2685 2199 2757 relique-

587 2791 736 2837 runt.
770 2781 925 2850 Quod
955 2781 1045 2836 ubi
1089 2780 1222 2836 vidit
1265 2790 1393 2836 tunc
1427 2780 1616 2837 Stilico
1642 2794 1848 2846 comes,
1882 2780 2197 2849 paenitentia

588 2887 770 2934 motus
798 2886 904 2945 est,
932 2877 1005 2933 ita
1042 2886 1103 2933 ut
1132 2894 1231 2948 per
1259 2877 1461 2933 multos
1490 2878 1607 2932 dies
1637 2876 1974 2931 satisfaceret
2000 2875 2195 2931 Sacer—

586 2970 722 3039 doti,
752 2982 806 3028 et
838 2972 1068 3027 illaesum
1096 2971 1315 3042 quidem
1348 2971 1498 3026 illum
1530 2970 1622 3041 qui
1651 2970 1864 3026 ablatus
1890 2970 2085 3037 fuerat,
2118 2968 2197 3024 di-

587 3063 737 3119 misit
790 3080 804 3117 :
861 3063 956 3119 sed
1032 3064 1160 3135 quia
1218 3063 1663 3135 gravissimorum
1737 3062 2027 3119 criminum
2083 3070 2200 3118 erat

586 3172 732 3224 rens,
785 3167 841 3215 et
888 3156 1049 3214 aliter
1078 3157 1359 3215 emendari
1409 3173 1517 3213 non
1561 3168 1797 3228 poterat,
1838 3155 1902 3212 ad
1942 3156 2194 3212 exsilium

2296 1952 2418 1993 cum
2476 1937 2655 2009 aliqua
2706 1936 3025 1994 infirmitate
3076 1948 3098 1974 ο
3140 1953 3340 2009 corpus
3394 1937 3513 2009 ejus
3565 1938 3933 1994 attineretur.

2296 2032 2428 2088 Erat
2467 2033 2629 2089 etiam
2662 2033 2714 2087 in
2761 2033 2854 2088 illo
2898 2031 3215 2087 sollicitudo
3245 2032 3489 2087 omnium
3522 2032 3934 2095 Ecclesiarnm,

2297 2124 2693 2181 interveniendi
2737 2126 2903 2181 etiam
2934 2142 3126 2197 magna
3158 2124 3453 2181 assiduitas
3482 2134 3537 2181 et
3579 2126 3927 2181 constantia.

2299 2218 2356 2273 ln
2390 2220 2553 2275 rebus
2587 2218 2750 2275 etiam
2776 2218 2978 2275 divinis
3012 2220 3301 2291 implendis
3328 2219 3686 2287 fortissimus,
3722 2220 3781 2276 in
3810 2228 3930 2275 tan-

2301 2322 2413 2368 tum
2449 2321 2507 2367 ut
2527 2313 2668 2385 quod
2698 2313 2890 2369 solitus
2921 2320 3039 2369 erat
3065 2314 3209 2369 circa
3243 2314 3599 2384 baptizandos
3632 2314 3804 2369 solus
3828 2312 3927 2367 im-

2299 2408 2473 2479 plere,
2499 2410 2736 2481 quinque
2760 2418 2947 2481 postea
2972 2409 3214 2479 episcopi
3242 2418 3491 2479 tempore
3516 2424 3622 2479 quo
3651 2409 3922 2473 decessit,

2298 2506 2388 2560 vix
2416 2506 2721 2574 implerent.
2754 2504 3031 2561 Sollicitus
3065 2506 3226 2561 etiam
3260 2505 3483 2559 nimium
3516 2519 3612 2575 pro
3644 2504 3919 2577 pauperi-

2301 2598 2402 2653 bus
2432 2608 2485 2653 et
2516 2598 2778 2669 captivis;
2818 2614 2941 2654 nam
2982 2598 3035 2654 in
3069 2608 3315 2670 tempore
3344 2614 3453 2669 quo
3492 2598 3795 2670 cpiscopus
3838 2612 3923 2653 or-

2300 2691 2516 2747 dinatus
2548 2702 2649 2759 est,
2678 2708 2871 2748 aurum
2904 2709 3066 2748 omne
3102 2701 3266 2763 atque
3309 2700 3595 2762 argentum
3625 2692 3782 2764 quod
3832 2692 3925 2746 ha-

2302 2784 2431 2841 bere
2464 2793 2694 2853 poterat,
2724 2784 2987 2841 Ecclesia:
3013 2785 3098 2840 vel
3126 2784 3456 2856 pauperibus
3490 2785 3751 2839 contulit.
3781 2784 3921 2839 Prrc-

2302 2878 2390 2934 dia
2417 2878 2579 2933 etiam
2608 2894 2730 2948 qua:
2759 2878 3017 2943 habebat,
3054 2888 3332 2935 reservato
3374 2878 3785 2933 usufrucluario
3806 2891 3921 2948 ger—

2303 2986 2479 3027 mana:
2522 2987 2655 3039 sum,
2707 2970 2928 3026 donavit
2974 2972 3257 3039 Ecclesizn,
3297 2971 3431 3027 nihil
3484 2971 3587 3026 sibi
3636 2973 3790 3043 quod
3839 2970 3917 3025 hic

2302 3081 2457 3121 suum
2488 3065 2715 3134 diceret,
2750 3065 3159 3136 derelinquens;
3201 3075 3260 3121 ut
3308 3068 3484 3121 nullus
3527 3076 3693 3136 atque
3749 3080 3914 3137 expe-

2302 3159 2447 3216 ditus
2476 3158 2632 3214 miles
2658 3159 2934 3214 Christum
2957 3158 3238 3215 dominum
3264 3168 3581 3231 sequeretur
3606 3175 3621 3213 :
3663 3160 3776 3227 Qui
3806 3174 3913 3213 cum

586 3251 901 3318 destinavit,
931 3267 1041 3307 non
1088 3252 1262 3307 multo
1292 3261 1416 3322 post
1447 3251 1779 3323 indulgentia
1812 3257 2191 3321 prosequente.
2225 3224 2272 3290 C
2302 3253 2441 3308 dives
2468 3263 2620 3321 esset,
2656 3262 2863 3323 propter
2891 3270 2983 3308 nos
3008 3270 3207 3324 pauper
3228 3224 3396 3325 {actus
3424 3263 3520 3322 est,
3576 3263 3633 3309 ut
3664 3224 3767 3310 nos
3808 3257 3914 3327 ejus

658 3345 751 3401 35.
774 3345 880 3401 Per
926 3346 1071 3401 idem
1121 3354 1337 3415 tempus
1362 3362 1484 3402 cum
1524 3345 1591 3400 ad
1632 3345 1889 3416 palatium
1923 3353 2198 3416 pergeret,

588 3454 821 3510 eumque
848 3453 947 3509 pro
990 3438 1113 3494 loco
1155 3438 1323 3493 officii
1352 3438 1529 3493 nostri
1556 3452 1933 3508 sequeremur,
1966 3448 1987 3475 ε
2022 3436 2201 3491 Theo-

590 3533 719 3591 dulo
759 3542 889 3587 tunc
937 3532 1173 3597 notario,
1224 3531 1316 3601 qui
1356 3539 1545 3601 postea
1594 3544 1806 3585 summa
1853 3544 1975 3583 eum
2028 3529 2200 3600 gratia

590 3626 952 3683 Mutinensem
984 3624 1125 3680 rexit
1151 3623 1463 3689 ecclesiam,
1494 3639 1616 3678 cum
1646 3637 1773 3677 casu
1804 3622 2021 3693 quidam
2065 3620 2202 3692 pede

590 3732 741 3780 esset
790 3723 996 3792 lapsus,
1027 3730 1190 3793 atque
1226 3728 1532 3792 prostratus
1568 3718 1774 3789 jaceret
1814 3719 1870 3773 in
1928 3728 2092 3784 terra,
2125 3716 2201 3772 ri-

590 3816 743 3874 denti
768 3816 967 3873 factum
996 3830 1298 3873 conversus
1322 3813 1595 3872 Sacerdos
1622 3814 1698 3868 ait
1731 3831 1744 3867 :
1772 3812 1840 3867 Et
1866 3821 1919 3867 tu
1948 3811 2039 3882 qui
2065 3820 2197 3878 stas,

588 3909 715 3969 vide
747 3928 816 3969 ne
842 3911 1005 3967 cadas
1032 3908 1076 3983 (Ι
1107 3907 1327 3976 Cor.,x,
1360 3906 1611 3981 l2).Quo
1628 3905 1798 3975 dicto,
1831 3904 2013 3961 statim
2047 3904 2091 3960 is
2108 3904 2199 3976 qui

587 4007 825 4064 alienum
866 4008 1074 4079 lapsum
1102 4005 1321 4071 riserat,
1351 4019 1506 4060 suum
1538 4003 1731 4059 doluit.

658 4101 749 4157 '56.
782 4101 883 4156 Per
911 4102 1054 4156 idem
1090 4110 1305 4171 tempus
1338 4097 1547 4169 Frigitil
1578 4096 1824 4167 quaedam
1846 4096 2030 4168 regina
2056 4094 2197 4151 Mar-

587 4208 1005 4257 comannorum,
1052 4208 1176 4249 cum
1207 4208 1237 4246 a
1285 4192 1520 4261 quodam
1560 4190 1872 4246 Christiano
1926 4192 2064 4256 viro,
2106 4191 2199 4261 qui

590 4284 657 4341 ad
699 4284 846 4340 illam
893 4284 1032 4341 forte
1074 4284 1145 4340 de
1182 4283 1349 4339 Italia:
1398 4284 1645 4354 partibus
1693 4281 2009 4349 advenerat,
2058 4283 2198 4339 refe-

591 4388 747 4436 rente
773 4379 875 4435 sibi
902 4377 1117 4434 audiret
1137 4376 1335 4432 famam
1358 4377 1480 4443 viri,
1513 4375 1731 4432 Christo
1760 4374 2014 4442 credidit,
2046 4376 2197 4447 cujus

592 4473 747 4530 illum
769 4474 1042 4529 servulum
1067 4477 1487 4542 recognoverat,
1516 4469 1811 4539 mi5sisque
1834 4468 2193 4524 Mediolanum

593 4566 909 4625 muneribus
940 4566 1006 4620 ad
1037 4563 1343 4621 Ecclesiam
1396 4578 1492 4633 per
1541 4561 1748 4633 legatos
1779 4562 2092 4631 postulavit,
2134 4570 2194 4616 ut

592 4660 811 4732 scriptis
836 4658 1004 4728 ipsius
1024 4657 1257 4731 qualiter
1276 4656 1502 4711 credere
1522 4654 1764 4721 deberet,
1785 4653 2190 4711 informaretur.

592 4753 677 4809 Ad
703 4768 864 4824 quam
903 4752 995 4809 ille
1036 4748 1321 4823 epistolam
1361 4748 1491 4803 fecit
1531 4747 1848 4819 praeclaram
1880 4747 1933 4803 in
1975 4748 2192 4804 modum

592 4847 929 4913 catechismi,
974 4846 1031 4903 in
1083 4857 1192 4915 qua
1216 4841 1378 4899 etiam
1408 4840 1689 4897 admonuit
1716 4852 1772 4897 ut
1798 4842 2052 4899 suaderet
2081 4847 2197 4898 viro

593 4942 853 5000 Romanis
880 4954 1068 5012 pacem
1090 4949 1457 5007 servarezqua
1487 4943 1706 5006 accepta
1738 4936 2199 5005 epistola,mulier

592 5035 767 5093 suasit
792 5035 931 5099 viro,
959 5042 1016 5089 ut
1043 5045 1167 5089 cum
1202 5028 1400 5101 populo
1427 5044 1527 5083 suo
1558 5042 1619 5083 se
1637 5026 1898 5084 Romanis
1930 5027 2193 5083 traderet.

592 5132 725 5204 Qua:
775 5145 901 5190 cum
952 5128 1192 5184 venisset
1241 5123 1628 5188 Mediolanum,
1683 5122 1974 5194 plurimum
2018 5121 2192 5177 doluit

591 5227 733 5301 quod
765 5234 1012 5283 sanctum
1048 5220 1420 5287 Sacerdotem,
1443 5219 1511 5275 ad
1550 5234 1709 5290 quem
1742 5218 2045 5286 festinarat,
2092 5219 2192 5274 mi-

593 5325 738 5381 nime
767 5320 1096 5394 reperisset;
1124 5315 1237 5388 jam
1258 5313 1403 5372 enim
1432 5314 1501 5370 de
1532 5312 1633 5370 hac
1674 5313 1796 5370 luce
1839 5313 2185 5385 migraverat.

666 5478 692 5507 ιι
710 5465 787 5523 lta
802 5464 933 5523 edit.
946 5461 1075 5521 Gill.
1092 5474 1155 5516 ac
1172 5456 1353 5529 plures
1366 5471 1498 5529 mss.
1514 5453 1604 5511 alii
1624 5454 2027 5529 nonnulli.‘data
2044 5457 2193 5529 copia

592 5550 667 5596 est
689 5541 897 5612 iujustis
923 5526 1207 5599 militibus;
1249 5530 1407 5586 Rom.
1430 5528 1589 5595 edit.,
1622 5528 1744 5581 data
1784 5526 1934 5596 copia
1954 5536 2030 5581 est
2051 5528 2193 5580 mili-

594 5612 846 5738 ubrsMss.
876 5679 1101 5750 aliquot,
1125 5690 1242 5750 qua:
1262 5673 1392 5750 duos
1416 5671 1569 5726 duces
1596 5666 1834 5750 habebat.

668 5767 690 5796 ε
715 5736 944 5824 dilidam
966 5736 1124 5824 ἶῐιεςξ,
1140 5736 1421 5824 Theodoro
1441 5753 1562 5797 tunc
1582 5738 1818 5804 notario;
1842 5751 1999 5805 unus,
2018 5736 2191 5794 .Theo-

590 5816 763 5887 dorus
779 5836 900 5880 tunc
921 5822 1175 5885 notarius,
1209 5834 1316 5873 non
1346 5816 1504 5887 bene.

662 5880 921 5959 t1"Omnes
942 5892 1075 5954 edit.
1099 5880 1222 5950 cum
1251 5902 1360 5946 uno
1387 5884 1512 5943 cod.
1536 5880 1717 5948 Colb.,
1743 5895 1899 5951 quam
1928 5895 2017 5937 nec
2039 5888 2093 5937 tu
2112 5882 2192 5937 in-

2301 3349 2477 3420 inOpia
2499 3352 2781 3405 ditaremur
2804 3350 2868 3422 (ll
2893 3348 3038 3417 Cor.,
3068 3366 3183 3418 vni,
3215 3350 3295 3422 9).

2375 3442 2466 3498 59.
2502 3442 2633 3497 Erat
2661 3445 2823 3500 etiam
2854 3445 3097 3515 gaudens
3125 3461 3248 3501 cum
3278 3444 3663 3517 gaudentibus,
3697 3454 3756 3501 et
3781 3445 3911 3500 flens

2302 3550 2422 3591 cum
2444 3535 2705 3592 flentibus
2731 3537 2938 3607 (Rom,
2962 3554 3060 3606 ιιι,
3092 3538 3219 3610 l5);
3244 3538 3513 3609 siquidem
3545 3539 3911 3611 quotiescum-

2302 3648 2407 3703 que
2436 3632 2513 3687 illi
2542 3632 2741 3704 aliquis
2766 3634 2837 3689 ob
2878 3634 3281 3704 percipiendam
3313 3634 3692 3705 pmnitcntiam
3727 3634 3909 3703 lapsus

2302 3742 2431 3783 suos
2452 3725 2735 3782 confessus
2759 3735 2926 3794 esset,
2952 3728 3025 3782 ita
3048 3727 3235 3795 flebat,
3267 3738 3322 3782 ut
3350 3737 3407 3783 et
3430 3727 3577 3782 illum
3605 3726 3740 3784 flere
3764 3740 3908 3782 com-

2304 3819 2562 3889 pelleret;
2613 3817 2900 3875 videbatur
2940 3820 3083 3875 enim
3136 3819 3238 3875 sibi
3280 3836 3401 3875 cum
3438 3819 3658 3891 jacente
3699 3819 3904 3891 jacere.

2301 3912 2508 3968 Causas
2546 3921 2728 3968 autem
2762 3914 3051 3969 criminum
3085 3929 3206 3987 qua:
3236 3913 3311 3969 illi
3348 3914 3732 3980 confitebatur,
3778 3910 3905 3968 nulli

2302 4008 2406 4065 nisi
2433 4008 2665 4064 Domino
2692 4009 2816 4075 soli,
2848 4006 2989 4079 apud
3020 4022 3182 4078 quem
3221 4006 3613 4072 intercedebat,
3644 4006 3905 4077 loqueba-

2303 4112 2422 4169 tur;
2456 4102 2654 4158 bonum
2688 4102 3003 4173 relinquens
3041 4101 3349 4171 exemplum
3382 4102 3615 4171 posteris
3641 4099 3900 4155 sacerdo-

2302 4195 2467 4263 tibus,
2500 4203 2557 4249 ut
2588 4196 2980 4251 intercessores
3005 4194 3149 4265 apud
3190 4194 3356 4249 Deum
3392 4194 3561 4265 magis
3588 4194 3720 4261 sint,
3745 4205 3903 4265 quam

2298 4296 2649 4344 accusatores
2674 4288 2814 4359 apud
2847 4289 3115 4345 homines.
3163 4287 3297 4343 Nam
3344 4298 3397 4345 et
3434 4288 3734 4344 secundum
3767 4291 3905 4357 Apo-

2299 4382 2496 4438 stolum
2525 4381 2593 4453 (ll
2616 4380 2762 4449 Cor.,
2788 4397 2849 4449 ιι,
2876 4381 2957 4453 8),
2981 4384 3125 4439 circa
3151 4380 3457 4454 linjusmodi
3481 4381 3753 4438 hominem
3778 4396 3903 4437 con‘

2299 4475 2563 4530 firmanda
2603 4475 2843 4531 charitas
2873 4483 2987 4543 est;
3019 4477 3144 4547 quia
3189 4478 3306 4547 ipse
3347 4476 3430 4532 sui
3470 4484 3755 4532 accusator
3800 4482 3897 4539 est,

2298 4586 2400 4626 nec
2421 4579 2701 4640 exspectat
2726 4577 3125 4637 accusatorem,
3158 4570 3253 4627 sed
3300 4568 3596 4640 praevenit;
3632 4578 3689 4623 ut
3731 4567 3900 4623 contio

2303 4663 2468 4719 tendo
2505 4678 2661 4719 suum
2697 4661 2715 4701 τ
2743 4663 2941 4720 allevet
2972 4663 3087 4734 ipse
3116 4663 3402 4727 delictum;
3435 4676 3501 4717 ne
3533 4661 3731 4717 habeat
3760 4654 3899 4733 quod

2301 4758 2648 4815 adversarius
2706 4759 3040 4814 criminetur.
3092 4756 3331 4829 Ideoque
3391 4756 3673 4828 Scriptura
3726 4754 3899 4811 dicit:

2296 4850 2480 4908 Justus
2514 4854 2568 4907 in
2598 4850 3128 4924 principiotsermonis
3157 4859 3427 4905 accusator
3466 4858 3541 4903 est
3568 4848 3649 4904 sui
3693 4846 3897 4921 (Prata,

2297 4962 2450 5012 xvnt,
2483 4944 2593 5017 17).
2643 4946 2843 5000 Vocem
2885 4946 3028 5001 enim
3066 4944 3231 5015 eripit
3273 4941 3614 5008 adversario,
3647 4951 3703 4996 et
3748 4934 3899 5012 quasi

2298 5039 2492 5115 dentes
2536 5038 2797 5109 quosdam
2849 5048 3066 5108 paratos
3109 5039 3177 5093 ad
3224 5037 3462 5109 prtedam
3505 5029 3901 5092 criminationis

2299 5131 2511 5187 infestae
2557 5141 2905 5201 peccatorum
2934 5146 3159 5186 suorum
3196 5130 3545 5188 confessione
3585 5126 3897 5199 confringit,

2298 5224 2435 5281 dans
2463 5224 2724 5280 honorem
2760 5224 2893 5290 Deo,
2922 5225 3011 5279 cui
3039 5225 3179 5280 nuda
3209 5235 3335 5279 sunt
3361 5224 3543 5281 omnia
3575 5223 3795 5295 (Hebr.,
3828 5234 3897 5286 tv,

2299 5319 2415 5392 l5),
2443 5330 2499 5376 et
2526 5322 2614 5393 qui
2649 5320 2759 5375 vult
2796 5320 2958 5375 vitam
3006 5320 3176 5393 magis
3204 5320 3507 5392 peccatoris
3550 5335 3713 5392 quam
3758 5333 3901 5375 mor-

2300 5459 2551 5531 grcdiere,
2575 5459 2761 5531 januis
2798 5458 2913 5513 licet
2954 5475 3057 5512 non
3090 5460 3312 5530 clausis;
3353 5461 3478 5517 cod.
3520 5477 3657 5517 unus
3691 5460 3896 5531 Germ,

2302 5529 2592 5612 apertisque
2606 5529 2809 5612 januis,
2836 5546 2939 5612 non
2963 5530 3188 5587 invenies
3212 5529 3314 5604 qua
3333 5534 3676 5606 ingrediaris;
3712 5530 3897 5590 caeteri

2301 5616 2434 5657 mss.
2465 5608 2523 5654 ut
2550 5606 2602 5655 in
2632 5606 2907 5654 c0ntextu.

2376 5681 2399 5707 θ
2438 5671 2512 5725 lta
2544 5681 2968 5755 .mss.‘_septem_;
3016 5670 3198 5731 Germ.
3244 5690 3375 5733 vero
3417 5692 3584 5747 unus,
3630 5692 3696 5735 ac
3742 5681 3897 5744 edit.,

2303 5757 2487 5809 corpus
2508 5749 2619 5815 ejus
2648 5749 3021 5797 attmuaretur.

2374 5812 2394 5851 τ
2420 5814 2555 5889 Mss.
2591 5820 2925 5889 quatuor,__ut
2948 5815 3207 5889 absolvat;
3229 5833 3389 5881 unus,
3419 5828 3475 5873 ut
3501 5821 3714 5889 abluat;
3737 5823 3895 5889 alius,

2299 5893 2354 5940 ut
2377 5884 2585 5958 alliget;
2608 5867 2737 5941 'duo
2780 5867 2998 5957 reliqui,
3099 5867 3676 5956 calfiiitlévéiiw
3694 5867 3711 5891 ’
