4102 6360
207 263 268 318 Η
997 271 1043 326 Α
1083 271 1382 330 PAULINO
1420 273 1511 331 AD
1552 272 1837 332 BEATUM
1875 274 2327 340 AUGUSTINUM
2365 283 2816 343 CONSCRIPTA.
3453 296 3525 351 42

207 388 314 437 tem
345 380 558 455 (Ezech.
611 397 765 452 xvnt,
795 386 911 452 5‘2).
941 385 1075 442 Nam
1122 398 1178 445 et
1226 390 1328 461 ipsi
1377 392 1660 462 pmuitenti
1708 405 1814 446 non
1843 391 1897 452 A
1922 402 2024 460 ret,
2057 410 2142 450 me
2173 407 2228 452 et
2265 400 2573 470 excipiente
2613 413 2668 458 et
2712 401 2953 471 vidente,
2986 403 3165 460 subito
3209 405 3266 462 iu
3305 410 3527 464 modum
3619 453 3622 460 .

206 473 413 529 sufficit
462 475 578 529 sola
625 477 919 540 confessio.
964 480 1066 535 nisi
1115 483 1478 553 subsequatur
1507 485 1818 540 emendatio

210 565 365 633 facti;
414 578 473 622 ut
520 571 791 640 paenitens
840 589 943 627 non
988 573 1150 630 faciat
1199 576 1526 646 ptenitrnda,
1571 581 1820 636 humiliet

210 661 375 716 etiam
416 663 650 718 animam
694 681 846 720 suam
886 667 1027 722 sicut
1061 668 1230 722 David
1262 682 1505 738 sanctus,
1536 672 1626 744 qui
1674 680 1819 744 post-

211 769 375 824 quam
424 755 627 812 audivit
669 774 696 811 a
739 758 998 829 propheta
1035 778 1050 815 :
1084 760 1373 818 Dimissum
1428 774 1505 819 est
1552 777 1820 836 percolunt

215 856 360 902 tuum
389 847 458 922 (Il
488 850 614 922 Reg.
651 868 750 920 xu,
786 852 905 925 i4);
942 854 1200 911 humilior
1227 858 1402 913 factus
1424 871 1506 914 est
1539 858 1591 914 in
1629 876 1818 917 emen-

218 939 437 998 (latione
467 945 694 1014 peccati,
720 946 791 1000 ita
820 957 879 1001 ut
899 947 1141 1004 cinerem
1183 951 1325 1006 sicut
1363 968 1555 1022 panem
1586 954 1820 1010 mandu-

218 1046 431 1093 caretct
450 1049 633 1107 potum
650 1057 805 1096 suum
825 1057 946 1097 cum
971 1043 1098 1099 fletu
1120 1046 1374 1103 misceret
1395 1047 1594 1118 (Psal.,
1613 1067 1686 1116 Cl,
1706 1051 1818 1122 10).

289 1126 380 1184 40.
408 1129 598 1186 Flebat
623 1133 785 1189 etiam
809 1135 1148 1193 amarissime
1190 1140 1642 1213 quotiescumque
1683 1143 1824 1197 forte

217 1221 522 1278 nuntiatum
553 1224 629 1279 illi
654 1227 826 1280 fuerat
851 1226 918 1282 de
948 1227 1336 1300 cujuscumque
1363 1234 1534 1288 sancti
1562 1234 1711 1289 obitu
1738 1251 1826 1311 sa-

217 1312 480 1380 cerdotis,
517 1317 567 1370 in
603 1326 808 1372 tantum
841 1329 897 1374 ut
933 1336 1031 1375 nos
1063 1322 1212 1377 illum
1257 1333 1283 1360 ιι
1311 1325 1582 1380 consolari
1625 1328 1827 1382 nitere-

219 1422 362 1473 mur,
397 1407 707 1479 ignorantes
739 1413 884 1482 pium
915 1414 1171 1470 affecutm
1201 1417 1328 1484 viri,
1359 1434 1458 1474 nec
1488 1436 1593 1491 qua
1616 1423 1827 1479 ratione

219 1500 292 1554 ita
319 1501 476 1557 fleret
500 1505 884 1574 intelligentes.
910 1507 1121 1577 Quibus
1150 1511 1241 1566 ille
1265 1511 1574 1583 hujusmodi
1601 1532 1830 1588 respon-

219 1609 341 1648 sum
381 1596 688 1654 reddebat:
736 1600 854 1656 Non
886 1618 946 1658 se
991 1603 1145 1671 flere,
1177 1609 1304 1676 quia
1354 1621 1682 1680 recesserat,
1737 1614 1829 1684 qui

220 1689 405 1747 fuerat
431 1705 676 1750 mortuus
706 1698 984 1754 nuntiatus
1013 1718 1026 1755 :
1053 1699 1148 1756 sed
1188 1704 1312 1773 quia
1337 1714 1714 1772 praecesserat,
1746 1707 1832 1762 vel

1921 488 2056 541 scuti
2082 489 2263 546 brevis
2294 491 2436 562 ignis
2461 508 2623 565 caput
2650 497 2766 566 ejus
2795 501 3100 567 cooperuit,
3136 509 3296 571 atque
3340 504 3529 569 paula-

1923 581 2016 636 tim
2048 598 2144 652 per
2183 600 2245 639 os
2292 585 2464 656 ipsius
2489 602 2761 661 tamquam
2795 592 2846 645 in
2873 591 3092 647 domum
3142 592 3416 650 habitator
3448 597 3530 651 in~

1920 691 2145 746 gressus
2173 689 2254 734 est
2282 697 2294 732 :
2321 692 2445 750 post
2465 685 2609 752 quod
2639 687 2774 740 facta
2804 696 2884 740 est
2913 685 3077 742 facies
3097 687 3216 758 ejus
3238 689 3383 744 velut
3405 690 3522 757 nix,

1922 778 1977 824 et
2002 779 2190 840 postea
2223 761 2476 829 reversus
2506 786 2591 830 est
2622 779 2802 834 vultus
2831 780 2950 849 ejus
2979 781 3044 836 ad
3087 784 3323 851 speciem
3350 799 3528 840 suam.

1923 862 2076 932 Quod
2098 879 2220 920 cum
2254 869 2427 935 fieret,
2465 879 2684 938 stupore
2713 872 2991 940 perculsus
3027 875 3258 946 obrigui,
3293 892 3397 932 nec
3437 891 3534 948 po-

1927 957 1998 1011 tui
2027 959 2269 1016 scrihere
2295 977 2414 1031 quae
2440 962 2508 1016 ab
2540 962 2632 1017 illo
2660 963 3004 1035 dicebantur,
3041 970 3145 1025 nisi
3178 983 3532 1042 posteaquam

1925 1049 2060 1105 visio
2090 1051 2204 1122 ipsa
2231 1054 2508 1120 transivit;
2538 1055 2754 1111 dicebat
2782 1058 2928 1112 enim
2961 1060 3012 1114 in
3044 1077 3108 1116 eo
3141 1072 3387 1134 tempore
3421 1076 3530 1120 tes-

1927 1143 2209 1200 timonium
2242 1148 2539 1218 Scripturm
2586 1149 2804 1214 divinae,
2849 1152 2990 1221 quod
3019 1168 3120 1222 ego
3151 1159 3358 1224 optime
3403 1159 3537 1213 reti-

1929 1238 2140 1293 ucham.
2175 1239 2310 1295 Nam
2335 1242 2608 1298 scribendi
2639 1244 2719 1299 vel
2744 1244 2984 1300 dictandi
3014 1245 3129 1315 ipso
3153 1248 3240 1304 die
3270 1251 3431 1306 finem
3459 1251 3538 1308 fe-

1929 1326 2032 1392 cit;
2083 1326 2349 1397 siquidem
2402 1329 2575 1398 ipsum
2617 1331 2883 1400 psalmum
2924 1333 3144 1402 explere
3193 1350 3300 1389 non
3335 1339 3533 1406 potuit.

1931 1419 2046 1491 Ego
2077 1437 2204 1475 vero
2239 1422 2289 1478 id
2319 1422 2466 1493 quod
2491 1424 2664 1480 visum
2695 1440 2725 1479 a
2751 1441 2836 1481 me
2865 1425 3064 1493 fuerat,
3089 1426 3394 1483 honorabili
3420 1431 3536 1484 viro

1932 1510 2096 1567 Casto
2127 1512 2380 1582 diacono,
2415 1515 2514 1571 sub
2543 1517 2698 1586 cujus
2729 1533 2858 1572 cura
2894 1517 3182 1589 degebam,
3215 1520 3397 1575 statim
3445 1536 3538 1578 re-

1935 1606 2030 1660 tuli
2059 1625 2070 1662 :
2103 1615 2158 1661 at
2199 1607 2290 1662 ille
2320 1608 2561 1678 repletus
2585 1610 2758 1680 gratia
2802 1612 2921 1677 Dei,
2969 1611 3209 1682 Spiritus
3240 1614 3413 1668 sancti
3443 1613 3541 1669 ad-

1935 1711 2151 1754 ventum
2205 1718 2291 1758 me
2337 1703 2392 1758 in
2433 1702 2531 1758 illo
2557 1691 2757 1759 vidisse
2789 1704 3004 1760 edocuit
3045 1705 3281 1762 lectione
3307 1705 3538 1763 Actuum

219 1787 345 1856 quia
371 1786 592 1852 difﬁcile
622 1800 767 1845 esset
793 1791 1036 1847 invenire
1067 1795 1264 1860 virum,
1290 1796 1379 1865 qui
1408 1811 1622 1853 summo
1644 1814 1828 1855 sacer-
1856 1795 1906 1857 B
1931 1796 2326 1864 apostolorum.

218 1878 373 1933 dotio
401 1880 596 1950 dignus
644 1879 956 1939 haberetur.
1000 1884 1118 1955 lpse
1167 1897 1349 1943 autem
1391 1889 1459 1944 de
1507 1906 1603 1945 sua
1651 1901 1826 1948 morte

219 1980 347 2026 ante
379 1972 626 2042 praedixit
657 1974 800 2045 quod
835 1991 1004 2047 usque
1031 1977 1099 2032 ad
1129 1981 1326 2048 pascha
1359 1982 1824 2040 nobiscum.futu-

221 2081 314 2120 rus
366 2076 514 2122 esset
564 2085 576 2120 :
633 2069 776 2138 quod
826 2070 1046 2140 quidem
1094 2074 1294 2128 meruit
1342 2075 1627 2133 Dominum
1663 2079 1825 2136 obse-

220 2158 448 2222 crando,
481 2176 588 2230 quo
615 2162 879 2219 maturius
908 2163 1033 2219 hinc
1056 2163 1396 2224 liberaretur.

293 2255 386 2310 41.
427 2255 819 2326 lngemiscebat
859 2259 1004 2316 enim
1052 2264 1407 2321 vehementer
1451 2282 1576 2322 cum
1621 2267 1831 2325 videret

224 2348 462 2404 radicem
493 2351 735 2407 omnium
765 2355 1029 2410 malorum
1062 2358 1347 2415 avaritiam
1382 2361 1674 2432 pullulare,
1706 2381 1830 2436 qua:

224 2458 401 2514 neque
430 2447 585 2516 copia
616 2463 791 2519 neque
828 2449 1009 2521 inopia
1047 2453 1214 2508 minui
1247 2464 1446 2524 potest,
1493 2458 1662 2528 magis
1713 2473 1830 2513 ma-

222 2541 413 2612 gisque
440 2540 752 2600 increscere
779 2545 831 2599 in
864 2546 1195 2630 hominibus;
1227 2559 1281 2606 et
1306 2552 1540 2607 maxime
1572 2554 1626 2607 in
1655 2553 1720 2608 iis
1741 2555 1829 2624 qui

224 2633 280 2688 in
309 2636 668 2705 potestatibus
693 2647 848 2694 erant
875 2641 1186 2708 constituti;
1217 2643 1291 2699 ita
1336 2653 1396 2699 ut
1437 2646 1833 2704 interveniendi

226 2725 304 2781 illi
343 2728 483 2797 apud
524 2729 647 2785 illos
685 2733 1041 2803 gravissimus
1087 2735 1244 2792 labor
1275 2748 1444 2804 esset,
1495 2739 1622 2810 quia
1653 2741 1836 2796 omnia

228 2823 406 2890 pretio
432 2823 892 2882 distrahebantur.
925 2828 1058 2896 Quae
1084 2845 1173 2885 res
1216 2832 1394 2901 primo
1435 2848 1595 2889 omne
1634 2834 1836 2888 malum

230 2913 439 2970 invexit
469 2915 653 2982 Italiae,
697 2928 753 2974 et
785 2921 980 2976 exinde
1023 2924 1202 2978 omnia
1240 2933 1542 2993 verguntur
1572 2925 1627 2979 in
1663 2926 1838 2995 pejus.

233 3005 304 3062 Et
333 3008 462 3078 quid
494 3008 694 3077 dicam,
730 3012 777 3067 si
821 3013 875 3067 in
921 3013 1230 3084 hujusmodi
1255 3017 1504 3084 personis
1534 3017 1604 3071 ita
1634 3017 1842 3073 rabiem

230 3122 388 3162 suam
429 3118 672 3175 exercet,
726 3108 819 3180 qui
865 3110 1047 3166 solent
1085 3121 1178 3167 aut
1217 3112 1451 3167 filiorum
1492 3121 1585 3167 aut
1623 3115 1846 3186 propin-

2001 1888 2093 1945 45.
2154 1889 2546 1960 Superioribus
2594 1898 2772 1946 autem
2837 1890 3031 1947 diebus
3080 1907 3203 1948 cum
3255 1893 3541 1950 Stiliconis

1933 1991 2062 2038 tunc
2113 1984 2332 2039 comitis
2371 2001 2586 2051 servus,
2629 1986 2722 2056 qui
2769 1985 3039 2041 daemonio
3083 1986 3451 2058 laboraverat,
3487 1991 3544 2045 in

1931 2076 2292 2133 Ambrosiana
2326 2077 2550 2135 basilica
2590 2078 2701 2148 jam
2753 2093 2916 2133 sanus
2954 2089 3220 2145 maneret,
3259 2096 3543 2138 commen-

1931 2170 2088 2227 datus
2117 2188 2143 2226 a
2177 2173 2402 2228 domino
2423 2189 2552 2239 suo;
2581 2172 2858 2229 ferebatur
2884 2173 3025 2229 enim
3052 2174 3198 2246 quod
3221 2176 3452 2232 libenter
3473 2177 3544 2234 ab

1934 2264 2126 2319 eodem
2161 2265 2456 2322 haberetur
2503 2283 2515 2319 :

1935 2359 2192 2423 bunatus,
2225 2361 2276 2414 in
2330 2371 2534 2416 tantum
2587 2368 2646 2414 ut
2691 2368 3009 2415 tem-rentur
3052 2361 3326 2429 homines,
3358 2364 3450 2434 qui
3477 2364 3548 2418 ad

2569 2267 2878 2336 faceretque
2907 2264 2933 2303 ι)
2967 2266 3128 2322 falsas
3156 2269 3414 2339 epistolas
3447 2269 3545 2324 tri-

1937 2454 2352 2510 ministrandum
2387 2454 2678 2525 pergebant
2709 2472 2721 2506 :
2748 2453 2842 2508 sed
2874 2453 2960 2508 ubi
2993 2454 3058 2508 ad
3087 2471 3374 2524 personam
3398 2455 3543 2511 servi

1937 2548 2024 2605 sui
2056 2552 2303 2618 pervenit
2328 2563 2514 2605 comes
2545 2548 2757 2613 Stilico,
2793 2548 2966 2602 noluit
3000 2548 3051 2602 in
3091 2563 3213 2604 eum
3248 2548 3545 2606 vindicare.

1939 2642 2200 2698 Homines
2225 2643 2388 2697 etiam
2439 2642 2534 2714 qui
2578 2641 2792 2711 decepti
2831 2641 3065 2710 fuerant,
3107 2643 3418 2698 interventu
3448 2645 3549 2699 Sa-

1939 2735 2179 2792 cerdotis
2205 2736 2432 2804 dimisit,
2471 2735 2539 2791 de
2578 2735 2696 2806 ipso
2724 2750 2855 2789 vero
2901 2749 3061 2791 servo
3090 2734 3371 2791 Sacerdoti
3411 2751 3549 2805 que-

1941 2838 2057 2884 stus
2085 2836 2190 2884 est.
2225 2828 2401 2896 Quem
2433 2828 2515 2882 vir
2541 2837 2762 2883 sanctus
2787 2843 2911 2882 cum
2957 2827 3026 2882 de
3059 2827 3283 2883 basilica
3314 2826 3549 2883 Ambro-

1943 2921 2094 2976 siana
2123 2921 2497 2990 egrederetur,
2529 2921 2730 2989 requiri
2757 2920 2905 2985 fecit,
2930 2931 3094 2990 atque
3120 2921 3187 2975 ad
3215 2937 3274 2977 se
3307 2922 3553 2991 perduci.

1947 3011 2118 3078 Quem
2138 3027 2260 3066 cum
2285 3011 2693 3082 interrogasset,
2718 3021 2772 3066 et
2799 3012 3251 3082 deprehendisset
3270 3023 3553 3068 auctorem

1949 3103 2085 3157 tanti
2113 3103 2322 3172 ﬂagitii,
2355 3105 2430 3157 ait
2460 3121 2472 3155 :
2502 3103 2729 3172 Oportet
2755 3103 2904 3157 illum
2939 3104 3078 3158 tradi
3108 3115 3312 3160 satana:
3335 3106 3388 3160 in
3421 3107 3558 3161 inte-

230 3215 465 3271 quorum
498 3216 693 3259 causas
721 3202 1067 3270 pratendere
1099 3223 1113 3261 ε
1155 3203 1238 3259 Ad
1269 3205 1591 3260 excusanda;
1627 3222 1844 3260 excusa-
1871 3193 1918 3256 C
1951 3198 2116 3250 ritum
2143 3195 2342 3261 carnis,
2379 3210 2446 3249 ne
2472 3194 2599 3249 talia
2623 3193 2818 3264 aliquis
2845 3195 2898 3249 ἰιι
2930 3206 3208 3264 posterum
3240 3197 3433 3252 audeat
3462 3199 3559 3253 8d-

232 3293 400 3348 tt’ones
426 3291 480 3347 in
509 3293 730 3360 peccatis
763 3291 941 3365 (Psal.
971 3310 1094 3357 CXL,
1128 3293 1220 3363 4);
1252 3295 1692 3366 quandoquidem
1724 3296 1842 3366 ple-

231 3401 433 3458 rosque
461 3387 670 3456 ceperit
696 3387 859 3442 etiam
892 3387 1116 3444 caelibes
1159 3388 1478 3444 sacerdotes
1507 3390 1592 3444 vel
1627 3390 1840 3458 levitas,

233 3480 429 3548 quibus
457 3478 633 3548 portio
677 3479 818 3534 Deus
861 3489 967 3545 est,
999 3491 1056 3533 ut
1082 3479 1246 3535 etiam
1276 3481 1377 3550 ipsi
1411 3481 1557 3536 illam
1585 3491 1845 3554 appetant

233 3569 416 3643 (Deut.
453 3587 601 3637 xvm,
633 3570 732 3643 9)?
779 3571 846 3626 Et
877 3588 959 3627 va:
990 3573 1147 3628 nobis
1181 3573 1427 3628 miseris!
1456 3575 1582 3646 quia
1611 3591 1710 3630 nec
1738 3576 1843 3632 fine

236 3663 422 3720 mundi
455 3680 838 3736 provocamur,
871 3676 928 3720 ut
966 3674 1074 3720 tam
1115 3667 1264 3737 gravi
1301 3666 1434 3738 jugo
1465 3669 1747 3724 servitutis
1777 3669 1843 3724 li-

235 3756 415 3812 berari
445 3757 696 3826 velimus,
720 3756 864 3828 quod
888 3757 1156 3829 demergit
1180 3759 1245 3814 ad
1274 3758 1601 3828 profundum
1623 3760 1841 3828 inferni;

237 3859 298 3925 ut
322 3848 584 3905 faciamus
607 3850 763 3907 nobis
794 3853 988 3906 amicos
1018 3852 1080 3906 de
1100 3852 1277 3924 iniquo
1296 3871 1610 3920 mammona,
1636 3856 1725 3925 qui
1753 3871 1845 3910 nos

237 3924 493 4014 rccipiunt
520 3946 574 3999 in
591 3955 783 4001 wterna
806 3946 1135 4002 tabernacula
1159 3947 1310 4020 (Luc.
1341 3965 1456 4016 xvr,
1479 3950 1560 4022 9).
1592 3924 1846 4006 Attamen

240 4035 437 4093 beatus
466 4037 558 4094 ille
588 4038 679 4109 qui
701 4039 1026 4110 quandoque
1055 4055 1372 4108 conversus,
1403 4042 1634 4112 diruptis
1664 4045 1851 4100 vincu-

242 4130 331 4197 lis,
362 4140 524 4202 atque
555 4130 795 4200 projecto
829 4133 960 4204 jugo
989 4131 1299 4202 hujusmodi
1336 4134 1745 4202 dominationis,
1777 4147 1852 4192 te-

244 4228 404 4295 nebit,
427 4237 475 4283 et
497 4227 675 4282 altidet
705 4229 947 4302 parvulos
972 4229 1086 4300 ejus
1107 4229 1177 4283 ad
1195 4238 1394 4301 petram
1415 4228 1588 4304 (Paul.
1614 4245 1850 4300 cxxxvr,

247 4320 326 4392 9),
363 4319 467 4377 hoc
493 4331 596 4387 est,
630 4335 822 4376 omnes
867 4321 1197 4378 intentiones
1224 4321 1342 4393 ejus
1372 4323 1562 4379 allidet
1586 4324 1654 4380 ad
1698 4325 1855 4380 Chri-

247 4424 415 4483 stum,
448 4416 543 4487 qui
588 4416 885 4473 secundum
913 4416 1234 4488 Apostolum
1266 4428 1419 4491 petra
1455 4429 1559 4488 est,
1587 4436 1710 4491 qua:
1737 4437 1855 4476 om-

250 4523 350 4564 nes
376 4510 443 4566 ad
464 4525 524 4565 se
551 4509 736 4565 allisos
785 4509 1064 4577 interimit,
1095 4501 1211 4580 ipsa
1244 4511 1575 4568 inviolabilis
1606 4529 1852 4582 manens,

1949 3290 2166 3344 mittere
2203 3287 2246 3358 (ι
2276 3287 2394 3341 Cor.
2444 3303 2500 3354 v,
2533 3287 2611 3358 5).
2664 3286 2836 3354 Quem
2885 3288 3079 3344 eodem
3128 3300 3405 3344 momento
3426 3305 3552 3345 cum

1949 3383 2126 3437 adhuc
2171 3397 2353 3436 sermo
2395 3391 2540 3436 essm
2591 3383 2645 3435 in
2683 3397 2778 3436 ore
2807 3381 3140 3449 Sacerdotis,
3186 3385 3412 3454 Spiritus
3459 3385 3560 3441 int-

1949 3473 2182 3531 mundus
2206 3483 2480 3542 arreptum
2511 3472 2824 3545 discerpere
2850 3476 3017 3545 erepit
3060 3493 3072 3529 :
3121 3491 3231 3546 quo
3277 3477 3415 3543 viso,
3446 3494 3557 3534 non

1950 3569 2175 3624 minimo
2196 3568 2389 3623 timore
2418 3567 2608 3637 repleti
2631 3582 2821 3622 sumus
2860 3577 2916 3622 et
2944 3569 3327 3623 admiratione.
3359 3569 3560 3637 Multos

1950 3664 2111 3720 etiam
2150 3663 2340 3718 diebus
2372 3663 2499 3730 illis,
2543 3663 2857 3734 imponente
2899 3664 2992 3718 illo
3032 3680 3246 3730 manus,
3292 3676 3346 3720 et
3389 3666 3561 3738 impe-

1950 3767 2105 3813 rante
2135 3757 2203 3812 ab
2232 3757 2515 3829 spiritibus
2548 3757 2842 3812 immundis
2867 3757 3101 3812 vidimus
3130 3773 3253 3814 esse
3282 3770 3561 3829 purgatos.

2021 3853 2112 3908 4i.
2140 3852 2244 3907 Per
2284 3853 2427 3909 idem
2467 3861 2684 3921 tempus
2717 3862 2738 3889 ο
2779 3850 3058 3906 Nicentius
3101 3854 3321 3922 quidam
3369 3870 3432 3907 ex
3474 3853 3569 3908 tri-

1951 3947 2099 4002 buno
2126 3957 2181 4002 et
2209 3947 2444 4013 notario,
2470 3945 2564 4016 qui
2590 3945 2663 4000 ita
2691 3944 2890 4015 pedum
2924 3945 3114 4000 dolore
3162 3947 3472 4014 tenebatur,
3505 3961 3566 4004 ut

1954 4055 2079 4096 raro
2110 4039 2163 4094 in
2195 4039 2411 4110 publico
2437 4037 2743 4104 videretur;
2767 4053 2888 4092 cum
2919 4037 2985 4092 ad
3011 4039 3188 4095 altare
3214 4041 3558 4112 accessisset,

1957 4145 2015 4189 ut
2038 4140 2378 4189 sacramenta
2408 4131 2729 4202 perciperet,
2761 4131 3108 4204 calcatusque
3134 4149 3265 4190 casu
3295 4151 3323 4188 a
3361 4137 3559 4192 Sacer-

1957 4230 2084 4285 dote
2105 4229 2484 4291 exclamasset,
2501 4227 2736 4282 audivit:
2762 4225 2932 4295 Vade,
2952 4235 3006 4282 et
3025 4231 3222 4282 amodo
3235 4231 3413 4284 salvus
3427 4233 3558 4287 eris.

1956 4323 2068 4380 Nec
2091 4338 2150 4379 se
2180 4322 2414 4392 amplius
2442 4319 2687 4375 doluisse
2721 4318 2905 4390 pedes,
2933 4328 3176 4388 tempore
3201 4335 3310 4390 quo
3344 4328 3564 4374 sanctus

1959 4415 2225 4474 Sacerdos
2260 4415 2328 4470 de
2366 4415 2467 4469 hac
2495 4413 2616 4469 luce
2643 4413 2914 4483 migravit,
2951 4411 3203 4484 lacrymis
3235 4415 3558 4470 testabatur.

2033 4512 2124 4567 45.
2159 4509 2266 4566 Sed
2298 4518 2419 4580 post
2449 4508 2566 4562 dies
2598 4506 2718 4571 hos,
2753 4505 3002 4560 ordinato
3047 4507 3333 4561 sacerdote
3373 4505 3564 4563 Eccle-

250 4619 351 4660 nec
379 4620 528 4659 reum
558 4602 759 4657 faciens
789 4617 934 4668 eum,
965 4603 1060 4673 qui
1087 4603 1152 4659 ad
1181 4619 1242 4659 se
1269 4605 1500 4660 alliserit
1534 4605 1852 4676 nequissimi
1879 4599 1935 4660 D
1961 4604 2057 4659 sia:
2081 4602 2378 4664 Ticinensi,
2415 4599 2604 4654 incidit
2630 4601 2684 4651 iu
2718 4595 3108 4662 infirmitatem,
3147 4613 3250 4668 qua
3287 4613 3407 4652 cum
3438 4600 3566 4668 plu-

253 4697 391 4753 uteri
423 4695 720 4752 deteriores
753 4705 956 4765 partus,
1000 4694 1095 4752 sed
1126 4697 1502 4763 innocentem;
1538 4697 1608 4752 ita
1659 4707 1716 4753 ut
1764 4713 1854 4754 se-

253 4805 417 4846 curus
463 4791 636 4862 possit
675 4787 858 4846 dicere
904 4807 916 4842 :
973 4787 1155 4844 Portio
1203 4806 1316 4843 utea
1366 4787 1621 4846 Dominus
1677 4790 1852 4863 (Psal.

254 4899 449 4950 cxvm,
481 4885 594 4956 57).
646 4883 784 4953 Quia
833 4883 920 4939 cui
959 4883 1092 4939 nihil
1137 4883 1190 4938 in
1235 4884 1439 4939 saeculo
1468 4894 1571 4952 est,
1605 4884 1684 4940 illi
1730 4901 1857 4944 vere

258 4978 435 5052 portio
476 4988 560 5035 est
604 4977 852 5035 Christus
903 4994 916 5031 :
965 4976 1034 5031 Et
1075 4977 1167 5047 qui
1223 4983 1619 5049 contempserit
1669 4993 1855 5050 parva,

258 5076 427 5131 multa
460 5071 739 5144 percipiet,
773 5072 996 5142 insuper
1031 5078 1086 5125 et
1113 5070 1279 5125 vitam
1318 5081 1580 5128 aeternam
1614 5073 1862 5142 posside-

261 5169 340 5224 bit
370 5165 587 5237 (Matth.
623 5181 736 5232 χιχ,
770 5163 890 5238 29).

333 5262 424 5320 42.
463 5266 600 5318 Ante
649 5276 848 5332 paucos
888 5275 1019 5316 vero
1063 5257 1182 5316 dies
1226 5276 1388 5332 quam
1423 5261 1624 5317 lectulo
1652 5261 1864 5321 detine-

262 5368 434 5424 retur,
480 5370 603 5412 cum
643 5353 1114 5427 quadragesimum
1142 5354 1361 5410 tertium
1395 5355 1663 5425 psalmum
1692 5355 1866 5414 dicta-

339 5541 366 5569 ἰ
391 5528 597 5586 Omnes
633 5523 788 5588 edit.,
840 5521 1098 5578 consolari
1141 5521 1460 5589 niteremur;
1489 5535 1681 5578 omnes
1727 5538 1862 5582 mss.

264 5601 527 5662 consolari
548 5599 854 5654 videremur.

335 5675 365 5716 δ
405 5674 480 5728 Ita
516 5685 651 5727 mss.
706 5667 851 5724 Edit.
899 5681 1060 5735 vero,
1093 5669 1263 5739 facere
1302 5666 1544 5739 epistolas
1584 5666 1876 5724 tribunatus

264 5753 582 5819 compertum
607 5751 702 5798 est.

346 5810 563 5873 c'Eras.
606 5824 661 5871 et
696 5812 970 5871 Gill.cum
1020 5820 1172 5882 parte
1222 5827 1354 5867 mss.
1407 5813 1480 5868 ita
1534 5810 1638 5868 hoc
1674 5825 1877 5868 nomen

829 5907 1104 5969 PATROL.
1144 5903 1320 5966 XIV.

1960 4699 2115 4754 rimis
2158 4697 2350 4752 diebus
2395 4694 2735 4750 detineretur
2767 4693 2817 4745 in
2871 4691 3093 4756 lectulo,
3139 4706 3326 4746 comes
3371 4691 3565 4749 Stilico

1961 4793 2163 4849 dixisse
2190 4793 2357 4846 fertur
2382 4786 2548 4857 quod,
2579 4794 2728 4840 tanto
2761 4782 2878 4838 viro
2908 4783 3196 4838 recedente
3216 4768 3284 4838 de
3310 4799 3564 4855 corpore,

1962 4885 2212 4941 interitus
2232 4881 2540 4937 immineret
2567 4879 2754 4933 Italiae.
2783 4875 2937 4932 Unde
2955 4878 3270 4931 convocatis
3298 4874 3363 4930 ad
3387 4891 3447 4932 se
3469 4893 3570 4932 no-

1963 4980 2163 5038 bilibus
2193 4978 2323 5034 viris
2355 4976 2498 5031 illius
2528 4973 2780 5037 civitatis,
2826 4986 2962 5041 quos
3008 4969 3156 5042 diligi
3195 4987 3221 5025 a
3256 4979 3445 5024 sancto
3468 4971 3572 5027 Sa-

1964 5074 2185 5132 cerdote
2231 5075 2580 5142 cognoverat,
2633 5063 2828 5134 partim
2871 5063 3250 5118 interminatus
3308 5070 3392 5114 est
3439 5061 3570 5128 illis,

1965 5169 2159 5243 partim
2195 5162 2395 5222 blando
2430 5172 2680 5216 sermone
2729 5155 3018 5226 persuasit,
3075 5163 3132 5210 ut
3173 5158 3463 5243 pergerent
3505 5152 3578 5243 ad

1967 5240 2210 5321 sanctum
2228 5254 2606 5316 Sacerdotem,
2625 5247 3021 5317 suaderentque
3043 5247 3140 5311 illi,
3159 5255 3214 5297 ut
3235 5241 3337 5296 sibi
3355 5240 3585 5298 vivendi

1967 5367 2177 5434 peteret
2201 5370 2231 5411 a
2261 5351 2491 5410 Domino
2520 5352 2904 5402 commeatum.
2941 5339 3097 5408 Quod
3133 5336 3225 5392 ille
3256 5329 3442 5399 ubi_ab
3471 5331 3590 5390 illis

1895 5485 1901 5489 λ
1969 5524 2243 5585 scribunt;
2277 5516 2408 5572 edit.
2440 5517 2623 5565 autem
2656 5504 2811 5585 Rom.
2845 5514 2972 5585 cum
3003 5489 3598 5585 al‘iios‘mss?‘

2011 5563 2214 5652 ίὶεῑῑῐὶἱῖ
2229 5563 2503 5646 δῐιῖιὶὶίιίίό
2530 5593 2662 5652 vero
2687 5581 2808 5642 ροει
2831 5585 2925 5652 vro
2953 5583 3016 5652 επ
3047 5570 3328 5652 ςνίινυξιρξε.
3355 5563 3600 5652 rei???"

1999 5630 2800 5723 iiii'éi'ilbti’."iiEéETeenndnus
2823 5630 2872 5693 et
2896 5641 3147 5694 notarius.
3185 5635 3337 5692 Unus
3368 5630 3600 5701 Germ.,

1983 5757 2044 5796 ea:
2066 5737 2267 5792 tribuno
2289 5725 2544 5784 notarius.

3027 5870 3066 5928 2
