4102 6360
602 303 674 362 43
1038 298 1204 357 VITA
1245 296 1491 358 SANCTI
1527 295 1851 354 AMBROSII
1891 297 1933 351 A
1978 293 2280 352 PAULINO
2319 292 2411 349 AD
2447 289 2896 354 AUGUSTINUM
2935 289 3382 354 CONSCRIPTA.
3874 295 3941 354 ιι

600 393 830 487 audivit,
856 416 1131 488 respondit
1162 434 1176 470 :
1207 415 1319 470 Non
1353 416 1420 468 ita
1455 415 1595 468 inter
1639 427 1733 468 vos
1767 411 1899 478 vixi,
1934 418 1990 464 ut
2018 409 2214 479 pudeat
2242 410 2293 470 Α
2319 427 2420 483 qtta
2451 414 2655 480 positus
2677 420 2783 477 est,
2817 411 2883 464 ita
2912 411 2981 466 ibi
3013 411 3318 467 όςιιηιοιιιιηι
3350 407 3505 465 turba
3546 406 3848 468 clamabat
3885 427 3940 468 sc

604 531 692 571 me
720 516 903 569 vivere
944 529 957 566 :
989 524 1088 567 nec
1118 510 1280 566 tinteo
1304 508 1477 575 mori;
1511 507 1638 579 quia
1669 507 1958 562 Dominum
1996 504 2200 586 bonum
2307 511 2374 564 ab
2405 509 2496 564 illo
2527 509 2788 579 torqueri,
2813 517 2866 560 ut
2897 506 3133 578 ejulatus
3160 522 3346 561 eorum
3372 507 3496 560 ferri
3520 521 3630 561 non
3669 518 3934 578 possent.

607 607 893 665 habemus.
2304 604 2435 670 Qum
2461 602 2630 669 gratia
2673 601 2983 655 Sacerdotis
3013 616 3118 655 non
3142 600 3317 655 solum
3351 600 3401 653 itt
3426 599 3520 654 illo
3547 599 3703 668 lat-0,
3741 616 3938 658 verum

675 703 768 760 46.
802 703 903 758 Per
930 701 1073 757 idem
1103 709 1313 770 tempus
1340 712 1463 752 cum
1491 696 1544 751 in
1570 705 1818 751 extrema
1851 701 2003 763 parte
2035 689 2202 760 porti-

604 815 702 856 cus
729 798 784 854 in
826 812 926 868 qua
965 794 1176 866 iacebat
1221 795 1273 847 in
1305 807 1414 846 uno
1444 791 1604 859 positi
1651 788 1867 850 Castus,
1901 783 2198 850 Polemius,

604 893 868 952 Venerius
891 901 943 946 et
976 889 1126 944 Felix
1149 899 1277 943 tunc
1307 885 1522 940 diaconi
1545 898 1726 938 secum
1753 889 2043 936 tractarent
2069 892 2202 933 voce

601 988 673 1043 ita
711 999 919 1056 pressa,
950 993 1009 1038 ut
1032 984 1120 1038 vix
1147 997 1208 1037 se
1233 981 1468 1048 invicem
1499 976 1769 1039 audirent,
1799 974 1918 1045 quis
1948 982 2064 1042 post
2087 971 2202 1026 obi-

602 1090 712 1137 tum
736 1079 880 1134 illius
908 1077 1204 1146 episcopus
1234 1071 1572 1128 ordinandus
1603 1083 1768 1137 esset,
1802 1079 1963 1138 atque
1991 1083 2112 1121 cum
2136 1065 2202 1120 de

600 1173 824 1231 nomine
851 1172 1024 1228 sancti
1054 1170 1408 1239 loquerentur
1436 1162 1796 1235 Simpliciani,
1833 1171 2103 1230 tamquam
2129 1158 2203 1213 itt-

600 1277 830 1326 teresset
860 1263 1132 1328 tractatui,
1152 1277 1274 1317 cum
1309 1261 1466 1330 longe
1496 1258 1700 1328 positus
1721 1256 1790 1310 ab
1821 1254 2198 1324 ipsisjaceret,

596 1361 906 1432 approbans
954 1355 1284 1412 exclamavit
1331 1353 1492 1408 tertio
1545 1369 1556 1403 :
1605 1350 1809 1406 Senex.
1870 1346 1963 1401 sed
2006 1346 2196 1399 bonus.

599 1453 733 1510 Erat
757 1453 902 1509 enim
934 1449 1318 1519 Sitnplit-ianus
1359 1452 1458 1502 aevi
1495 1456 1758 1499 maturus.
1793 1442 1907 1510 Qua
1943 1454 2074 1492 voce
2105 1452 2200 1489 att-

596 1545 731 1610 dita,
782 1551 1206 1613 ertpavescentes
1257 1540 1542 1609 fugerunt;
1589 1536 1846 1589 defuncto
1889 1543 2066 1585 tamen
2107 1543 2196 1594 eo,

595 1656 705 1697 non
739 1639 875 1693 alius
903 1637 986 1692 illi
1015 1635 1277 1691 successit
1305 1635 1358 1687 in
1389 1631 1774 1687 sacerdotium.
1811 1625 1912 1680 nisi
1958 1625 2002 1678 is
2039 1637 2199 1692 quem

594 1735 690 1790 ille
721 1734 920 1786 bonum
948 1746 1135 1785 senem
1169 1728 1307 1782 trina
1337 1741 1470 1781 voce
1497 1725 1825 1794 signaverat.
1854 1717 1952 1775 Cui
1977 1715 2202 1782 Simpli-

2304 697 2465 751 etiam
2516 695 2567 749 in
2630 693 2873 764 plurimis
2930 693 3223 763 provinciis
3265 708 3434 762 usque
3488 693 3539 748 itt
3583 693 3931 749 hodiernum

2306 800 2488 849 manet
2518 810 2531 846 :
2557 790 2834 862 jactahant
2863 790 3025 845 etiam
3057 788 3229 844 turbat
3252 789 3494 843 virorum
3523 803 3586 842 ac
3616 789 3929 846 mulierum

2305 887 2507 951 oraria,
2536 885 2622 940 vel
2651 882 2986 938 semicittctia
3005 898 3123 946 sua,
3168 892 3224 936 ut
3255 896 3456 952 corpus
3486 881 3683 936 Sancti
3719 882 3931 952 aliqua-

2306 989 2465 1035 tenus
2487 978 2554 1033 ab
2585 977 2716 1048 ipsis
2743 975 3166 1045 euntiugerctur.
3194 975 3325 1030 Erat
3350 973 3494 1031 enim
3524 977 3925 1046 exsequiarum

2306 1076 2462 1130 turba
2481 1074 2896 1139 innumerabilis
2924 1075 3088 1127 totius
3104 1072 3406 1144 dignitatis,
3428 1072 3718 1144 tmiusque
3737 1089 3926 1138 sexus,

2306 1169 2660 1236 Omniumque
2693 1183 2828 1238 pene
2856 1175 3074 1220 aetatum
3114 1183 3219 1220 non
3252 1165 3426 1220 solum
3455 1163 3922 1232 Christianorum,

2306 1263 2399 1319 sed
2433 1263 2599 1318 etiam
2626 1261 2934 1317 Judaeorum
2965 1271 3014 1318 et
3056 1277 3421 1332 paganorum;
3474 1261 3688 1332 majore
3739 1273 3923 1317 tamen

2305 1360 2474 1430 gratia
2501 1357 2638 1411 ordo
2669 1357 3004 1425 praecedebat
3025 1373 3233 1418 eorum,
3259 1359 3351 1428 qui
3383 1355 3596 1412 fuerant
3628 1357 3919 1425 baptizati.

2377 1448 2467 1503 49.
2499 1448 2702 1504 Eadem
2723 1465 2852 1504 vero
2870 1467 2968 1519 qua
2989 1450 3123 1505 obiit
3143 1451 3236 1504 die
3259 1449 3421 1523 (sicut
3453 1459 3636 1506 textus
3662 1450 3918 1520 cpistola;

2307 1544 2566 1613 loquitur,
2601 1559 2720 1612 qua:
2746 1558 2776 1598 a
2801 1557 3117 1600 successore
3145 1543 3262 1614 ejus
3291 1544 3585 1601 venerabili
3615 1545 3748 1600 viro
3782 1546 3917 1602 Sim-

2307 1638 2541 1708 pliciano
2571 1650 2820 1705 suscepta
2849 1648 2932 1693 est
2963 1637 3032 1694 de
3075 1639 3317 1705 partibus
3345 1637 3583 1695 Orientis
3631 1639 3705 1694 ad
3741 1639 3915 1711 ipsum

2307 1740 2580 1802 tamquam
2631 1732 2808 1788 adhuc
2860 1733 3144 1788 nobiscum
3189 1734 3460 1790 viventem
3507 1734 3749 1806 directa,
3798 1750 3912 1808 qua:

595 1828 754 1883 ciano
790 1824 1070 1887 Venet-ius,
1107 1837 1264 1891 quem
1295 1833 1457 1889 supra
1503 1813 1942 1878 memoravimus.
1983 1823 2200 1864 sumes"
2230 1806 2278 1867 Β
2308 1840 2448 1879 nunc
2479 1841 2649 1895 usque
2684 1825 2966 1880 Mediolani
2992 1825 3223 1884 habetur
3251 1823 3277 1863 ἀ
3309 1827 3362 1882 in
3395 1827 3763 1901 monasterio)
3797 1806 3910 1901 qui—

595 1937 689 1979 sor
719 1921 815 1976 l'uit
847 1938 858 1974 ε
889 1920 1040 1975 Felix
1072 1933 1200 1973 vero
1237 1930 1380 1971 nunc
1425 1929 1595 1986 usque
1637 1911 2035 1967 Bououieusem
2064 1905 2201 1976 regit

594 2017 900 2075 Ecclesiam
927 2034 938 2069 :
971 2015 1167 2070 Castus
1192 2026 1369 2068 autem
1393 2022 1447 2068 et
1475 2011 1743 2065 Polemius
1767 2009 1953 2063 nutriti
1984 2005 2051 2059 ab
2069 2003 2200 2057 Am-

594 2112 782 2169 brosio
808 2111 963 2166 boum
991 2108 1201 2164 arboris
1227 2108 1350 2161 boui
1385 2106 1610 2171 fruetus,
1640 2105 1691 2158 in
1723 2099 1963 2158 Ecclesia
1997 2097 2199 2153 Medio-

589 2205 798 2262 lanensi
824 2203 1058 2260 diacouii
1095 2202 1394 2272 funguntur
1424 2199 1626 2254 ol'licio.

663 2305 752 2358 47.
781 2303 834 2357 in
867 2302 1060 2356 eodem
1093 2308 1274 2351 tamen
1297 2296 1419 2350 ioco
1445 2295 1497 2346 itt
1535 2309 1642 2364 quo
1677 2289 1888 2360 jacebat
1918 2288 2081 2358 (sicut
2108 2300 2196 2340 re-

588 2395 798 2458 fer‘eute
821 2402 1011 2449 sancto
1036 2391 1296 2446 Bassiano
1317 2390 1573 2456 episcoito
1597 2383 1893 2440 Laudeusis
1918 2379 2195 2448 Ecclesiae,

592 2491 683 2563 qui
722 2488 791 2542 ab
817 2487 1010 2541 eodem
1043 2483 1313 2547 audit-rat,
1358 2479 1671 2542 didicimus)
1716 2493 1838 2531 cum
1868 2484 2045 2530 oraret
2092 2487 2196 2527 uua

591 2599 714 2640 cum
748 2579 1061 2652 supradicto
1107 2575 1415 2638 sacerdote,
1449 2572 1660 2626 viderat
1701 2570 1985 2624 Dominum
2015 2565 2196 2620 .iesum

594 2677 881 2735 advenisse
912 2673 978 2729 ad
1007 2688 1090 2738 se,
1123 2680 1178 2726 et
1207 2667 1537 2722 arridentem
1558 2665 1658 2719 sibi
1686 2681 1699 2717 :
1731 2678 1828 2718 uec
1855 2662 2053 2716 multos
2079 2667 2198 2728 post

593 2773 712 2830 dies
740 2770 897 2828 nobis
926 2769 1138 2824 ablatus
1166 2772 1268 2820 est.
1301 2762 1409 2819 Sed
1449 2761 1638 2816 eodem
1673 2769 1917 2828 tempore
1947 2771 2055 2827 quo
2096 2753 2198 2807 nti-

589 2867 764 2942 gravit
791 2865 855 2921 ad
888 2865 1202 2924 Dominum,
1231 2857 1300 2913 ab
1341 2859 1472 2912 hora
1512 2856 1735 2911 circiter
1773 2853 2058 2908 undecima
2087 2847 2195 2904 diei

593 2976 767 3030 usque
816 2958 881 3013 ad
916 2957 1060 3012 illam
1095 2953 1309 3017 horam,
1343 2950 1395 3004 iu
1439 2965 1540 3019 qua
1585 2947 1765 3002 emisit
1798 2945 2066 3017 spiritum.
2101 2957 2196 2996 ex-

588 3053 777 3126 pansis
815 3049 1064 3106 manibus
1113 3049 1164 3102 itt
1198 3045 1416 3101 modum
1446 3041 1623 3097 crucis
1657 3040 1828 3094 oravit
1871 3056 1884 3094 :
1934 3053 2033 3092 ηοξ
2064 3049 2194 3089 vero

588 3150 727 3206 labia
761 3147 906 3202 illius
938 3143 1143 3198 moveri
1172 3140 1512 3199 videbamus,
1546 3150 1736 3191 vorem
1761 3145 1940 3188 autem
1970 3148 2076 3186 non
2101 3146 2191 3184 au-

585 3241 889 3296 diebamus.
930 3240 1240 3294 Honoratus
1275 3234 1437 3288 etiam
1480 3229 1737 3287 sacerdos
1770 3227 2024 3281 Ecclesia:
2057 3223 2192 3279 Ver—
2220 3200 2264 3262 εἶ

587 3335 743 3391 cellis
767 3350 887 3389 eum
919 3332 974 3386 in
998 3329 1366 3400 superioribus-
1396 3324 1588 3378 domus
1627 3338 1684 3375 se
1707 3321 1773 3374 ad
1807 3317 2194 3388 quiescendum

589 3430 1008 3495 composuisset,
1043 3423 1206 3478 tertio
1241 3434 1429 3474 vocem
1460 3415 1699 3471 vocantis
1746 3429 1803 3466 se
1849 3411 2078 3474 audtvit,
2115 3408 2197 3462 di-

587 3520 872 3589 centisque
900 3517 1000 3571 sibi
1033 3533 1045 3568 :
1080 3514 1274 3584 Surge,
1309 3512 1522 3574 festina,
1557 3510 1678 3578 quia
1709 3506 1868 3560 modo
1904 3514 1987 3559 est
2017 3517 2196 3559 reces-

589 3628 771 3668 surus.
805 3609 910 3679 Qui
948 3609 1306 3671 descendens,
1355 3605 1549 3659 obtulit
1594 3610 1782 3656 sancto
1824 3598 2030 3654 Domini
2073 3613 2194 3652 cur-

587 3723 686 3780 pus
724 3725 738 3761 :
789 3714 948 3773 aquo
992 3712 1216 3771 accepto
1259 3698 1350 3754 ubi
1403 3696 1639 3766 glutivit,
1686 3695 1868 3752 emisit
1921 3694 2189 3764 spiritum,

586 3799 1070 3857 bonumviaticum
1114 3811 1297 3850 secum
1342 3794 1554 3859 ferens;
1605 3800 1663 3846 ttt
1704 3793 1754 3845 itt
1805 3791 2004 3845 virtute
2052 3805 2191 3844 esca:

589 3896 766 3951 anima
800 3892 1076 3958 refectior,
1109 3890 1425 3962 angelorum
1459 3902 1600 3942 nunc
1628 3888 1929 3949 consortio,
1960 3900 2191 3955 quorum

589 3991 698 4046 vita
732 3988 874 4043 vixit
903 3988 956 4041 in
996 3987 1176 4050 terris,
1211 3993 1264 4040 ct
1305 3982 1438 4038 Elite
1481 3982 1742 4036 societate
1785 3979 2031 4042 laetetur;
2065 3978 2191 4048 quia

586 4093 646 4138 ut
679 4083 826 4137 Elias
855 4095 1146 4147 numquam
1177 4077 1396 4148 regibus
1427 4076 1511 4130 vel
1543 4076 1663 4130 ullis
1695 4074 2078 4146 potestatibus,
2112 4072 2186 4127 ita

583 4192 685 4232 nec
713 4177 813 4230 iste
841 4189 938 4245 pro
961 4171 1058 4227 Dei
1081 4172 1277 4226 timore
1302 4169 1448 4239 loqui
1479 4171 1680 4224 veritus
1703 4179 1804 4223 est.

656 4271 745 4326 48.
774 4269 947 4339 Atque
975 4267 1098 4322 inde
1119 4266 1185 4320 ad
1213 4263 1508 4319 Ecclesiam
1534 4264 1789 4331 majorem
1813 4263 1841 4301 ἲ)
1870 4263 2187 4318 antelucana

581 4365 719 4421 hora
750 4379 853 4434 qtta
885 4361 1172 4416 defunctus
1199 4369 1302 4425 est,
1337 4372 1534 4425 corpus
1568 4356 1738 4418 ipsius
1773 4367 2043 4426 portatum
2070 4366 2182 4420 est;

580 4459 764 4530 ibique
791 4455 980 4511 eadem
1010 4454 1104 4508 i‘uit
1137 4464 1316 4512 nocte,
1349 4467 1451 4521 qua
1481 4451 1820 4520 vigilavimus
1851 4451 1902 4505 in
1946 4451 2141 4518 pascha
2168 4472 2180 4507 :

580 4570 739 4624 quem
771 4551 984 4620 plurimi
1014 4548 1248 4604 infantes
1279 4547 1664 4615 baptizattcum
1688 4564 1715 4599 a
1739 4546 1884 4601 fonte
1909 4548 2182 4612 venirent,

579 4645 851 4704 viderunt.
885 4645 1034 4696 itaut
1064 4640 1231 4711 aliqui
1259 4641 1536 4696 sedentem
1561 4643 1610 4694 itt
1639 4641 1896 4696 cathedra
1928 4642 1978 4696 in
2013 4641 2185 4697 iribu-

584 4744 688 4798 nali
730 4743 1056 4807 dicereut,‘c
1088 4741 1176 4794 alii
1215 4757 1343 4794 vero
1384 4738 1747 4795 ambulantem
1797 4737 2176 4806 suis'pareuti.

579 4835 681 4891 bus
706 4835 875 4907 digito
904 4834 1256 4889 ostenderent
1288 4851 1300 4887 :
1334 4833 1427 4888 Sed
1470 4833 1545 4887 illi
1578 4834 1822 4888 videntes
1853 4833 2038 4888 videre
2075 4849 2181 4887 non

581 4938 851 4995 poteran',
876 4927 1000 4997 quia
1035 4927 1322 4980 mundatus
1348 4927 1532 4981 oculos
1573 4944 1680 4981 non
1708 4927 1979 4984 habebant
2013 4946 2026 4982 :
2058 4928 2180 4998 plu-

573 5022 693 5078 rimi
728 5036 908 5075 autem
939 5022 1152 5076 stellam
1183 5036 1343 5089 supra
1371 5036 1568 5091 corpus
1594 5023 1711 5091 ejus
1739 5039 1797 5078 se
1824 5024 2024 5079 vidisse
2057 5041 2183 5079 nar-

569 5115 783 5170 rabant.
815 5113 920 5169 Sed
965 5114 1274 5170 int-esvente
1320 5114 1406 5170 die
1465 5115 1765 5185 Domiuieo,
1808 5133 1930 5173 cttttt
1975 5135 2176 5186 corpus

569 5206 760 5276 ipsius,
793 5207 1030 5280 peractis
1069 5209 1425 5264 sacramentis
1456 5207 1675 5276 divinis,
1711 5211 1777 5265 tie
1820 5210 2055 5265 Ecclesia
2089 5211 2168 5266 le-

565 5317 802 5374 varetur,
836 5305 1158 5376 portantium
1210 5305 1275 5360 ad
1307 5305 1580 5361 basilicam
1625 5306 2063 5376 Ambrosianatu,
2116 5309 2171 5363 in

636 5453 662 5480 ιι
691 5447 893 5500 Omnes
918 5443 1074 5518 ed,it.,
1107 5445 1261 5512 Quod
1308 5445 1393 5500 ubi
1425 5449 1642 5518 acctpit,
1687 5446 1853 5500 emisit
1889 5448 2172 5517 spiritum;

561 5530 752 5574 omnes
777 5532 906 5572 mss;
938 5519 988 5574 ui
1025 5535 1122 5574 nos
1156 5519 1204 5570 itt
1238 5528 1406 5571 tt-xltt.

634 5587 662 5626 δ
691 5587 892 5642 Omnes
918 5587 1076 5654 ,dtlit"
1105 5600 1224 5642 ante
1248 5592 1431 5643 lacuna
1454 5589 1582 5642 hora
1602 5603 1790 5655 carpas
1817 5588 1986 5653 ipsius
2008 5607 2026 5644 :
2047 5591 2167 5657 piu-

560 5673 645 5714 l'es
671 5674 800 5711 mss.
816 5700 830 5722 ,
854 5671 970 5712 ante
986 5659 1223 5716 lacunam
1246 5662 1428 5715 horam
1447 5677 1465 5715 .'
1482 5674 1672 5715 omnes
1689 5674 1816 5714 Vero
1847 5662 2163 5731 restituunt,

555 5746 656 5799 qua
679 5732 951 5802 defunctus
980 5742 1074 5786 est.

630 5815 650 5842 ε
685 5801 809 5856 Mss.
875 5803 1103 5869 aliquot,
1145 5804 1236 5858 alii
1277 5819 1394 5857 vero
1430 5801 1883 5858 ascettdenlem....
1919 5804 2156 5859 ostende-

550 5886 662 5930 rent
710 5892 728 5930 :
763 5878 855 5930 sed
901 5875 1032 5930 nulli
1053 5885 1239 5947 prwter
1269 5876 1464 5930 naviter
1492 5875 1776 5944 baptizatos
1805 5875 1976 5932 videre
2011 5885 2157 5947 pote-

2303 1919 2530 1976 busdam
2555 1922 2757 1976 sanctis
2780 1922 2909 1976 viris
2931 1922 3203 1994 apparuit,
3233 1939 3394 1979 orans
3419 1938 3540 1979 cum
3571 1924 3710 1991 illis,
3739 1935 3797 1982 et
3819 1925 3910 1981 im-

2306 2031 2514 2087 poueus
2542 2017 2647 2070 illis
2680 2033 2904 2083 manus;
2947 2017 3112 2072 habet
3152 2020 3300 2073 enim
3332 2018 3474 2072 diem
3503 2018 3747 2090 epistola
3793 2033 3906 2090 qua:

2303 2108 2507 2164 directa
2537 2119 2641 2176 est,
2671 2126 2774 2180 qua
2807 2110 2942 2165 lecta
2963 2151 2977 2178 ,
3022 2110 3326 2168 invenimus
3362 2111 3512 2167 ilium
3556 2111 3708 2167 diem
3766 2126 3901 2177 esse,

2301 2217 2410 2274 quo
2441 2204 2530 2258 ille
2552 2202 2841 2259 defunctus
2865 2212 2968 2260 est.

2373 2295 2466 2352 50.
2513 2295 2656 2351 intra
2696 2296 2948 2353 Tusciam
2999 2298 3162 2354 etiam
3197 2298 3248 2353 in
3291 2298 3513 2356 civitate
3562 2298 3897 2365 Florentiae,

2301 2389 2389 2444 ubi
2419 2406 2562 2446 nunc
2590 2393 2671 2445 vir
2709 2402 2929 2447 sanctus
2964 2391 3236 2448 Zenobius
3272 2396 3558 2464 episcopus
3586 2403 3694 2458 est,
3731 2404 3755 2432 ε
3785 2391 3897 2466 quia

2302 2486 2622 2555 promiserat
2649 2487 2955 2555 petentibus
2979 2486 3085 2540 illis
3107 2501 3200 2541 eos
3221 2502 3279 2542 se
3308 2488 3505 2556 saepius
3535 2487 3893 2553 visitaturum,

2301 2579 2615 2648 frequenter
2640 2581 2706 2635 ad
2733 2582 2904 2636 altare
2925 2580 3067 2654 quod
3093 2590 3175 2636 est
3192 2582 3244 2636 itt
3268 2582 3496 2638 basilica
3519 2580 3892 2646 Ambrosiaua,

2300 2691 2421 2748 qua:
2455 2674 2650 2729 ibidem
2681 2675 2749 2730 ab
2775 2677 2893 2745 ipso
2920 2677 3211 2730 constituta
3239 2684 3343 2738 est,
3377 2677 3550 2730 visum
3573 2692 3758 2740 orare,
3791 2677 3894 2746 ipso

2300 2778 2490 2824 sancto
2515 2771 2632 2824 viro
2663 2768 2946 2824 sacerdote
2973 2768 3214 2824 Zenobio
3254 2767 3547 2834 referente,
3583 2767 3888 2824 dtdicimus.

2298 2860 2360 2917 In
2401 2863 2588 2916 eadem
2637 2865 2797 2916 etiam
2830 2863 3014 2927 domo,
3047 2865 3098 2917 in
3141 2879 3244 2932 qua
3278 2861 3558 2917 declinans
3593 2861 3890 2934 Eugenium

2299 2956 2521 3023 mansit,
2558 2965 2802 3022 tempore
2841 2971 2949 3026 quo
2989 2953 3327 3025 Radagaisus
3365 2953 3738 3023 supradictam
3771 2951 3889 3008 civi-

2300 3056 2464 3103 tatem
2503 3047 2812 3114 obsidebat,
2857 3063 2978 3102 cum
3002 3047 3114 3118 jam
3144 3049 3212 3102 de
3241 3062 3301 3102 se
3350 3047 3565 3116 penitus
3606 3045 3888 3116 desperas-

2299 3153 2423 3196 sent
2450 3142 2546 3195 viri
2577 3139 2811 3197 civitatis
2839 3141 3028 3209 ipsius,
3065 3157 3162 3211 per
3191 3155 3362 3195 VISttm
3386 3140 3598 3195 cuidam
3629 3138 3886 3211 apparuit,

2298 3243 2353 3292 ct
2381 3234 2629 3306 promisit
2654 3234 2761 3288 alio
2788 3233 2876 3289 die
2903 3234 3131 3289 saitttetn
3164 3233 3270 3288 illis
3297 3232 3630 3290 adfuturam.
3664 3233 3786 3301 Quo
3812 3248 3889 3286 re-

2301 3329 2531 3390 ferente.
2558 3329 2756 3383 civium
2797 3330 2962 3383 auinti
2995 3339 3121 3385 sunt
3164 3330 3365 3394 erecti;
3412 3343 3534 3382 nam
3569 3328 3749 3382 altero
3790 3325 3886 3390 die,

2299 3425 2622 3481 adveniente
2649 3425 2910 3482 Stilicttne
2939 3437 3064 3482 tunc
3091 3427 3289 3481 comite
3316 3441 3436 3480 cum
3461 3426 3732 3490 exercitu,
3764 3422 3885 3476 facta

2300 3529 2384 3574 est
2414 3517 2480 3572 de
2509 3517 2756 3573 hostibus
2777 3517 3027 3575 victoria.
3062 3518 3185 3573 Haec
3216 3517 3520 3590 PauSophia
3545 3515 3798 3586 reiigio~a
3821 3511 3886 3567 ic-

2298 3613 2468 3679 ntina,
2504 3621 2674 3668 matre
2705 3613 2856 3683 pueri
2887 3612 3490 3683 Pansoph'tireferente,
3521 3608 3883 3682 cognovimus.

2369 3706 2458 3762 5i.
2488 3706 2766 3762 Mascezeli
2809 3707 2968 3760 etiam
3011 3705 3321 3774 deslte'rauti
3360 3706 3428 3760 de
3466 3705 3640 3760 salute
3664 3720 3780 3769 sua,
3811 3697 3884 3755 vel

2296 3798 2569 3854 exercitus
2595 3815 2754 3869 quem
2785 3798 3042 3853 ductabat
3078 3807 3265 3852 contra
3305 3797 3612 3860 Gildonem,
3647 3796 3882 3851 baculum

2299 3900 2489 3946 tenens
2517 3907 2676 3945 mauu
2710 3893 2761 3945 in
2791 3892 2905 3946 visu
2939 3899 3112 3946 noctis
3140 3890 3408 3961 apparuit,
3442 3900 3604 3959 atque
3625 3906 3753 3944 cun:
3776 3899 3863 3959 pro

2295 3985 2611 4039 volveretur
2641 3984 2706 4038 ad
2738 3984 2901 4055 pedes
2929 3985 3100 4038 sancti
3129 3984 3228 4037 viri
3265 3982 3546 4048 Mascezel,
3587 3983 3884 4055 percutiens

2294 4087 2494 4133 terram
2524 4095 2690 4140 senex
2719 4079 2912 4134 baculo
2937 4093 3044 4146 quo
3077 4078 3386 4149 regebatur,
3411 4079 3571 4134 tertio
3603 4078 3733 4144 (hac
3752 4076 3880 4133 enim

2297 4172 2369 4226 illi
2389 4174 2567 4240 specie
2584 4173 3042 4244 apparuerat)ait:
3062 4172 3178 4237 Hic,
3197 4171 3302 4238 hic,
3320 4173 3424 4238 hic,
3447 4172 3665 4244 signans
3685 4174 3879 4232 locum;

2291 4265 2552 4336 deditque
2583 4268 2914 4322 intellectum
2957 4268 3096 4332 viro,
3138 4282 3298 4336 quem
3329 4267 3636 4321 visitatione
3673 4264 3880 4338 dignum

2296 4361 2468 4416 fuerat
2491 4363 2806 4428 arbitratus,
2835 4371 3226 4433 utagnoseeret
3256 4376 3315 4416 se
3339 4362 3389 4414 itt
3421 4362 3540 4432 ipso
3567 4360 3690 4416 loco
3713 4360 3766 4416 in
3788 4369 3884 4429 quo

2292 4468 2540 4511 sanctum
2573 4457 2786 4536 Dou‘tini
2820 4457 3022 4512 viderat
3073 4455 3444 4514 Sacerdotem.
3487 4454 3576 4510 die
3601 4455 3757 4509 tertia
3784 4451 3882 4507 vic-

2291 4554 2488 4608 toriam
2522 4553 2840 4619 adepturum
2877 4571 2889 4607 :
2922 4563 3081 4624 atque
3105 4551 3176 4606 ita
3211 4550 3649 4606 securttsbellum
3682 4549 3882 4604 inchoa-

2297 4649 2370 4703 vit
2398 4660 2452 4704 et
2475 4649 2888 4722 consummavit.
2917 4646 3029 4701 Nos
3075 4657 3253 4700 tamen
3286 4643 3304 4682 τ
3329 4661 3391 4698 ea
3416 4642 3708 4698 Mediolani
3733 4635 3879 4714 positi

2295 4741 2413 4812 ipso
2436 4741 2726 4795 Mascezeie
2745 4740 3034 4801 referente,
3063 4738 3444 4810 cognovimus;
3475 4754 3597 4792 nam
3627 4744 3684 4792 et
3716 4738 3768 4792 itt
3795 4737 3883 4786 hac

2293 4835 2592 4906 provincia,
2622 4835 2675 4889 in
2707 4850 2814 4904 qua
2851 4850 2992 4889 nunc
3039 4833 3201 4902 positi
3236 4833 3351 4887 haec
3381 4831 3691 4894 scribimus,
3728 4824 3882 4902 pluri-

2292 4931 2394 4986 mis
2418 4930 2522 4985 hoc
2549 4931 2720 5001 ipsum
2756 4928 2939 4984 retulit
2967 4926 3360 4985 sacerdotibus.
3389 4925 3584 4996 quibus
3614 4925 3777 4980 etiam
3805 4935 3883 4976 reo

2289 5025 2612 5088 ferentibus,
2641 5028 2885 5078 securius
2911 5021 3027 5077 lure
3056 5021 3212 5077 nobis
3233 5021 3445 5092 Cognita
3481 5021 3605 5076 huic
3634 5019 3774 5076 libro
3798 5012 3881 5071 ad—

2283 5121 2514 5190 jtnsget'e
2543 5118 2783 5174 arbitrati
2807 5129 3013 5170 sumus.

2361 5220 2452 5274 5'2.
2483 5215 2703 5272 Sisiuuii
2732 5213 2891 5266 etiam
2928 5221 2982 5265 et
3015 5210 3305 5266 Alexandri
3330 5218 3654 5284 martyrum,
3674 5211 3764 5281 qui
3794 5220 3882 5263 no-

2287 5313 2419 5370 stris
2451 5307 2808 5379 temporibus,
2839 5303 2944 5360 hoc
2980 5311 3084 5370 est,
3130 5315 3254 5374 post
3301 5304 3508 5360 obitum
3548 5303 3724 5360 sancti
3756 5302 3879 5360 Am-

2285 5461 2436 5513 rant;
2468 5450 2588 5515 quin
2613 5457 2714 5501 tam
2744 5449 2960 5503 mundos
2983 5449 3178 5512 oculos,
3216 5458 3321 5504 etc.

2359 5521 2387 5560 ιι
2418 5521 2494 5573 Ita
2523 5519 2655 5572 edit.
2683 5536 2744 5572 ae
2775 5537 2905 5573 tuss.
2936 5535 3041 5573 nou
3075 5523 3230 5587 pauci
3257 5538 3270 5575 :
3304 5519 3487 5576 caeteri
3519 5535 3670 5588 vero,
3700 5522 3755 5577 in
3779 5533 3878 5574 mo.

2281 5592 2505 5663 uastari!)
2532 5591 2802 5663 cujusdam
2832 5593 2994 5644 stmrti
3027 5593 3122 5645 viri
3153 5595 3414 5663 apparuit.

2359 5672 2382 5699 ε
2414 5662 2612 5716 Omnes
2627 5660 2787 5742 t-(lit.,
2812 5663 2931 5742 quia
2956 5660 3259 5742 promiserat
3282 5666 3400 5719 illos
3421 5680 3476 5720 se
3494 5665 3689 5730 «enim
3709 5664 3878 5720 visita—

2283 5745 2555 5787 turunn...
2591 5735 2726 5784 visus
2761 5741 2833 5786 est
2856 5748 3024 5798 orare,
3048 5735 3180 5788 sicut
3209 5736 3343 5805 ipso,
3374 5747 3512 5799 ctc.;\
3531 5750 3729 5794 omth
3748 5747 3873 5792 mss.

2274 5817 2337 5864 ιιι
2369 5806 2419 5858 in
2451 5812 2731 5858 ctttttt‘xttt.

2269 5939 2278 5949 ξ
2353 5874 2373 5914 ί
2407 5873 2541 5931 Cod.
2581 5873 2764 5930 Germ.
2796 5890 2956 5944 unus,
2983 5892 3042 5931 ca
3063 5876 3146 5934 die
3178 5876 3484 5934 Mediolani.
