4156 6370
579 347 645 402 47

1818 328 1976 386 νΙΤΛ
2013 323 2257 385 SANCTI
2295 322 2623 382 AMBROSII

3809 321 3882 378 48

578 458 854 518 Pannonia
902 469 1208 520 accersens,
1259 465 1485 508 summae
1533 447 1817 520 potestatis
1859 453 2168 501 consortem

2277 443 2333 497 ἐκ
2375 443 2609 502 Παιονίας
2650 443 2854 516 ἀγαγών
2885 439 3114 496 κοινωνὸν
3141 447 3363 496 ποιεῖται
3391 447 3483 501 τῆς
3505 439 3774 510 βασιλείας
3796 443 3885 495 καί

581 557 708 613 fecit
737 573 750 610 ε
790 564 844 610 οι
879 560 1096 623 sceptro
1133 548 1277 606 Asiae
1325 557 1484 618 atque
1513 544 1674 600 etiam
1705 541 1921 613 ZEgypti
1969 541 2022 595 in
2052 554 2175 595 eum

580 650 932 720 transcripto,
975 647 1241 715 Europam
1290 640 1395 698 sibi
1442 639 1684 706 retinuit,
1730 646 1783 692 et
1815 636 2039 690 Romam
2087 647 2180 703 pe-

583 755 727 809 tens,
749 743 1039 796 universos
1061 733 1372 793 Occidentis
1396 731 1620 803 populos
1646 728 1711 782 ad
1742 743 1924 784 veram
1957 725 2178 781 adduxit

583 836 678 891 Dei
707 833 1075 906 cognitionem
1105 845 1136 884 a
1165 826 1380 900 pietatis
1413 822 1799 895 prazdicatione
1833 827 1960 876 ante
1997 817 2176 874 omnia

583 922 1166 1002 regnumauSpicatus.

653 1022 709 1076 2.
748 1019 963 1075 Etenim
1001 1013 1293 1077 Auxentio,
1317 1011 1408 1081 qui
1438 1009 1553 1066 Arii
1589 1008 1822 1066 schisma
1853 1005 2026 1062 fuerat
2065 1019 2177 1059 am-

581 1114 793 1185 plexus,
827 1120 884 1168 et
905 1107 1204 1166 Ecclesiam
1228 1105 1684 1161 Mediolanensem
1711 1100 2057 1157 commissam
2080 1096 2177 1151 ha-

577 1206 736 1273 bens,
769 1203 825 1260 in
851 1203 1034 1258 multis
1061 1198 1285 1272 synodis
1312 1196 1592 1252 abdicatus
1621 1203 1725 1260 est,
1756 1193 1863 1247 vita
1895 1189 2173 1253 defuncto,

580 1300 876 1368 imperator
911 1292 1319 1349 Valentinianus
1347 1306 1467 1346 cum
1501 1289 1787 1360 episcopos
1813 1286 1880 1341 ad
1911 1300 1969 1340 se
1993 1295 2180 1338 vocas-

575 1401 682 1457 set,
715 1388 855 1460 apud
888 1403 982 1443 eos
1014 1402 1142 1442 usus
1166 1394 1248 1441 est
1296 1383 1380 1438 his
1423 1381 1764 1439 sermonibus
1809 1397 1823 1433 :
1854 1377 2057 1447 Aperte
2083 1389 2182 1430 no-

578 1487 698 1552 stis,
729 1481 1186 1556 quemadmodum
1219 1479 1466 1536 homines
1490 1478 1647 1533 decet
1670 1474 1963 1531 inuutritos
1984 1471 2182 1527 divinis

578 1582 785 1645 verbis,
815 1580 1028 1650 qualem
1056 1593 1176 1634 esse
1205 1575 1349 1630 hunc
1368 1573 1680 1634 conveniat,
1705 1572 1796 1641 qui
1827 1567 1893 1623 ad
1920 1566 2180 1622 honorem

576 1677 924 1746 episcopatus
975 1681 1386 1744 promnveatur;
1433 1677 1490 1725 et
1530 1682 1636 1737 qua
1677 1665 1890 1720 ratione
1940 1661 2182 1718 subditos

575 1788 683 1829 non
715 1771 881 1828 verbo
927 1778 1158 1833 tantum,
1191 1781 1378 1822 verum
1423 1772 1479 1819 et
1509 1762 1614 1817 vita
1642 1773 1832 1831 regere
1876 1757 2093 1820 debeat,
2127 1763 2182 1811 et

2283 547 2374 598 τῆς
2406 537 2586 598 Ἀσίας
2613 537 2754 606 αὐτῷ
2784 533 3055 611 παραδοὺς
3082 536 3148 590 τά
3177 543 3421 609 σκῆπτρα
3460 537 3548 590 καί
3587 536 3756 607 μέντοι
3797 536 3887 590 καί

2281 643 2375 696 τῆς
2418 630 2712 704 Δίγῦπτου,
2755 632 2925 704 έαυτῷ
2963 636 3053 691 τήν
3095 632 3344 708 Εὐρώπην
3391 631 3652 702 ἀπένειμε,
3684 635 3764 686 καί
3791 637 3886 692 τήν

2282 726 2474 799 Ῥώμην
2492 725 2822 792 καταλαϐὼν,
2850 727 2972 786 τούς
2990 724 3260 799 ἑσπερίους
3281 725 3477 785 πάντας
3503 725 3590 780 έπί
3611 729 3703 785 τήν
3728 725 3886 784 ἀληθῆ

2282 825 2584 896 θεογνωσίαν
2615 823 2814 896 ἐνῆγεν,
2845 822 2948 877 ἀπὸ
2975 827 3076 876 τῶν
3117 821 3212 882 τῆς
3243 820 3511 881 εὐσεϐείας
3547 821 3890 895 κηρυγμάτων

2285 923 2488 993 πρῶτον
2514 916 2814 993 ἀρξάμενος.

2355 1008 2411 1062 2.
2451 1011 2718 1074 Δύξεντίου
2738 1010 2841 1085 γάρ
2867 1005 2922 1072 ὃς
2947 1014 3038 1070 τήν
3056 1007 3246 1084 ’Δρείου
3269 1010 3360 1082 μέν
3379 1005 3669 1072 εἰσεδέξατο
3689 1006 3887 1076 λώϐην,

2281 1100 2595 1159 Μεδιολὸινων
2613 1101 2668 1158 δέ
2693 1107 2782 1162 τήν
2810 1103 3084 1162 ἐκκλησίαν
3105 1103 3520 1174 πεπιστευμένος·
3541 1102 3592 1155 έν
3615 1100 3890 1162 πλείσταις

2284 1197 2621 1268 ἀπεηρύχθη
2651 1194 2908 1262 συνόδοις,
2939 1197 3025 1252 τὸν
3064 1196 3175 1268 βίον
3209 1196 3582 1262 ὐπεξελθόντος,
3613 1215 3890 1269 μεταπεμπ-

2284 1291 2508 1363 ψάμενος
2545 1293 2668 1354 τούς
2711 1299 2803 1352 τῆς
2842 1293 3128 1350 ἐπισκοπῆς
3168 1291 3611 1358 Οὐαλεντινιανός,
3652 1289 3887 1349 τοιοῖσδε

2283 1387 2450 1460 λόγοις
2479 1387 2612 1465 πρὸς
2641 1387 2823 1446 αὐτοὺς
2848 1386 3134 1462 ἐχρήσατο·
3163 1382 3278 1441 ἴστε
3316 1392 3494 1458 σαφῶς
3533 1384 3623 1442 ἀτε
3657 1383 3740 1441 δεῖ
3775 1394 3889 1447 τοῖς

2287 1487 2435 1544 θείοις
2480 1483 2644 1556 λόγοις
2676 1481 3090 1558 ἐντετραμμένοι,
3119 1479 3295 1537 ὁποῖον
3336 1475 3464 1536 εἶναι
3503 1484 3750 1555 προσήκει
3791 1482 3886 1536 τὸν

2286 1578 2684 1652 ἀρχιερωσύνης
2735 1575 3023 1647 ἠξιωμένον·
3067 1577 3154 1629 καί
3199 1576 3268 1636 ὡς
3307 1575 3365 1628 οὐ
3393 1578 3504 1651 χρὴ
3541 1573 3671 1649 λόγῳ
3701 1575 3883 1645 μόνον,

2287 1669 2412 1723 ἀλλά
2437 1672 2522 1724 καί
2544 1669 2642 1742 βίῳ
2666 1671 2789 1730 τούς
2810 1669 3138 1745 ἀρχομένους
3165 1668 3448 1741 ῥυθμίζειν,
3468 1669 3552 1723 καί
3570 1669 3742 1729 πάσης
3762 1670 3889 1741 ἀρε-

2286 1770 2379 1822 τῆς
2407 1763 2712 1838 ἀρχέτυπον
2748 1763 2928 1818 ἑαυτὸν
2963 1763 3254 1841 προτιθέναι
3272 1802 3288 1827 ,
3313 1765 3400 1818 καί
3421 1764 3714 1839 μαρτυρίαν
3740 1760 3891 1834 ἔχειν

574 1865 857 1936 exemplar
885 1861 1065 1920 omnis
1095 1860 1312 1916 virtutis
1357 1857 1594 1929 seipsnm
1628 1865 1951 1924 proponere,
1993 1865 2057 1904 ac
2087 1847 2168 1903 de-

2285 1862 2377 1916 τὴς
2402 1852 2754 1918 διδασκαλίας,
2779 1859 2869 1915 τήν
2899 1855 3174 1913 πολιτείαν·
3201 1860 3427 1911 τοιοῦτον
3448 1848 3538 1909 οὖν
3557 1857 3642 1909 καί
3669 1861 3755 1908 νῦν
3775 1861 3890 1916 τοῖς

575 1977 723 2016 mum
748 1958 1012 2015 doctrinae
1038 1972 1148 2012 sua:
1176 1963 1370 2011 testem
1397 1951 1600 2006 habere
1624 1949 1745 2003 vittc
1764 1947 2175 2002 institutionem.

576 2052 760 2110 Talem
791 2053 952 2124 igitur
979 2060 1030 2106 et
1063 2063 1205 2104 nunc
1233 2048 1285 2102 in
1333 2042 1630 2117 episc0pali
1665 2041 1861 2096 throno
1890 2039 2177 2104 collocate,

573 2156 632 2203 ut
655 2161 754 2202 nos
777 2162 808 2201 a
835 2145 1028 2216 quibus
1066 2140 1353 2212 imperium
1378 2138 1734 2210 gubernatur.
1765 2135 1984 2190 sincere
2021 2130 2181 2186 incli-

574 2255 768 2297 nemus
796 2239 844 2294 ei
868 2237 1042 2306 capita
1075 2241 1284 2300 nostra,
1312 2240 1368 2288 et
1390 2231 1558 2287 factas
1601 2229 1670 2284 ab
1705 2243 1772 2284 eo
1800 2225 2180 2296 reprehensio-

571 2351 671 2392 nes
698 2345 972 2404 tamquam
997 2329 1262 2385 medicam
1288 2325 1628 2382 curationem
1656 2322 2020 2392 excipiamus;
2056 2333 2180 2376 cum

570 2432 715 2487 enim
744 2428 913 2485 simus
943 2427 1214 2494 homines,
1241 2423 1402 2480 etiam
1448 2419 1788 2478 oﬂendamus
1817 2417 2038 2475 omnino
2079 2431 2178 2472 ne-

571 2540 726 2582 cesse
754 2535 859 2580 est.

641 2619 697 2675 5.
728 2615 1060 2688 Religiosum
1089 2614 1472 2685 imperatorem
1514 2607 1950 2665 Valentinianum
1990 2605 2059 2660 ita
2097 2603 2177 2660 lo-

551 2719 747 2780 cutum
775 2709 1004 2780 rogabat
1051 2716 1373 2772 conventus,
1406 2712 1466 2760 ut
1495 2703 1610 2773 ipse
1632 2699 1946 2771 sull‘ragium
1983 2697 2173 2764 ferret,

569 2805 771 2877 quippe
811 2801 902 2874 qui
951 2800 1212 2872 sapientia
1257 2809 1310 2854 et
1359 2799 1558 2870 pietate
1597 2803 1822 2851 ornatus
1864 2801 2028 2849 esset.
2079 2790 2176 2846 Ille

571 2913 702 2954 vero
733 2915 746 2952 :
780 2896 938 2953 Vires
967 2910 1141 2960 meas,
1189 2892 1382 2963 inquit,
1420 2892 1578 2960 longe
1605 2895 1829 2960 superat
1863 2885 1983 2942 talis
2011 2900 2176 2941 cona-

571 2999 658 3046 tus
689 3008 702 3043 :
736 2998 791 3044 at
816 3004 914 3044 vos
935 2987 1024 3055 qui
1053 2986 1233 3042 divina
1264 2985 1434 3056 gratia
1464 2982 1729 3046 decorati,
1769 2989 1825 3035 et
1852 2979 1953 3034 hoc
1981 2979 2171 3035 eodem

566 3083 860 3158 splendore
887 3081 1072 3139 donati
1101 3081 1252 3149 estis,
1295 3079 1466 3150 magis
1497 3090 1735 3148 congrue
1763 3073 1950 3130 feretis
1981 3071 2173 3128 suifra-

565 3179 732 3250 gium.
773 3178 864 3233 Isti
887 3177 1050 3248 igitur
1078 3174 1206 3230 hinc
1249 3180 1518 3230 exeuntes
1557 3169 1701 3241 apud
1733 3183 1794 3224 se
1831 3167 2171 3224 deliberave-

567 3285 714 3331 runt.
763 3275 923 3330 Cives
964 3286 1127 3343 porro
1159 3269 1301 3325 illius
1346 3268 1499 3324 urbis
1552 3265 1872 3322 seditionem
1913 3264 2055 3318 inter
2109 3277 2168 3317 se

565 3367 1005 3432 commovebant,
1057 3363 1111 3418 hi
1159 3362 1374 3433 quidem
1431 3359 1606 3425 illum,
1663 3357 1742 3412 illi
1795 3365 1977 3412 autem
2023 3355 2168 3411 hunc

567 3463 810 3534 prmponi
830 3457 1239 3516 contendentes.
1274 3454 1376 3523 Qui
1409 3453 1554 3509 enim
1588 3449 1841 3508 Auxentii
1883 3451 1970 3506 lue
2011 3459 2169 3506 erant

568 3553 774 3621 infecti,
828 3565 1012 3607 secum
1067 3547 1426 3604 sentientibus
1465 3545 1897 3617 sullragabantur
1941 3562 1952 3597 :
1993 3542 2068 3598 illi
2100 3557 2168 3599 ex

568 3646 822 3711 adverso,
852 3645 944 3716 qui
973 3641 1178 3698 saniori
1218 3656 1246 3693 a
1279 3648 1429 3710 parte
1459 3639 1696 3706 stabant,
1739 3636 2067 3708 expetebant
2105 3634 2169 3690 Ii-

567 3741 659 3799 dei
685 3748 994 3797 consortem
1028 3735 1226 3791 habere
1255 3733 1574 3789 antistitem.

641 3835 830 3905 Itaque
876 3832 1091 3888 divinus
1120 3827 1439 3884 Ambrosius
1479 3827 1531 3880 in
1575 3824 1944 3880 Romanorum
1986 3823 2166 3880 clarus

565 3940 781 3994 senatu,
810 3935 932 3998 post
958 3923 1061 3981 alia
1085 3922 1252 3977 multa
1287 3921 1552 3976 honorum
1576 3917 1809 3990 fastigia,
1840 3932 1939 3988 per
1959 3915 2012 3972 id
2031 3926 2168 3973 tem-

565 4027 715 4098 poris
755 4022 1131 4094 prtelecturam
1177 4015 1340 4071 Italia:
1370 4029 1400 4069 a
1433 4013 1534 4084 piis
1567 4011 1988 4084 imperatoribus
2026 4011 2166 4068 Con-

563 4117 809 4175 stantino
838 4124 894 4170 et
908 4111 1205 4192 constante
1225 4107 1554 4165 obtinuerat.
1588 4105 1636 4161 ls
1659 4114 1780 4162 erat
1804 4121 1934 4161 sane
1960 4105 2040 4160 vir
2054 4105 2165 4160 vita

564 4226 756 4283 purus,
784 4216 838 4265 et
869 4205 1086 4262 virtutis
1115 4213 1349 4269 amator,
1383 4203 1640 4273 probatus
1669 4208 1848 4256 autem
1899 4208 1954 4256 et
1982 4200 2164 4256 verbis

565 4320 622 4365 et
639 4320 826 4378 opere;
845 4300 1112 4374 sapientia
1131 4313 1264 4356 vero
1289 4313 1408 4369 qua:
1431 4296 1675 4352 hauritur
1700 4311 1730 4352 e
1747 4295 1916 4351 sacris
1945 4295 2162 4364 litteris,

561 4401 854 4468 enutritus,
879 4397 1092 4455 tametsi
1116 4394 1344 4451 necdum
1366 4391 1609 4447 initiatus
1635 4398 1797 4446 esset.
1831 4389 1970 4457 Quin
2001 4389 2162 4446 etiam

563 4493 868 4568 eloquentia
914 4488 1217 4563 grrecanica
1238 4493 1294 4543 et
1321 4485 1530 4557 poetica
1560 4484 1812 4539 facultate
1837 4483 2164 4540 exercitatus

565 4597 704 4652 erat,
734 4598 919 4657 aequus
947 4581 1150 4655 pariter
1177 4587 1233 4635 et
1255 4593 1418 4634 sanus
1447 4591 1629 4633 rerum
1661 4574 1889 4644 arbiter,
1914 4592 2014 4633 nec
2055 4592 2163 4634 non

562 4681 740 4738 omnis
760 4675 990 4734 actionis
1018 4688 1196 4744 pravae
1224 4670 1484 4743 quasitor
1504 4678 1815 4724 accuratus.
2115 4741 2121 4745 _

632 4777 687 4833 4.
711 4771 858 4830 Idem
887 4767 1086 4826 certior
1112 4766 1283 4822 lactus
1312 4762 1501 4818 harum
1533 4763 1828 4830 turbarum,
1857 4772 1912 4820 et
1937 4779 2005 4821 ne
2031 4763 2160 4838 quid

561 4871 689 4930 novi
717 4867 990 4926 accideret
1027 4863 1251 4928 veritus,
1291 4858 1456 4916 multa
1497 4873 1620 4914 cum
1656 4857 1936 4916 celeritate
1973 4860 2161 4918 Eccle-

561 4970 698 5027 siam
727 4962 901 5036 petiit,
931 4959 1320 5025 ambarumque
1351 4951 1584 5024 partium
1615 4962 1794 5008 motus
1822 4956 2038 5026 sopivit.
2073 4956 2155 5012 Illi

563 5077 718 5128 vero,
772 5054 1016 5126 deposita
1054 5048 1427 5116 contentione,
1475 5061 1820 5104 communem
1861 5049 2158 5107 emiserunt

560 5169 772 5218 vocem,
809 5149 1099 5220 ipsummet
1141 5143 1358 5198 beatum
1398 5140 1743 5196 Ambrosium
1785 5141 2026 5198 ordinari
2054 5145 2156 5202 sibi

560 5259 831 5322 pastorem
854 5238 1015 5296 simul
1059 5241 1364 5307 poscentes.
1398 5233 1529 5299 Quae
1569 5233 1863 5303 imperator
1901 5249 2022 5290 cum
2065 5253 2158 5293 eo-

557 5340 857 5416 gnovisset,
899 5330 1081 5389 statim
1126 5327 1296 5384 edixit
1321 5325 1642 5382 laudabilem
1691 5327 1940 5383 eumdem
1980 5330 2152 5386 virum

556 5448 612 5496 et
639 5431 860 5497 initiari,
884 5435 940 5485 et
963 5423 1299 5488 consecrari;
1329 5431 1551 5477 noverat
1575 5422 1718 5477 enim
1751 5423 1896 5480 illius
1917 5436 2151 5484 mentem

558 5529 731 5601 magis
760 5529 962 5580 rectam
984 5532 1104 5575 esse
1133 5515 1373 5588 qualibet
1398 5515 1553 5582 libra,
1581 5516 1805 5589 ejusque
1836 5518 2152 5594 suffragium

557 5622 706 5681 omni
735 5615 922 5688 regula
952 5610 1275 5668 accuratius.
1327 5608 1642 5681 Suspicatus
1687 5621 1868 5669 autem
1921 5624 2006 5671 est
2044 5631 2151 5673 non

557 5724 722 5781 etiam
750 5719 869 5775 sine
912 5712 1004 5769 Dei
1033 5709 1242 5768 calculo
1271 5707 1322 5764 id
1358 5707 1674 5782 contigisse,
1706 5725 1818 5767 rem
1855 5713 2154 5785 conjiciens

552 5832 622 5873 ex
662 5825 850 5869 eorum
895 5803 1280 5871 consensione,
1329 5800 1418 5874 qui
1463 5802 1744 5862 sententiis
1770 5812 1897 5862 ante
1922 5805 2151 5866 disside-

551 5910 653 5970 ban
661 5917 703 5967 ι.

2185 4651 2242 4716 D

2282 1950 2667 2025 ἀρχιερατικοῖς
2698 1947 3094 2024 ἐγκαθιδρύσατε
3121 1949 3335 2025 θρόνοις,
3363 1947 3504 2010 ὅπως
3534 1944 3593 2004 ἀν
3621 1951 3712 2003 καί
3738 1951 3890 2020 ἡμεῖς

2281 2044 2329 2098 οί
2355 2049 2446 2102 τήν
2473 2041 2736 2115 βασιλείαν
2774 2041 3025 2104 ίθύνοντες
3046 2045 3321 2120 εἰλικρινῶς
3345 2045 3482 2114 αὐτῷ
3515 2043 3607 2103 τάς
3633 2044 3889 2116 ἡμετέρας

2281 2137 2622 2210 ὐποκλίνωμεν
2685 2138 2783 2198 τάς
2823 2137 3038 2209 κεφαλὰς
3085 2139 3172 2192 καί
3210 2137 3337 2214 παρ’
3367 2137 3549 2190 ἐκείνου
3581 2137 3888 2210 γενομένους

2281 2231 2563 2304 έλέγχους,
2598 2232 2668 2292 ὡς
2707 2232 2942 2306 ἰατρικήν
2971 2231 3323 2304 ἀσπαζώμεθα
3352 2230 3647 2305 θεραπείαν·
3689 2231 3884 2304 ἀνθρᾶν

2280 2346 2414 2387 πους
2439 2325 2537 2401 γάρ
2565 2327 2700 2397 ἡμᾶς
2729 2320 2880 2387 ὄντας
2909 2329 2995 2380 καί
3020 2327 3362 2402 προσπταίειν
3390 2325 3594 2386 πάντως
3626 2325 3841 2396 ἀνάγκη.

2352 2609 2405 2663 5.
2444 2616 2623 2666 Ταῦτα
2646 2616 2734 2667 τοῦ
2762 2611 3002 2672 εὐσεϐοῦς
3028 2611 3283 2684 βασιλέως
3303 2612 3718 2669 Οὐαλεντινιανοῦ
3734 2615 3878 2688 εἰρη-

2279 2699 2447 2768 κότος,
2481 2705 2511 2762 ἠ
2538 2700 2754 2765 σύνοδος
2785 2705 2933 2759 αὐτὸν
2959 2704 3104 2770 ἠξίου
3125 2705 3444 2780 ψηφίσασθαι
3462 2748 3480 2775 ,
3507 2707 3714 2780 σοφόντε
3752 2702 3878 2764 ὅντα

2280 2799 2366 2854 καί
2390 2799 2622 2875 εὐσεϐείᾳ
2653 2802 3028 2873 κοσμούμενον
3071 2800 3099 2854 ὁ
3129 2798 3215 2867 δέ,
3263 2806 3440 2875 μεῖζον
3482 2800 3513 2861 ἣ
3555 2799 3674 2856 καθ’
3700 2802 3872 2873 ἡμᾶς,

2278 2891 2491 2966 {pnas-1,
2536 2896 2596 2948 τὸ
2627 2891 2947 2970 ἔγχείρημα·
2981 2895 3129 2968 ὑμεῖς
3170 2899 3272 2972 γὰρ
3311 2911 3406 2960 τῆς
3431 2897 3568 2958 θείας
3606 2897 3876 2970 ἠξιωμένοι

2279 2987 2516 3061 χάριτος,
2548 2988 2637 3041 καί
2660 2992 2749 3046 τὴν
2776 2983 2950 3060 αἴγλην
2997 2988 3184 3047 ἐκείνην
3225 2986 3620 3063 είσδεδεγμένοι,
3670 2985 3874 3060 ἄμεινον

2276 3075 2561 3152 thymio-68'
2595 3075 2738 3134 οὗτοι
2771 3081 2864 3152 μέν
2892 3075 2983 3135 οὐν
3019 3080 3294 3146 ἐξελθόντες
3321 3083 3438 3138 καθ’
3467 3083 3683 3142 έαυτούς
3721 3081 3875 3137 ίϐου-

2273 3170 2499 3226 λεύοντο’
2529 3171 2574 3225 οί
2589 3169 2643 3227 δέ
2663 3177 2754 3232 τήν
2779 3173 2926 3228 πόλιν
2951 3174 3138 3233 ἐκείνην
3161 3175 3413 3234 οίκοῦντες
3441 3177 3871 3242 κατεστασίαζον,

2274 3264 2322 3318 οί
2347 3266 2440 3336 μέν
2475 3271 2651 3320 τοῦτον
2672 3306 2686 3331 ,
2718 3265 2852 3321 οί·δέ
2879 3266 3062 3322 ἐκεῖνον
3083 3269 3428 3343 προϐληθῆναι
3456 3269 3871 3341 φιλονεικοῦντες’

2273 3359 2320 3414 οί
2349 3361 2439 3430 μέν
2465 3361 2564 3440 γάρ
2588 3363 2655 3418 τά
2684 3362 2946 3427 Αὐξεντίου
2986 3368 3258 3424 νοσοῦντες
3280 3364 3403 3421 τούς
3429 3359 3710 3438 ὁμόφρονας
3739 3363 3871 3436 ἐψη-

2273 3455 2490 3525 φίζοντοο
2525 3454 2570 3509 οί
2613 3453 2668 3510 δέ
2708 3455 3038 3526 ὐγιαινούσης
3082 3456 3297 3530 μοίρας,
3343 3453 3672 3529 ὁμογνώμονα
3715 3456 3872 3513 πάλιν

2271 3547 2482 3612 ἐζήτουν
2509 3545 2652 3620 ἔχειν
2673 3548 2945 3627 ἀρχιερέα.

2340 3835 2398 3892 '0
2418 3839 2556 3900 θεῖος
2589 3839 2758 3894 τοίνυν
2791 3836 3099 3916 ’Δμϐρόσιος
3129 3839 3180 3894 έν
3204 3847 3268 3914 τῇ
3289 3838 3548 3912 Ῥωμαίων
3563 3835 3869 3914 διαπρέπων

2269 3934 2559 4007 συγκλήτῳ,
2582 3934 2714 4007 μετά
2737 3934 2925 3996 πολλὰς
2943 3938 3029 3990 καί
3048 3932 3199 3999 ἄλλας
3225 3936 3524 4008 ἀξιωμάτων
3545 3935 3744 4013 ἀρχάς,
3774 3938 3870 3993 τήν

2269 4027 2469 4086 ἰταλῶν
2492 4028 2606 4085 κατ’
2622 4030 2782 4085 έκεῖνο
2801 4035 2984 4107 καιροῦ
3006 4031 3290 4104 ἡγεμονίαν,
3319 4031 3466 4108 παρά
3485 4030 3866 4085 Κωνσταντίνου

2269 4125 2353 4179 καί
2377 4125 2706 4184 Κώνσταντος
2725 4131 2826 4180 τῶν
2853 4123 2969 4178 εὐσε
2978 4123 3078 4178 ϐῶν
3104 4122 3356 4195 βασιλέων
3376 4131 3716 4190 πεπίστευτο,
3735 4121 3865 4198 ἀνὴρ

2269 4218 2490 4291 καθαρός
2518 4219 2610 4288 μέν
2639 4217 2725 4273 τόν
2755 4218 2887 4293 βίον,
2918 4220 3005 4273 καί
3029 4219 3216 4295 ἀρετῆς
3244 4219 3487 4294 ἐραστής,
3519 4215 3782 4289 εὐδόκιμος
3809 4215 3865 4273 δέ

2268 4315 2354 4368 καί
2381 4313 2549 4386 λόγοις
2577 4315 2664 4368 καί
2697 4310 2860 4390 ἔργῳο
2911 4315 3091 4388 σοφίας
3122 4311 3176 4369 δὲ
3214 4322 3306 4376 τῆς
3348 4321 3449 4369 τῶν
3477 4314 3620 4369 θείων
3660 4319 3868 4389 γραφῶν

2268 4404 2530 4482 τρόφιμος,
2556 4409 2601 4462 εί
2627 4407 2714 4461 καί
2737 4408 2966 4480 ἀμύητος
2989 4404 3049 4468 ἦν
3069 4404 3163 4474 ἔτι,
3188 4408 3316 4464 ἀλλά
3339 4411 3428 4463 καί
3451 4409 3699 4485 πειθοῖ
3725 4407 3868 4467 ἔλλη-

2267 4505 2376 4574 νικῇ
2419 4503 2508 4554 καί
2564 4500 2738 4575 μούσῃ
2777 4502 3214 4576 γεγυμνασμένος,
3249 4499 3456 4562 δικαίως
3487 4523 3542 4558 τε
3573 4504 3754 4579 κρίνων
3781 4503 3870 4558 καί

2267 4592 2451 4668 ὐγιῶς,
2485 4596 2572 4650 καί
2599 4596 2836 4669 πράξεως
2873 4601 3104 4671 πονηρᾶς
3133 4596 3344 4659 ἀπάσης
3373 4596 3588 4675 ἀκριϐής
3614 4594 3862 4672 ἔλεγχος.

2340 4775 2397 4831 4.
2437 4775 2607 4841 Οὗτος
2635 4782 2831 4840 ταύτην
2857 4781 3030 4856 μαθών
3072 4785 3162 4842 τήν
3199 4781 3416 4848 στάσιν,
3461 4782 3547 4839 καί
3577 4778 3754 4842 δείσας
3792 4783 3865 4853 μή

2268 4891 2318 4928 τι
2351 4875 2595 4951 νεώτερον
2631 4876 2866 4955 γένηται,
2914 4879 3009 4931 σύν
3047 4876 3207 4948 τάχει
3249 4875 3418 4947 πολλῷ
3458 4880 3549 4936 τήν
3596 4874 3866 4933 ίκκλησίαν

2266 4967 2586 5037 καταλαϐὼν,
2604 4970 2906 5047 ἀμφοτέροις
2932 4971 3026 5031 τὰς
3046 4971 3291 5048 ταραχάς
3332 4971 3528 5043 κομίζει
3557 4977 3666 5030 τοῖς
3710 4971 3867 5046 μέρε-

2267 5076 2381 5117 σιν·
2415 5063 2462 5117 οί
2500 5061 2585 5132 δὲ,
2614 5073 2707 5126 τῆς
2741 5064 3041 5140 φιλονεικίας
3081 5067 3266 5126 έκείνης
3306 5066 3662 5138 παυσάμενοι,
3693 5069 3864 5124 κοινήν

2263 5158 2458 5233 ἀφῆκαν
2485 5164 2670 5234 φωνὴν,
2704 5162 2865 5217 αὐτόν
2879 5162 2965 5217 τὸν
2989 5161 3236 5238 μακάριον
3260 5159 3564 5237 ’Δμϐρόσιον
3584 5179 3865 5238 προχειρι-

2263 5253 2441 5311 σθήναι
2466 5253 2682 5325 ποιμένα
2697 5252 2906 5316 έαυτοῖς
2930 5253 3270 5318 ἐξαιτοῦντες·
3301 5247 3368 5306 ὧν
3395 5251 3421 5308 ό
3443 5252 3684 5326 βασιλεὺς
3703 5252 3864 5308 ἀκού-

2263 5368 2392 5412 σας,
2421 5349 2734 5424 προσέταξεν
2762 5349 2947 5404 αὐτίκα
2986 5349 3074 5403 καὶ
3099 5350 3518 5424 χειροτονηθῆναι
3555 5352 3738 5404 τοῦτον
3774 5347 3864 5402 τόν

2258 5440 2547 5505 ἀξιέπαινον
2589 5437 2777 5518 ἄνδρα·
2823 5438 2930 5518 ᾔδει
2956 5441 3056 5518 γὰρ
3099 5441 3259 5497 αὐτοῦ
3287 5442 3462 5502 πάσης
3500 5442 3592 5514 μέν
3626 5440 3864 5512 στάθμης

2260 5537 2530 5614 εὐθυτέραν
2557 5542 2649 5598 τὴν
2673 5541 2878 5613 γνώμην
2897 5552 2913 5568 ⁹
2939 5539 3135 5600 παντὸς
3167 5536 3224 5595 δέ
3251 5539 3457 5601 κανόνος
3480 5537 3861 5616 ἀκριϐεστέρας

2259 5631 2353 5692 τάς
2389 5631 2611 5707 ψήφουςο
2650 5631 2874 5688 ὑπέλαϐε
2905 5629 2959 5688 δέ
2999 5636 3084 5689 καί
3123 5633 3259 5691 θείαν
3297 5629 3424 5690 εἶναι
3459 5638 3550 5694 τήν
3578 5632 3773 5706 ψῆφον,
3806 5630 3864 5687 ἐκ

2257 5728 2350 5785 τὴς
2375 5731 2476 5781 τῶν
2514 5727 2752 5785 τάναντία
2777 5733 3091 5808 φρονοῦντων
3114 5734 3270 5788 τοῦτο
3303 5724 3700 5806 τεκμαιρόμενος
3727 5747 3862 5797 συμ·

2254 5837 2463 5892 φωνιας.
