  <div class='ocr_page' id='page_1' title='image "/cluster/home/n/w/nwhite01/storage/ocr_20150623/14/hvd.32044015471303/030.png"; bbox 0 0 4156 6370; ppageno 0'>
   <div class='ocr_carea' id='block_1_1' title="bbox 279 323 3593 422">
    <p class='ocr_par' dir='ltr' id='par_1_1' title="bbox 279 323 3593 422">
     <span class='ocr_line' id='line_1_1' title="bbox 279 323 3593 422; baseline 0.003 -11"><span class='ocrx_word' id='word_1_1' title='bbox 279 355 352 412; x_wconf 74' lang='grc'><strong>49</strong></span> <span class='ocrx_word' id='word_1_2' title='bbox 1331 323 1421 410; x_wconf 74' lang='lat' dir='ltr'><strong>As</strong></span> <span class='ocrx_word' id='word_1_3' title='bbox 1457 348 1789 411; x_wconf 69' lang='lat' dir='ltr'><strong>anatona</strong></span> <span class='ocrx_word' id='word_1_4' title='bbox 1829 350 2163 413; x_wconf 80' lang='lat' dir='ltr'><strong>ANONYMO</strong></span> <span class='ocrx_word' id='word_1_5' title='bbox 2200 354 2517 414; x_wconf 78' lang='lat' dir='ltr'><strong>SCRIPTA.</strong></span> <span class='ocrx_word' id='word_1_6' title='bbox 3523 367 3593 422; x_wconf 79' lang='lat' dir='ltr'><strong>so</strong></span> 
     </span>
    </p>
   </div>
   <div class='ocr_carea' id='block_1_2' title="bbox 354 474 1897 554">
    <p class='ocr_par' dir='ltr' id='par_1_2' title="bbox 354 474 1877 552">
     <span class='ocr_line' id='line_1_2' title="bbox 354 474 1877 552; baseline -0.001 -17"><span class='ocrx_word' id='word_1_7' title='bbox 354 481 409 535; x_wconf 84' lang='lat'><strong>5.</strong></span> <span class='ocrx_word' id='word_1_8' title='bbox 451 477 588 535; x_wconf 77' lang='grc' dir='ltr'>Ἐπεί</span> <span class='ocrx_word' id='word_1_9' title='bbox 617 478 670 536; x_wconf 79' lang='grc' dir='ltr'><strong>δέ</strong></span> <span class='ocrx_word' id='word_1_10' title='bbox 698 481 783 535; x_wconf 82' lang='grc' dir='ltr'><strong>καί</strong></span> <span class='ocrx_word' id='word_1_11' title='bbox 801 483 895 543; x_wconf 74' lang='grc' dir='ltr'><strong>της</strong></span> <span class='ocrx_word' id='word_1_12' title='bbox 923 484 1015 537; x_wconf 81' lang='grc' dir='ltr'>τοῦ</span> <span class='ocrx_word' id='word_1_13' title='bbox 1046 480 1298 552; x_wconf 78' lang='grc' dir='ltr'>παναγίου</span> <span class='ocrx_word' id='word_1_14' title='bbox 1329 475 1736 551; x_wconf 84' lang='grc' dir='ltr'>βαπτίσματοςὸ</span> <span class='ocrx_word' id='word_1_15' title='bbox 1765 474 1877 550; x_wconf 82' lang='grc' dir='ltr'><strong>’Δμ-</strong></span> 
     </span>
    </p>
   </div>
   <div class='ocr_carea' id='block_1_3' title="bbox 2000 474 3586 554">
    <p class='ocr_par' dir='ltr' id='par_1_3' title="bbox 2063 476 3586 554">
     <span class='ocr_line' id='line_1_3' title="bbox 2063 476 3586 554; baseline 0.004 -20"><span class='ocrx_word' id='word_1_16' title='bbox 2063 477 2116 534; x_wconf 89' lang='grc'><strong>5.</strong></span> <span class='ocrx_word' id='word_1_17' title='bbox 2160 476 2452 548; x_wconf 77' lang='lat' dir='ltr'><strong>Postquam</strong></span> <span class='ocrx_word' id='word_1_18' title='bbox 2509 492 2644 535; x_wconf 88' lang='lat' dir='ltr'><strong>vero</strong></span> <span class='ocrx_word' id='word_1_19' title='bbox 2697 479 3049 537; x_wconf 74' lang='lat' dir='ltr'><strong>sacratissimi</strong></span> <span class='ocrx_word' id='word_1_20' title='bbox 3096 481 3349 554; x_wconf 76' lang='lat' dir='ltr'><strong>baptismi</strong></span> <span class='ocrx_word' id='word_1_21' title='bbox 3386 483 3586 540; x_wconf 89' lang='lat' dir='ltr'><strong>donum</strong></span> 
     </span>
    </p>
   </div>
   <div class='ocr_carea' id='block_1_4' title="bbox 285 570 1890 653">
    <p class='ocr_par' dir='ltr' id='par_1_4' title="bbox 285 570 1890 653">
     <span class='ocr_line' id='line_1_4' title="bbox 285 570 1890 653; baseline -0.002 -21"><span class='ocrx_word' id='word_1_22' title='bbox 285 576 495 653; x_wconf 82' lang='grc' dir='ltr'>ϐρόσιος</span> <span class='ocrx_word' id='word_1_23' title='bbox 521 575 778 630; x_wconf 73' lang='grc' dir='ltr'><strong>ἀπέλαυσε</strong></span> <span class='ocrx_word' id='word_1_24' title='bbox 802 574 997 651; x_wconf 87' lang='grc' dir='ltr'>δωρεάς</span> <span class='ocrx_word' id='word_1_25' title='bbox 1014 616 1027 640; x_wconf 86' lang='grc'><strong>,</strong></span> <span class='ocrx_word' id='word_1_26' title='bbox 1060 579 1144 630; x_wconf 83' lang='grc' dir='ltr'>καὶ</span> <span class='ocrx_word' id='word_1_27' title='bbox 1167 579 1259 634; x_wconf 79' lang='grc' dir='ltr'>τήν</span> <span class='ocrx_word' id='word_1_28' title='bbox 1288 576 1666 652; x_wconf 75' lang='grc' dir='ltr'><strong>ἀρχιερατικὴν</strong></span> <span class='ocrx_word' id='word_1_29' title='bbox 1691 570 1890 638; x_wconf 74' lang='grc' dir='ltr'>ἐδέξατο</span> 
     </span>
    </p>
   </div>
   <div class='ocr_carea' id='block_1_5' title="bbox 284 664 1890 746">
    <p class='ocr_par' dir='ltr' id='par_1_5' title="bbox 284 664 1890 746">
     <span class='ocr_line' id='line_1_5' title="bbox 284 664 1890 746; baseline -0.002 -21"><span class='ocrx_word' id='word_1_30' title='bbox 284 671 446 746; x_wconf 88' lang='grc' dir='ltr'>χάριν</span> <span class='ocrx_word' id='word_1_31' title='bbox 466 710 480 733; x_wconf 88' lang='grc'><strong>,</strong></span> <span class='ocrx_word' id='word_1_32' title='bbox 512 676 694 726; x_wconf 76' lang='grc' dir='ltr'>τοῦτον</span> <span class='ocrx_word' id='word_1_33' title='bbox 723 667 750 724; x_wconf 86' lang='grc' dir='ltr'>ὁ</span> <span class='ocrx_word' id='word_1_34' title='bbox 782 668 952 722; x_wconf 85' lang='grc' dir='ltr'>πάντα</span> <span class='ocrx_word' id='word_1_35' title='bbox 983 664 1199 742; x_wconf 84' lang='grc' dir='ltr'>ἄριστος</span> <span class='ocrx_word' id='word_1_36' title='bbox 1239 667 1482 739; x_wconf 78' lang='grc' dir='ltr'>βασιλεὺς</span> <span class='ocrx_word' id='word_1_37' title='bbox 1508 667 1890 744; x_wconf 84' lang='grc' dir='ltr'>προσενηνοχέ-</span> 
     </span>
    </p>
   </div>
   <div class='ocr_carea' id='block_1_6' title="bbox 279 760 1887 840">
    <p class='ocr_par' dir='ltr' id='par_1_6' title="bbox 279 760 1887 840">
     <span class='ocr_line' id='line_1_6' title="bbox 279 760 1887 840; baseline -0.002 -21"><span class='ocrx_word' id='word_1_38' title='bbox 279 787 365 820; x_wconf 87' lang='grc' dir='ltr'><strong>ναι</strong></span> <span class='ocrx_word' id='word_1_39' title='bbox 399 764 601 838; x_wconf 88' lang='grc' dir='ltr'>λέγεται</span> <span class='ocrx_word' id='word_1_40' title='bbox 637 769 711 834; x_wconf 82' lang='grc' dir='ltr'>τῷ</span> <span class='ocrx_word' id='word_1_41' title='bbox 737 769 934 838; x_wconf 77' lang='grc' dir='ltr'>σωτῆρι</span> <span class='ocrx_word' id='word_1_42' title='bbox 959 765 1045 816; x_wconf 88' lang='grc' dir='ltr'><strong>καί</strong></span> <span class='ocrx_word' id='word_1_43' title='bbox 1071 760 1303 838; x_wconf 72' lang='grc' dir='ltr'>δεσπότῃ</span> <span class='ocrx_word' id='word_1_44' title='bbox 1337 763 1421 818; x_wconf 86' lang='grc' dir='ltr'><strong>τόν</strong></span> <span class='ocrx_word' id='word_1_45' title='bbox 1456 760 1644 834; x_wconf 83' lang='grc' dir='ltr'>ὕμνον·</span> <span class='ocrx_word' id='word_1_46' title='bbox 1674 765 1755 817; x_wconf 84' lang='grc' dir='ltr'><strong>καί</strong></span> <span class='ocrx_word' id='word_1_47' title='bbox 1782 763 1887 840; x_wconf 87' lang='grc' dir='ltr'><strong>γάρ</strong></span> 
     </span>
    </p>
   </div>
   <div class='ocr_carea' id='block_1_7' title="bbox 281 852 1887 932">
    <p class='ocr_par' dir='ltr' id='par_1_7' title="bbox 281 852 1887 932">
     <span class='ocr_line' id='line_1_7' title="bbox 281 852 1887 932; baseline -0.002 -19"><span class='ocrx_word' id='word_1_48' title='bbox 281 865 392 918; x_wconf 82' lang='grc' dir='ltr'>τοῖς</span> <span class='ocrx_word' id='word_1_49' title='bbox 419 856 771 930; x_wconf 65' lang='grc' dir='ltr'><strong>γεγενημένοις</strong></span> <span class='ocrx_word' id='word_1_50' title='bbox 800 863 972 930; x_wconf 77' lang='grc' dir='ltr'>παρῆν</span> <span class='ocrx_word' id='word_1_51' title='bbox 994 872 1007 885; x_wconf 88' lang='grc'><strong>·</strong></span> <span class='ocrx_word' id='word_1_52' title='bbox 1042 855 1202 932; x_wconf 89' lang='grc' dir='ltr'>χάρις</span> <span class='ocrx_word' id='word_1_53' title='bbox 1230 875 1314 912; x_wconf 91' lang='grc' dir='ltr'><strong>σοι</strong></span> <span class='ocrx_word' id='word_1_54' title='bbox 1341 852 1565 912; x_wconf 79' lang='grc' dir='ltr'><strong>δέσποτα</strong></span> <span class='ocrx_word' id='word_1_55' title='bbox 1592 855 1887 931; x_wconf 85' lang='grc' dir='ltr'>παντοκρά-</span> 
     </span>
    </p>
   </div>
   <div class='ocr_carea' id='block_1_8' title="bbox 281 946 1887 1028">
    <p class='ocr_par' dir='ltr' id='par_1_8' title="bbox 281 946 1887 1028">
     <span class='ocr_line' id='line_1_8' title="bbox 281 946 1887 1028; baseline -0.004 -20"><span class='ocrx_word' id='word_1_56' title='bbox 281 971 375 1028; x_wconf 88' lang='grc' dir='ltr'><strong>τορ</strong></span> <span class='ocrx_word' id='word_1_57' title='bbox 406 953 495 1004; x_wconf 84' lang='grc' dir='ltr'><strong>καί</strong></span> <span class='ocrx_word' id='word_1_58' title='bbox 518 956 687 1024; x_wconf 82' lang='grc' dir='ltr'>σῶτερ</span> <span class='ocrx_word' id='word_1_59' title='bbox 717 949 954 1024; x_wconf 78' lang='grc' dir='ltr'>ἡμέτερε,</span> <span class='ocrx_word' id='word_1_60' title='bbox 983 947 1063 1004; x_wconf 82' lang='grc' dir='ltr'>ὅτι</span> <span class='ocrx_word' id='word_1_61' title='bbox 1088 947 1219 1020; x_wconf 85' lang='grc' dir='ltr'>τῷδε</span> <span class='ocrx_word' id='word_1_62' title='bbox 1247 956 1320 1020; x_wconf 84' lang='grc' dir='ltr'>τῷ</span> <span class='ocrx_word' id='word_1_63' title='bbox 1349 946 1496 1024; x_wconf 87' lang='grc' dir='ltr'>ἀνδρί</span> <span class='ocrx_word' id='word_1_64' title='bbox 1539 950 1639 1021; x_wconf 78' lang='grc' dir='ltr'><strong>ἐγὼ</strong></span> <span class='ocrx_word' id='word_1_65' title='bbox 1666 950 1757 1019; x_wconf 82' lang='grc' dir='ltr'>μὲν</span> <span class='ocrx_word' id='word_1_66' title='bbox 1785 948 1887 1001; x_wconf 82' lang='grc' dir='ltr'>ἐνε-</span> 
     </span>
    </p>
   </div>
   <div class='ocr_carea' id='block_1_9' title="bbox 284 1040 1889 1119">
    <p class='ocr_par' dir='ltr' id='par_1_9' title="bbox 284 1040 1889 1119">
     <span class='ocr_line' id='line_1_9' title="bbox 284 1040 1889 1119; baseline -0.003 -20"><span class='ocrx_word' id='word_1_67' title='bbox 284 1046 521 1119; x_wconf 85' lang='grc' dir='ltr'>χείρησα</span> <span class='ocrx_word' id='word_1_68' title='bbox 546 1045 770 1117; x_wconf 86' lang='grc' dir='ltr'>σώματα</span> <span class='ocrx_word' id='word_1_69' title='bbox 789 1083 806 1108; x_wconf 95' lang='grc'><strong>,</strong></span> <span class='ocrx_word' id='word_1_70' title='bbox 845 1044 912 1098; x_wconf 89' lang='grc' dir='ltr'><strong>σύ</strong></span> <span class='ocrx_word' id='word_1_71' title='bbox 940 1040 995 1097; x_wconf 86' lang='grc' dir='ltr'><strong>δέ</strong></span> <span class='ocrx_word' id='word_1_72' title='bbox 1034 1041 1247 1116; x_wconf 73' lang='grc' dir='ltr'>ψυχάς·</span> <span class='ocrx_word' id='word_1_73' title='bbox 1279 1044 1368 1097; x_wconf 83' lang='grc' dir='ltr'><strong>καί</strong></span> <span class='ocrx_word' id='word_1_74' title='bbox 1402 1042 1494 1103; x_wconf 88' lang='grc' dir='ltr'><strong>τάς</strong></span> <span class='ocrx_word' id='word_1_75' title='bbox 1537 1042 1662 1114; x_wconf 80' lang='grc' dir='ltr'><strong>έμάς</strong></span> <span class='ocrx_word' id='word_1_76' title='bbox 1691 1040 1889 1114; x_wconf 71' lang='grc' dir='ltr'>ψήφους</span> 
     </span>
    </p>
   </div>
   <div class='ocr_carea' id='block_1_10' title="bbox 281 1137 808 1211">
    <p class='ocr_par' dir='ltr' id='par_1_10' title="bbox 281 1137 808 1211">
     <span class='ocr_line' id='line_1_10' title="bbox 281 1137 808 1211; baseline -0.006 -17"><span class='ocrx_word' id='word_1_77' title='bbox 281 1137 490 1200; x_wconf 79' lang='grc' dir='ltr'><strong>δικαίας</strong></span> <span class='ocrx_word' id='word_1_78' title='bbox 519 1139 780 1211; x_wconf 76' lang='grc' dir='ltr'>ἀπέφηνας</span> <span class='ocrx_word' id='word_1_79' title='bbox 795 1153 808 1167; x_wconf 92' lang='grc'><strong>·</strong></span> 
     </span>
    </p>
   </div>
   <div class='ocr_carea' id='block_1_11' title="bbox 356 1227 1889 1309">
    <p class='ocr_par' dir='ltr' id='par_1_11' title="bbox 356 1227 1889 1309">
     <span class='ocr_line' id='line_1_11' title="bbox 356 1227 1889 1309; baseline 0.001 -25"><span class='ocrx_word' id='word_1_80' title='bbox 356 1229 411 1284; x_wconf 84' lang='grc'><strong>6.</strong></span> <span class='ocrx_word' id='word_1_81' title='bbox 454 1227 658 1289; x_wconf 66' lang='grc' dir='ltr'>Ἐπειδή</span> <span class='ocrx_word' id='word_1_82' title='bbox 679 1227 733 1286; x_wconf 79' lang='grc' dir='ltr'><strong>δέ</strong></span> <span class='ocrx_word' id='word_1_83' title='bbox 758 1229 936 1303; x_wconf 86' lang='grc' dir='ltr'>ὀλίγων</span> <span class='ocrx_word' id='word_1_84' title='bbox 951 1227 1248 1287; x_wconf 80' lang='grc' dir='ltr'>διελθουσῶν</span> <span class='ocrx_word' id='word_1_85' title='bbox 1274 1233 1474 1309; x_wconf 78' lang='grc' dir='ltr'>ἡμερῶν</span> <span class='ocrx_word' id='word_1_86' title='bbox 1498 1230 1522 1287; x_wconf 87' lang='grc' dir='ltr'>ὁ</span> <span class='ocrx_word' id='word_1_87' title='bbox 1543 1234 1677 1293; x_wconf 86' lang='grc' dir='ltr'>θεῖος</span> <span class='ocrx_word' id='word_1_88' title='bbox 1706 1237 1889 1293; x_wconf 82' lang='grc' dir='ltr'>τοῦτος</span> 
     </span>
    </p>
   </div>
   <div class='ocr_carea' id='block_1_12' title="bbox 279 1321 1890 1401">
    <p class='ocr_par' dir='ltr' id='par_1_12' title="bbox 279 1321 1890 1401">
     <span class='ocr_line' id='line_1_12' title="bbox 279 1321 1890 1401; baseline -0.001 -21"><span class='ocrx_word' id='word_1_89' title='bbox 279 1321 592 1401; x_wconf 82' lang='grc' dir='ltr'>’Δμϐρόσιος</span> <span class='ocrx_word' id='word_1_90' title='bbox 619 1324 714 1378; x_wconf 89' lang='grc' dir='ltr'><strong>σύν</strong></span> <span class='ocrx_word' id='word_1_91' title='bbox 741 1327 1014 1401; x_wconf 81' lang='grc' dir='ltr'>παρρησίᾳ</span> <span class='ocrx_word' id='word_1_92' title='bbox 1043 1326 1235 1398; x_wconf 82' lang='grc' dir='ltr'>μείζονι</span> <span class='ocrx_word' id='word_1_93' title='bbox 1260 1333 1334 1396; x_wconf 86' lang='grc' dir='ltr'>τῷ</span> <span class='ocrx_word' id='word_1_94' title='bbox 1363 1324 1570 1397; x_wconf 84' lang='grc' dir='ltr'>βασιλεῖ</span> <span class='ocrx_word' id='word_1_95' title='bbox 1599 1322 1890 1398; x_wconf 86' lang='grc' dir='ltr'>διαλεγόμε-</span> 
     </span>
    </p>
   </div>
   <div class='ocr_carea' id='block_1_13' title="bbox 284 1414 1890 1494">
    <p class='ocr_par' dir='ltr' id='par_1_13' title="bbox 284 1414 1890 1494">
     <span class='ocr_line' id='line_1_13' title="bbox 284 1414 1890 1494; baseline -0.002 -19"><span class='ocrx_word' id='word_1_96' title='bbox 284 1440 390 1479; x_wconf 89' lang='grc' dir='ltr'>νος.</span> <span class='ocrx_word' id='word_1_97' title='bbox 421 1417 689 1491; x_wconf 75' lang='grc' dir='ltr'>ἐμέμψατο</span> <span class='ocrx_word' id='word_1_98' title='bbox 710 1424 914 1482; x_wconf 77' lang='grc' dir='ltr'>τοῦτον.</span> <span class='ocrx_word' id='word_1_99' title='bbox 943 1414 1025 1475; x_wconf 81' lang='grc' dir='ltr'>οἷα</span> <span class='ocrx_word' id='word_1_100' title='bbox 1053 1425 1124 1493; x_wconf 83' lang='grc' dir='ltr'><strong><em>μή</em></strong></span> <span class='ocrx_word' id='word_1_101' title='bbox 1150 1419 1314 1481; x_wconf 83' lang='grc' dir='ltr'>καλῶς</span> <span class='ocrx_word' id='word_1_102' title='bbox 1349 1419 1454 1474; x_wconf 87' lang='grc' dir='ltr'>ὐπό</span> <span class='ocrx_word' id='word_1_103' title='bbox 1477 1427 1578 1476; x_wconf 86' lang='grc' dir='ltr'>τῶν</span> <span class='ocrx_word' id='word_1_104' title='bbox 1615 1417 1890 1494; x_wconf 84' lang='grc' dir='ltr'>ἀρχόντων</span> 
     </span>
    </p>
   </div>
   <div class='ocr_carea' id='block_1_14' title="bbox 277 1509 1886 1589">
    <p class='ocr_par' dir='ltr' id='par_1_14' title="bbox 277 1509 1886 1589">
     <span class='ocr_line' id='line_1_14' title="bbox 277 1509 1886 1589; baseline -0.002 -20"><span class='ocrx_word' id='word_1_105' title='bbox 277 1513 607 1589; x_wconf 71' lang='grc' dir='ltr'>πραγμάτων</span> <span class='ocrx_word' id='word_1_106' title='bbox 646 1519 796 1569; x_wconf 84' lang='grc' dir='ltr'>τινῶν</span> <span class='ocrx_word' id='word_1_107' title='bbox 827 1514 1201 1588; x_wconf 90' lang='grc' dir='ltr'>γεγενημένων·</span> <span class='ocrx_word' id='word_1_108' title='bbox 1257 1511 1284 1568; x_wconf 86' lang='grc' dir='ltr'><strong>ό</strong></span> <span class='ocrx_word' id='word_1_109' title='bbox 1333 1512 1607 1585; x_wconf 72' lang='grc' dir='ltr'>βασιλεὺς·</span> <span class='ocrx_word' id='word_1_110' title='bbox 1678 1509 1836 1585; x_wconf 78' lang='grc' dir='ltr'>ἔγωγε</span> <span class='ocrx_word' id='word_1_111' title='bbox 1871 1552 1886 1577; x_wconf 91' lang='grc'><strong>,</strong></span> 
     </span>
    </p>
   </div>
   <div class='ocr_carea' id='block_1_15' title="bbox 279 1604 1892 1683">
    <p class='ocr_par' dir='ltr' id='par_1_15' title="bbox 279 1604 1892 1683">
     <span class='ocr_line' id='line_1_15' title="bbox 279 1604 1892 1683; baseline -0.002 -21"><span class='ocrx_word' id='word_1_112' title='bbox 279 1605 377 1681; x_wconf 68' lang='grc' dir='ltr'><strong>ἔφη</strong></span> <span class='ocrx_word' id='word_1_113' title='bbox 400 1647 414 1672; x_wconf 93' lang='grc'><strong>,</strong></span> <span class='ocrx_word' id='word_1_114' title='bbox 456 1608 650 1666; x_wconf 79' lang='grc' dir='ltr'>ταύτην</span> <span class='ocrx_word' id='word_1_115' title='bbox 686 1628 783 1661; x_wconf 87' lang='grc' dir='ltr'><strong>σου</strong></span> <span class='ocrx_word' id='word_1_116' title='bbox 829 1609 915 1662; x_wconf 86' lang='grc' dir='ltr'><strong>καί</strong></span> <span class='ocrx_word' id='word_1_117' title='bbox 952 1606 1115 1662; x_wconf 92' lang='grc' dir='ltr'>πάλαι</span> <span class='ocrx_word' id='word_1_118' title='bbox 1151 1604 1288 1683; x_wconf 70' lang='grc' dir='ltr'>ᾔδειν</span> <span class='ocrx_word' id='word_1_119' title='bbox 1328 1612 1419 1666; x_wconf 74' lang='grc' dir='ltr'>τὴν</span> <span class='ocrx_word' id='word_1_120' title='bbox 1454 1606 1774 1680; x_wconf 70' lang='grc' dir='ltr'>παρρησίαν·</span> <span class='ocrx_word' id='word_1_121' title='bbox 1805 1606 1892 1660; x_wconf 82' lang='grc' dir='ltr'><strong>καί</strong></span> 
     </span>
    </p>
   </div>
   <div class='ocr_carea' id='block_1_16' title="bbox 281 1700 1891 1775">
    <p class='ocr_par' dir='ltr' id='par_1_16' title="bbox 281 1700 1891 1775">
     <span class='ocr_line' id='line_1_16' title="bbox 281 1700 1891 1775; baseline -0.002 -18"><span class='ocrx_word' id='word_1_122' title='bbox 281 1708 464 1775; x_wconf 79' lang='grc' dir='ltr'>σαφῶς</span> <span class='ocrx_word' id='word_1_123' title='bbox 510 1702 849 1773; x_wconf 87' lang='grc' dir='ltr'>έπιστάμενος</span> <span class='ocrx_word' id='word_1_124' title='bbox 870 1741 886 1768; x_wconf 96' lang='grc'><strong>,</strong></span> <span class='ocrx_word' id='word_1_125' title='bbox 935 1703 992 1756; x_wconf 89' lang='grc' dir='ltr'><strong>οὐ</strong></span> <span class='ocrx_word' id='word_1_126' title='bbox 1022 1701 1171 1775; x_wconf 85' lang='grc' dir='ltr'>μόνον</span> <span class='ocrx_word' id='word_1_127' title='bbox 1218 1704 1303 1756; x_wconf 70' lang='grc' dir='ltr'>οὼι</span> <span class='ocrx_word' id='word_1_128' title='bbox 1351 1705 1606 1766; x_wconf 85' lang='grc' dir='ltr'>ἀντεῖπον,</span> <span class='ocrx_word' id='word_1_129' title='bbox 1637 1700 1764 1755; x_wconf 89' lang='grc' dir='ltr'><strong>ἀλλά</strong></span> <span class='ocrx_word' id='word_1_130' title='bbox 1806 1702 1891 1755; x_wconf 86' lang='grc' dir='ltr'><strong>καί</strong></span> 
     </span>
    </p>
   </div>
   <div class='ocr_carea' id='block_1_17' title="bbox 281 1794 1890 1872">
    <p class='ocr_par' dir='ltr' id='par_1_17' title="bbox 281 1794 1890 1872">
     <span class='ocr_line' id='line_1_17' title="bbox 281 1794 1890 1872; baseline -0.002 -21"><span class='ocrx_word' id='word_1_131' title='bbox 281 1794 564 1869; x_wconf 66' lang='grc' dir='ltr'>σύμψηφος</span> <span class='ocrx_word' id='word_1_132' title='bbox 604 1803 668 1867; x_wconf 78' lang='grc' dir='ltr'>τῇ</span> <span class='ocrx_word' id='word_1_133' title='bbox 719 1797 1018 1872; x_wconf 73' lang='grc' dir='ltr'>χειροτονίᾳ</span> <span class='ocrx_word' id='word_1_134' title='bbox 1061 1796 1354 1868; x_wconf 78' lang='grc' dir='ltr'>γεγένημαι·</span> <span class='ocrx_word' id='word_1_135' title='bbox 1396 1796 1596 1866; x_wconf 87' lang='grc' dir='ltr'>ίάτρευε</span> <span class='ocrx_word' id='word_1_136' title='bbox 1634 1799 1787 1867; x_wconf 81' lang='grc' dir='ltr'>γοῦν,</span> <span class='ocrx_word' id='word_1_137' title='bbox 1819 1796 1890 1856; x_wconf 85' lang='grc' dir='ltr'>ὡς</span> 
     </span>
    </p>
   </div>
   <div class='ocr_carea' id='block_1_18' title="bbox 1993 568 3595 648">
    <p class='ocr_par' dir='ltr' id='par_1_18' title="bbox 1993 568 3595 648">
     <span class='ocr_line' id='line_1_18' title="bbox 1993 568 3595 648; baseline 0.006 -24"><span class='ocrx_word' id='word_1_138' title='bbox 1993 568 2315 625; x_wconf 84' lang='lat' dir='ltr'><strong>Ambrosius</strong></span> <span class='ocrx_word' id='word_1_139' title='bbox 2355 569 2582 640; x_wconf 86' lang='lat' dir='ltr'><strong>adeptus</strong></span> <span class='ocrx_word' id='word_1_140' title='bbox 2611 570 2727 638; x_wconf 90' lang='lat' dir='ltr'><strong>fuit,</strong></span> <span class='ocrx_word' id='word_1_141' title='bbox 2781 583 2835 628; x_wconf 91' lang='lat' dir='ltr'><strong>et</strong></span> <span class='ocrx_word' id='word_1_142' title='bbox 2867 575 3096 645; x_wconf 87' lang='lat' dir='ltr'><strong>gratiam</strong></span> <span class='ocrx_word' id='word_1_143' title='bbox 3146 576 3356 647; x_wconf 87' lang='lat' dir='ltr'><strong>accepit</strong></span> <span class='ocrx_word' id='word_1_144' title='bbox 3385 577 3595 648; x_wconf 85' lang='lat' dir='ltr'><strong>episco-</strong></span> 
     </span>
    </p>
   </div>
   <div class='ocr_carea' id='block_1_19' title="bbox 1994 662 3587 743">
    <p class='ocr_par' dir='ltr' id='par_1_19' title="bbox 1994 662 3587 743">
     <span class='ocr_line' id='line_1_19' title="bbox 1994 662 3587 743; baseline 0.008 -27"><span class='ocrx_word' id='word_1_145' title='bbox 1994 662 2195 734; x_wconf 90' lang='lat' dir='ltr'><strong>palem,</strong></span> <span class='ocrx_word' id='word_1_146' title='bbox 2229 662 2497 719; x_wconf 90' lang='lat' dir='ltr'><strong>Salvatori</strong></span> <span class='ocrx_word' id='word_1_147' title='bbox 2523 675 2683 736; x_wconf 90' lang='lat' dir='ltr'><strong>atque</strong></span> <span class='ocrx_word' id='word_1_148' title='bbox 2716 666 2943 722; x_wconf 92' lang='lat' dir='ltr'><strong>Domino</strong></span> <span class='ocrx_word' id='word_1_149' title='bbox 2979 667 3288 738; x_wconf 91' lang='lat' dir='ltr'><strong>hujttsmodi</strong></span> <span class='ocrx_word' id='word_1_150' title='bbox 3328 669 3587 743; x_wconf 86' lang='lat' dir='ltr'><strong>hymnum</strong></span> 
     </span>
    </p>
   </div>
   <div class='ocr_carea' id='block_1_20' title="bbox 1992 758 3587 834">
    <p class='ocr_par' dir='ltr' id='par_1_20' title="bbox 1992 758 3587 834">
     <span class='ocr_line' id='line_1_20' title="bbox 1992 758 3587 834; baseline 0.006 -22"><span class='ocrx_word' id='word_1_151' title='bbox 1992 758 2228 828; x_wconf 92' lang='lat' dir='ltr'><strong>optimus</strong></span> <span class='ocrx_word' id='word_1_152' title='bbox 2260 758 2576 829; x_wconf 90' lang='lat' dir='ltr'><strong>imperator,</strong></span> <span class='ocrx_word' id='word_1_153' title='bbox 2607 759 2692 816; x_wconf 88' lang='lat' dir='ltr'><strong>his</strong></span> <span class='ocrx_word' id='word_1_154' title='bbox 2714 761 2856 816; x_wconf 90' lang='lat' dir='ltr'><strong>enim</strong></span> <span class='ocrx_word' id='word_1_155' title='bbox 2885 762 3048 817; x_wconf 87' lang='lat' dir='ltr'><strong>rebus</strong></span> <span class='ocrx_word' id='word_1_156' title='bbox 3096 761 3286 819; x_wconf 89' lang='lat' dir='ltr'><strong>aderat</strong></span> <span class='ocrx_word' id='word_1_157' title='bbox 3325 778 3587 834; x_wconf 86' lang='lat' dir='ltr'><strong>praesens,</strong></span> 
     </span>
    </p>
   </div>
   <div class='ocr_carea' id='block_1_21' title="bbox 1991 851 3589 928">
    <p class='ocr_par' dir='ltr' id='par_1_21' title="bbox 1991 851 3589 928">
     <span class='ocr_line' id='line_1_21' title="bbox 1991 851 3589 928; baseline 0.006 -23"><span class='ocrx_word' id='word_1_158' title='bbox 1991 851 2189 907; x_wconf 90' lang='lat' dir='ltr'><strong>dicitur</strong></span> <span class='ocrx_word' id='word_1_159' title='bbox 2214 852 2476 910; x_wconf 86' lang='lat' dir='ltr'><strong>obtulisse</strong></span> <span class='ocrx_word' id='word_1_160' title='bbox 2506 869 2521 907; x_wconf 87' lang='lat'><strong>:</strong></span> <span class='ocrx_word' id='word_1_161' title='bbox 2545 853 2728 910; x_wconf 89' lang='lat' dir='ltr'><strong>Gratia</strong></span> <span class='ocrx_word' id='word_1_162' title='bbox 2761 855 2877 923; x_wconf 88' lang='lat' dir='ltr'><strong>tibi,</strong></span> <span class='ocrx_word' id='word_1_163' title='bbox 2913 855 3136 912; x_wconf 89' lang='lat' dir='ltr'><strong>Domine</strong></span> <span class='ocrx_word' id='word_1_164' title='bbox 3164 857 3509 928; x_wconf 87' lang='lat' dir='ltr'><strong>omnipotens</strong></span> <span class='ocrx_word' id='word_1_165' title='bbox 3530 868 3589 916; x_wconf 92' lang='lat' dir='ltr'><strong>et</strong></span> 
     </span>
    </p>
   </div>
   <div class='ocr_carea' id='block_1_22' title="bbox 1991 942 3587 1022">
    <p class='ocr_par' dir='ltr' id='par_1_22' title="bbox 1991 942 3587 1022">
     <span class='ocr_line' id='line_1_22' title="bbox 1991 942 3587 1022; baseline 0.004 -22"><span class='ocrx_word' id='word_1_166' title='bbox 1991 942 2240 1000; x_wconf 84' lang='lat' dir='ltr'><strong>Salvator</strong></span> <span class='ocrx_word' id='word_1_167' title='bbox 2279 955 2484 1013; x_wconf 89' lang='lat' dir='ltr'><strong>noster,</strong></span> <span class='ocrx_word' id='word_1_168' title='bbox 2531 946 2673 1017; x_wconf 89' lang='lat' dir='ltr'><strong>quod</strong></span> <span class='ocrx_word' id='word_1_169' title='bbox 2712 945 2836 1002; x_wconf 90' lang='lat' dir='ltr'><strong>huic</strong></span> <span class='ocrx_word' id='word_1_170' title='bbox 2871 946 3046 1003; x_wconf 89' lang='lat' dir='ltr'><strong>eidem</strong></span> <span class='ocrx_word' id='word_1_171' title='bbox 3079 948 3194 1004; x_wconf 91' lang='lat' dir='ltr'><strong>viro</strong></span> <span class='ocrx_word' id='word_1_172' title='bbox 3223 963 3326 1020; x_wconf 86' lang='lat' dir='ltr'><strong>ego</strong></span> <span class='ocrx_word' id='word_1_173' title='bbox 3369 949 3587 1022; x_wconf 89' lang='lat' dir='ltr'><strong>quidem</strong></span> 
     </span>
    </p>
   </div>
   <div class='ocr_carea' id='block_1_23' title="bbox 1989 1039 3589 1112">
    <p class='ocr_par' dir='ltr' id='par_1_23' title="bbox 1989 1039 3589 1112">
     <span class='ocr_line' id='line_1_23' title="bbox 1989 1039 3589 1112; baseline 0.004 -20"><span class='ocrx_word' id='word_1_174' title='bbox 1989 1051 2217 1108; x_wconf 86' lang='lat' dir='ltr'><strong>corpora</strong></span> <span class='ocrx_word' id='word_1_175' title='bbox 2241 1039 2508 1104; x_wconf 90' lang='lat' dir='ltr'><strong>commisi,</strong></span> <span class='ocrx_word' id='word_1_176' title='bbox 2542 1048 2594 1093; x_wconf 91' lang='lat' dir='ltr'><strong>tu</strong></span> <span class='ocrx_word' id='word_1_177' title='bbox 2621 1053 2752 1094; x_wconf 87' lang='lat' dir='ltr'><strong>vero</strong></span> <span class='ocrx_word' id='word_1_178' title='bbox 2769 1040 3010 1109; x_wconf 89' lang='lat' dir='ltr'><strong>animas;</strong></span> <span class='ocrx_word' id='word_1_179' title='bbox 3042 1049 3096 1098; x_wconf 91' lang='lat' dir='ltr'><strong>et</strong></span> <span class='ocrx_word' id='word_1_180' title='bbox 3117 1040 3380 1112; x_wconf 86' lang='lat' dir='ltr'><strong>judicium</strong></span> <span class='ocrx_word' id='word_1_181' title='bbox 3409 1059 3589 1100; x_wconf 87' lang='lat' dir='ltr'><strong>meum</strong></span> 
     </span>
    </p>
   </div>
   <div class='ocr_carea' id='block_1_24' title="bbox 1989 1130 2703 1201">
    <p class='ocr_par' dir='ltr' id='par_1_24' title="bbox 1989 1130 2703 1201">
     <span class='ocr_line' id='line_1_24' title="bbox 1989 1130 2703 1201; baseline 0.006 -16"><span class='ocrx_word' id='word_1_182' title='bbox 1989 1130 2268 1186; x_wconf 85' lang='lat' dir='ltr'><strong>ostendisti</strong></span> <span class='ocrx_word' id='word_1_183' title='bbox 2291 1130 2493 1201; x_wconf 90' lang='lat' dir='ltr'><strong>justum</strong></span> <span class='ocrx_word' id='word_1_184' title='bbox 2519 1130 2703 1189; x_wconf 88' lang='lat' dir='ltr'><strong>fuisse.</strong></span> 
     </span>
    </p>
   </div>
   <div class='ocr_carea' id='block_1_25' title="bbox 2063 1223 3591 1304">
    <p class='ocr_par' dir='ltr' id='par_1_25' title="bbox 2063 1223 3591 1304">
     <span class='ocr_line' id='line_1_25' title="bbox 2063 1223 3591 1304; baseline 0.007 -25"><span class='ocrx_word' id='word_1_185' title='bbox 2063 1225 2117 1279; x_wconf 90' lang='grc'><strong>6.</strong></span> <span class='ocrx_word' id='word_1_186' title='bbox 2162 1223 2370 1296; x_wconf 86' lang='lat' dir='ltr'><strong>Elapsis</strong></span> <span class='ocrx_word' id='word_1_187' title='bbox 2402 1241 2564 1296; x_wconf 89' lang='lat' dir='ltr'><strong>porro</strong></span> <span class='ocrx_word' id='word_1_188' title='bbox 2601 1228 2782 1298; x_wconf 87' lang='lat' dir='ltr'><strong>paucis</strong></span> <span class='ocrx_word' id='word_1_189' title='bbox 2809 1227 3000 1285; x_wconf 86' lang='lat' dir='ltr'><strong>diebus</strong></span> <span class='ocrx_word' id='word_1_190' title='bbox 3021 1272 3035 1296; x_wconf 93' lang='lat'><strong>,</strong></span> <span class='ocrx_word' id='word_1_191' title='bbox 3065 1245 3187 1287; x_wconf 91' lang='lat' dir='ltr'><strong>cum</strong></span> <span class='ocrx_word' id='word_1_192' title='bbox 3218 1231 3411 1304; x_wconf 85' lang='lat' dir='ltr'><strong>majori</strong></span> <span class='ocrx_word' id='word_1_193' title='bbox 3460 1247 3591 1290; x_wconf 89' lang='lat' dir='ltr'><strong>usus</strong></span> 
     </span>
    </p>
   </div>
   <div class='ocr_carea' id='block_1_26' title="bbox 1989 1315 3594 1396">
    <p class='ocr_par' dir='ltr' id='par_1_26' title="bbox 1989 1315 3594 1396">
     <span class='ocr_line' id='line_1_26' title="bbox 1989 1315 3594 1396; baseline 0.007 -25"><span class='ocrx_word' id='word_1_194' title='bbox 1989 1315 2241 1374; x_wconf 86' lang='lat' dir='ltr'><strong>libertate</strong></span> <span class='ocrx_word' id='word_1_195' title='bbox 2272 1318 2412 1374; x_wconf 91' lang='lat' dir='ltr'><strong>idem</strong></span> <span class='ocrx_word' id='word_1_196' title='bbox 2443 1319 2530 1376; x_wconf 92' lang='lat' dir='ltr'><strong>hic</strong></span> <span class='ocrx_word' id='word_1_197' title='bbox 2559 1320 2714 1376; x_wconf 90' lang='lat' dir='ltr'><strong>divus</strong></span> <span class='ocrx_word' id='word_1_198' title='bbox 2749 1322 3068 1378; x_wconf 86' lang='lat' dir='ltr'><strong>Ambrosius</strong></span> <span class='ocrx_word' id='word_1_199' title='bbox 3100 1325 3480 1396; x_wconf 86' lang='lat' dir='ltr'><strong>imperatorem</strong></span> <span class='ocrx_word' id='word_1_200' title='bbox 3513 1327 3594 1382; x_wconf 83' lang='lat' dir='ltr'><strong>al-</strong></span> 
     </span>
    </p>
   </div>
   <div class='ocr_carea' id='block_1_27' title="bbox 1991 1412 3591 1492">
    <p class='ocr_par' dir='ltr' id='par_1_27' title="bbox 1991 1412 3591 1492">
     <span class='ocr_line' id='line_1_27' title="bbox 1991 1412 3591 1492; baseline 0.005 -24"><span class='ocrx_word' id='word_1_201' title='bbox 1991 1412 2338 1484; x_wconf 89' lang='lat' dir='ltr'><strong>loqtteretur,</strong></span> <span class='ocrx_word' id='word_1_202' title='bbox 2369 1429 2492 1469; x_wconf 90' lang='lat' dir='ltr'><strong>eum</strong></span> <span class='ocrx_word' id='word_1_203' title='bbox 2519 1416 2817 1487; x_wconf 90' lang='lat' dir='ltr'><strong>arguebat,</strong></span> <span class='ocrx_word' id='word_1_204' title='bbox 2849 1427 2908 1472; x_wconf 90' lang='lat' dir='ltr'><strong>ut</strong></span> <span class='ocrx_word' id='word_1_205' title='bbox 2939 1427 3071 1489; x_wconf 88' lang='lat' dir='ltr'><strong>puta</strong></span> <span class='ocrx_word' id='word_1_206' title='bbox 3095 1419 3166 1475; x_wconf 93' lang='lat' dir='ltr'><strong>ob</strong></span> <span class='ocrx_word' id='word_1_207' title='bbox 3197 1419 3411 1490; x_wconf 89' lang='lat' dir='ltr'><strong>negotia</strong></span> <span class='ocrx_word' id='word_1_208' title='bbox 3439 1437 3591 1492; x_wconf 80' lang='lat' dir='ltr'><strong>quae-</strong></span> 
     </span>
    </p>
   </div>
   <div class='ocr_carea' id='block_1_28' title="bbox 1989 1504 3588 1584">
    <p class='ocr_par' dir='ltr' id='par_1_28' title="bbox 1989 1504 3588 1584">
     <span class='ocr_line' id='line_1_28' title="bbox 1989 1504 3588 1584; baseline 0.006 -24"><span class='ocrx_word' id='word_1_209' title='bbox 1989 1504 2115 1560; x_wconf 87' lang='lat' dir='ltr'><strong>dam</strong></span> <span class='ocrx_word' id='word_1_210' title='bbox 2143 1521 2173 1561; x_wconf 91' lang='lat' dir='ltr'><strong>a</strong></span> <span class='ocrx_word' id='word_1_211' title='bbox 2204 1507 2476 1577; x_wconf 86' lang='lat' dir='ltr'><strong>praefectis</strong></span> <span class='ocrx_word' id='word_1_212' title='bbox 2504 1509 2622 1579; x_wconf 89' lang='lat' dir='ltr'><strong>ejus</strong></span> <span class='ocrx_word' id='word_1_213' title='bbox 2655 1509 2798 1565; x_wconf 87' lang='lat' dir='ltr'><strong>haud</strong></span> <span class='ocrx_word' id='word_1_214' title='bbox 2845 1521 2993 1568; x_wconf 88' lang='lat' dir='ltr'><strong>recte</strong></span> <span class='ocrx_word' id='word_1_215' title='bbox 3034 1511 3174 1568; x_wconf 86' lang='lat' dir='ltr'><strong>facta</strong></span> <span class='ocrx_word' id='word_1_216' title='bbox 3203 1529 3218 1579; x_wconf 90' lang='lat'><strong>;</strong></span> <span class='ocrx_word' id='word_1_217' title='bbox 3262 1514 3588 1584; x_wconf 78' lang='lat' dir='ltr'><strong>imperator,</strong></span> 
     </span>
    </p>
   </div>
   <div class='ocr_carea' id='block_1_29' title="bbox 1991 1599 3594 1679">
    <p class='ocr_par' dir='ltr' id='par_1_29' title="bbox 1991 1599 3594 1679">
     <span class='ocr_line' id='line_1_29' title="bbox 1991 1599 3594 1679; baseline 0.006 -23"><span class='ocrx_word' id='word_1_218' title='bbox 1991 1599 2277 1670; x_wconf 74' lang='lat' dir='ltr'><strong>Equidem,</strong></span> <span class='ocrx_word' id='word_1_219' title='bbox 2310 1601 2424 1670; x_wconf 88' lang='lat' dir='ltr'><strong>ait,</strong></span> <span class='ocrx_word' id='word_1_220' title='bbox 2457 1603 2598 1660; x_wconf 90' lang='lat' dir='ltr'><strong>hanc</strong></span> <span class='ocrx_word' id='word_1_221' title='bbox 2644 1613 2788 1660; x_wconf 93' lang='lat' dir='ltr'><strong>tuam</strong></span> <span class='ocrx_word' id='word_1_222' title='bbox 2834 1606 3140 1662; x_wconf 88' lang='lat' dir='ltr'><strong>libertatem</strong></span> <span class='ocrx_word' id='word_1_223' title='bbox 3181 1608 3390 1679; x_wconf 90' lang='lat' dir='ltr'><strong>pridem</strong></span> <span class='ocrx_word' id='word_1_224' title='bbox 3424 1624 3594 1666; x_wconf 89' lang='lat' dir='ltr'><strong>nove-</strong></span> 
     </span>
    </p>
   </div>
   <div class='ocr_carea' id='block_1_30' title="bbox 1990 1698 3590 1771">
    <p class='ocr_par' dir='ltr' id='par_1_30' title="bbox 1990 1698 3590 1771">
     <span class='ocr_line' id='line_1_30' title="bbox 1990 1698 3590 1771; baseline 0.006 -22"><span class='ocrx_word' id='word_1_225' title='bbox 1990 1710 2105 1751; x_wconf 88' lang='lat' dir='ltr'><strong>ram</strong></span> <span class='ocrx_word' id='word_1_226' title='bbox 2133 1738 2148 1764; x_wconf 92' lang='lat'><strong>,</strong></span> <span class='ocrx_word' id='word_1_227' title='bbox 2178 1705 2232 1752; x_wconf 93' lang='lat' dir='ltr'><strong>et</strong></span> <span class='ocrx_word' id='word_1_228' title='bbox 2271 1698 2449 1753; x_wconf 88' lang='lat' dir='ltr'><strong>sciens</strong></span> <span class='ocrx_word' id='word_1_229' title='bbox 2483 1699 2826 1771; x_wconf 88' lang='lat' dir='ltr'><strong>prudensqtte</strong></span> <span class='ocrx_word' id='word_1_230' title='bbox 2857 1717 2962 1757; x_wconf 92' lang='lat' dir='ltr'><strong>non</strong></span> <span class='ocrx_word' id='word_1_231' title='bbox 2999 1703 3160 1758; x_wconf 90' lang='lat' dir='ltr'><strong>modo</strong></span> <span class='ocrx_word' id='word_1_232' title='bbox 3201 1718 3309 1758; x_wconf 92' lang='lat' dir='ltr'><strong>non</strong></span> <span class='ocrx_word' id='word_1_233' title='bbox 3349 1718 3468 1759; x_wconf 91' lang='lat' dir='ltr'><strong>sum</strong></span> <span class='ocrx_word' id='word_1_234' title='bbox 3507 1721 3590 1759; x_wconf 84' lang='lat' dir='ltr'><strong>re-</strong></span> 
     </span>
    </p>
   </div>
   <div class='ocr_carea' id='block_1_31' title="bbox 1991 1788 3594 1872">
    <p class='ocr_par' dir='ltr' id='par_1_31' title="bbox 1991 1788 3594 1872">
     <span class='ocr_line' id='line_1_31' title="bbox 1991 1788 3594 1872; baseline 0.007 -28"><span class='ocrx_word' id='word_1_235' title='bbox 1991 1788 2230 1862; x_wconf 88' lang='lat' dir='ltr'><strong>fragatus</strong></span> <span class='ocrx_word' id='word_1_236' title='bbox 2254 1834 2270 1858; x_wconf 95' lang='lat'><strong>,</strong></span> <span class='ocrx_word' id='word_1_237' title='bbox 2303 1792 2398 1848; x_wconf 88' lang='lat' dir='ltr'><strong>sed</strong></span> <span class='ocrx_word' id='word_1_238' title='bbox 2429 1795 2590 1849; x_wconf 90' lang='lat' dir='ltr'><strong>etiam</strong></span> <span class='ocrx_word' id='word_1_239' title='bbox 2619 1797 2882 1872; x_wconf 81' lang='lat' dir='ltr'><strong>calculum</strong></span> <span class='ocrx_word' id='word_1_240' title='bbox 2915 1813 3092 1852; x_wconf 90' lang='lat' dir='ltr'><strong>meum</strong></span> <span class='ocrx_word' id='word_1_241' title='bbox 3122 1814 3226 1853; x_wconf 92' lang='lat' dir='ltr'><strong>una</strong></span> <span class='ocrx_word' id='word_1_242' title='bbox 3257 1800 3462 1854; x_wconf 90' lang='lat' dir='ltr'><strong>contuli</strong></span> <span class='ocrx_word' id='word_1_243' title='bbox 3487 1811 3594 1855; x_wconf 62' lang='lat' dir='ltr'><strong>tuae</strong></span> 
     </span>
    </p>
   </div>
   <div class='ocr_carea' id='block_1_32' title="bbox 280 1872 1897 1965">
    <p class='ocr_par' dir='ltr' id='par_1_32' title="bbox 280 1886 1887 1964">
     <span class='ocr_line' id='line_1_32' title="bbox 280 1886 1887 1964; baseline -0.003 -20"><span class='ocrx_word' id='word_1_244' title='bbox 280 1888 310 1944; x_wconf 84' lang='grc' dir='ltr'>ὁ</span> <span class='ocrx_word' id='word_1_245' title='bbox 340 1889 473 1950; x_wconf 86' lang='grc' dir='ltr'>θεῖος</span> <span class='ocrx_word' id='word_1_246' title='bbox 500 1889 814 1963; x_wconf 69' lang='grc' dir='ltr'>ὑπαγορεύει</span> <span class='ocrx_word' id='word_1_247' title='bbox 833 1889 1004 1962; x_wconf 83' lang='grc' dir='ltr'>νόμος,</span> <span class='ocrx_word' id='word_1_248' title='bbox 1025 1889 1092 1946; x_wconf 90' lang='grc' dir='ltr'><strong>τά</strong></span> <span class='ocrx_word' id='word_1_249' title='bbox 1111 1895 1211 1944; x_wconf 86' lang='grc' dir='ltr'><strong>τῶν</strong></span> <span class='ocrx_word' id='word_1_250' title='bbox 1230 1890 1486 1964; x_wconf 76' lang='grc' dir='ltr'>ἡμετέρων</span> <span class='ocrx_word' id='word_1_251' title='bbox 1505 1886 1697 1958; x_wconf 72' lang='grc' dir='ltr'>ψυχῶν</span> <span class='ocrx_word' id='word_1_252' title='bbox 1717 1886 1887 1958; x_wconf 84' lang='grc' dir='ltr'>πλημ-</span> 
     </span>
    </p>
   </div>
   <div class='ocr_carea' id='block_1_33' title="bbox 2000 1872 3585 1965">
    <p class='ocr_par' dir='ltr' id='par_1_33' title="bbox 2000 1882 3585 1965">
     <span class='ocr_line' id='line_1_33' title="bbox 2000 1882 3585 1965; baseline 0.006 -26"><span class='ocrx_word' id='word_1_253' title='bbox 2000 1882 2344 1940; x_wconf 86' lang='lat' dir='ltr'><strong>ordinationi.</strong></span> <span class='ocrx_word' id='word_1_254' title='bbox 2376 1885 2644 1943; x_wconf 79' lang='lat' dir='ltr'><strong>Medicare</strong></span> <span class='ocrx_word' id='word_1_255' title='bbox 2674 1888 2868 1960; x_wconf 84' lang='lat' dir='ltr'><strong>igitur,</strong></span> <span class='ocrx_word' id='word_1_256' title='bbox 2902 1890 3060 1946; x_wconf 89' lang='lat' dir='ltr'><strong>sicuti</strong></span> <span class='ocrx_word' id='word_1_257' title='bbox 3101 1891 3284 1948; x_wconf 90' lang='lat' dir='ltr'><strong>divina</strong></span> <span class='ocrx_word' id='word_1_258' title='bbox 3328 1893 3413 1948; x_wconf 81' lang='lat' dir='ltr'><strong>lex</strong></span> <span class='ocrx_word' id='word_1_259' title='bbox 3443 1907 3585 1965; x_wconf 70' lang='lat' dir='ltr'><strong>prm~</strong></span> 
     </span>
    </p>
   </div>
   <div class='ocr_carea' id='block_1_34' title="bbox 278 1981 569 2055">
    <p class='ocr_par' dir='ltr' id='par_1_34' title="bbox 278 1981 569 2055">
     <span class='ocr_line' id='line_1_34' title="bbox 278 1981 569 2055; baseline -0.021 -14"><span class='ocrx_word' id='word_1_260' title='bbox 278 1981 569 2055; x_wconf 70' lang='grc' dir='ltr'>μιλήματα.</span> 
     </span>
    </p>
   </div>
   <div class='ocr_carea' id='block_1_35' title="bbox 356 2069 1889 2149">
    <p class='ocr_par' dir='ltr' id='par_1_35' title="bbox 356 2069 1889 2149">
     <span class='ocr_line' id='line_1_35' title="bbox 356 2069 1889 2149; baseline 0.002 -22"><span class='ocrx_word' id='word_1_261' title='bbox 356 2074 408 2128; x_wconf 88' lang='grc'><strong>7.</strong></span> <span class='ocrx_word' id='word_1_262' title='bbox 451 2081 633 2131; x_wconf 83' lang='grc' dir='ltr'>Ταῦτα</span> <span class='ocrx_word' id='word_1_263' title='bbox 775 2069 862 2131; x_wconf 69' lang='grc' dir='ltr'>οὖν</span> <span class='ocrx_word' id='word_1_264' title='bbox 880 2073 931 2131; x_wconf 81' lang='grc' dir='ltr'><strong>έν</strong></span> <span class='ocrx_word' id='word_1_265' title='bbox 956 2072 1241 2149; x_wconf 81' lang='grc' dir='ltr'>Μεδιολάνῳ</span> <span class='ocrx_word' id='word_1_266' title='bbox 1260 2075 1665 2136; x_wconf 87' lang='grc' dir='ltr'>Οὐαλεντινιανός</span> <span class='ocrx_word' id='word_1_267' title='bbox 1682 2073 1707 2131; x_wconf 88' lang='grc' dir='ltr'><strong>ὀ</strong></span> <span class='ocrx_word' id='word_1_268' title='bbox 1727 2075 1889 2149; x_wconf 81' lang='grc' dir='ltr'>μέγας</span> 
     </span>
    </p>
   </div>
   <div class='ocr_carea' id='block_1_36' title="bbox 281 2167 1888 2247">
    <p class='ocr_par' dir='ltr' id='par_1_36' title="bbox 281 2167 1888 2247">
     <span class='ocr_line' id='line_1_36' title="bbox 281 2167 1888 2247; baseline 0 -25"><span class='ocrx_word' id='word_1_269' title='bbox 281 2169 367 2222; x_wconf 80' lang='grc' dir='ltr'><strong>καί</strong></span> <span class='ocrx_word' id='word_1_270' title='bbox 409 2167 632 2228; x_wconf 72' lang='grc' dir='ltr'>εὐσεϐής</span> <span class='ocrx_word' id='word_1_271' title='bbox 678 2167 923 2240; x_wconf 76' lang='grc' dir='ltr'>βασιλεὺς</span> <span class='ocrx_word' id='word_1_272' title='bbox 961 2173 1050 2224; x_wconf 85' lang='grc' dir='ltr'><strong>καί</strong></span> <span class='ocrx_word' id='word_1_273' title='bbox 1090 2171 1242 2225; x_wconf 85' lang='grc' dir='ltr'>είπών</span> <span class='ocrx_word' id='word_1_274' title='bbox 1271 2173 1357 2225; x_wconf 89' lang='grc' dir='ltr'><strong>καί</strong></span> <span class='ocrx_word' id='word_1_275' title='bbox 1391 2167 1612 2247; x_wconf 78' lang='grc' dir='ltr'>δράσας,</span> <span class='ocrx_word' id='word_1_276' title='bbox 1637 2167 1797 2231; x_wconf 70' lang='grc' dir='ltr'>καλῶς</span> <span class='ocrx_word' id='word_1_277' title='bbox 1831 2169 1888 2224; x_wconf 81' lang='grc' dir='ltr'><strong>τέ</strong></span> 
     </span>
    </p>
   </div>
   <div class='ocr_carea' id='block_1_37' title="bbox 283 2257 1891 2338">
    <p class='ocr_par' dir='ltr' id='par_1_37' title="bbox 283 2257 1891 2338">
     <span class='ocr_line' id='line_1_37' title="bbox 283 2257 1891 2338; baseline 0 -24"><span class='ocrx_word' id='word_1_278' title='bbox 283 2257 574 2332; x_wconf 78' lang='grc' dir='ltr'>διαθέμενος</span> <span class='ocrx_word' id='word_1_279' title='bbox 595 2265 688 2320; x_wconf 74' lang='grc' dir='ltr'>τήν</span> <span class='ocrx_word' id='word_1_280' title='bbox 717 2261 1012 2333; x_wconf 82' lang='grc' dir='ltr'>βασιλείαν,</span> <span class='ocrx_word' id='word_1_281' title='bbox 1043 2265 1130 2318; x_wconf 86' lang='grc' dir='ltr'><strong>καί</strong></span> <span class='ocrx_word' id='word_1_282' title='bbox 1160 2261 1426 2338; x_wconf 78' lang='grc' dir='ltr'>ὀρθοδοξίᾳ</span> <span class='ocrx_word' id='word_1_283' title='bbox 1453 2259 1749 2333; x_wconf 68' lang='grc' dir='ltr'>διαλάμψαι·</span> <span class='ocrx_word' id='word_1_284' title='bbox 1767 2302 1780 2324; x_wconf 82' lang='grc'><strong>.</strong></span> <span class='ocrx_word' id='word_1_285' title='bbox 1805 2260 1891 2316; x_wconf 81' lang='grc' dir='ltr'><strong>έπί</strong></span> 
     </span>
    </p>
   </div>
   <div class='ocr_carea' id='block_1_38' title="bbox 283 2350 1886 2432">
    <p class='ocr_par' dir='ltr' id='par_1_38' title="bbox 283 2350 1886 2432">
     <span class='ocr_line' id='line_1_38' title="bbox 283 2350 1886 2432; baseline -0.001 -24"><span class='ocrx_word' id='word_1_286' title='bbox 283 2353 414 2424; x_wconf 81' lang='grc' dir='ltr'>ἕκτῳ</span> <span class='ocrx_word' id='word_1_287' title='bbox 442 2356 530 2409; x_wconf 83' lang='grc' dir='ltr'><strong>καί</strong></span> <span class='ocrx_word' id='word_1_288' title='bbox 559 2350 754 2426; x_wconf 78' lang='grc' dir='ltr'>δεκάτῳ</span> <span class='ocrx_word' id='word_1_289' title='bbox 780 2355 994 2428; x_wconf 85' lang='grc' dir='ltr'>ένιαυτῷ</span> <span class='ocrx_word' id='word_1_290' title='bbox 1014 2364 1107 2418; x_wconf 81' lang='grc' dir='ltr'><strong>τῆς</strong></span> <span class='ocrx_word' id='word_1_291' title='bbox 1133 2357 1340 2432; x_wconf 82' lang='grc' dir='ltr'>ἀρχῆς,</span> <span class='ocrx_word' id='word_1_292' title='bbox 1369 2355 1612 2410; x_wconf 80' lang='grc' dir='ltr'>καταλύει</span> <span class='ocrx_word' id='word_1_293' title='bbox 1640 2354 1728 2410; x_wconf 85' lang='grc' dir='ltr'>τὸν</span> <span class='ocrx_word' id='word_1_294' title='bbox 1755 2353 1886 2425; x_wconf 82' lang='grc' dir='ltr'>βίον·</span> 
     </span>
    </p>
   </div>
   <div class='ocr_carea' id='block_1_39' title="bbox 287 2443 1890 2527">
    <p class='ocr_par' dir='ltr' id='par_1_39' title="bbox 287 2443 1890 2527">
     <span class='ocr_line' id='line_1_39' title="bbox 287 2443 1890 2527; baseline 0.002 -26"><span class='ocrx_word' id='word_1_295' title='bbox 287 2443 575 2518; x_wconf 79' lang='grc' dir='ltr'>διαδόχους</span> <span class='ocrx_word' id='word_1_296' title='bbox 604 2445 660 2503; x_wconf 83' lang='grc' dir='ltr'><strong>δέ</strong></span> <span class='ocrx_word' id='word_1_297' title='bbox 684 2451 806 2510; x_wconf 87' lang='grc' dir='ltr'><strong>τούς</strong></span> <span class='ocrx_word' id='word_1_298' title='bbox 835 2447 1044 2512; x_wconf 87' lang='grc' dir='ltr'>παῖδας,</span> <span class='ocrx_word' id='word_1_299' title='bbox 1076 2452 1354 2527; x_wconf 88' lang='grc' dir='ltr'>Γρατιανὸν</span> <span class='ocrx_word' id='word_1_300' title='bbox 1379 2453 1466 2506; x_wconf 80' lang='grc' dir='ltr'><strong>καί</strong></span> <span class='ocrx_word' id='word_1_301' title='bbox 1485 2449 1890 2505; x_wconf 83' lang='grc' dir='ltr'>Οὐαλεντινιανὸν</span> 
     </span>
    </p>
   </div>
   <div class='ocr_carea' id='block_1_40' title="bbox 284 2543 1888 2607">
    <p class='ocr_par' dir='ltr' id='par_1_40' title="bbox 284 2543 1888 2607">
     <span class='ocr_line' id='line_1_40' title="bbox 284 2543 1888 2607; baseline 0.001 -9"><span class='ocrx_word' id='word_1_302' title='bbox 284 2543 581 2598; x_wconf 80' lang='grc' dir='ltr'>καταλείπει</span> <span class='ocrx_word' id='word_1_303' title='bbox 628 2545 715 2600; x_wconf 68' lang='grc' dir='ltr'><strong>τὸν</strong></span> <span class='ocrx_word' id='word_1_304' title='bbox 753 2545 884 2600; x_wconf 86' lang='grc' dir='ltr'>νέον·</span> <span class='ocrx_word' id='word_1_305' title='bbox 926 2545 1206 2607; x_wconf 78' lang='grc' dir='ltr'>Οὐάλεντος</span> <span class='ocrx_word' id='word_1_306' title='bbox 1249 2543 1345 2605; x_wconf 75' lang='grc' dir='ltr'>ἤδη</span> <span class='ocrx_word' id='word_1_307' title='bbox 1385 2559 1478 2607; x_wconf 81' lang='grc' dir='ltr'>τῆς</span> <span class='ocrx_word' id='word_1_308' title='bbox 1506 2544 1752 2606; x_wconf 80' lang='grc' dir='ltr'>ἀνατολῆς</span> <span class='ocrx_word' id='word_1_309' title='bbox 1796 2551 1888 2600; x_wconf 88' lang='grc' dir='ltr'>τοῦ</span> 
     </span>
    </p>
   </div>
   <div class='ocr_carea' id='block_1_41' title="bbox 287 2635 1890 2717">
    <p class='ocr_par' dir='ltr' id='par_1_41' title="bbox 287 2635 1890 2717">
     <span class='ocr_line' id='line_1_41' title="bbox 287 2635 1890 2717; baseline 0 -23"><span class='ocrx_word' id='word_1_310' title='bbox 287 2635 502 2711; x_wconf 64' lang='grc' dir='ltr'>ἀδελφοῦ</span> <span class='ocrx_word' id='word_1_311' title='bbox 525 2637 916 2702; x_wconf 74' lang='grc' dir='ltr'>ϐασιλεύοντος·</span> <span class='ocrx_word' id='word_1_312' title='bbox 946 2637 1002 2703; x_wconf 79' lang='grc' dir='ltr'>ὃς</span> <span class='ocrx_word' id='word_1_313' title='bbox 1023 2639 1190 2702; x_wconf 80' lang='grc' dir='ltr'>δήπου</span> <span class='ocrx_word' id='word_1_314' title='bbox 1213 2645 1407 2703; x_wconf 76' lang='grc' dir='ltr'>καὶτῆς</span> <span class='ocrx_word' id='word_1_315' title='bbox 1431 2643 1677 2715; x_wconf 77' lang='grc' dir='ltr'>αἱρέσεως</span> <span class='ocrx_word' id='word_1_316' title='bbox 1697 2638 1890 2717; x_wconf 81' lang='grc' dir='ltr'>’Δρεια-</span> 
     </span>
    </p>
   </div>
   <div class='ocr_carea' id='block_1_42' title="bbox 289 2734 1889 2810">
    <p class='ocr_par' dir='ltr' id='par_1_42' title="bbox 289 2734 1889 2810">
     <span class='ocr_line' id='line_1_42' title="bbox 289 2734 1889 2810; baseline 0.01 -26"><span class='ocrx_word' id='word_1_317' title='bbox 289 2740 396 2794; x_wconf 87' lang='grc' dir='ltr'>νοῖς</span> <span class='ocrx_word' id='word_1_318' title='bbox 425 2735 698 2790; x_wconf 69' lang='grc' dir='ltr'>ἐκοινώνει·</span> <span class='ocrx_word' id='word_1_319' title='bbox 733 2735 1014 2810; x_wconf 81' lang='grc' dir='ltr'>συμϐαλὼν</span> <span class='ocrx_word' id='word_1_320' title='bbox 1041 2735 1094 2792; x_wconf 89' lang='grc' dir='ltr'><strong>δέ</strong></span> <span class='ocrx_word' id='word_1_321' title='bbox 1122 2739 1256 2810; x_wconf 87' lang='grc' dir='ltr'>μετά</span> <span class='ocrx_word' id='word_1_322' title='bbox 1293 2745 1398 2794; x_wconf 87' lang='grc' dir='ltr'>τῶν</span> <span class='ocrx_word' id='word_1_323' title='bbox 1426 2736 1623 2793; x_wconf 83' lang='grc' dir='ltr'>Γότθων</span> <span class='ocrx_word' id='word_1_324' title='bbox 1648 2734 1889 2807; x_wconf 65' lang='grc' dir='ltr'>πόλεμον,</span> 
     </span>
    </p>
   </div>
   <div class='ocr_carea' id='block_1_43' title="bbox 295 2827 1891 2905">
    <p class='ocr_par' dir='ltr' id='par_1_43' title="bbox 295 2827 1891 2905">
     <span class='ocr_line' id='line_1_43' title="bbox 295 2827 1891 2905; baseline 0.005 -25"><span class='ocrx_word' id='word_1_325' title='bbox 295 2828 382 2880; x_wconf 83' lang='grc' dir='ltr'><strong>καί</strong></span> <span class='ocrx_word' id='word_1_326' title='bbox 409 2828 663 2893; x_wconf 71' lang='grc' dir='ltr'>ἡττηθείς,</span> <span class='ocrx_word' id='word_1_327' title='bbox 692 2827 718 2882; x_wconf 85' lang='grc' dir='ltr'>ὁ</span> <span class='ocrx_word' id='word_1_328' title='bbox 742 2830 854 2901; x_wconf 75' lang='grc' dir='ltr'>μὲν,</span> <span class='ocrx_word' id='word_1_329' title='bbox 888 2832 962 2890; x_wconf 85' lang='grc' dir='ltr'>εἰς</span> <span class='ocrx_word' id='word_1_330' title='bbox 982 2830 1239 2905; x_wconf 87' lang='grc' dir='ltr'>ἀχυρῶνα</span> <span class='ocrx_word' id='word_1_331' title='bbox 1259 2833 1586 2905; x_wconf 74' lang='grc' dir='ltr'>καταφυγὼν,</span> <span class='ocrx_word' id='word_1_332' title='bbox 1610 2829 1714 2885; x_wconf 85' lang='grc' dir='ltr'>ὐπὸ</span> <span class='ocrx_word' id='word_1_333' title='bbox 1728 2829 1891 2905; x_wconf 79' lang='grc' dir='ltr'>πυρὸς</span> 
     </span>
    </p>
   </div>
   <div class='ocr_carea' id='block_1_44' title="bbox 293 2919 1894 3000">
    <p class='ocr_par' dir='ltr' id='par_1_44' title="bbox 293 2919 1894 3000">
     <span class='ocr_line' id='line_1_44' title="bbox 293 2919 1894 3000; baseline 0.003 -27"><span class='ocrx_word' id='word_1_334' title='bbox 293 2919 346 2973; x_wconf 84' lang='grc' dir='ltr'><strong>έν</strong></span> <span class='ocrx_word' id='word_1_335' title='bbox 387 2922 523 2992; x_wconf 86' lang='grc' dir='ltr'>αὐτῷ</span> <span class='ocrx_word' id='word_1_336' title='bbox 551 2920 800 2981; x_wconf 79' lang='grc' dir='ltr'>ἀνηλώθη·</span> <span class='ocrx_word' id='word_1_337' title='bbox 833 2923 904 2984; x_wconf 83' lang='grc' dir='ltr'><strong>είς</strong></span> <span class='ocrx_word' id='word_1_338' title='bbox 941 2926 1216 3000; x_wconf 86' lang='grc' dir='ltr'>Γρατιανόν</span> <span class='ocrx_word' id='word_1_339' title='bbox 1257 2923 1335 2987; x_wconf 85' lang='grc' dir='ltr'><strong>δέ,</strong></span> <span class='ocrx_word' id='word_1_340' title='bbox 1365 2925 1772 2980; x_wconf 83' lang='grc' dir='ltr'>Οὐαλεντινιανοῦ</span> <span class='ocrx_word' id='word_1_341' title='bbox 1803 2927 1894 2998; x_wconf 82' lang='grc' dir='ltr'><strong>μέν</strong></span> 
     </span>
    </p>
   </div>
   <div class='ocr_carea' id='block_1_45' title="bbox 289 3015 1892 3094">
    <p class='ocr_par' dir='ltr' id='par_1_45' title="bbox 289 3015 1892 3094">
     <span class='ocr_line' id='line_1_45' title="bbox 289 3015 1892 3094; baseline 0.003 -24"><span class='ocrx_word' id='word_1_342' title='bbox 289 3015 420 3080; x_wconf 78' lang='grc' dir='ltr'>υἱόν,</span> <span class='ocrx_word' id='word_1_343' title='bbox 465 3016 741 3080; x_wconf 76' lang='grc' dir='ltr'>Οὐάλεντος</span> <span class='ocrx_word' id='word_1_344' title='bbox 767 3015 822 3074; x_wconf 87' lang='grc' dir='ltr'><strong>δέ</strong></span> <span class='ocrx_word' id='word_1_345' title='bbox 865 3017 1092 3091; x_wconf 73' lang='grc' dir='ltr'>ἀνεψιὸν,</span> <span class='ocrx_word' id='word_1_346' title='bbox 1117 3027 1268 3077; x_wconf 88' lang='grc' dir='ltr'>πᾶσα</span> <span class='ocrx_word' id='word_1_347' title='bbox 1305 3023 1337 3081; x_wconf 79' lang='grc' dir='ltr'>ἡ</span> <span class='ocrx_word' id='word_1_348' title='bbox 1365 3019 1622 3093; x_wconf 82' lang='grc' dir='ltr'>Ῥωμαίων</span> <span class='ocrx_word' id='word_1_349' title='bbox 1650 3022 1892 3094; x_wconf 78' lang='grc' dir='ltr'>ἡγεμονία</span> 
     </span>
    </p>
   </div>
   <div class='ocr_carea' id='block_1_46' title="bbox 295 3114 1893 3193">
    <p class='ocr_par' dir='ltr' id='par_1_46' title="bbox 295 3114 1893 3193">
     <span class='ocr_line' id='line_1_46' title="bbox 295 3114 1893 3193; baseline 0 -25"><span class='ocrx_word' id='word_1_350' title='bbox 295 3114 545 3186; x_wconf 83' lang='grc' dir='ltr'>μετέπεσε</span> <span class='ocrx_word' id='word_1_351' title='bbox 562 3129 574 3141; x_wconf 91' lang='grc'><strong>·</strong></span> <span class='ocrx_word' id='word_1_352' title='bbox 601 3120 784 3189; x_wconf 85' lang='grc' dir='ltr'>πρῶτα</span> <span class='ocrx_word' id='word_1_353' title='bbox 809 3115 902 3186; x_wconf 86' lang='grc' dir='ltr'><strong>μέν</strong></span> <span class='ocrx_word' id='word_1_354' title='bbox 926 3115 1027 3192; x_wconf 83' lang='grc' dir='ltr'>γὰρ</span> <span class='ocrx_word' id='word_1_355' title='bbox 1053 3116 1119 3170; x_wconf 83' lang='grc' dir='ltr'>τὰ</span> <span class='ocrx_word' id='word_1_356' title='bbox 1137 3122 1231 3179; x_wconf 76' lang='grc' dir='ltr'><strong>τῆς</strong></span> <span class='ocrx_word' id='word_1_357' title='bbox 1247 3118 1513 3193; x_wconf 78' lang='grc' dir='ltr'>Εὐρώπης,</span> <span class='ocrx_word' id='word_1_358' title='bbox 1541 3116 1664 3172; x_wconf 84' lang='grc' dir='ltr'>ἀλλὰ</span> <span class='ocrx_word' id='word_1_359' title='bbox 1683 3120 1782 3187; x_wconf 77' lang='grc' dir='ltr'>μὴν</span> <span class='ocrx_word' id='word_1_360' title='bbox 1807 3116 1893 3172; x_wconf 84' lang='grc' dir='ltr'><strong>καί</strong></span> 
     </span>
    </p>
   </div>
   <div class='ocr_carea' id='block_1_47' title="bbox 295 3209 1889 3290">
    <p class='ocr_par' dir='ltr' id='par_1_47' title="bbox 295 3209 1889 3290">
     <span class='ocr_line' id='line_1_47' title="bbox 295 3209 1889 3290; baseline 0.001 -23"><span class='ocrx_word' id='word_1_361' title='bbox 295 3214 361 3268; x_wconf 89' lang='grc' dir='ltr'><strong>τά</strong></span> <span class='ocrx_word' id='word_1_362' title='bbox 385 3217 480 3272; x_wconf 76' lang='grc' dir='ltr'><strong>της</strong></span> <span class='ocrx_word' id='word_1_363' title='bbox 506 3209 702 3272; x_wconf 77' lang='grc' dir='ltr'>δύσεως</span> <span class='ocrx_word' id='word_1_364' title='bbox 732 3211 936 3272; x_wconf 81' lang='grc' dir='ltr'>ἀπάσης</span> <span class='ocrx_word' id='word_1_365' title='bbox 965 3220 1206 3289; x_wconf 82' lang='grc' dir='ltr'>σκῆπτρα</span> <span class='ocrx_word' id='word_1_366' title='bbox 1237 3213 1339 3268; x_wconf 88' lang='grc' dir='ltr'>ὐπὸ</span> <span class='ocrx_word' id='word_1_367' title='bbox 1364 3219 1457 3268; x_wconf 86' lang='grc' dir='ltr'>τοῦ</span> <span class='ocrx_word' id='word_1_368' title='bbox 1483 3214 1678 3290; x_wconf 87' lang='grc' dir='ltr'>πατρὸς</span> <span class='ocrx_word' id='word_1_369' title='bbox 1705 3233 1889 3287; x_wconf 87' lang='grc' dir='ltr'>παρει-</span> 
     </span>
    </p>
   </div>
   <div class='ocr_carea' id='block_1_48' title="bbox 295 3303 1889 3379">
    <p class='ocr_par' dir='ltr' id='par_1_48' title="bbox 295 3303 1889 3379">
     <span class='ocr_line' id='line_1_48' title="bbox 295 3303 1889 3379; baseline 0.001 -21"><span class='ocrx_word' id='word_1_370' title='bbox 295 3304 434 3378; x_wconf 70' lang='grc' dir='ltr'>λήφει</span> <span class='ocrx_word' id='word_1_371' title='bbox 448 3321 461 3334; x_wconf 91' lang='grc'><strong>·</strong></span> <span class='ocrx_word' id='word_1_372' title='bbox 489 3303 669 3360; x_wconf 76' lang='grc' dir='ltr'>ἔπειτα</span> <span class='ocrx_word' id='word_1_373' title='bbox 684 3309 771 3360; x_wconf 86' lang='grc' dir='ltr'><strong>καί</strong></span> <span class='ocrx_word' id='word_1_374' title='bbox 789 3310 882 3365; x_wconf 73' lang='grc' dir='ltr'><strong>την</strong></span> <span class='ocrx_word' id='word_1_375' title='bbox 901 3303 1072 3361; x_wconf 75' lang='grc' dir='ltr'>Ἀσίαν</span> <span class='ocrx_word' id='word_1_376' title='bbox 1087 3310 1175 3361; x_wconf 89' lang='grc' dir='ltr'><strong>καί</strong></span> <span class='ocrx_word' id='word_1_377' title='bbox 1193 3307 1259 3363; x_wconf 88' lang='grc' dir='ltr'><strong>τά</strong></span> <span class='ocrx_word' id='word_1_378' title='bbox 1275 3306 1544 3379; x_wconf 84' lang='grc' dir='ltr'>λειπόμενα</span> <span class='ocrx_word' id='word_1_379' title='bbox 1559 3315 1652 3368; x_wconf 80' lang='grc' dir='ltr'>τῆς</span> <span class='ocrx_word' id='word_1_380' title='bbox 1671 3307 1889 3376; x_wconf 81' lang='grc' dir='ltr'>Λιϐύης,</span> 
     </span>
    </p>
   </div>
   <div class='ocr_carea' id='block_1_49' title="bbox 298 3399 1892 3478">
    <p class='ocr_par' dir='ltr' id='par_1_49' title="bbox 298 3399 1892 3478">
     <span class='ocr_line' id='line_1_49' title="bbox 298 3399 1892 3478; baseline 0.001 -20"><span class='ocrx_word' id='word_1_381' title='bbox 298 3399 515 3463; x_wconf 78' lang='grc' dir='ltr'>ἄπαιδος</span> <span class='ocrx_word' id='word_1_382' title='bbox 540 3407 634 3458; x_wconf 79' lang='grc' dir='ltr'><strong>τοῦ</strong></span> <span class='ocrx_word' id='word_1_383' title='bbox 655 3403 932 3463; x_wconf 78' lang='grc' dir='ltr'>Οὐάλεντος</span> <span class='ocrx_word' id='word_1_384' title='bbox 953 3403 1300 3478; x_wconf 82' lang='grc' dir='ltr'>ἀναιρεθέντος</span> <span class='ocrx_word' id='word_1_385' title='bbox 1315 3419 1328 3433; x_wconf 90' lang='grc'><strong>·</strong></span> <span class='ocrx_word' id='word_1_386' title='bbox 1355 3404 1570 3465; x_wconf 76' lang='grc' dir='ltr'>εὐσεϐὴς</span> <span class='ocrx_word' id='word_1_387' title='bbox 1593 3402 1646 3459; x_wconf 86' lang='grc' dir='ltr'><strong>δέ</strong></span> <span class='ocrx_word' id='word_1_388' title='bbox 1673 3402 1740 3460; x_wconf 82' lang='grc' dir='ltr'>ὢν</span> <span class='ocrx_word' id='word_1_389' title='bbox 1760 3409 1892 3463; x_wconf 88' lang='grc' dir='ltr'><strong>κατά</strong></span> 
     </span>
    </p>
   </div>
   <div class='ocr_carea' id='block_1_50' title="bbox 293 3495 1891 3576">
    <p class='ocr_par' dir='ltr' id='par_1_50' title="bbox 293 3495 1891 3576">
     <span class='ocr_line' id='line_1_50' title="bbox 293 3495 1891 3576; baseline 0.001 -22"><span class='ocrx_word' id='word_1_390' title='bbox 293 3500 383 3554; x_wconf 86' lang='grc' dir='ltr'><strong>τόν</strong></span> <span class='ocrx_word' id='word_1_391' title='bbox 412 3500 644 3576; x_wconf 87' lang='grc' dir='ltr'>πατέρα,</span> <span class='ocrx_word' id='word_1_392' title='bbox 674 3501 796 3559; x_wconf 85' lang='grc' dir='ltr'><strong>τούς</strong></span> <span class='ocrx_word' id='word_1_393' title='bbox 827 3495 1139 3559; x_wconf 77' lang='grc' dir='ltr'>έπισκόπους</span> <span class='ocrx_word' id='word_1_394' title='bbox 1168 3500 1224 3552; x_wconf 78' lang='grc' dir='ltr'><strong>έκ</strong></span> <span class='ocrx_word' id='word_1_395' title='bbox 1253 3506 1344 3560; x_wconf 80' lang='grc' dir='ltr'>τῆς</span> <span class='ocrx_word' id='word_1_396' title='bbox 1367 3507 1528 3573; x_wconf 79' lang='grc' dir='ltr'>φυγῆς</span> <span class='ocrx_word' id='word_1_397' title='bbox 1549 3498 1891 3555; x_wconf 86' lang='grc' dir='ltr'>ἀνεκαλέσατο</span> 
     </span>
    </p>
   </div>
   <div class='ocr_carea' id='block_1_51' title="bbox 297 3592 1891 3672">
    <p class='ocr_par' dir='ltr' id='par_1_51' title="bbox 297 3592 1891 3672">
     <span class='ocr_line' id='line_1_51' title="bbox 297 3592 1891 3672; baseline -0.003 -18"><span class='ocrx_word' id='word_1_398' title='bbox 297 3600 500 3658; x_wconf 79' lang='grc' dir='ltr'>πάντας</span> <span class='ocrx_word' id='word_1_399' title='bbox 538 3595 690 3658; x_wconf 85' lang='grc' dir='ltr'>ὅσους</span> <span class='ocrx_word' id='word_1_400' title='bbox 718 3595 912 3658; x_wconf 85' lang='grc' dir='ltr'>Οὐάλης</span> <span class='ocrx_word' id='word_1_401' title='bbox 942 3594 1026 3652; x_wconf 89' lang='grc' dir='ltr'><strong>διά</strong></span> <span class='ocrx_word' id='word_1_402' title='bbox 1058 3600 1151 3655; x_wconf 76' lang='grc' dir='ltr'>τήν</span> <span class='ocrx_word' id='word_1_403' title='bbox 1179 3592 1440 3671; x_wconf 81' lang='grc' dir='ltr'>’Δρειάνων</span> <span class='ocrx_word' id='word_1_404' title='bbox 1467 3595 1662 3672; x_wconf 78' lang='grc' dir='ltr'>αἵρεσιν</span> <span class='ocrx_word' id='word_1_405' title='bbox 1697 3594 1891 3668; x_wconf 78' lang='grc' dir='ltr'>ὐπεροο</span> 
     </span>
    </p>
   </div>
   <div class='ocr_carea' id='block_1_52' title="bbox 296 3685 1894 3767">
    <p class='ocr_par' dir='ltr' id='par_1_52' title="bbox 296 3685 1894 3767">
     <span class='ocr_line' id='line_1_52' title="bbox 296 3685 1894 3767; baseline 0.001 -24"><span class='ocrx_word' id='word_1_406' title='bbox 296 3692 440 3767; x_wconf 84' lang='grc' dir='ltr'>ρίους</span> <span class='ocrx_word' id='word_1_407' title='bbox 476 3691 789 3752; x_wconf 80' lang='grc' dir='ltr'>ἐποιήσατο,</span> <span class='ocrx_word' id='word_1_408' title='bbox 823 3692 907 3744; x_wconf 88' lang='grc' dir='ltr'><strong>καί</strong></span> <span class='ocrx_word' id='word_1_409' title='bbox 929 3697 1020 3751; x_wconf 77' lang='grc' dir='ltr'><strong>τῆς</strong></span> <span class='ocrx_word' id='word_1_410' title='bbox 1050 3685 1297 3764; x_wconf 90' lang='grc' dir='ltr'>πατρίδος</span> <span class='ocrx_word' id='word_1_411' title='bbox 1325 3687 1649 3746; x_wconf 83' lang='grc' dir='ltr'>ἀπεληλάκει·</span> <span class='ocrx_word' id='word_1_412' title='bbox 1679 3699 1894 3765; x_wconf 84' lang='grc' dir='ltr'>Γρατια·</span> 
     </span>
    </p>
   </div>
   <div class='ocr_carea' id='block_1_53' title="bbox 295 3781 1888 3860">
    <p class='ocr_par' dir='ltr' id='par_1_53' title="bbox 295 3781 1888 3860">
     <span class='ocr_line' id='line_1_53' title="bbox 295 3781 1888 3860; baseline -0.001 -21"><span class='ocrx_word' id='word_1_413' title='bbox 295 3785 381 3845; x_wconf 80' lang='grc' dir='ltr'>νὸς</span> <span class='ocrx_word' id='word_1_414' title='bbox 407 3781 460 3838; x_wconf 89' lang='grc' dir='ltr'><strong>δέ</strong></span> <span class='ocrx_word' id='word_1_415' title='bbox 491 3787 582 3843; x_wconf 75' lang='grc' dir='ltr'><strong>την</strong></span> <span class='ocrx_word' id='word_1_416' title='bbox 612 3786 813 3860; x_wconf 89' lang='grc' dir='ltr'>Θράκην</span> <span class='ocrx_word' id='word_1_417' title='bbox 856 3782 1150 3855; x_wconf 82' lang='grc' dir='ltr'>ληίζομένην</span> <span class='ocrx_word' id='word_1_418' title='bbox 1189 3784 1292 3838; x_wconf 86' lang='grc' dir='ltr'>ὐπὸ</span> <span class='ocrx_word' id='word_1_419' title='bbox 1329 3784 1416 3838; x_wconf 85' lang='grc' dir='ltr'><strong>τόν</strong></span> <span class='ocrx_word' id='word_1_420' title='bbox 1451 3782 1705 3838; x_wconf 87' lang='grc' dir='ltr'>Οὐάλεντα</span> <span class='ocrx_word' id='word_1_421' title='bbox 1732 3805 1888 3838; x_wconf 82' lang='grc' dir='ltr'>κατα-</span> 
     </span>
    </p>
   </div>
   <div class='ocr_carea' id='block_1_54' title="bbox 295 3876 1893 3958">
    <p class='ocr_par' dir='ltr' id='par_1_54' title="bbox 295 3876 1893 3958">
     <span class='ocr_line' id='line_1_54' title="bbox 295 3876 1893 3958; baseline 0.003 -27"><span class='ocrx_word' id='word_1_422' title='bbox 295 3880 659 3952; x_wconf 81' lang='grc' dir='ltr'>γωνισαμένων</span> <span class='ocrx_word' id='word_1_423' title='bbox 690 3878 967 3958; x_wconf 86' lang='grc' dir='ltr'>βαρϐάρων</span> <span class='ocrx_word' id='word_1_424' title='bbox 999 3881 1168 3954; x_wconf 81' lang='grc' dir='ltr'>μαθὼν</span> <span class='ocrx_word' id='word_1_425' title='bbox 1187 3920 1200 3944; x_wconf 92' lang='grc'><strong>,</strong></span> <span class='ocrx_word' id='word_1_426' title='bbox 1239 3883 1329 3939; x_wconf 72' lang='grc' dir='ltr'>τὴν</span> <span class='ocrx_word' id='word_1_427' title='bbox 1360 3876 1571 3935; x_wconf 78' lang='grc' dir='ltr'>Ἰταλίαν</span> <span class='ocrx_word' id='word_1_428' title='bbox 1608 3879 1893 3948; x_wconf 85' lang='grc' dir='ltr'>ἀπολιπὼν,</span> 
     </span>
    </p>
   </div>
   <div class='ocr_carea' id='block_1_55' title="bbox 296 3976 993 4050">
    <p class='ocr_par' dir='ltr' id='par_1_55' title="bbox 296 3976 993 4050">
     <span class='ocr_line' id='line_1_55' title="bbox 296 3976 993 4050; baseline -0.007 -16"><span class='ocrx_word' id='word_1_429' title='bbox 296 3976 371 4038; x_wconf 81' lang='grc' dir='ltr'>εἰς</span> <span class='ocrx_word' id='word_1_430' title='bbox 397 3980 487 4037; x_wconf 76' lang='grc' dir='ltr'>τὴν</span> <span class='ocrx_word' id='word_1_431' title='bbox 513 3976 745 4032; x_wconf 83' lang='grc' dir='ltr'>Παιονίαν</span> <span class='ocrx_word' id='word_1_432' title='bbox 771 3976 993 4050; x_wconf 77' lang='grc' dir='ltr'>ἀφίκετο.</span> 
     </span>
    </p>
   </div>
   <div class='ocr_carea' id='block_1_56' title="bbox 372 4344 1898 4428">
    <p class='ocr_par' dir='ltr' id='par_1_56' title="bbox 372 4344 1898 4428">
     <span class='ocr_line' id='line_1_56' title="bbox 372 4344 1898 4428; baseline -0.003 -19"><span class='ocrx_word' id='word_1_433' title='bbox 372 4352 430 4409; x_wconf 90' lang='grc'><strong>8.</strong></span> <span class='ocrx_word' id='word_1_434' title='bbox 467 4350 596 4409; x_wconf 81' lang='grc' dir='ltr'>’Υπό</span> <span class='ocrx_word' id='word_1_435' title='bbox 625 4349 679 4406; x_wconf 83' lang='grc' dir='ltr'><strong>δέ</strong></span> <span class='ocrx_word' id='word_1_436' title='bbox 716 4351 804 4408; x_wconf 83' lang='grc' dir='ltr'><strong>τόν</strong></span> <span class='ocrx_word' id='word_1_437' title='bbox 841 4350 996 4406; x_wconf 85' lang='grc' dir='ltr'>αὐτὸν</span> <span class='ocrx_word' id='word_1_438' title='bbox 1038 4350 1226 4428; x_wconf 88' lang='grc' dir='ltr'>χρόνον</span> <span class='ocrx_word' id='word_1_439' title='bbox 1265 4351 1349 4406; x_wconf 76' lang='grc' dir='ltr'><strong>καί</strong></span> <span class='ocrx_word' id='word_1_440' title='bbox 1387 4344 1658 4409; x_wconf 80' lang='grc' dir='ltr'>Θεοδόσιος</span> <span class='ocrx_word' id='word_1_441' title='bbox 1701 4344 1806 4403; x_wconf 81' lang='grc' dir='ltr'><strong>ἀπό</strong></span> <span class='ocrx_word' id='word_1_442' title='bbox 1842 4369 1898 4404; x_wconf 88' lang='grc' dir='ltr'><strong>τε</strong></span> 
     </span>
    </p>
   </div>
   <div class='ocr_carea' id='block_1_57' title="bbox 295 4456 1901 4540">
    <p class='ocr_par' dir='ltr' id='par_1_57' title="bbox 295 4456 1901 4540">
     <span class='ocr_line' id='line_1_57' title="bbox 295 4456 1901 4540; baseline -0.021 2"><span class='ocrx_word' id='word_1_443' title='bbox 295 4471 392 4524; x_wconf 62' lang='grc' dir='ltr'><strong>τῆς</strong></span> <span class='ocrx_word' id='word_1_444' title='bbox 433 4467 537 4517; x_wconf 72' lang='grc' dir='ltr'>τῶν</span> <span class='ocrx_word' id='word_1_445' title='bbox 565 4459 823 4540; x_wconf 76' lang='grc' dir='ltr'>προγόνων</span> <span class='ocrx_word' id='word_1_446' title='bbox 860 4459 1210 4534; x_wconf 71' lang='grc' dir='ltr'>περιφανείας,</span> <span class='ocrx_word' id='word_1_447' title='bbox 1249 4457 1352 4514; x_wconf 84' lang='grc' dir='ltr'><strong>ἀπό</strong></span> <span class='ocrx_word' id='word_1_448' title='bbox 1387 4477 1441 4512; x_wconf 92' lang='grc' dir='ltr'><strong>τε</strong></span> <span class='ocrx_word' id='word_1_449' title='bbox 1473 4463 1566 4516; x_wconf 78' lang='grc' dir='ltr'>τῆς</span> <span class='ocrx_word' id='word_1_450' title='bbox 1603 4456 1762 4512; x_wconf 84' lang='grc' dir='ltr'>αὐτοῦ</span> <span class='ocrx_word' id='word_1_451' title='bbox 1786 4475 1901 4530; x_wconf 88' lang='grc' dir='ltr'>γεν-</span> 
     </span>
    </p>
   </div>
   <div class='ocr_carea' id='block_1_58' title="bbox 296 4561 1900 4638">
    <p class='ocr_par' dir='ltr' id='par_1_58' title="bbox 296 4561 1900 4638">
     <span class='ocr_line' id='line_1_58' title="bbox 296 4561 1900 4638; baseline -0.004 -18"><span class='ocrx_word' id='word_1_452' title='bbox 296 4563 596 4629; x_wconf 79' lang='grc' dir='ltr'>ναιότητος,</span> <span class='ocrx_word' id='word_1_453' title='bbox 638 4564 1044 4638; x_wconf 77' lang='grc' dir='ltr'>ὀνομαστότατος</span> <span class='ocrx_word' id='word_1_454' title='bbox 1075 4561 1159 4630; x_wconf 74' lang='grc' dir='ltr'>ἦν,</span> <span class='ocrx_word' id='word_1_455' title='bbox 1189 4564 1276 4618; x_wconf 80' lang='grc' dir='ltr'><strong>καί</strong></span> <span class='ocrx_word' id='word_1_456' title='bbox 1311 4561 1415 4617; x_wconf 87' lang='grc' dir='ltr'>ὐπό</span> <span class='ocrx_word' id='word_1_457' title='bbox 1451 4565 1544 4616; x_wconf 81' lang='grc' dir='ltr'>τοῦ</span> <span class='ocrx_word' id='word_1_458' title='bbox 1578 4561 1758 4634; x_wconf 78' lang='grc' dir='ltr'>φθόνου</span> <span class='ocrx_word' id='word_1_459' title='bbox 1799 4567 1900 4616; x_wconf 86' lang='grc' dir='ltr'><strong>τῶν</strong></span> 
     </span>
    </p>
   </div>
   <div class='ocr_carea' id='block_1_59' title="bbox 299 4651 1982 4742">
    <p class='ocr_par' dir='ltr' id='par_1_59' title="bbox 299 4651 1982 4742">
     <span class='ocr_line' id='line_1_59' title="bbox 299 4651 1982 4742; baseline -0.005 -18"><span class='ocrx_word' id='word_1_460' title='bbox 299 4669 562 4742; x_wconf 77' lang='grc' dir='ltr'>ὁμοτίμων</span> <span class='ocrx_word' id='word_1_461' title='bbox 589 4665 895 4742; x_wconf 71' lang='grc' dir='ltr'>βαλλόμενος</span> <span class='ocrx_word' id='word_1_462' title='bbox 916 4709 930 4732; x_wconf 90' lang='grc'><strong>,</strong></span> <span class='ocrx_word' id='word_1_463' title='bbox 971 4669 1023 4724; x_wconf 81' lang='grc' dir='ltr'><strong>έν</strong></span> <span class='ocrx_word' id='word_1_464' title='bbox 1061 4675 1182 4730; x_wconf 87' lang='grc' dir='ltr'>ταῖς</span> <span class='ocrx_word' id='word_1_465' title='bbox 1225 4665 1509 4726; x_wconf 83' lang='grc' dir='ltr'>Ἱσπανίαις</span> <span class='ocrx_word' id='word_1_466' title='bbox 1546 4662 1820 4740; x_wconf 86' lang='grc' dir='ltr'>διέτριϐεν·</span> <span class='ocrx_word' id='word_1_467' title='bbox 1854 4664 1902 4721; x_wconf 83' lang='grc' dir='ltr'>ἐν</span> <span class='ocrx_word' id='word_1_468' title='bbox 1924 4651 1982 4716; x_wconf 77' lang='grc' dir='ltr'><strong>Ῐ)</strong></span> 
     </span>
    </p>
   </div>
   <div class='ocr_carea' id='block_1_60' title="bbox 301 4759 1904 4848">
    <p class='ocr_par' dir='ltr' id='par_1_60' title="bbox 301 4759 1904 4848">
     <span class='ocr_line' id='line_1_60' title="bbox 301 4759 1904 4848; baseline -0.002 -25"><span class='ocrx_word' id='word_1_469' title='bbox 301 4771 520 4831; x_wconf 83' lang='grc' dir='ltr'>ἐκείναις</span> <span class='ocrx_word' id='word_1_470' title='bbox 552 4774 654 4848; x_wconf 75' lang='grc' dir='ltr'><strong>γὰρ</strong></span> <span class='ocrx_word' id='word_1_471' title='bbox 694 4769 784 4845; x_wconf 66' lang='grc' dir='ltr'><strong>ἔφυ</strong></span> <span class='ocrx_word' id='word_1_472' title='bbox 815 4790 868 4826; x_wconf 84' lang='grc' dir='ltr'><strong>τε</strong></span> <span class='ocrx_word' id='word_1_473' title='bbox 896 4772 981 4825; x_wconf 82' lang='grc' dir='ltr'>καὶ</span> <span class='ocrx_word' id='word_1_474' title='bbox 1009 4767 1230 4844; x_wconf 76' lang='grc' dir='ltr'>ἑτράφη⁹</span> <span class='ocrx_word' id='word_1_475' title='bbox 1261 4769 1468 4845; x_wconf 84' lang='grc' dir='ltr'>ἀπορῶν</span> <span class='ocrx_word' id='word_1_476' title='bbox 1494 4763 1556 4825; x_wconf 84' lang='grc' dir='ltr'>δὴ</span> <span class='ocrx_word' id='word_1_477' title='bbox 1583 4759 1667 4820; x_wconf 74' lang='grc' dir='ltr'>οὖν</span> <span class='ocrx_word' id='word_1_478' title='bbox 1704 4763 1730 4820; x_wconf 88' lang='grc' dir='ltr'><strong>ό</strong></span> <span class='ocrx_word' id='word_1_479' title='bbox 1753 4765 1904 4837; x_wconf 85' lang='grc' dir='ltr'>βασι-</span> 
     </span>
    </p>
   </div>
   <div class='ocr_carea' id='block_1_61' title="bbox 298 4867 1906 4950">
    <p class='ocr_par' dir='ltr' id='par_1_61' title="bbox 298 4867 1906 4950">
     <span class='ocr_line' id='line_1_61' title="bbox 298 4867 1906 4950; baseline -0.002 -23"><span class='ocrx_word' id='word_1_480' title='bbox 298 4873 419 4934; x_wconf 72' lang='grc' dir='ltr'>λεὺς</span> <span class='ocrx_word' id='word_1_481' title='bbox 464 4874 745 4950; x_wconf 85' lang='grc' dir='ltr'>Γρατιανὸς</span> <span class='ocrx_word' id='word_1_482' title='bbox 783 4871 812 4928; x_wconf 81' lang='grc' dir='ltr'>ὅ</span> <span class='ocrx_word' id='word_1_483' title='bbox 845 4896 896 4929; x_wconf 91' lang='grc' dir='ltr'><strong>τι</strong></span> <span class='ocrx_word' id='word_1_484' title='bbox 941 4880 1049 4949; x_wconf 81' lang='grc' dir='ltr'><strong>χρῆ</strong></span> <span class='ocrx_word' id='word_1_485' title='bbox 1089 4870 1308 4948; x_wconf 87' lang='grc' dir='ltr'>δράσαι·</span> <span class='ocrx_word' id='word_1_486' title='bbox 1365 4869 1670 4942; x_wconf 83' lang='grc' dir='ltr'>φυσηθέντες</span> <span class='ocrx_word' id='word_1_487' title='bbox 1707 4869 1809 4944; x_wconf 86' lang='grc' dir='ltr'><strong>γάρ</strong></span> <span class='ocrx_word' id='word_1_488' title='bbox 1851 4867 1906 4923; x_wconf 70' lang='grc' dir='ltr'>ἐκ</span> 
     </span>
    </p>
   </div>
   <div class='ocr_carea' id='block_1_62' title="bbox 300 4970 1902 5053">
    <p class='ocr_par' dir='ltr' id='par_1_62' title="bbox 300 4970 1902 5053">
     <span class='ocr_line' id='line_1_62' title="bbox 300 4970 1902 5053; baseline -0.009 -17"><span class='ocrx_word' id='word_1_489' title='bbox 300 4985 398 5037; x_wconf 71' lang='grc' dir='ltr'>τῆς</span> <span class='ocrx_word' id='word_1_490' title='bbox 422 4977 563 5038; x_wconf 76' lang='grc' dir='ltr'>νίκης</span> <span class='ocrx_word' id='word_1_491' title='bbox 583 4978 627 5031; x_wconf 78' lang='grc' dir='ltr'>οἱ</span> <span class='ocrx_word' id='word_1_492' title='bbox 654 4976 911 5053; x_wconf 81' lang='grc' dir='ltr'>βάρϐαροι</span> <span class='ocrx_word' id='word_1_493' title='bbox 936 4973 1208 5049; x_wconf 81' lang='grc' dir='ltr'>δύσμαχοί</span> <span class='ocrx_word' id='word_1_494' title='bbox 1235 4989 1289 5030; x_wconf 83' lang='grc' dir='ltr'><strong>τε</strong></span> <span class='ocrx_word' id='word_1_495' title='bbox 1317 4970 1450 5033; x_wconf 73' lang='grc' dir='ltr'>ἦσαν</span> <span class='ocrx_word' id='word_1_496' title='bbox 1478 4973 1557 5026; x_wconf 84' lang='grc' dir='ltr'><strong>καί</strong></span> <span class='ocrx_word' id='word_1_497' title='bbox 1594 4971 1902 5043; x_wconf 78' lang='grc' dir='ltr'>ἐνομίζοντο·</span> 
     </span>
    </p>
   </div>
   <div class='ocr_carea' id='block_1_63' title="bbox 303 5073 1902 5159">
    <p class='ocr_par' dir='ltr' id='par_1_63' title="bbox 303 5073 1902 5159">
     <span class='ocr_line' id='line_1_63' title="bbox 303 5073 1902 5159; baseline -0.009 -20"><span class='ocrx_word' id='word_1_498' title='bbox 303 5083 399 5139; x_wconf 61' lang='grc' dir='ltr'>τὴν</span> <span class='ocrx_word' id='word_1_499' title='bbox 441 5081 713 5138; x_wconf 87' lang='grc' dir='ltr'>Θεοδοσίου</span> <span class='ocrx_word' id='word_1_500' title='bbox 758 5081 1073 5159; x_wconf 85' lang='grc' dir='ltr'>στρατηγίαν</span> <span class='ocrx_word' id='word_1_501' title='bbox 1119 5079 1266 5133; x_wconf 87' lang='grc' dir='ltr'>λύσεν</span> <span class='ocrx_word' id='word_1_502' title='bbox 1302 5073 1526 5133; x_wconf 84' lang='grc' dir='ltr'>ὐπέλαϐε</span> <span class='ocrx_word' id='word_1_503' title='bbox 1571 5081 1670 5130; x_wconf 86' lang='grc' dir='ltr'>τῶν</span> <span class='ocrx_word' id='word_1_504' title='bbox 1711 5078 1902 5146; x_wconf 83' lang='grc' dir='ltr'>κακῶν·</span> 
     </span>
    </p>
   </div>
   <div class='ocr_carea' id='block_1_64' title="bbox 298 5176 1906 5262">
    <p class='ocr_par' dir='ltr' id='par_1_64' title="bbox 298 5176 1906 5262">
     <span class='ocr_line' id='line_1_64' title="bbox 298 5176 1906 5262; baseline -0.007 -20"><span class='ocrx_word' id='word_1_505' title='bbox 298 5191 384 5242; x_wconf 82' lang='grc' dir='ltr'><strong>καί</strong></span> <span class='ocrx_word' id='word_1_506' title='bbox 409 5186 707 5262; x_wconf 85' lang='grc' dir='ltr'>παραυτίκα</span> <span class='ocrx_word' id='word_1_507' title='bbox 737 5183 789 5237; x_wconf 82' lang='grc' dir='ltr'>ἐκ</span> <span class='ocrx_word' id='word_1_508' title='bbox 815 5192 910 5243; x_wconf 80' lang='grc' dir='ltr'><strong>τῆς</strong></span> <span class='ocrx_word' id='word_1_509' title='bbox 942 5179 1189 5256; x_wconf 85' lang='grc' dir='ltr'>Ἰϐηρίας,</span> <span class='ocrx_word' id='word_1_510' title='bbox 1218 5181 1249 5240; x_wconf 76' lang='grc' dir='ltr'><strong><em>ἢ</em></strong></span> <span class='ocrx_word' id='word_1_511' title='bbox 1278 5183 1362 5235; x_wconf 81' lang='grc' dir='ltr'><strong>καί</strong></span> <span class='ocrx_word' id='word_1_512' title='bbox 1392 5176 1629 5233; x_wconf 78' lang='grc' dir='ltr'>Ἰσπανία</span> <span class='ocrx_word' id='word_1_513' title='bbox 1653 5176 1906 5244; x_wconf 85' lang='grc' dir='ltr'>καλεῖται,</span> 
     </span>
    </p>
   </div>
   <div class='ocr_carea' id='block_1_65' title="bbox 298 5283 1907 5368">
    <p class='ocr_par' dir='ltr' id='par_1_65' title="bbox 298 5283 1907 5368">
     <span class='ocr_line' id='line_1_65' title="bbox 298 5283 1907 5368; baseline -0.009 -21"><span class='ocrx_word' id='word_1_514' title='bbox 298 5292 388 5347; x_wconf 79' lang='grc' dir='ltr'><strong>τόν</strong></span> <span class='ocrx_word' id='word_1_515' title='bbox 416 5287 578 5368; x_wconf 76' lang='grc' dir='ltr'>ἄνδρα</span> <span class='ocrx_word' id='word_1_516' title='bbox 599 5286 1091 5361; x_wconf 71' lang='grc' dir='ltr'>μεταπεμψάμενος,</span> <span class='ocrx_word' id='word_1_517' title='bbox 1107 5283 1399 5361; x_wconf 87' lang='grc' dir='ltr'>στρατηγόν</span> <span class='ocrx_word' id='word_1_518' title='bbox 1424 5303 1478 5338; x_wconf 92' lang='grc' dir='ltr'><strong>τε</strong></span> <span class='ocrx_word' id='word_1_519' title='bbox 1509 5283 1907 5360; x_wconf 74' lang='grc' dir='ltr'>χειροτονήσας,</span> 
     </span>
    </p>
   </div>
   <div class='ocr_carea' id='block_1_66' title="bbox 301 5382 1912 5468">
    <p class='ocr_par' dir='ltr' id='par_1_66' title="bbox 301 5382 1912 5468">
     <span class='ocr_line' id='line_1_66' title="bbox 301 5382 1912 5468; baseline -0.006 -22"><span class='ocrx_word' id='word_1_520' title='bbox 301 5391 435 5462; x_wconf 53' lang='grc' dir='ltr'>μτά</span> <span class='ocrx_word' id='word_1_521' title='bbox 455 5395 709 5468; x_wconf 81' lang='grc' dir='ltr'>στρατιᾶς</span> <span class='ocrx_word' id='word_1_522' title='bbox 727 5397 818 5450; x_wconf 76' lang='grc' dir='ltr'>τῆς</span> <span class='ocrx_word' id='word_1_523' title='bbox 852 5388 1238 5462; x_wconf 86' lang='grc' dir='ltr'>συνειλεγμένης</span> <span class='ocrx_word' id='word_1_524' title='bbox 1265 5387 1544 5457; x_wconf 73' lang='grc' dir='ltr'>ὶκπέμπει·</span> <span class='ocrx_word' id='word_1_525' title='bbox 1575 5383 1602 5440; x_wconf 86' lang='grc' dir='ltr'>ὁ</span> <span class='ocrx_word' id='word_1_526' title='bbox 1633 5382 1687 5440; x_wconf 85' lang='grc' dir='ltr'><strong>δέ</strong></span> <span class='ocrx_word' id='word_1_527' title='bbox 1717 5385 1912 5456; x_wconf 84' lang='grc' dir='ltr'>ἀμάχῳ</span> 
     </span>
    </p>
   </div>
   <div class='ocr_carea' id='block_1_67' title="bbox 301 5487 1914 5568">
    <p class='ocr_par' dir='ltr' id='par_1_67' title="bbox 301 5487 1914 5568">
     <span class='ocr_line' id='line_1_67' title="bbox 301 5487 1914 5568; baseline -0.005 -20"><span class='ocrx_word' id='word_1_528' title='bbox 301 5491 466 5564; x_wconf 81' lang='grc' dir='ltr'>ὅπλῳ,</span> <span class='ocrx_word' id='word_1_529' title='bbox 499 5501 561 5567; x_wconf 75' lang='grc' dir='ltr'>τῇ</span> <span class='ocrx_word' id='word_1_530' title='bbox 593 5489 858 5568; x_wconf 76' lang='grc' dir='ltr'>ὀρθοδοξία</span> <span class='ocrx_word' id='word_1_531' title='bbox 883 5491 1253 5566; x_wconf 77' lang='grc' dir='ltr'>πεφραγμένος.</span> <span class='ocrx_word' id='word_1_532' title='bbox 1276 5487 1663 5562; x_wconf 70' lang='grc' dir='ltr'>τεθαρρηκότως</span> <span class='ocrx_word' id='word_1_533' title='bbox 1685 5487 1768 5541; x_wconf 83' lang='grc' dir='ltr'><strong>ἐπὶ</strong></span> <span class='ocrx_word' id='word_1_534' title='bbox 1793 5489 1914 5549; x_wconf 85' lang='grc' dir='ltr'><strong>τούς</strong></span> 
     </span>
    </p>
   </div>
   <div class='ocr_carea' id='block_1_68' title="bbox 299 5593 1913 5671">
    <p class='ocr_par' dir='ltr' id='par_1_68' title="bbox 299 5593 1913 5671">
     <span class='ocr_line' id='line_1_68' title="bbox 299 5593 1913 5671; baseline -0.005 -18"><span class='ocrx_word' id='word_1_535' title='bbox 299 5598 614 5658; x_wconf 84' lang='grc' dir='ltr'>ἀντιπάλους</span> <span class='ocrx_word' id='word_1_536' title='bbox 644 5598 838 5671; x_wconf 83' lang='grc' dir='ltr'>ἐχώρει</span> <span class='ocrx_word' id='word_1_537' title='bbox 857 5612 870 5625; x_wconf 92' lang='grc'><strong>·</strong></span> <span class='ocrx_word' id='word_1_538' title='bbox 902 5597 985 5650; x_wconf 86' lang='grc' dir='ltr'><strong>καί</strong></span> <span class='ocrx_word' id='word_1_539' title='bbox 1006 5603 1100 5656; x_wconf 81' lang='grc' dir='ltr'><strong>τῆς</strong></span> <span class='ocrx_word' id='word_1_540' title='bbox 1127 5596 1328 5671; x_wconf 84' lang='grc' dir='ltr'>Θράκης</span> <span class='ocrx_word' id='word_1_541' title='bbox 1351 5593 1536 5654; x_wconf 78' lang='grc' dir='ltr'>ἐπιϐὰς</span> <span class='ocrx_word' id='word_1_542' title='bbox 1554 5633 1568 5657; x_wconf 86' lang='grc'><strong>,</strong></span> <span class='ocrx_word' id='word_1_543' title='bbox 1591 5595 1678 5647; x_wconf 85' lang='grc' dir='ltr'><strong>καί</strong></span> <span class='ocrx_word' id='word_1_544' title='bbox 1697 5593 1913 5664; x_wconf 86' lang='grc' dir='ltr'>πόλεμον</span> 
     </span>
    </p>
   </div>
   <div class='ocr_carea' id='block_1_69' title="bbox 303 5694 1916 5775">
    <p class='ocr_par' dir='ltr' id='par_1_69' title="bbox 303 5694 1916 5775">
     <span class='ocr_line' id='line_1_69' title="bbox 303 5694 1916 5775; baseline -0.004 -17"><span class='ocrx_word' id='word_1_545' title='bbox 303 5702 330 5758; x_wconf 81' lang='grc' dir='ltr'>ὁ</span> <span class='ocrx_word' id='word_1_546' title='bbox 352 5703 446 5773; x_wconf 76' lang='grc' dir='ltr'>μὲν</span> <span class='ocrx_word' id='word_1_547' title='bbox 490 5701 792 5773; x_wconf 85' lang='grc' dir='ltr'>ἀνακράτως</span> <span class='ocrx_word' id='word_1_548' title='bbox 810 5701 947 5755; x_wconf 77' lang='grc' dir='ltr'>ἐνίκα</span> <span class='ocrx_word' id='word_1_549' title='bbox 965 5716 976 5728; x_wconf 87' lang='grc'><strong>·</strong></span> <span class='ocrx_word' id='word_1_550' title='bbox 1007 5699 1054 5752; x_wconf 83' lang='grc' dir='ltr'>οἱ</span> <span class='ocrx_word' id='word_1_551' title='bbox 1081 5697 1342 5775; x_wconf 82' lang='grc' dir='ltr'>βάρϐαροι</span> <span class='ocrx_word' id='word_1_552' title='bbox 1364 5694 1438 5763; x_wconf 83' lang='grc' dir='ltr'><strong>δέ,</strong></span> <span class='ocrx_word' id='word_1_553' title='bbox 1465 5694 1576 5752; x_wconf 84' lang='grc' dir='ltr'>οὐδὲ</span> <span class='ocrx_word' id='word_1_554' title='bbox 1593 5702 1682 5755; x_wconf 78' lang='grc' dir='ltr'>τὴν</span> <span class='ocrx_word' id='word_1_555' title='bbox 1708 5700 1916 5773; x_wconf 84' lang='grc' dir='ltr'>πρώτην</span> 
     </span>
    </p>
   </div>
   <div class='ocr_carea' id='block_1_70' title="bbox 312 5806 1915 5885">
    <p class='ocr_par' dir='ltr' id='par_1_70' title="bbox 312 5806 1915 5885">
     <span class='ocr_line' id='line_1_70' title="bbox 312 5806 1915 5885; baseline -0.004 -17"><span class='ocrx_word' id='word_1_556' title='bbox 312 5814 457 5874; x_wconf 79' lang='grc' dir='ltr'>εὐθὺς</span> <span class='ocrx_word' id='word_1_557' title='bbox 480 5811 790 5885; x_wconf 70' lang='grc' dir='ltr'>ἐνεγκόντες,</span> <span class='ocrx_word' id='word_1_558' title='bbox 819 5807 1056 5884; x_wconf 77' lang='grc' dir='ltr'>ἐφνγόντο</span> <span class='ocrx_word' id='word_1_559' title='bbox 1075 5807 1204 5872; x_wconf 81' lang='grc' dir='ltr'>ὁμοῦ</span> <span class='ocrx_word' id='word_1_560' title='bbox 1226 5809 1435 5869; x_wconf 87' lang='grc' dir='ltr'>πάντες·</span> <span class='ocrx_word' id='word_1_561' title='bbox 1463 5811 1550 5864; x_wconf 81' lang='grc' dir='ltr'><strong>καί</strong></span> <span class='ocrx_word' id='word_1_562' title='bbox 1575 5806 1735 5868; x_wconf 88' lang='grc' dir='ltr'>πολύς</span> <span class='ocrx_word' id='word_1_563' title='bbox 1751 5808 1915 5863; x_wconf 85' lang='grc' dir='ltr'>αὐτῶν</span> 
     </span>
    </p>
   </div>
   <div class='ocr_carea' id='block_1_71' title="bbox 317 5916 1916 5998">
    <p class='ocr_par' dir='ltr' id='par_1_71' title="bbox 317 5916 1916 5998">
     <span class='ocr_line' id='line_1_71' title="bbox 317 5916 1916 5998; baseline -0.003 -22"><span class='ocrx_word' id='word_1_564' title='bbox 317 5922 518 5998; x_wconf 66' lang='grc' dir='ltr'>ἐγένετο</span> <span class='ocrx_word' id='word_1_565' title='bbox 542 5921 711 5995; x_wconf 74' lang='grc' dir='ltr'>φόνος,</span> <span class='ocrx_word' id='word_1_566' title='bbox 742 5922 831 5976; x_wconf 83' lang='grc' dir='ltr'><strong>οὐκ</strong></span> <span class='ocrx_word' id='word_1_567' title='bbox 860 5920 965 5976; x_wconf 73' lang='grc' dir='ltr'>ὐπὸ</span> <span class='ocrx_word' id='word_1_568' title='bbox 995 5916 1252 5992; x_wconf 83' lang='grc' dir='ltr'>Ῥωμαίων</span> <span class='ocrx_word' id='word_1_569' title='bbox 1273 5919 1446 5993; x_wconf 86' lang='grc' dir='ltr'>μόνον,</span> <span class='ocrx_word' id='word_1_570' title='bbox 1469 5919 1572 5974; x_wconf 78' lang='grc' dir='ltr'>ἀλλ’</span> <span class='ocrx_word' id='word_1_571' title='bbox 1593 5916 1690 5978; x_wconf 65' lang='grc' dir='ltr'>ἤδη</span> <span class='ocrx_word' id='word_1_572' title='bbox 1710 5922 1793 5975; x_wconf 80' lang='grc' dir='ltr'><strong>καί</strong></span> <span class='ocrx_word' id='word_1_573' title='bbox 1813 5918 1916 5974; x_wconf 86' lang='grc' dir='ltr'>ὐπὸ</span> 
     </span>
    </p>
   </div>
   <div class='ocr_carea' id='block_1_72' title="bbox 1991 1977 3123 2046">
    <p class='ocr_par' dir='ltr' id='par_1_72' title="bbox 1991 1977 3123 2046">
     <span class='ocr_line' id='line_1_72' title="bbox 1991 1977 3123 2046; baseline 0.007 -15"><span class='ocrx_word' id='word_1_574' title='bbox 1991 1977 2162 2046; x_wconf 89' lang='lat' dir='ltr'><strong>cipit,</strong></span> <span class='ocrx_word' id='word_1_575' title='bbox 2199 1978 2420 2034; x_wconf 86' lang='lat' dir='ltr'><strong>vulnera</strong></span> <span class='ocrx_word' id='word_1_576' title='bbox 2453 1980 2757 2036; x_wconf 90' lang='lat' dir='ltr'><strong>animarum</strong></span> <span class='ocrx_word' id='word_1_577' title='bbox 2791 1991 3123 2039; x_wconf 86' lang='lat' dir='ltr'><strong>nostrarum.</strong></span> 
     </span>
    </p>
   </div>
   <div class='ocr_carea' id='block_1_73' title="bbox 2063 2071 3593 2154">
    <p class='ocr_par' dir='ltr' id='par_1_73' title="bbox 2063 2071 3593 2154">
     <span class='ocr_line' id='line_1_73' title="bbox 2063 2071 3593 2154; baseline 0.008 -29"><span class='ocrx_word' id='word_1_578' title='bbox 2063 2072 2116 2126; x_wconf 90' lang='lat'><strong>7.</strong></span> <span class='ocrx_word' id='word_1_579' title='bbox 2163 2071 2288 2127; x_wconf 74' lang='grc' dir='ltr'><strong>Ητεο</strong></span> <span class='ocrx_word' id='word_1_580' title='bbox 2317 2073 2498 2145; x_wconf 88' lang='lat' dir='ltr'><strong>itaque</strong></span> <span class='ocrx_word' id='word_1_581' title='bbox 2527 2089 2649 2130; x_wconf 91' lang='lat' dir='ltr'><strong>cum</strong></span> <span class='ocrx_word' id='word_1_582' title='bbox 2679 2073 3092 2134; x_wconf 87' lang='lat' dir='ltr'><strong>Valentinianus</strong></span> <span class='ocrx_word' id='word_1_583' title='bbox 3130 2095 3358 2151; x_wconf 90' lang='lat' dir='ltr'><strong>magnus</strong></span> <span class='ocrx_word' id='word_1_584' title='bbox 3387 2089 3451 2154; x_wconf 85' lang='lat' dir='ltr'><strong>et</strong></span> <span class='ocrx_word' id='word_1_585' title='bbox 3469 2081 3593 2154; x_wconf 80' lang='lat' dir='ltr'><strong>pius</strong></span> 
     </span>
    </p>
   </div>
   <div class='ocr_carea' id='block_1_74' title="bbox 1991 2153 3598 2244">
    <p class='ocr_par' dir='ltr' id='par_1_74' title="bbox 1991 2153 3598 2244">
     <span class='ocr_line' id='line_1_74' title="bbox 1991 2153 3598 2244; baseline 0.005 -24"><span class='ocrx_word' id='word_1_586' title='bbox 1991 2167 2287 2236; x_wconf 90' lang='lat' dir='ltr'><strong>imperator</strong></span> <span class='ocrx_word' id='word_1_587' title='bbox 2317 2165 2607 2223; x_wconf 83' lang='lat' dir='ltr'><strong>Mediolani</strong></span> <span class='ocrx_word' id='word_1_588' title='bbox 2643 2167 2866 2225; x_wconf 79' lang='lat' dir='ltr'><strong>dixisset</strong></span> <span class='ocrx_word' id='word_1_589' title='bbox 2909 2179 3072 2242; x_wconf 90' lang='lat' dir='ltr'><strong>atque</strong></span> <span class='ocrx_word' id='word_1_590' title='bbox 3102 2172 3357 2240; x_wconf 88' lang='lat' dir='ltr'><strong>fecisset,</strong></span> <span class='ocrx_word' id='word_1_591' title='bbox 3391 2153 3598 2244; x_wconf 62' lang='lat' dir='ltr'><strong>etpul-</strong></span> 
     </span>
    </p>
   </div>
   <div class='ocr_carea' id='block_1_75' title="bbox 1990 2261 3596 2336">
    <p class='ocr_par' dir='ltr' id='par_1_75' title="bbox 1990 2261 3596 2336">
     <span class='ocr_line' id='line_1_75' title="bbox 1990 2261 3596 2336; baseline 0.006 -20"><span class='ocrx_word' id='word_1_592' title='bbox 1990 2261 2120 2318; x_wconf 82' lang='lat' dir='ltr'><strong>cltre</strong></span> <span class='ocrx_word' id='word_1_593' title='bbox 2149 2261 2367 2332; x_wconf 91' lang='lat' dir='ltr'><strong>quidem</strong></span> <span class='ocrx_word' id='word_1_594' title='bbox 2393 2263 2764 2320; x_wconf 89' lang='lat' dir='ltr'><strong>constituisset</strong></span> <span class='ocrx_word' id='word_1_595' title='bbox 2794 2266 3280 2336; x_wconf 71' lang='lat' dir='ltr'><strong>imperium,reetai</strong></span> <span class='ocrx_word' id='word_1_596' title='bbox 3308 2282 3440 2324; x_wconf 87' lang='lat' dir='ltr'><strong>vero</strong></span> <span class='ocrx_word' id='word_1_597' title='bbox 3473 2267 3596 2326; x_wconf 82' lang='lat' dir='ltr'><strong>fidei</strong></span> 
     </span>
    </p>
   </div>
   <div class='ocr_carea' id='block_1_76' title="bbox 1992 2355 3594 2432">
    <p class='ocr_par' dir='ltr' id='par_1_76' title="bbox 1992 2355 3594 2432">
     <span class='ocr_line' id='line_1_76' title="bbox 1992 2355 3594 2432; baseline 0.007 -22"><span class='ocrx_word' id='word_1_598' title='bbox 1992 2355 2330 2427; x_wconf 81' lang='lat' dir='ltr'><strong>professione</strong></span> <span class='ocrx_word' id='word_1_599' title='bbox 2379 2357 2720 2425; x_wconf 85' lang='lat' dir='ltr'><strong>refulsisset;</strong></span> <span class='ocrx_word' id='word_1_600' title='bbox 2773 2369 2927 2416; x_wconf 82' lang='lat' dir='ltr'><strong>sexto</strong></span> <span class='ocrx_word' id='word_1_601' title='bbox 2956 2360 3167 2416; x_wconf 91' lang='lat' dir='ltr'><strong>decimo</strong></span> <span class='ocrx_word' id='word_1_602' title='bbox 3209 2362 3419 2432; x_wconf 86' lang='lat' dir='ltr'><strong>imperii</strong></span> <span class='ocrx_word' id='word_1_603' title='bbox 3449 2378 3594 2420; x_wconf 90' lang='lat' dir='ltr'><strong>anno</strong></span> 
     </span>
    </p>
   </div>
   <div class='ocr_carea' id='block_1_77' title="bbox 1991 2449 3589 2526">
    <p class='ocr_par' dir='ltr' id='par_1_77' title="bbox 1991 2449 3589 2526">
     <span class='ocr_line' id='line_1_77' title="bbox 1991 2449 3589 2526; baseline 0.005 -22"><span class='ocrx_word' id='word_1_604' title='bbox 1991 2450 2103 2505; x_wconf 90' lang='lat' dir='ltr'><strong>vita</strong></span> <span class='ocrx_word' id='word_1_605' title='bbox 2127 2449 2344 2506; x_wconf 89' lang='lat' dir='ltr'><strong>decedit</strong></span> <span class='ocrx_word' id='word_1_606' title='bbox 2373 2467 2387 2506; x_wconf 85' lang='lat'><strong>:</strong></span> <span class='ocrx_word' id='word_1_607' title='bbox 2419 2465 2764 2508; x_wconf 84' lang='lat' dir='ltr'><strong>successores</strong></span> <span class='ocrx_word' id='word_1_608' title='bbox 2791 2464 2971 2509; x_wconf 87' lang='lat' dir='ltr'><strong>autem</strong></span> <span class='ocrx_word' id='word_1_609' title='bbox 3001 2455 3259 2526; x_wconf 91' lang='lat' dir='ltr'><strong>relinquit</strong></span> <span class='ocrx_word' id='word_1_610' title='bbox 3287 2454 3428 2511; x_wconf 84' lang='lat' dir='ltr'><strong>filios</strong></span> <span class='ocrx_word' id='word_1_611' title='bbox 3459 2471 3589 2512; x_wconf 90' lang='lat' dir='ltr'><strong>suos</strong></span> 
     </span>
    </p>
   </div>
   <div class='ocr_carea' id='block_1_78' title="bbox 1991 2542 3595 2617">
    <p class='ocr_par' dir='ltr' id='par_1_78' title="bbox 1991 2542 3595 2617">
     <span class='ocr_line' id='line_1_78' title="bbox 1991 2542 3595 2617; baseline 0.003 -17"><span class='ocrx_word' id='word_1_612' title='bbox 1991 2542 2308 2600; x_wconf 85' lang='lat' dir='ltr'><strong>Gratianum</strong></span> <span class='ocrx_word' id='word_1_613' title='bbox 2334 2544 2716 2617; x_wconf 90' lang='lat' dir='ltr'><strong>junioremque</strong></span> <span class='ocrx_word' id='word_1_614' title='bbox 2739 2545 3172 2604; x_wconf 79' lang='lat' dir='ltr'><strong>Valentinianum</strong></span> <span class='ocrx_word' id='word_1_615' title='bbox 3191 2592 3206 2616; x_wconf 91' lang='lat'><strong>,</strong></span> <span class='ocrx_word' id='word_1_616' title='bbox 3232 2549 3458 2606; x_wconf 82' lang='lat' dir='ltr'><strong>Valente</strong></span> <span class='ocrx_word' id='word_1_617' title='bbox 3490 2549 3595 2605; x_wconf 83' lang='lat' dir='ltr'><strong>fra-</strong></span> 
     </span>
    </p>
   </div>
   <div class='ocr_carea' id='block_1_79' title="bbox 1993 2635 3594 2711">
    <p class='ocr_par' dir='ltr' id='par_1_79' title="bbox 1993 2635 3594 2711">
     <span class='ocr_line' id='line_1_79' title="bbox 1993 2635 3594 2711; baseline 0.003 -20"><span class='ocrx_word' id='word_1_618' title='bbox 1993 2644 2074 2691; x_wconf 90' lang='lat' dir='ltr'><strong>tre</strong></span> <span class='ocrx_word' id='word_1_619' title='bbox 2103 2635 2160 2691; x_wconf 90' lang='lat' dir='ltr'><strong>in</strong></span> <span class='ocrx_word' id='word_1_620' title='bbox 2197 2635 2434 2693; x_wconf 89' lang='lat' dir='ltr'><strong>Orientis</strong></span> <span class='ocrx_word' id='word_1_621' title='bbox 2465 2639 2776 2710; x_wconf 79' lang='lat' dir='ltr'><strong>regionibus</strong></span> <span class='ocrx_word' id='word_1_622' title='bbox 2804 2655 2984 2695; x_wconf 91' lang='lat' dir='ltr'><strong>rerum</strong></span> <span class='ocrx_word' id='word_1_623' title='bbox 3018 2641 3288 2711; x_wconf 85' lang='lat' dir='ltr'><strong>potiente,</strong></span> <span class='ocrx_word' id='word_1_624' title='bbox 3334 2657 3402 2698; x_wconf 88' lang='lat' dir='ltr'><strong>eo</strong></span> <span class='ocrx_word' id='word_1_625' title='bbox 3443 2642 3594 2698; x_wconf 91' lang='lat' dir='ltr'><strong>scili-</strong></span> 
     </span>
    </p>
   </div>
   <div class='ocr_carea' id='block_1_80' title="bbox 1991 2727 3589 2806">
    <p class='ocr_par' dir='ltr' id='par_1_80' title="bbox 1991 2727 3589 2806">
     <span class='ocr_line' id='line_1_80' title="bbox 1991 2727 3589 2806; baseline 0.004 -23"><span class='ocrx_word' id='word_1_626' title='bbox 1991 2738 2080 2784; x_wconf 89' lang='lat' dir='ltr'><strong>cet</strong></span> <span class='ocrx_word' id='word_1_627' title='bbox 2123 2727 2212 2799; x_wconf 89' lang='lat' dir='ltr'><strong>qui</strong></span> <span class='ocrx_word' id='word_1_628' title='bbox 2247 2728 2462 2786; x_wconf 85' lang='lat' dir='ltr'><strong>Arianis</strong></span> <span class='ocrx_word' id='word_1_629' title='bbox 2493 2730 2544 2784; x_wconf 93' lang='lat' dir='ltr'><strong>in</strong></span> <span class='ocrx_word' id='word_1_630' title='bbox 2595 2730 2818 2800; x_wconf 84' lang='lat' dir='ltr'><strong>perfidia</strong></span> <span class='ocrx_word' id='word_1_631' title='bbox 2848 2747 2971 2788; x_wconf 89' lang='lat' dir='ltr'><strong>sese</strong></span> <span class='ocrx_word' id='word_1_632' title='bbox 3000 2733 3300 2804; x_wconf 84' lang='lat' dir='ltr'><strong>conjunxit.</strong></span> <span class='ocrx_word' id='word_1_633' title='bbox 3337 2733 3437 2789; x_wconf 82' lang='lat' dir='ltr'><strong>llic</strong></span> <span class='ocrx_word' id='word_1_634' title='bbox 3467 2735 3589 2806; x_wconf 85' lang='lat' dir='ltr'><strong>qui-</strong></span> 
     </span>
    </p>
   </div>
   <div class='ocr_carea' id='block_1_81' title="bbox 1992 2821 3590 2898">
    <p class='ocr_par' dir='ltr' id='par_1_81' title="bbox 1992 2821 3590 2898">
     <span class='ocr_line' id='line_1_81' title="bbox 1992 2821 3590 2898; baseline 0.003 -20"><span class='ocrx_word' id='word_1_635' title='bbox 1992 2821 2116 2878; x_wconf 89' lang='lat' dir='ltr'><strong>dem</strong></span> <span class='ocrx_word' id='word_1_636' title='bbox 2144 2837 2268 2876; x_wconf 91' lang='lat' dir='ltr'><strong>cum</strong></span> <span class='ocrx_word' id='word_1_637' title='bbox 2321 2821 2514 2877; x_wconf 89' lang='lat' dir='ltr'><strong>Gothis</strong></span> <span class='ocrx_word' id='word_1_638' title='bbox 2549 2837 2724 2894; x_wconf 90' lang='lat' dir='ltr'><strong>pugna</strong></span> <span class='ocrx_word' id='word_1_639' title='bbox 2750 2839 3074 2896; x_wconf 83' lang='lat' dir='ltr'><strong>congressus</strong></span> <span class='ocrx_word' id='word_1_640' title='bbox 3099 2837 3262 2898; x_wconf 90' lang='lat' dir='ltr'><strong>atque</strong></span> <span class='ocrx_word' id='word_1_641' title='bbox 3300 2826 3546 2884; x_wconf 87' lang='lat' dir='ltr'><strong>devictus</strong></span> <span class='ocrx_word' id='word_1_642' title='bbox 3573 2870 3590 2895; x_wconf 92' lang='lat'><strong>,</strong></span> 
     </span>
    </p>
   </div>
   <div class='ocr_carea' id='block_1_82' title="bbox 1993 2915 3588 2993">
    <p class='ocr_par' dir='ltr' id='par_1_82' title="bbox 1993 2915 3588 2993">
     <span class='ocr_line' id='line_1_82' title="bbox 1993 2915 3588 2993; baseline 0.007 -23"><span class='ocrx_word' id='word_1_643' title='bbox 1993 2915 2047 2970; x_wconf 90' lang='lat' dir='ltr'><strong>in</strong></span> <span class='ocrx_word' id='word_1_644' title='bbox 2075 2916 2365 2987; x_wconf 90' lang='lat' dir='ltr'><strong>paleariam</strong></span> <span class='ocrx_word' id='word_1_645' title='bbox 2395 2933 2573 2973; x_wconf 89' lang='lat' dir='ltr'><strong>casam</strong></span> <span class='ocrx_word' id='word_1_646' title='bbox 2597 2918 2947 2991; x_wconf 83' lang='lat' dir='ltr'><strong>confugiens,</strong></span> <span class='ocrx_word' id='word_1_647' title='bbox 2977 2921 3100 2993; x_wconf 92' lang='lat' dir='ltr'><strong>igne</strong></span> <span class='ocrx_word' id='word_1_648' title='bbox 3123 2923 3320 2978; x_wconf 89' lang='lat' dir='ltr'><strong>ibidem</strong></span> <span class='ocrx_word' id='word_1_649' title='bbox 3349 2923 3550 2980; x_wconf 89' lang='lat' dir='ltr'><strong>interiit</strong></span> <span class='ocrx_word' id='word_1_650' title='bbox 3574 2942 3588 2981; x_wconf 90' lang='lat'><strong>:</strong></span> 
     </span>
    </p>
   </div>
   <div class='ocr_carea' id='block_1_83' title="bbox 1993 3009 3590 3087">
    <p class='ocr_par' dir='ltr' id='par_1_83' title="bbox 1993 3009 3590 3087">
     <span class='ocr_line' id='line_1_83' title="bbox 1993 3009 3590 3087; baseline 0.004 -21"><span class='ocrx_word' id='word_1_651' title='bbox 1993 3010 2046 3066; x_wconf 88' lang='lat' dir='ltr'><strong>in</strong></span> <span class='ocrx_word' id='word_1_652' title='bbox 2098 3009 2415 3066; x_wconf 88' lang='lat' dir='ltr'><strong>Gratianum</strong></span> <span class='ocrx_word' id='word_1_653' title='bbox 2463 3021 2641 3066; x_wconf 89' lang='lat' dir='ltr'><strong>autem</strong></span> <span class='ocrx_word' id='word_1_654' title='bbox 2689 3012 3052 3069; x_wconf 86' lang='lat' dir='ltr'><strong>Valentiniani</strong></span> <span class='ocrx_word' id='word_1_655' title='bbox 3106 3017 3325 3087; x_wconf 89' lang='lat' dir='ltr'><strong>quidem</strong></span> <span class='ocrx_word' id='word_1_656' title='bbox 3374 3017 3540 3072; x_wconf 86' lang='lat' dir='ltr'><strong>lilium</strong></span> <span class='ocrx_word' id='word_1_657' title='bbox 3575 3061 3590 3084; x_wconf 96' lang='lat'><strong>,</strong></span> 
     </span>
    </p>
   </div>
   <div class='ocr_carea' id='block_1_84' title="bbox 1995 3101 3598 3177">
    <p class='ocr_par' dir='ltr' id='par_1_84' title="bbox 1995 3101 3598 3177">
     <span class='ocr_line' id='line_1_84' title="bbox 1995 3101 3598 3177; baseline 0.006 -21"><span class='ocrx_word' id='word_1_658' title='bbox 1995 3101 2234 3158; x_wconf 82' lang='lat' dir='ltr'><strong>Valentis</strong></span> <span class='ocrx_word' id='word_1_659' title='bbox 2262 3118 2392 3158; x_wconf 90' lang='lat' dir='ltr'><strong>vero</strong></span> <span class='ocrx_word' id='word_1_660' title='bbox 2423 3119 2488 3159; x_wconf 78' lang='lat' dir='ltr'><strong>ex</strong></span> <span class='ocrx_word' id='word_1_661' title='bbox 2515 3104 2680 3161; x_wconf 81' lang='lat' dir='ltr'><strong>fratre</strong></span> <span class='ocrx_word' id='word_1_662' title='bbox 2703 3117 2952 3177; x_wconf 89' lang='lat' dir='ltr'><strong>nepotem</strong></span> <span class='ocrx_word' id='word_1_663' title='bbox 2984 3109 3179 3164; x_wconf 88' lang='lat' dir='ltr'><strong>recidit</strong></span> <span class='ocrx_word' id='word_1_664' title='bbox 3210 3111 3456 3166; x_wconf 75' lang='lat' dir='ltr'><strong>univers:i</strong></span> <span class='ocrx_word' id='word_1_665' title='bbox 3489 3109 3598 3166; x_wconf 84' lang='lat' dir='ltr'><strong>Ro-</strong></span> 
     </span>
    </p>
   </div>
   <div class='ocr_carea' id='block_1_85' title="bbox 1995 3197 3594 3273">
    <p class='ocr_par' dir='ltr' id='par_1_85' title="bbox 1995 3197 3594 3273">
     <span class='ocr_line' id='line_1_85' title="bbox 1995 3197 3594 3273; baseline 0.006 -21"><span class='ocrx_word' id='word_1_666' title='bbox 1995 3212 2170 3252; x_wconf 70' lang='lat' dir='ltr'><strong>manw</strong></span> <span class='ocrx_word' id='word_1_667' title='bbox 2199 3197 2424 3253; x_wconf 91' lang='lat' dir='ltr'><strong>ditionis</strong></span> <span class='ocrx_word' id='word_1_668' title='bbox 2463 3201 2701 3270; x_wconf 89' lang='lat' dir='ltr'><strong>potentia</strong></span> <span class='ocrx_word' id='word_1_669' title='bbox 2732 3217 2746 3266; x_wconf 91' lang='lat'><strong>;</strong></span> <span class='ocrx_word' id='word_1_670' title='bbox 2790 3203 3018 3270; x_wconf 87' lang='lat' dir='ltr'><strong>primum</strong></span> <span class='ocrx_word' id='word_1_671' title='bbox 3066 3204 3211 3259; x_wconf 88' lang='lat' dir='ltr'><strong>enim</strong></span> <span class='ocrx_word' id='word_1_672' title='bbox 3239 3220 3268 3258; x_wconf 91' lang='lat' dir='ltr'><strong>a</strong></span> <span class='ocrx_word' id='word_1_673' title='bbox 3306 3216 3457 3273; x_wconf 84' lang='lat' dir='ltr'><strong>patre</strong></span> <span class='ocrx_word' id='word_1_674' title='bbox 3488 3222 3594 3261; x_wconf 86' lang='lat' dir='ltr'><strong>non</strong></span> 
     </span>
    </p>
   </div>
   <div class='ocr_carea' id='block_1_86' title="bbox 1998 3291 3600 3363">
    <p class='ocr_par' dir='ltr' id='par_1_86' title="bbox 1998 3291 3600 3363">
     <span class='ocr_line' id='line_1_86' title="bbox 1998 3291 3600 3363; baseline 0.005 -17"><span class='ocrx_word' id='word_1_675' title='bbox 1998 3291 2159 3347; x_wconf 92' lang='lat' dir='ltr'><strong>modo</strong></span> <span class='ocrx_word' id='word_1_676' title='bbox 2189 3300 2464 3361; x_wconf 86' lang='lat' dir='ltr'><strong>sceptrum</strong></span> <span class='ocrx_word' id='word_1_677' title='bbox 2507 3292 2738 3363; x_wconf 84' lang='lat' dir='ltr'><strong>Ettmpae</strong></span> <span class='ocrx_word' id='word_1_678' title='bbox 2766 3335 2781 3360; x_wconf 92' lang='lat'><strong>,</strong></span> <span class='ocrx_word' id='word_1_679' title='bbox 2813 3310 3001 3350; x_wconf 91' lang='lat' dir='ltr'><strong>verum</strong></span> <span class='ocrx_word' id='word_1_680' title='bbox 3031 3296 3195 3352; x_wconf 88' lang='lat' dir='ltr'><strong>etiam</strong></span> <span class='ocrx_word' id='word_1_681' title='bbox 3229 3298 3393 3353; x_wconf 89' lang='lat' dir='ltr'><strong>totius</strong></span> <span class='ocrx_word' id='word_1_682' title='bbox 3437 3299 3600 3354; x_wconf 86' lang='lat' dir='ltr'><strong>Occi-</strong></span> 
     </span>
    </p>
   </div>
   <div class='ocr_carea' id='block_1_87' title="bbox 1995 3385 3597 3457">
    <p class='ocr_par' dir='ltr' id='par_1_87' title="bbox 1995 3385 3597 3457">
     <span class='ocr_line' id='line_1_87' title="bbox 1995 3385 3597 3457; baseline 0.006 -16"><span class='ocrx_word' id='word_1_683' title='bbox 1995 3385 2176 3441; x_wconf 89' lang='lat' dir='ltr'><strong>dentis</strong></span> <span class='ocrx_word' id='word_1_684' title='bbox 2217 3386 2466 3441; x_wconf 90' lang='lat' dir='ltr'><strong>relictum</strong></span> <span class='ocrx_word' id='word_1_685' title='bbox 2493 3389 2639 3457; x_wconf 90' lang='lat' dir='ltr'><strong>cepit</strong></span> <span class='ocrx_word' id='word_1_686' title='bbox 2672 3406 2686 3444; x_wconf 92' lang='lat'><strong>:</strong></span> <span class='ocrx_word' id='word_1_687' title='bbox 2728 3388 2924 3445; x_wconf 85' lang='lat' dir='ltr'><strong>deinde</strong></span> <span class='ocrx_word' id='word_1_688' title='bbox 2954 3405 3111 3455; x_wconf 87' lang='lat' dir='ltr'><strong>vero,</strong></span> <span class='ocrx_word' id='word_1_689' title='bbox 3143 3407 3263 3447; x_wconf 90' lang='lat' dir='ltr'><strong>eum</strong></span> <span class='ocrx_word' id='word_1_690' title='bbox 3311 3393 3427 3448; x_wconf 91' lang='lat' dir='ltr'><strong>sine</strong></span> <span class='ocrx_word' id='word_1_691' title='bbox 3457 3393 3597 3450; x_wconf 86' lang='lat' dir='ltr'><strong>Iibe-</strong></span> 
     </span>
    </p>
   </div>
   <div class='ocr_carea' id='block_1_88' title="bbox 1996 3478 3597 3556">
    <p class='ocr_par' dir='ltr' id='par_1_88' title="bbox 1996 3478 3597 3556">
     <span class='ocr_line' id='line_1_88' title="bbox 1996 3478 3597 3556; baseline 0.006 -24"><span class='ocrx_word' id='word_1_692' title='bbox 1996 3479 2072 3534; x_wconf 90' lang='lat' dir='ltr'><strong>ris</strong></span> <span class='ocrx_word' id='word_1_693' title='bbox 2107 3478 2301 3534; x_wconf 85' lang='lat' dir='ltr'><strong>Valens</strong></span> <span class='ocrx_word' id='word_1_694' title='bbox 2330 3495 2360 3534; x_wconf 92' lang='lat' dir='ltr'><strong>e</strong></span> <span class='ocrx_word' id='word_1_695' title='bbox 2411 3479 2592 3534; x_wconf 91' lang='lat' dir='ltr'><strong>medio</strong></span> <span class='ocrx_word' id='word_1_696' title='bbox 2622 3479 2864 3535; x_wconf 90' lang='lat' dir='ltr'><strong>sublatus</strong></span> <span class='ocrx_word' id='word_1_697' title='bbox 2905 3492 3050 3539; x_wconf 87' lang='lat' dir='ltr'><strong>esset</strong></span> <span class='ocrx_word' id='word_1_698' title='bbox 3072 3525 3086 3549; x_wconf 93' lang='lat'><strong>,</strong></span> <span class='ocrx_word' id='word_1_699' title='bbox 3116 3483 3298 3539; x_wconf 84' lang='lat' dir='ltr'><strong>Asiam</strong></span> <span class='ocrx_word' id='word_1_700' title='bbox 3345 3500 3597 3556; x_wconf 90' lang='lat' dir='ltr'><strong>quoque,</strong></span> 
     </span>
    </p>
   </div>
   <div class='ocr_carea' id='block_1_89' title="bbox 1996 3571 3596 3647">
    <p class='ocr_par' dir='ltr' id='par_1_89' title="bbox 1996 3571 3596 3647">
     <span class='ocr_line' id='line_1_89' title="bbox 1996 3571 3596 3647; baseline 0.003 -20"><span class='ocrx_word' id='word_1_701' title='bbox 1996 3581 2051 3627; x_wconf 92' lang='lat' dir='ltr'><strong>et</strong></span> <span class='ocrx_word' id='word_1_702' title='bbox 2080 3571 2336 3643; x_wconf 90' lang='lat' dir='ltr'><strong>quidquid</strong></span> <span class='ocrx_word' id='word_1_703' title='bbox 2369 3573 2420 3627; x_wconf 91' lang='lat' dir='ltr'><strong>in</strong></span> <span class='ocrx_word' id='word_1_704' title='bbox 2452 3572 2633 3629; x_wconf 77' lang='lat' dir='ltr'><strong>Africa</strong></span> <span class='ocrx_word' id='word_1_705' title='bbox 2665 3574 2856 3646; x_wconf 90' lang='lat' dir='ltr'><strong>reliqui</strong></span> <span class='ocrx_word' id='word_1_706' title='bbox 2887 3583 3040 3644; x_wconf 86' lang='lat' dir='ltr'><strong>erat,</strong></span> <span class='ocrx_word' id='word_1_707' title='bbox 3069 3577 3116 3633; x_wconf 90' lang='lat' dir='ltr'><strong>is</strong></span> <span class='ocrx_word' id='word_1_708' title='bbox 3144 3578 3394 3634; x_wconf 89' lang='lat' dir='ltr'><strong>obtinuit.</strong></span> <span class='ocrx_word' id='word_1_709' title='bbox 3433 3581 3596 3647; x_wconf 88' lang='lat' dir='ltr'><strong>Quo—</strong></span> 
     </span>
    </p>
   </div>
   <div class='ocr_carea' id='block_1_90' title="bbox 1997 3667 3603 3746">
    <p class='ocr_par' dir='ltr' id='par_1_90' title="bbox 1997 3667 3603 3746">
     <span class='ocr_line' id='line_1_90' title="bbox 1997 3667 3603 3746; baseline 0.005 -25"><span class='ocrx_word' id='word_1_710' title='bbox 1997 3667 2143 3722; x_wconf 89' lang='lat' dir='ltr'><strong>niam</strong></span> <span class='ocrx_word' id='word_1_711' title='bbox 2174 3676 2351 3722; x_wconf 85' lang='lat' dir='ltr'><strong>autem</strong></span> <span class='ocrx_word' id='word_1_712' title='bbox 2403 3668 2572 3737; x_wconf 88' lang='lat' dir='ltr'><strong>patris</strong></span> <span class='ocrx_word' id='word_1_713' title='bbox 2600 3670 2853 3740; x_wconf 78' lang='lat' dir='ltr'><strong>exemplo</strong></span> <span class='ocrx_word' id='word_1_714' title='bbox 2898 3671 3111 3727; x_wconf 90' lang='lat' dir='ltr'><strong>colebat</strong></span> <span class='ocrx_word' id='word_1_715' title='bbox 3158 3673 3454 3744; x_wconf 90' lang='lat' dir='ltr'><strong>pietatem,</strong></span> <span class='ocrx_word' id='word_1_716' title='bbox 3483 3675 3603 3746; x_wconf 84' lang='lat' dir='ltr'><strong>epi-</strong></span> 
     </span>
    </p>
   </div>
   <div class='ocr_carea' id='block_1_91' title="bbox 1996 3762 3599 3836">
    <p class='ocr_par' dir='ltr' id='par_1_91' title="bbox 1996 3762 3599 3836">
     <span class='ocr_line' id='line_1_91' title="bbox 1996 3762 3599 3836; baseline 0.006 -22"><span class='ocrx_word' id='word_1_717' title='bbox 1996 3774 2192 3831; x_wconf 90' lang='lat' dir='ltr'><strong>scopos</strong></span> <span class='ocrx_word' id='word_1_718' title='bbox 2233 3775 2445 3830; x_wconf 89' lang='lat' dir='ltr'><strong>omnes,</strong></span> <span class='ocrx_word' id='word_1_719' title='bbox 2487 3778 2624 3832; x_wconf 89' lang='lat' dir='ltr'><strong>quos</strong></span> <span class='ocrx_word' id='word_1_720' title='bbox 2667 3762 2864 3820; x_wconf 88' lang='lat' dir='ltr'><strong>Valens</strong></span> <span class='ocrx_word' id='word_1_721' title='bbox 2891 3765 2948 3820; x_wconf 90' lang='lat' dir='ltr'><strong>in</strong></span> <span class='ocrx_word' id='word_1_722' title='bbox 2977 3767 3206 3836; x_wconf 88' lang='lat' dir='ltr'><strong>gratiam</strong></span> <span class='ocrx_word' id='word_1_723' title='bbox 3235 3766 3454 3824; x_wconf 59' lang='lat' dir='ltr'><strong>Arianae</strong></span> <span class='ocrx_word' id='word_1_724' title='bbox 3485 3767 3599 3824; x_wconf 62' lang='lat' dir='ltr'><strong>hai-</strong></span> 
     </span>
    </p>
   </div>
   <div class='ocr_carea' id='block_1_92' title="bbox 1998 3853 3603 3931">
    <p class='ocr_par' dir='ltr' id='par_1_92' title="bbox 1998 3853 3603 3931">
     <span class='ocr_line' id='line_1_92' title="bbox 1998 3853 3603 3931; baseline 0.005 -23"><span class='ocrx_word' id='word_1_725' title='bbox 1998 3853 2139 3910; x_wconf 89' lang='lat' dir='ltr'><strong>resis</strong></span> <span class='ocrx_word' id='word_1_726' title='bbox 2168 3855 2340 3924; x_wconf 89' lang='lat' dir='ltr'><strong>patria</strong></span> <span class='ocrx_word' id='word_1_727' title='bbox 2380 3855 2582 3925; x_wconf 86' lang='lat' dir='ltr'><strong>ejectos</strong></span> <span class='ocrx_word' id='word_1_728' title='bbox 2610 3864 2859 3910; x_wconf 85' lang='lat' dir='ltr'><strong>extorres</strong></span> <span class='ocrx_word' id='word_1_729' title='bbox 2893 3856 3134 3925; x_wconf 86' lang='lat' dir='ltr'><strong>fecerat,</strong></span> <span class='ocrx_word' id='word_1_730' title='bbox 3163 3859 3232 3913; x_wconf 92' lang='lat' dir='ltr'><strong>ab</strong></span> <span class='ocrx_word' id='word_1_731' title='bbox 3260 3859 3453 3914; x_wconf 81' lang='lat' dir='ltr'><strong>exsilio</strong></span> <span class='ocrx_word' id='word_1_732' title='bbox 3485 3859 3603 3931; x_wconf 91' lang='lat' dir='ltr'><strong>ipse</strong></span> 
     </span>
    </p>
   </div>
   <div class='ocr_carea' id='block_1_93' title="bbox 1997 3949 3600 4016">
    <p class='ocr_par' dir='ltr' id='par_1_93' title="bbox 1997 3949 3600 4016">
     <span class='ocr_line' id='line_1_93' title="bbox 1997 3949 3600 4016; baseline 0.004 -12"><span class='ocrx_word' id='word_1_733' title='bbox 1997 3951 2292 4004; x_wconf 80' lang='lat' dir='ltr'><strong>revocavit.</strong></span> <span class='ocrx_word' id='word_1_734' title='bbox 2326 3949 2473 4004; x_wconf 88' lang='lat' dir='ltr'><strong>Idem</strong></span> <span class='ocrx_word' id='word_1_735' title='bbox 2505 3950 2667 4005; x_wconf 90' lang='lat' dir='ltr'><strong>etiam</strong></span> <span class='ocrx_word' id='word_1_736' title='bbox 2698 3961 2821 4005; x_wconf 82' lang='lat' dir='ltr'><strong>c‘um</strong></span> <span class='ocrx_word' id='word_1_737' title='bbox 2867 3966 2896 4006; x_wconf 88' lang='lat' dir='ltr'><strong>a</strong></span> <span class='ocrx_word' id='word_1_738' title='bbox 2929 3951 3208 4016; x_wconf 84' lang='lat' dir='ltr'><strong>barbaris.</strong></span> <span class='ocrx_word' id='word_1_739' title='bbox 3239 3952 3366 4008; x_wconf 92' lang='lat' dir='ltr'><strong>dum</strong></span> <span class='ocrx_word' id='word_1_740' title='bbox 3403 3953 3600 4010; x_wconf 90' lang='lat' dir='ltr'><strong>Valens</strong></span> 
     </span>
    </p>
   </div>
   <div class='ocr_carea' id='block_1_94' title="bbox 1999 4031 3601 4113">
    <p class='ocr_par' dir='ltr' id='par_1_94' title="bbox 1999 4031 3601 4113">
     <span class='ocr_line' id='line_1_94' title="bbox 1999 4031 3601 4113; baseline 0.001 -15"><span class='ocrx_word' id='word_1_741' title='bbox 1999 4031 2334 4113; x_wconf 87' lang='lat' dir='ltr'><strong>imperaret,</strong></span> <span class='ocrx_word' id='word_1_742' title='bbox 2377 4041 2522 4098; x_wconf 80' lang='lat' dir='ltr'><strong>bello</strong></span> <span class='ocrx_word' id='word_1_743' title='bbox 2561 4042 2858 4098; x_wconf 89' lang='lat' dir='ltr'><strong>victoribus</strong></span> <span class='ocrx_word' id='word_1_744' title='bbox 2913 4043 3248 4099; x_wconf 84' lang='lat' dir='ltr'><strong>devastatam</strong></span> <span class='ocrx_word' id='word_1_745' title='bbox 3281 4060 3403 4100; x_wconf 91' lang='lat' dir='ltr'><strong>esse</strong></span> <span class='ocrx_word' id='word_1_746' title='bbox 3427 4045 3601 4100; x_wconf 84' lang='lat' dir='ltr'><strong>Thra-</strong></span> 
     </span>
    </p>
   </div>
   <div class='ocr_carea' id='block_1_95' title="bbox 2001 4135 3602 4208">
    <p class='ocr_par' dir='ltr' id='par_1_95' title="bbox 2001 4135 3602 4208">
     <span class='ocr_line' id='line_1_95' title="bbox 2001 4135 3602 4208; baseline 0 -14"><span class='ocrx_word' id='word_1_747' title='bbox 2001 4138 2140 4194; x_wconf 90' lang='lat' dir='ltr'><strong>ciam</strong></span> <span class='ocrx_word' id='word_1_748' title='bbox 2193 4137 2588 4208; x_wconf 89' lang='lat' dir='ltr'><strong>comperisset,</strong></span> <span class='ocrx_word' id='word_1_749' title='bbox 2657 4136 2847 4193; x_wconf 88' lang='lat' dir='ltr'><strong>relicta</strong></span> <span class='ocrx_word' id='word_1_750' title='bbox 2911 4137 3104 4208; x_wconf 91' lang='lat' dir='ltr'><strong>Italia,</strong></span> <span class='ocrx_word' id='word_1_751' title='bbox 3152 4139 3208 4194; x_wconf 93' lang='lat' dir='ltr'><strong>in</strong></span> <span class='ocrx_word' id='word_1_752' title='bbox 3262 4135 3602 4195; x_wconf 83' lang='lat' dir='ltr'><strong>Pannoniam</strong></span> 
     </span>
    </p>
   </div>
   <div class='ocr_carea' id='block_1_96' title="bbox 2000 4231 2174 4288">
    <p class='ocr_par' dir='ltr' id='par_1_96' title="bbox 2000 4231 2174 4288">
     <span class='ocr_line' id='line_1_96' title="bbox 2000 4231 2174 4288; baseline 0.011 -2"><span class='ocrx_word' id='word_1_753' title='bbox 2000 4231 2174 4288; x_wconf 88' lang='lat' dir='ltr'><strong>venit.</strong></span> 
     </span>
    </p>
   </div>
   <div class='ocr_carea' id='block_1_97' title="bbox 2074 4323 3604 4398">
    <p class='ocr_par' dir='ltr' id='par_1_97' title="bbox 2074 4323 3604 4398">
     <span class='ocr_line' id='line_1_97' title="bbox 2074 4323 3604 4398; baseline 0.002 -18"><span class='ocrx_word' id='word_1_754' title='bbox 2074 4325 2128 4380; x_wconf 92' lang='lat'><strong>8.</strong></span> <span class='ocrx_word' id='word_1_755' title='bbox 2171 4323 2284 4382; x_wconf 94' lang='lat' dir='ltr'><strong>Sub</strong></span> <span class='ocrx_word' id='word_1_756' title='bbox 2323 4324 2465 4381; x_wconf 92' lang='lat' dir='ltr'><strong>idem</strong></span> <span class='ocrx_word' id='word_1_757' title='bbox 2497 4333 2708 4397; x_wconf 89' lang='lat' dir='ltr'><strong>tempus</strong></span> <span class='ocrx_word' id='word_1_758' title='bbox 2737 4323 3078 4381; x_wconf 87' lang='lat' dir='ltr'><strong>Theodosius</strong></span> <span class='ocrx_word' id='word_1_759' title='bbox 3103 4341 3319 4398; x_wconf 90' lang='lat' dir='ltr'><strong>quoque</strong></span> <span class='ocrx_word' id='word_1_760' title='bbox 3338 4369 3354 4395; x_wconf 92' lang='lat'><strong>,</strong></span> <span class='ocrx_word' id='word_1_761' title='bbox 3384 4342 3504 4383; x_wconf 93' lang='lat' dir='ltr'><strong>cum</strong></span> <span class='ocrx_word' id='word_1_762' title='bbox 3532 4328 3604 4383; x_wconf 90' lang='lat' dir='ltr'><strong>oh</strong></span> 
     </span>
    </p>
   </div>
   <div class='ocr_carea' id='block_1_98' title="bbox 2004 4419 3604 4492">
    <p class='ocr_par' dir='ltr' id='par_1_98' title="bbox 2004 4419 3604 4492">
     <span class='ocr_line' id='line_1_98' title="bbox 2004 4419 3604 4492; baseline 0.002 -19"><span class='ocrx_word' id='word_1_763' title='bbox 2004 4419 2270 4490; x_wconf 88' lang='lat' dir='ltr'><strong>majorum</strong></span> <span class='ocrx_word' id='word_1_764' title='bbox 2301 4419 2639 4475; x_wconf 91' lang='lat' dir='ltr'><strong>nobilitatem</strong></span> <span class='ocrx_word' id='word_1_765' title='bbox 2660 4460 2676 4486; x_wconf 92' lang='lat'><strong>,</strong></span> <span class='ocrx_word' id='word_1_766' title='bbox 2709 4428 2822 4475; x_wconf 90' lang='lat' dir='ltr'><strong>tum</strong></span> <span class='ocrx_word' id='word_1_767' title='bbox 2854 4420 2924 4475; x_wconf 89' lang='lat' dir='ltr'><strong>ob</strong></span> <span class='ocrx_word' id='word_1_768' title='bbox 2957 4420 3230 4492; x_wconf 85' lang='lat' dir='ltr'><strong>propriam</strong></span> <span class='ocrx_word' id='word_1_769' title='bbox 3260 4422 3604 4492; x_wconf 86' lang='lat' dir='ltr'><strong>generosita-</strong></span> 
     </span>
    </p>
   </div>
   <div class='ocr_carea' id='block_1_99' title="bbox 2006 4511 3606 4583">
    <p class='ocr_par' dir='ltr' id='par_1_99' title="bbox 2006 4511 3606 4583">
     <span class='ocr_line' id='line_1_99' title="bbox 2006 4511 3606 4583; baseline 0.003 -17"><span class='ocrx_word' id='word_1_770' title='bbox 2006 4523 2113 4568; x_wconf 88' lang='lat' dir='ltr'><strong>tem</strong></span> <span class='ocrx_word' id='word_1_771' title='bbox 2144 4511 2536 4568; x_wconf 85' lang='lat' dir='ltr'><strong>celeberrimus</strong></span> <span class='ocrx_word' id='word_1_772' title='bbox 2582 4521 2700 4568; x_wconf 88' lang='lat' dir='ltr'><strong>erat</strong></span> <span class='ocrx_word' id='word_1_773' title='bbox 2729 4531 2742 4567; x_wconf 90' lang='lat'><strong>:</strong></span> <span class='ocrx_word' id='word_1_774' title='bbox 2776 4522 2832 4569; x_wconf 92' lang='lat' dir='ltr'><strong>et</strong></span> <span class='ocrx_word' id='word_1_775' title='bbox 2875 4513 3162 4583; x_wconf 67' lang='lat' dir='ltr'><strong>aequalium</strong></span> <span class='ocrx_word' id='word_1_776' title='bbox 3209 4529 3430 4570; x_wconf 90' lang='lat' dir='ltr'><strong>suorum</strong></span> <span class='ocrx_word' id='word_1_777' title='bbox 3463 4516 3606 4570; x_wconf 87' lang='lat' dir='ltr'><strong>invi-</strong></span> 
     </span>
    </p>
   </div>
   <div class='ocr_carea' id='block_1_100' title="bbox 2005 4605 3601 4678">
    <p class='ocr_par' dir='ltr' id='par_1_100' title="bbox 2005 4605 3601 4678">
     <span class='ocr_line' id='line_1_100' title="bbox 2005 4605 3601 4678; baseline 0.002 -16"><span class='ocrx_word' id='word_1_778' title='bbox 2005 4606 2186 4662; x_wconf 89' lang='lat' dir='ltr'><strong>dentia</strong></span> <span class='ocrx_word' id='word_1_779' title='bbox 2215 4606 2427 4676; x_wconf 90' lang='lat' dir='ltr'><strong>pulsus,</strong></span> <span class='ocrx_word' id='word_1_780' title='bbox 2459 4605 2513 4660; x_wconf 89' lang='lat' dir='ltr'><strong>in</strong></span> <span class='ocrx_word' id='word_1_781' title='bbox 2542 4605 2812 4675; x_wconf 84' lang='lat' dir='ltr'><strong>Hispaniis</strong></span> <span class='ocrx_word' id='word_1_782' title='bbox 2849 4607 3071 4678; x_wconf 86' lang='lat' dir='ltr'><strong>agebat,</strong></span> <span class='ocrx_word' id='word_1_783' title='bbox 3105 4607 3192 4662; x_wconf 90' lang='lat' dir='ltr'><strong>ubi</strong></span> <span class='ocrx_word' id='word_1_784' title='bbox 3222 4616 3277 4662; x_wconf 89' lang='lat' dir='ltr'><strong>et</strong></span> <span class='ocrx_word' id='word_1_785' title='bbox 3301 4617 3460 4664; x_wconf 88' lang='lat' dir='ltr'><strong>natus</strong></span> <span class='ocrx_word' id='word_1_786' title='bbox 3488 4609 3601 4665; x_wconf 83' lang='lat' dir='ltr'><strong>fue-</strong></span> 
     </span>
    </p>
   </div>
   <div class='ocr_carea' id='block_1_101' title="bbox 2010 4699 3602 4770">
    <p class='ocr_par' dir='ltr' id='par_1_101' title="bbox 2010 4699 3602 4770">
     <span class='ocr_line' id='line_1_101' title="bbox 2010 4699 3602 4770; baseline 0.002 -14"><span class='ocrx_word' id='word_1_787' title='bbox 2010 4709 2093 4756; x_wconf 90' lang='lat' dir='ltr'><strong>rat</strong></span> <span class='ocrx_word' id='word_1_788' title='bbox 2119 4709 2172 4756; x_wconf 93' lang='lat' dir='ltr'><strong>et</strong></span> <span class='ocrx_word' id='word_1_789' title='bbox 2197 4699 2477 4755; x_wconf 88' lang='lat' dir='ltr'><strong>educatus.</strong></span> <span class='ocrx_word' id='word_1_790' title='bbox 2506 4699 2767 4770; x_wconf 83' lang='lat' dir='ltr'><strong>Ignorans</strong></span> <span class='ocrx_word' id='word_1_791' title='bbox 2795 4700 2957 4770; x_wconf 87' lang='lat' dir='ltr'><strong>igitur</strong></span> <span class='ocrx_word' id='word_1_792' title='bbox 2986 4699 3284 4770; x_wconf 89' lang='lat' dir='ltr'><strong>imperator</strong></span> <span class='ocrx_word' id='word_1_793' title='bbox 3309 4701 3602 4759; x_wconf 89' lang='lat' dir='ltr'><strong>Gratianus</strong></span> 
     </span>
    </p>
   </div>
   <div class='ocr_carea' id='block_1_102' title="bbox 2009 4791 3605 4863">
    <p class='ocr_par' dir='ltr' id='par_1_102' title="bbox 2009 4791 3605 4863">
     <span class='ocr_line' id='line_1_102' title="bbox 2009 4791 3605 4863; baseline 0.002 -15"><span class='ocrx_word' id='word_1_794' title='bbox 2009 4792 2138 4863; x_wconf 89' lang='lat' dir='ltr'><strong>quid</strong></span> <span class='ocrx_word' id='word_1_795' title='bbox 2171 4793 2308 4847; x_wconf 89' lang='lat' dir='ltr'><strong>facto</strong></span> <span class='ocrx_word' id='word_1_796' title='bbox 2335 4808 2470 4863; x_wconf 91' lang='lat' dir='ltr'><strong>opus</strong></span> <span class='ocrx_word' id='word_1_797' title='bbox 2506 4801 2682 4858; x_wconf 83' lang='lat' dir='ltr'><strong>esset;</strong></span> <span class='ocrx_word' id='word_1_798' title='bbox 2725 4791 2893 4847; x_wconf 84' lang='lat' dir='ltr'><strong>inﬂati</strong></span> <span class='ocrx_word' id='word_1_799' title='bbox 2925 4793 3068 4848; x_wconf 91' lang='lat' dir='ltr'><strong>enim</strong></span> <span class='ocrx_word' id='word_1_800' title='bbox 3105 4808 3169 4848; x_wconf 72' lang='lat' dir='ltr'><strong>ex</strong></span> <span class='ocrx_word' id='word_1_801' title='bbox 3212 4794 3438 4850; x_wconf 83' lang='lat' dir='ltr'><strong>victoria</strong></span> <span class='ocrx_word' id='word_1_802' title='bbox 3482 4795 3605 4851; x_wconf 87' lang='lat' dir='ltr'><strong>bar-</strong></span> 
     </span>
    </p>
   </div>
   <div class='ocr_carea' id='block_1_103' title="bbox 2012 4885 3613 4956">
    <p class='ocr_par' dir='ltr' id='par_1_103' title="bbox 2012 4885 3613 4956">
     <span class='ocr_line' id='line_1_103' title="bbox 2012 4885 3613 4956; baseline 0.003 -16"><span class='ocrx_word' id='word_1_803' title='bbox 2012 4885 2128 4940; x_wconf 91' lang='lat' dir='ltr'><strong>bari</strong></span> <span class='ocrx_word' id='word_1_804' title='bbox 2159 4885 2549 4956; x_wconf 88' lang='lat' dir='ltr'><strong>propemodum</strong></span> <span class='ocrx_word' id='word_1_805' title='bbox 2581 4885 2764 4941; x_wconf 89' lang='lat' dir='ltr'><strong>invicti</strong></span> <span class='ocrx_word' id='word_1_806' title='bbox 2798 4896 2953 4941; x_wconf 88' lang='lat' dir='ltr'><strong>erant</strong></span> <span class='ocrx_word' id='word_1_807' title='bbox 2975 4895 3028 4941; x_wconf 90' lang='lat' dir='ltr'><strong>et</strong></span> <span class='ocrx_word' id='word_1_808' title='bbox 3059 4885 3399 4943; x_wconf 89' lang='lat' dir='ltr'><strong>habebantur</strong></span> <span class='ocrx_word' id='word_1_809' title='bbox 3425 4907 3437 4942; x_wconf 90' lang='lat'>:</span> <span class='ocrx_word' id='word_1_810' title='bbox 3467 4890 3613 4946; x_wconf 91' lang='lat' dir='ltr'><strong>mili-</strong></span> 
     </span>
    </p>
   </div>
   <div class='ocr_carea' id='block_1_104' title="bbox 2016 4978 3614 5052">
    <p class='ocr_par' dir='ltr' id='par_1_104' title="bbox 2016 4978 3614 5052">
     <span class='ocr_line' id='line_1_104' title="bbox 2016 4978 3614 5052; baseline 0.002 -19"><span class='ocrx_word' id='word_1_811' title='bbox 2016 4987 2183 5034; x_wconf 88' lang='lat' dir='ltr'><strong>tarem</strong></span> <span class='ocrx_word' id='word_1_812' title='bbox 2231 4978 2530 5035; x_wconf 86' lang='lat' dir='ltr'><strong>Theodosii</strong></span> <span class='ocrx_word' id='word_1_813' title='bbox 2577 4979 2823 5050; x_wconf 86' lang='lat' dir='ltr'><strong>peritiam</strong></span> <span class='ocrx_word' id='word_1_814' title='bbox 2871 4979 3137 5035; x_wconf 88' lang='lat' dir='ltr'><strong>malorum</strong></span> <span class='ocrx_word' id='word_1_815' title='bbox 3181 4979 3299 5038; x_wconf 87' lang='lat' dir='ltr'><strong>fore</strong></span> <span class='ocrx_word' id='word_1_816' title='bbox 3338 4982 3614 5052; x_wconf 84' lang='lat' dir='ltr'><strong>depulsio-</strong></span> 
     </span>
    </p>
   </div>
   <div class='ocr_carea' id='block_1_105' title="bbox 2016 5072 3616 5149">
    <p class='ocr_par' dir='ltr' id='par_1_105' title="bbox 2016 5072 3616 5149">
     <span class='ocr_line' id='line_1_105' title="bbox 2016 5072 3616 5149; baseline 0.004 -21"><span class='ocrx_word' id='word_1_817' title='bbox 2016 5088 2139 5128; x_wconf 92' lang='lat' dir='ltr'><strong>nem</strong></span> <span class='ocrx_word' id='word_1_818' title='bbox 2167 5072 2460 5128; x_wconf 86' lang='lat' dir='ltr'><strong>arbitratus</strong></span> <span class='ocrx_word' id='word_1_819' title='bbox 2487 5083 2588 5128; x_wconf 90' lang='lat' dir='ltr'><strong>est.</strong></span> <span class='ocrx_word' id='word_1_820' title='bbox 2621 5073 2685 5127; x_wconf 88' lang='lat' dir='ltr'><strong>Et</strong></span> <span class='ocrx_word' id='word_1_821' title='bbox 2715 5073 2999 5130; x_wconf 86' lang='lat' dir='ltr'><strong>confestim</strong></span> <span class='ocrx_word' id='word_1_822' title='bbox 3027 5089 3090 5128; x_wconf 85' lang='lat' dir='ltr'><strong>ex</strong></span> <span class='ocrx_word' id='word_1_823' title='bbox 3123 5073 3296 5131; x_wconf 88' lang='lat' dir='ltr'><strong>Iberia</strong></span> <span class='ocrx_word' id='word_1_824' title='bbox 3321 5119 3336 5143; x_wconf 96' lang='lat'><strong>,</strong></span> <span class='ocrx_word' id='word_1_825' title='bbox 3367 5093 3486 5149; x_wconf 57' lang='lat' dir='ltr'><strong>qua:</strong></span> <span class='ocrx_word' id='word_1_826' title='bbox 3520 5078 3616 5134; x_wconf 89' lang='lat' dir='ltr'><strong>Hi-</strong></span> 
     </span>
    </p>
   </div>
   <div class='ocr_carea' id='block_1_106' title="bbox 2015 5165 3614 5238">
    <p class='ocr_par' dir='ltr' id='par_1_106' title="bbox 2015 5165 3614 5238">
     <span class='ocr_line' id='line_1_106' title="bbox 2015 5165 3614 5238; baseline 0.004 -16"><span class='ocrx_word' id='word_1_827' title='bbox 2015 5165 2205 5238; x_wconf 89' lang='lat' dir='ltr'><strong>spania</strong></span> <span class='ocrx_word' id='word_1_828' title='bbox 2250 5165 2414 5223; x_wconf 89' lang='lat' dir='ltr'><strong>etiam</strong></span> <span class='ocrx_word' id='word_1_829' title='bbox 2465 5166 2803 5233; x_wconf 87' lang='lat' dir='ltr'><strong>nominatur,</strong></span> <span class='ocrx_word' id='word_1_830' title='bbox 2855 5167 3127 5224; x_wconf 88' lang='lat' dir='ltr'><strong>hominem</strong></span> <span class='ocrx_word' id='word_1_831' title='bbox 3174 5185 3501 5236; x_wconf 89' lang='lat' dir='ltr'><strong>accersens,</strong></span> <span class='ocrx_word' id='word_1_832' title='bbox 3549 5187 3614 5229; x_wconf 90' lang='lat' dir='ltr'><strong>ac</strong></span> 
     </span>
    </p>
   </div>
   <div class='ocr_carea' id='block_1_107' title="bbox 2015 5259 3618 5328">
    <p class='ocr_par' dir='ltr' id='par_1_107' title="bbox 2015 5259 3618 5328">
     <span class='ocr_line' id='line_1_107' title="bbox 2015 5259 3618 5328; baseline 0.003 -13"><span class='ocrx_word' id='word_1_833' title='bbox 2015 5259 2161 5315; x_wconf 86' lang='lat' dir='ltr'><strong>bello</strong></span> <span class='ocrx_word' id='word_1_834' title='bbox 2199 5259 2499 5328; x_wconf 77' lang='lat' dir='ltr'><strong>przeliciens</strong></span> <span class='ocrx_word' id='word_1_835' title='bbox 2525 5301 2540 5326; x_wconf 92' lang='lat'><strong>,</strong></span> <span class='ocrx_word' id='word_1_836' title='bbox 2583 5275 2704 5314; x_wconf 87' lang='lat' dir='ltr'><strong>cum</strong></span> <span class='ocrx_word' id='word_1_837' title='bbox 2744 5262 2987 5316; x_wconf 82' lang='lat' dir='ltr'><strong>exercitu</strong></span> <span class='ocrx_word' id='word_1_838' title='bbox 3029 5262 3263 5318; x_wconf 86' lang='lat' dir='ltr'><strong>collecto</strong></span> <span class='ocrx_word' id='word_1_839' title='bbox 3307 5264 3472 5318; x_wconf 91' lang='lat' dir='ltr'><strong>misit.</strong></span> <span class='ocrx_word' id='word_1_840' title='bbox 3517 5264 3618 5321; x_wconf 85' lang='lat' dir='ltr'><strong>llic</strong></span> 
     </span>
    </p>
   </div>
   <div class='ocr_carea' id='block_1_108' title="bbox 2017 5351 3619 5430">
    <p class='ocr_par' dir='ltr' id='par_1_108' title="bbox 2017 5351 3619 5430">
     <span class='ocr_line' id='line_1_108' title="bbox 2017 5351 3619 5430; baseline 0.004 -21"><span class='ocrx_word' id='word_1_841' title='bbox 2017 5368 2198 5409; x_wconf 91' lang='lat' dir='ltr'><strong>autem</strong></span> <span class='ocrx_word' id='word_1_842' title='bbox 2244 5351 2460 5407; x_wconf 85' lang='lat' dir='ltr'><strong>invictis</strong></span> <span class='ocrx_word' id='word_1_843' title='bbox 2503 5352 2666 5406; x_wconf 88' lang='lat' dir='ltr'><strong>armis</strong></span> <span class='ocrx_word' id='word_1_844' title='bbox 2692 5393 2708 5419; x_wconf 87' lang='lat'><strong>,</strong></span> <span class='ocrx_word' id='word_1_845' title='bbox 2740 5352 3041 5430; x_wconf 77' lang='lat' dir='ltr'><strong>orthodoxa</strong></span> <span class='ocrx_word' id='word_1_846' title='bbox 3081 5355 3334 5410; x_wconf 90' lang='lat' dir='ltr'><strong>nimirum</strong></span> <span class='ocrx_word' id='word_1_847' title='bbox 3376 5356 3482 5413; x_wconf 83' lang='lat' dir='ltr'><strong>fide</strong></span> <span class='ocrx_word' id='word_1_848' title='bbox 3511 5359 3619 5416; x_wconf 90' lang='lat' dir='ltr'><strong>cir-</strong></span> 
     </span>
    </p>
   </div>
   <div class='ocr_carea' id='block_1_109' title="bbox 2020 5446 3615 5516">
    <p class='ocr_par' dir='ltr' id='par_1_109' title="bbox 2020 5446 3615 5516">
     <span class='ocr_line' id='line_1_109' title="bbox 2020 5446 3615 5516; baseline 0.003 -13"><span class='ocrx_word' id='word_1_849' title='bbox 2020 5447 2421 5513; x_wconf 85' lang='lat' dir='ltr'><strong>cummunitos,</strong></span> <span class='ocrx_word' id='word_1_850' title='bbox 2454 5459 2647 5516; x_wconf 88' lang='lat' dir='ltr'><strong>magna</strong></span> <span class='ocrx_word' id='word_1_851' title='bbox 2687 5460 2809 5502; x_wconf 91' lang='lat' dir='ltr'><strong>cum</strong></span> <span class='ocrx_word' id='word_1_852' title='bbox 2853 5446 3044 5503; x_wconf 82' lang='lat' dir='ltr'><strong>fiducia</strong></span> <span class='ocrx_word' id='word_1_853' title='bbox 3076 5447 3336 5504; x_wconf 89' lang='lat' dir='ltr'><strong>adversus</strong></span> <span class='ocrx_word' id='word_1_854' title='bbox 3365 5449 3615 5508; x_wconf 90' lang='lat' dir='ltr'><strong>hostilem</strong></span> 
     </span>
    </p>
   </div>
   <div class='ocr_carea' id='block_1_110' title="bbox 2021 5538 3615 5616">
    <p class='ocr_par' dir='ltr' id='par_1_110' title="bbox 2021 5538 3615 5616">
     <span class='ocr_line' id='line_1_110' title="bbox 2021 5538 3615 5616; baseline 0.004 -20"><span class='ocrx_word' id='word_1_855' title='bbox 2021 5542 2193 5598; x_wconf 90' lang='lat' dir='ltr'><strong>aciem</strong></span> <span class='ocrx_word' id='word_1_856' title='bbox 2225 5538 2487 5612; x_wconf 90' lang='lat' dir='ltr'><strong>procedit.</strong></span> <span class='ocrx_word' id='word_1_857' title='bbox 2534 5539 2601 5594; x_wconf 86' lang='lat' dir='ltr'><strong>Et</strong></span> <span class='ocrx_word' id='word_1_858' title='bbox 2625 5538 2911 5596; x_wconf 84' lang='lat' dir='ltr'><strong>Thraciam</strong></span> <span class='ocrx_word' id='word_1_859' title='bbox 2961 5542 3276 5612; x_wconf 88' lang='lat' dir='ltr'><strong>ingressus,</strong></span> <span class='ocrx_word' id='word_1_860' title='bbox 3323 5543 3370 5598; x_wconf 92' lang='lat' dir='ltr'><strong>is</strong></span> <span class='ocrx_word' id='word_1_861' title='bbox 3398 5546 3615 5616; x_wconf 89' lang='lat' dir='ltr'><strong>quidem</strong></span> 
     </span>
    </p>
   </div>
   <div class='ocr_carea' id='block_1_111' title="bbox 2021 5633 3616 5708">
    <p class='ocr_par' dir='ltr' id='par_1_111' title="bbox 2021 5633 3616 5708">
     <span class='ocr_line' id='line_1_111' title="bbox 2021 5633 3616 5708; baseline 0.002 -17"><span class='ocrx_word' id='word_1_862' title='bbox 2021 5652 2120 5706; x_wconf 89' lang='lat' dir='ltr'><strong>per</strong></span> <span class='ocrx_word' id='word_1_863' title='bbox 2145 5635 2252 5691; x_wconf 90' lang='lat' dir='ltr'><strong>vim</strong></span> <span class='ocrx_word' id='word_1_864' title='bbox 2302 5634 2491 5706; x_wconf 66' lang='lat' dir='ltr'><strong>prazlio</strong></span> <span class='ocrx_word' id='word_1_865' title='bbox 2518 5633 2685 5689; x_wconf 89' lang='lat' dir='ltr'><strong>vicit:</strong></span> <span class='ocrx_word' id='word_1_866' title='bbox 2716 5633 2932 5690; x_wconf 87' lang='lat' dir='ltr'><strong>barbari</strong></span> <span class='ocrx_word' id='word_1_867' title='bbox 2974 5649 3104 5690; x_wconf 85' lang='lat' dir='ltr'><strong>vero</strong></span> <span class='ocrx_word' id='word_1_868' title='bbox 3146 5651 3214 5690; x_wconf 91' lang='lat' dir='ltr'><strong>ne</strong></span> <span class='ocrx_word' id='word_1_869' title='bbox 3251 5637 3335 5692; x_wconf 86' lang='lat' dir='ltr'><strong>vel</strong></span> <span class='ocrx_word' id='word_1_870' title='bbox 3385 5635 3616 5708; x_wconf 88' lang='lat' dir='ltr'><strong>primttm</strong></span> 
     </span>
    </p>
   </div>
   <div class='ocr_carea' id='block_1_112' title="bbox 2023 5728 3620 5802">
    <p class='ocr_par' dir='ltr' id='par_1_112' title="bbox 2023 5728 3620 5802">
     <span class='ocr_line' id='line_1_112' title="bbox 2023 5728 3620 5802; baseline 0.001 -17"><span class='ocrx_word' id='word_1_871' title='bbox 2023 5729 2356 5785; x_wconf 88' lang='lat' dir='ltr'><strong>sustinentes</strong></span> <span class='ocrx_word' id='word_1_872' title='bbox 2386 5729 2649 5799; x_wconf 88' lang='lat' dir='ltr'><strong>impetum</strong></span> <span class='ocrx_word' id='word_1_873' title='bbox 2672 5770 2688 5796; x_wconf 96' lang='lat'><strong>,</strong></span> <span class='ocrx_word' id='word_1_874' title='bbox 2720 5728 2898 5782; x_wconf 86' lang='lat' dir='ltr'><strong>statim</strong></span> <span class='ocrx_word' id='word_1_875' title='bbox 2928 5743 3119 5784; x_wconf 90' lang='lat' dir='ltr'><strong>omnes</strong></span> <span class='ocrx_word' id='word_1_876' title='bbox 3149 5728 3307 5785; x_wconf 93' lang='lat' dir='ltr'><strong>simul</strong></span> <span class='ocrx_word' id='word_1_877' title='bbox 3350 5739 3498 5802; x_wconf 84' lang='lat' dir='ltr'><strong>terga</strong></span> <span class='ocrx_word' id='word_1_878' title='bbox 3525 5732 3620 5788; x_wconf 89' lang='lat' dir='ltr'><strong>de-</strong></span> 
     </span>
    </p>
   </div>
   <div class='ocr_carea' id='block_1_113' title="bbox 2021 5817 3622 5892">
    <p class='ocr_par' dir='ltr' id='par_1_113' title="bbox 2021 5817 3622 5892">
     <span class='ocr_line' id='line_1_113' title="bbox 2021 5817 3622 5892; baseline 0.002 -12"><span class='ocrx_word' id='word_1_879' title='bbox 2021 5824 2251 5892; x_wconf 90' lang='lat' dir='ltr'><strong>derunt;</strong></span> <span class='ocrx_word' id='word_1_880' title='bbox 2281 5833 2335 5880; x_wconf 89' lang='lat' dir='ltr'><strong>et</strong></span> <span class='ocrx_word' id='word_1_881' title='bbox 2363 5823 2531 5879; x_wconf 86' lang='lat' dir='ltr'><strong>multa</strong></span> <span class='ocrx_word' id='word_1_882' title='bbox 2557 5839 2746 5879; x_wconf 89' lang='lat' dir='ltr'><strong>eorum</strong></span> <span class='ocrx_word' id='word_1_883' title='bbox 2775 5837 2880 5878; x_wconf 93' lang='lat' dir='ltr'><strong>non</strong></span> <span class='ocrx_word' id='word_1_884' title='bbox 2907 5822 3080 5879; x_wconf 89' lang='lat' dir='ltr'><strong>solum</strong></span> <span class='ocrx_word' id='word_1_885' title='bbox 3104 5839 3130 5876; x_wconf 89' lang='lat' dir='ltr'><strong>a</strong></span> <span class='ocrx_word' id='word_1_886' title='bbox 3160 5817 3418 5881; x_wconf 82' lang='lat' dir='ltr'><strong>Romanis</strong></span> <span class='ocrx_word' id='word_1_887' title='bbox 3443 5827 3622 5884; x_wconf 83' lang='lat' dir='ltr'><strong>caedes</strong></span> 
     </span>
    </p>
   </div>
   <div class='ocr_carea' id='block_1_114' title="bbox 2021 5914 3620 5990">
    <p class='ocr_par' dir='ltr' id='par_1_114' title="bbox 2021 5914 3620 5990">
     <span class='ocr_line' id='line_1_114' title="bbox 2021 5914 3620 5990; baseline 0 -18"><span class='ocrx_word' id='word_1_888' title='bbox 2021 5916 2160 5973; x_wconf 75' lang='lat' dir='ltr'><strong>faeta</strong></span> <span class='ocrx_word' id='word_1_889' title='bbox 2189 5926 2302 5984; x_wconf 91' lang='lat' dir='ltr'><strong>cst,</strong></span> <span class='ocrx_word' id='word_1_890' title='bbox 2336 5933 2518 5973; x_wconf 73' lang='lat' dir='ltr'><strong>verum</strong></span> <span class='ocrx_word' id='word_1_891' title='bbox 2551 5914 2710 5972; x_wconf 79' lang='lat' dir='ltr'><strong>etiam</strong></span> <span class='ocrx_word' id='word_1_892' title='bbox 2739 5914 2849 5986; x_wconf 89' lang='lat' dir='ltr'><strong>jam</strong></span> <span class='ocrx_word' id='word_1_893' title='bbox 2881 5929 2911 5972; x_wconf 89' lang='lat' dir='ltr'><strong>a</strong></span> <span class='ocrx_word' id='word_1_894' title='bbox 2945 5931 3005 5972; x_wconf 85' lang='lat' dir='ltr'><strong>se</strong></span> <span class='ocrx_word' id='word_1_895' title='bbox 3036 5916 3209 5988; x_wconf 84' lang='lat' dir='ltr'><strong>ipsis:</strong></span> <span class='ocrx_word' id='word_1_896' title='bbox 3243 5921 3444 5990; x_wconf 79' lang='lat' dir='ltr'><strong>quanto</strong></span> <span class='ocrx_word' id='word_1_897' title='bbox 3473 5915 3620 5974; x_wconf 70' lang='lat' dir='ltr'><strong>enim</strong></span> 
     </span>
    </p>
   </div>
  </div>
