4156 6370
509 315 574 374 ει
1047 277 1068 280 ”
1738 310 1903 372 vmt
1932 303 2178 369 SANCTI
2205 303 2526 368 sannosu
3756 304 3830 364 ιιι

519 432 755 504 majores
779 439 935 490 erant
959 431 1158 490 horum
1189 433 1394 502 cupiat,
1422 439 1572 488 tanto
1598 430 1772 501 magis
1801 429 1904 486 sibi
1938 428 2116 501 potius
2145 451 2159 487 λ

2263 433 2359 500 φῶν
2379 429 2549 484 αὐτῶν
2565 443 2577 456 ⁸
2605 424 2712 498 ὅσῳ
2730 425 2833 503 γάρ
2859 424 3063 488 πλείους
3087 423 3242 491 ἦσαν,
3257 422 3492 496 τοσούτῳ
3514 423 3830 501 βλάπτοντες

517 541 679 598 quam
714 526 959 584 hostibus
985 527 1241 582 damnum
1274 525 1596 582 inferebant.

596 617 649 674 9.
696 617 792 676 His
836 621 1015 690 itaque
1063 637 1229 691 prope
1269 619 1522 674 omnibus
1573 619 1640 670 ita
1685 616 1920 678 deletis,
1966 614 2120 685 pauci

523 713 854 780 admodum,
896 713 987 782 qui
1030 723 1316 783 potuerunt
1360 728 1420 768 se
1465 711 1780 777 occultare,
1819 708 2122 764 Danubium

532 809 823 876 trajiciunt.
875 806 1053 864 Latus
1099 806 1260 878 igitur
1287 806 1576 863 Gratianus
1618 803 1760 874 quod
1802 802 1926 858 belli
1974 817 2125 856 smn-

527 918 671 958 mam
698 902 1019 959 credidisset
1063 902 1372 958 Theodosio
1395 943 1410 964 .
1461 901 1841 972 imperatorem
1867 915 1990 953 etttn
2019 905 2127 954 sta-

2227 522 2445 584 ἑαυτούς
2471 521 2660 594 μᾶλλον
2690 518 2719 580 tia
2746 522 2865 582 τοὺς
2887 519 3158 591 πολεμίους
3189 520 3468 592 ἐφαίνοντο·

2297 616 2352 670 9.
2385 615 2536 670 Οὕτω
2553 617 2716 672 τοίνυν
2733 613 2972 671 ἁπάντων
2992 621 3092 669 τῶν
3107 611 3300 685 σχεδὸν
3318 614 3663 689 ἀνῃρημένων·
3679 615 3836 687 ὀλίγοι

2226 710 2392 766 λαθεῖν
2419 708 2708 770 δυνηθέντες
2747 707 3075 765 διαϐαίνουσι
3113 709 3200 762 τόν
3239 704 3474 783 Ἴστρον⁹
3511 710 3678 770 ἡσθείς
3722 707 3777 766 δί
3806 709 3836 765 ό

2228 802 2472 872 βασιλεὺς
2498 805 2779 879 Γρατιανός
2811 804 2880 862 ὡς
2908 798 3101 878 ἄριστα
3126 797 3389 856 Θεοδόσιον
3417 803 3704 877 στρατηγόν
3729 802 3838 874 ψη-

2230 897 2520 970 φισάμενος,
2551 896 2766 968 βασιλέα
2795 916 2849 951 τε
2888 895 3040 951 αὐτόν
3071 895 3216 956 εὐθύς
3257 893 3610 959 ἀποδείκνυσι,
3642 900 3730 952 καί
3767 899 3842 955 τὰ

526 997 624 1052 tim
656 997 926 1063 declarat,
957 1004 1013 1052 et
1052 995 1101 1051 ei
1139 994 1388 1059 ditionis,
1417 1011 1518 1063 qua
1550 991 1749 1048 Valens
1788 1003 1914 1046 ante
1957 989 2130 1060 potie-

2263 999 2476 1066 κῆπτρα
2503 997 2595 1051 τῆς
2617 989 2896 1050 Οὐάλεντος
2922 992 3097 1065 ἀρχῆς
3132 989 3432 1064 ἐγχειρίζω
3457 990 3545 1044 καί
3568 990 3724 1051 αὐτὸς
3747 992 3848 1063 μὲν

528 1090 686 1146 batur
713 1132 727 1156 ,
758 1101 1032 1159 sceptrum
1061 1088 1372 1143 committit.
1409 1085 1475 1142 Et
1517 1087 1633 1158 ipse
1662 1085 1880 1157 quidem
1923 1083 1989 1140 ad
2024 1080 2129 1138 Ita-

2263 1087 2318 1140 πί
2347 1090 2436 1144 τήν
2480 1082 2678 1140 Ἰταλῶν
2722 1082 2996 1148 διαϐαίνει,
3031 1086 3214 1138 ἐκεῖνον
3261 1081 3315 1138 δὲ
3355 1084 3425 1144 είς
3466 1088 3560 1143 τήν
3589 1081 3852 1140 δοθεῖσα-νο

529 1183 617 1237 liae
646 1181 1175 1237 administrationem
1205 1179 1485 1244 transivit,
1516 1179 1666 1233 illum
1695 1189 1875 1233 autem
1907 1175 1972 1231 ad
2001 1191 2133 1231 cou—

2263 1180 2498 1251 ιγεμονίαν
2545 1178 2818 1248 ἐκπέμπει·
2871 1182 2963 1237 τήν
3007 1176 3270 1248 βασιλείαν
3317 1179 3481 1232 τοίνυν
3526 1178 3848 1255 παραλαϐὼν

529 1289 746 1330 cessum
778 1272 1002 1329 dimittit
1041 1271 1347 1342 imperium.
1383 1269 1640 1341 Regalem
1674 1270 1836 1342 igitur
1875 1267 2131 1325 Theodo-

531 1368 645 1424 sius
672 1380 964 1436 capescens
985 1365 1337 1435 dignitatem,
1370 1364 1676 1420 concordiae
1730 1362 2131 1431 Ecclesiarum,

533 1476 692 1531 quam
721 1461 957 1515 maxime
988 1471 1234 1530 poterat,
1257 1473 1443 1514 curam
1472 1458 1698 1529 gerebat
1721 1499 1735 1520 ,
1766 1467 1821 1512 et
1849 1459 2137 1529 episcopos

533 1553 766 1622 propria:
795 1551 1017 1607 ditionis
1041 1595 1056 1622 ,
1089 1561 1146 1608 ut
1171 1552 1528 1608 convenirent
1566 1549 2132 1621 Constantinopolim,

534 1644 851 1700 exhortatus
880 1651 1004 1706 est;
1038 1642 1153 1698 haec
1182 1644 1326 1698 enim
1356 1643 1472 1699 sola
1511 1644 1708 1700 referta
1752 1641 1925 1698 fuerat
1952 1644 2138 1697 ariana

539 1747 728 1808 peste,
775 1751 900 1792 cum
932 1737 1038 1792 illae
1084 1747 1262 1807 partes
1306 1752 1427 1808 qua:
1465 1737 1532 1791 ad
1562 1750 1812 1792 occasum
1843 1747 1998 1791 erant
2047 1751 2142 1807 po—

2235 1268 2532 1334 Θεοδόσιος.
2562 1278 2654 1331 τῆς
2682 1277 2780 1326 τῶν
2808 1269 3084 1328 ἐκκλησιῶν
3115 1272 3183 1332 ὡς
3209 1267 3281 1326 ἔνι
3308 1271 3536 1344 μάλιστα
3569 1273 3851 1344 ἕπεμίλετο

2239 1366 2570 1437 συμφωνίας.
2603 1366 2685 1418 καί
2710 1364 2831 1424 τούς
2867 1371 2960 1426 τῆς
2995 1364 3178 1424 οἰκείας
3206 1364 3477 1436 ἡγεμονίας
3505 1365 3852 1435 ίπισκόπους,

2239 1460 2311 1521 είς
2338 1463 2429 1518 τήν
2450 1460 2834 1516 Κωνσταντίνου
2859 1455 3168 1532 συνδραμεῖν
3190 1460 3570 1532 παρηγγύησεν
3597 1458 3729 1520 αὕτη
3747 1461 3858 1536 γάρ

2241 1550 2369 1624 μόνη
2406 1559 2497 1611 τῆς
2543 1551 2836 1626 ἀρειανικῆς
2876 1549 3208 1621 ἐμπέπληστο
3246 1549 3435 1610 λῶϐης.
3480 1537 3546 1606 τὸ
3586 1551 3685 1626 γάρ
3722 1553 3859 1626 πρὸς

2243 1647 2463 1723 ίσπίραν
2483 1655 2576 1710 τῆς
2603 1646 2759 1702 νόσου
2797 1639 3032 1721 ἐλεύθερα
3060 1641 3142 1704 ἦν·
3195 1646 3576 1702 Κωνστειντίνου
3619 1647 3720 1722 γάρ
3768 1649 3862 1702 καί

2244 1744 2569 1802 Κώνσταντος
2610 1747 2710 1796 τῶν
2754 1740 3136 1801 Κωνσταντίνου
3181 1743 3272 1796 τοῦ
3326 1737 3548 1812 μεγάλου
3596 1738 3719 1794 υἱῶν
3766 1743 3862 1798 τήν

540 1830 689 1894 siue,
721 1829 789 1883 ab
834 1829 939 1884 isto
982 1829 1173 1884 morbo
1217 1828 1407 1885 liberte
1461 1838 1664 1884 essent.
1706 1825 1840 1884 Nam
1882 1825 2150 1884 Consum-

2263 1837 2497 1908 πατρῴαν
2519 1835 2692 1889 πίστιν
2721 1833 2980 1908 ἀκήρατον
3006 1828 3414 1901 διασωσαμίνων
3431 1871 3445 1890 ,
3479 1832 3563 1884 καί
3587 1829 3861 1885 ούαλεντι-

539 1924 656 1978 tino
709 1931 870 1996 atque
917 1923 1213 1978 Constante
1259 1921 1599 1978 Constantini
1661 1921 1833 1991 Magni
1877 1921 1999 1976 tiliis
2048 1936 2140 1991 pa-

539 2025 757 2072 ternam
791 2018 948 2069 lidetu
977 2015 1356 2070 intemeratatn
1389 2013 1843 2070 conservantihus
1867 2055 1882 2080 ,
1927 2023 1982 2069 et
2026 2028 2144 2068 rur-

549 2124 642 2166 sus
687 2107 1068 2166 Valentiniano
1122 2107 1377 2180 pietatent
1425 2108 1778 2164 domesticam
1829 2105 2144 2176 neutiquam

548 2207 845 2280 prodente,
887 2205 1176 2262 Orientalis
1219 2205 1397 2277 portio
1437 2203 1600 2260 variis
1641 2202 1773 2258 locis
1818 2201 1959 2258 hanc
1999 2202 2145 2256 luem

543 2304 798 2371 admisit,
841 2319 960 2376 qua:
1005 2319 1128 2358 cum
1175 2301 1519 2358 Alexandria;
1559 2303 1705 2370 prius
1753 2299 2046 2370 cmpisset,
2094 2295 2147 2354 in

549 2397 846 2454 ulteriores
876 2397 1058 2468 plagas
1087 2387 1554 2467 progrediebatur.

621 2489 708 2547 i0.
755 2489 879 2543 Haec
907 2488 1124 2560 quidem
1171 2485 1433 2543 Gratiano
1461 2485 1640 2542 adhuc
1683 2485 1975 2558 superstite
2021 2498 2151 2556 age-

549 2584 771 2640 bantur.
805 2582 995 2637 Postea
1027 2596 1155 2639 vero
1187 2596 1309 2636 cum
1359 2579 1475 2651 ipse
1520 2580 1756 2636 indolem
1801 2595 1951 2636 suam
1981 2578 2035 2636 in
2071 2594 2154 2635 re-

553 2675 657 2730 bus
695 2673 907 2732 bellicis
948 2674 1058 2746 jam
1104 2673 1455 2742 ostenderet,
1486 2691 1550 2730 ac
1589 2673 1836 2730 civitates
1872 2689 1993 2728 cum
2035 2687 2154 2728 mo-

553 2768 726 2824 deslia
762 2779 919 2840 atquo
949 2768 1160 2840 justitia
1204 2777 1456 2840 regeret,
1508 2782 1602 2839 per
1642 2765 1868 2822 insidias
1912 2767 2021 2821 vita
2063 2781 2158 2822 ex-

555 2861 756 2929 cessit,
790 2861 928 2917 ﬁlios
957 2863 1173 2934 quidem
1206 2865 1295 2930 qui
1342 2878 1510 2934 regno
1539 2862 1936 2929 succederent,
1981 2860 2160 2917 nullos

552 2957 897 3028 relinquens,
933 2955 1152 3014 fratrem
1181 2972 1316 3014 vero
1346 2959 1635 3014 admodum
1663 2974 1921 3029 Juvenem
1947 3001 1961 3025 ,
1995 2969 2048 3013 et
2077 2974 2163 3027 pa-

555 3051 620 3105 tri
653 3055 1031 3122 cognominem
1060 3093 1074 3118 ,
1108 3066 1488 3108 successorem
1519 3052 1733 3123 imperii
1765 3051 1987 3107 faciens.
2023 3049 2161 3108 Tum

556 3158 687 3199 vero
717 3143 932 3215 quidatn
963 3144 1223 3200 Maximus
1248 3188 1263 3211 ,
1295 3156 1479 3216 spreta
1505 3144 1866 3201 Valentiniani
1899 3144 2125 3216 pueritia
2149 3188 2162 3210 .

555 3235 922 3295 Occidentalis
953 3239 1160 3312 imperii
1208 3239 1462 3296 thronum
1499 3243 1793 3315 usurpavit.

635 3334 723 3389 Η.
768 3334 874 3388 Per
916 3335 966 3388 id
1009 3337 1170 3389 etiam
1218 3323 1480 3403 temporis
1522 3335 1730 3392 Justina
1759 3378 1776 3403 ,
1821 3337 2000 3408 magni
2042 3337 2164 3402 qni-

566 3426 692 3483 dem
740 3425 1102 3482 Valentiniani
1155 3429 1398 3497 coxijnx.
1446 3440 1618 3484 mater
1667 3439 1845 3484 autem
1890 3429 2162 3498 iunioris,

564 3537 684 3589 qu:e
708 3519 970 3575 doetrina:
1000 3519 1220 3574 Ariana-
1251 3535 1437 3575 semen
1469 3520 1669 3574 dudutn
1700 3530 2009 3590 exceperat,
2037 3519 2170 3574 illud

562 3615 672 3669 filio
705 3614 1087 3669 manifest'avit.
1121 3612 1309 3668 Zelum
1355 3615 1500 3668 enim
1531 3615 1709 3668 mariti
1743 3616 1822 3668 sui
1853 3629 1978 3684 erga
2008 3613 2167 3667 fidem

563 3705 921 3762 orthodoxam
955 3719 1298 3778 perspectum
1340 3707 1578 3770 habens,
1610 3709 1785 3779 quoad
1820 3707 1910 3764 ille
1951 3709 2004 3762 in
2031 3709 2170 3764 vitis

567 3801 662 3858 fuit
694 3843 708 3867 ,
740 3801 908 3856 latere
938 3812 1131 3856 conata
1177 3812 1258 3855 est
1290 3818 1304 3856 :
1337 3791 1458 3856 cum
1493 3817 1620 3862 vero
1659 3811 1894 3856 mentem
1946 3801 2041 3856 filii
2092 3813 2171 3857 te-

568 3911 757 3952 neram
785 3910 905 3952 esse
932 3904 1092 3967 atque
1123 3894 1378 3952 mobilem
1427 3910 1534 3950 non
1576 3894 1878 3969 ignoraret,
1927 3894 2169 3952 fraudem

570 4007 721 4051 suam
771 3992 823 4048 in
866 3990 1100 4046 medium
1136 3992 1376 4061 proferre
1425 4004 1531 4046 non
1579 3988 1862 4046 dubitat-it.
1913 3989 2009 4048 llic
2041 4004 2172 4045 vero

567 4085 946 4156 suggestiones
973 4084 1160 4140 matris
1183 4084 1345 4140 utiles
1376 4093 1602 4155 putans;
1631 4097 1684 4142 et
1715 4094 1934 4156 propter
1957 4092 2172 4140 ίῐνιςιιοω

568 4193 749 4234 escam
793 4177 1163 4232 illecebrosam
1196 4191 1406 4233 natura:
1456 4180 1716 4244 intuitus,
1751 4180 2049 4250 derepente
2093 4180 2174 4233 in-

569 4272 702 4328 cidit
742 4273 795 4328 in
849 4272 1120 4344 laqueum.
1170 4272 1513 4344 Quapropter
1551 4289 1777 4344 ntagnus
1816 4273 2172 4340 Ambrosius,

571 4368 664 4442 qui
693 4383 907 4420 omnem
938 4367 1154 4437 quidem
1188 4367 1428 4421 arianant
1475 4365 1738 4420 fallaciam
1771 4381 1839 4422 ex
1889 4363 2034 4421 Italia
2068 4365 2174 4434 iam

577 4460 786 4532 pridem
825 4459 1146 4529 expulerat,
1197 4475 1322 4515 cum
1369 4459 1639 4530 acciperet
1683 4475 1908 4530 puerum
1958 4475 2175 4533 qquue

575 4554 1006 4614 Valentinianum
1035 4555 1086 4612 in
1114 4555 1281 4624 ipsam
1311 4552 1580 4620 incidere,
1601 4553 1818 4624 juvenis
1846 4555 2078 4609 animam
2105 4552 2176 4608 ab

2185 3225 2236 3294 Ο

2242 1934 2408 1983 νιανοῦ
2455 1927 2604 1982 πάλιν
2647 1931 2738 1984 τήν
2786 1927 2974 1979 οἰκείαν
3023 1928 3092 1996 μή
3141 1921 3425 1996 προδόντος
3469 1923 3760 1984 εύσεϐείαν.
3797 1925 3862 1980 τὸ

2246 2021 2370 2094 ίῷον
2409 2029 2590 2094 τμῆμα
2634 2018 2952 2090 πολλαχόθεν
2978 2022 3067 2077 τήν
3103 2015 3271 2075 λώϐην
3298 2016 3491 2076 ταύτην
3521 2012 3725 2080 ἐδέξατο
3755 2016 3862 2070 διπό

2245 2110 2618 2190 Ἀλεξανδρείας
2652 2115 2907 2191 πρότερον
2946 2112 3264 2188 ἀρξαμένην,
3309 2115 3397 2168 καὶ
3437 2112 3526 2168 ἐπί
3569 2113 3638 2172 τά
3673 2110 3860 2188 πρόσω

2251 2213 2604 2284 χωρήσασαν.

2330 2495 2419 2552 10.
2452 2501 2629 2554 Ταῦτα
2647 2495 2736 2568 μίν
2762 2494 2838 2552 ἔτι
2854 2499 3134 2570 Γρατιανοῦ
3151 2493 3416 2571 περιόντος
3432 2495 3650 2568 ιγίνετο·
3683 2493 3865 2557 innati

2261 2587 2316 2646 δὲ
2339 2591 2528 2652 ἐκεῖνος
2558 2587 2608 2646 ἕν
2637 2609 2692 2645 τε
2718 2590 2958 2660 πολέμοις
2990 2589 3296 2665 ἀριστεύων,
3317 2592 3406 2644 καί
3442 2591 3538 2650 τάς
3560 2590 3733 2652 πόλεις
3767 2611 3874 2645 σω-

2258 2683 2449 2760 φρόνως
2488 2703 2542 2738 τε
2575 2685 2662 2737 καί
2686 2680 2894 2742 δικαίως
2937 2683 3111 2736 ἰθύνων
3129 2721 3143 2743 .
3174 2681 3225 2746 ἐξ
3250 2681 3521 2742 ἐπιϐουλῆς
3549 2682 3870 2747 ἐτελεύτησε,

2259 2773 2459 2836 παῖδας
2496 2776 2586 2849 μέν
2622 2775 2680 2830 ού
2713 2774 3006 2830 καταλιπὼν
3051 2774 3390 2850 κληρονόμους
3430 2784 3521 2836 τῆς
3567 2774 3872 2847 βασιλείας,

2262 2869 2471 2944 ἀδελφὸν
2514 2867 2568 2925 δέ
2607 2865 2790 2945 κομιδῇ
2835 2871 2942 2925 νέον
2973 2867 3224 2942 όμόνυμον
3267 2873 3360 2924 τοῦ
3389 2869 3588 2940 πατρός
3631 2865 3878 2940 διάδοχον

2263 2972 2355 3025 τῆς
2393 2967 2568 3039 ἀρχῆς
2599 2966 2888 3036 άποφῄνας⁹
2931 2961 3160 3034 Μάξιμός
3202 2979 3280 3024 τις
3321 2971 3412 3024 τῆς
3457 2961 3877 3018 Οὐαλεντινιανοῦ

2268 3062 2669 3137 καταφρονήσας
2695 3058 2889 3124 ήλικίας
2912 3100 2926 3125 ,
2955 3059 3110 3114 αὐτήν
3143 3056 3365 3134 ἁρπάζει
3404 3061 3494 3118 τήν
3525 3064 3616 3118 τῆς
3651 3057 3879 3131 ἑσπέρας

2271 3155 2536 3230 ἠγεμονίαν
2547 3195 2559 3210 .

2345 3340 2432 3396 Η.
2477 3340 2596 3395 Κατ’
2623 3341 2802 3394 ἐκεῖνον
2833 3336 2888 3393 δὲ
2933 3339 3018 3394 τόν
3058 3336 3246 3409 χρόνον
3274 3333 3523 3392 ἰουστίνα
3544 3374 3559 3397 ,
3591 3335 3874 3394 ούαλεντι-

2268 3437 2437 3488 νιανοῦ
2466 3433 2555 3502 μὲν
2587 3432 2806 3504 σύζυγος
2835 3435 2926 3485 τοῦ
2959 3429 3180 3502 μεγάλου
3199 3468 3213 3486 .
3247 3434 3338 3484 τοῦ
3369 3425 3421 3484 δέ
3462 3428 3574 3484 νέου
3603 3433 3773 3507 μήτηρ
3797 3472 3809 3491 ,
3841 3431 3881 3487 ἃ

2271 3521 2429 3575 πάλαι
2469 3530 2560 3582 τῆς
2612 3524 2890 3597 άρειανικῆς
2931 3517 3268 3581 διδασκαλίας
3313 3518 3520 3586 ἆδίξατο
3560 3523 3878 3598 σπέρματα,

2272 3613 2396 3675 δῆλα
2425 3623 2496 3687 τῷ
2521 3613 2669 3671 παιδί
2692 3620 2979 3676 πεποιήκει.
3012 3621 3104 3672 τοῦ
3137 3617 3227 3687 μέν
3260 3618 3362 3692 γάρ
3401 3615 3661 3692 ὁμοζύγου
3689 3619 3747 3672 τό
3769 3622 3885 3690 Οερ-

2273 3707 2365 3778 μόν
2381 3709 2500 3784 περὶ
2525 3710 2614 3765 τήν
2641 3704 2902 3783 ὀρθόδοξον
2932 3708 3108 3763 πίστιν
3134 3708 3469 3781 ἐπισταμένη,
3488 3709 3648 3765 λαϐεῖν
3672 3709 3877 3767 ἅπαντα

2271 3801 2356 3853 τὸν
2398 3799 2588 3874 χρόνον
2619 3797 2970 3854 ἐσπούδασεν·
3010 3805 3100 3854 τοῦ
3149 3795 3202 3854 δέ
3233 3799 3418 3862 παιδὸς
3461 3803 3520 3858 τὸ
3564 3810 3664 3858 τῶν
3692 3812 3879 3880 φρενῶν

2273 3891 2466 3947 ἁπαλὸν
2490 3889 2660 3947 εἰδυῖα
2694 3897 2782 3946 καὶ
2808 3895 3177 3970 εύπαράγωγον
3197 3936 3210 3960 ,
3249 3904 3604 3970 προσενεγκεῖν
3644 3902 3735 3956 τήν
3767 3899 3880 3961 ἐξαθ

2273 3988 2440 4043 πάτην
2468 3985 2741 4060 ἐθάῤῥησεν
2761 4004 2774 4017 °
2806 3985 2831 4041 ὁ
2859 3984 2914 4042 δέ
2955 3995 3046 4047 τῆς
3080 3989 3275 4064 μητρὸς
3302 3989 3394 4048 τάς
3423 3989 3679 4050 ὑποθήκας
3707 3991 3881 4048 όνησιο

2275 4080 2461 4155 φόρους
2509 4079 2816 4144 ὑπολαϐὼν,
2865 4081 2953 4134 καί
3007 4081 3135 4156 πρὸς
3178 4082 3238 4136 τό
3289 4087 3384 4140 τῆς
3436 4082 3634 4153 φύσεως
3685 4079 3880 4135 ἀπιδὼν

2275 4169 2472 4248 δέλεαρ,
2495 4168 2675 4247 ἀθρόον
2697 4172 2941 4244 ἐμπίπτει
2961 4180 3023 4246 τῇ
3049 4173 3209 4244 πάγη
3236 4171 3261 4226 ό
3284 4173 3446 4245 μέγας
3463 4174 3628 4228 τοίνυν
3660 4173 3881 4248 ’Δμέρό-

2279 4287 2388 4326 σιος
2418 4271 2592 4320 πᾶσαν
2619 4266 2709 4336 μὲν
2748 4267 2832 4318 καί
2874 4265 3049 4338 πρώην
3093 4267 3377 4342 ἁρειανικήν
3407 4265 3597 4323 πλάνην
3640 4267 3692 4320 ἐκ
3719 4268 3882 4337 μέσης

2277 4356 2490 4421 Ἰταλίας
2535 4362 2789 4420 ποιήσας,
2837 4355 3011 4417 ἐπειδή
3055 4361 3140 4414 καί
3186 4359 3269 4412 τὸν
3323 4361 3428 4414 νέον
3477 4359 3883 4415 Οὐαλεντινιανὸν

2278 4457 2572 4530 περιπεσεῖν
2597 4451 2725 4528 αὐτῇ
2750 4451 2923 4523 μάθοι,
2947 4448 3210 4515 ἔσπευδεν,
3234 4453 3302 4513 ὡς
3327 4448 3478 4508 οἷόντε
3502 4495 3514 4511 .
3541 4456 3631 4511 τήν
3652 4457 3742 4506 τοῦ
3769 4452 3882 4506 νέου

2279 4543 2460 4617 ψυχήν
2493 4545 2652 4604 αὐτῆς
2677 4544 2979 4609 ἀπαλλάξαι⁹
3008 4547 3091 4600 καί
3122 4541 3175 4606 ὃς
3205 4546 3290 4600 τὸν
3312 4542 3475 4618 ἄνδρα
3505 4542 3602 4600 ὅσα
3626 4547 3717 4600 καί
3745 4541 3883 4600 ἀντί·

575 4661 646 4704 ea
677 4648 909 4704 liberare
934 4689 948 4713 ,
997 4657 1255 4716 quantum
1294 4646 1345 4700 in
1395 4645 1515 4716 ipso
1556 4657 1706 4709 erat,
1748 4648 2044 4718 satagebat.
2081 4648 2159 4702 liii

2279 4640 2438 4696 παλον
2460 4637 2778 4695 ὑπεϐλέπετο
2797 4679 2810 4698 ,
2838 4641 2923 4694 καί
2950 4641 3126 4719 ὥσπερ
3167 4635 3228 4697 ἂν
3259 4644 3302 4696 εί
3329 4643 3459 4718 πρὸς
3484 4637 3882 4714 ὁμολογούμενον

578 4751 761 4804 autem
792 4743 964 4798 virum
991 4741 1143 4796 illum
1169 4750 1478 4810 suspectum
1504 4739 1734 4796 habebat
1757 4743 1906 4812 quasi
1929 4741 2182 4797 adversa-

577 4836 752 4904 rium,
781 4845 834 4892 et
863 4835 1126 4892 adversus
1148 4851 1271 4890 eum
1301 4834 1526 4907 perinde
1551 4851 1614 4891 ac
1637 4834 1940 4907 professum
1969 4835 2177 4892 hostem

578 4941 802 4999 paratus
831 4939 967 4985 erat.

648 5019 738 5077 12.
783 5021 880 5078 Hic
912 5037 1074 5094 porro
1102 5023 1154 5079 in
1204 5021 1525 5079 memoriam
1565 5021 1618 5079 ei
1664 5021 1953 5079 revocabat
1996 5031 2178 5094 pater-

580 5133 704 5174 nam
739 5118 990 5189 pietatem
1019 5160 1035 5184 ,
1067 5127 1123 5174 et
1166 5128 1225 5174 ut
1250 5134 1412 5189 quam
1455 5131 1736 5189 acceperat
1766 5118 2136 5174 liwreditatetn
2160 5161 2175 5188 ,

580 5215 849 5284 integram
878 5222 1229 5270 conserVaret
1251 5255 1264 5279 ,
1301 5213 1708 5270 obtestabatur:
1740 5213 1966 5269 docebat
1997 5227 2178 5271 autem

580 5309 852 5380 quodnam
881 5307 1192 5379 dogmatum
1221 5307 1512 5362 discrimen
1540 5316 1716 5371 esset,
1747 5315 1802 5362 et
1827 5307 2171 5379 quemadmoo

582 5401 710 5456 dunt
743 5401 858 5457 haec
883 5404 1102 5474 quidem
1129 5399 1312 5456 omnia
1342 5398 1544 5455 Christi
1573 5399 1835 5456 doctrinae
1857 5443 1872 5468 ,
1906 5399 2180 5470 apostolo-

581 5513 810 5568 rumque
859 5495 1230 5566 prtetlicnlitmi
1261 5505 1386 5563 apte
1425 5505 1827 5560 congruerent,
1861 5494 1949 5549 illa
1980 5510 2010 5549 e
2050 5509 2181 5550 cnn-

579 5589 750 5642 trario
779 5587 1117 5658 spirilttulem
1141 5597 1517 5658 oppugnarent
1547 5587 1967 5656 legislationem.
1996 5588 2061 5642 At
2087 5602 2180 5642 ve-

584 5697 645 5737 ro
678 5697 841 5749 puer,
879 5692 1065 5750 utpote
1093 5681 1183 5751 qui
1223 5698 1356 5752 puer
1385 5691 1562 5747 esset,
1594 5690 1649 5737 et
1681 5697 1709 5736 a
1740 5694 1912 5737 matre
1952 5679 2176 5751 decepta

585 5776 862 5832 blanditiis
890 5777 1132 5844 illectus;
1164 5790 1215 5832 et
1247 5776 1426 5833 verbis
1456 5777 1800 5844 arntabatur,
1830 5789 1884 5832 et
1916 5777 2178 5832 militibus

582 5868 804 5926 armatis
837 5868 1097 5927 Ecclesiae
1138 5869 1374 5926 ambitus
1405 5870 1884 5944 circumcingebat.

2279 4735 2520 4808 πολέμιον
2548 4731 2969 4812 παρεσκεύαστο.

2360 5021 2447 5077 12.
2488 5020 2545 5078 Ὀ
2574 5019 2649 5084 δὲ,
2679 5032 2772 5084 τῆς
2799 5027 2888 5078 τοῦ
2915 5023 3116 5098 πατρὸς
3143 5022 3300 5079 αὐτόν
3340 5023 3711 5096 ἀνεμίμνησκεν
3742 5022 3887 5078 εὐσε-

2285 5118 2448 5181 ϐείας,
2479 5121 2565 5174 καί
2587 5116 2638 5174 ὃν
2658 5119 2959 5196 παρειλήφει
2983 5119 3181 5196 κλῆρον,
3215 5115 3404 5174 ἄσυλον
3430 5118 3696 5192 φυλάττειν
3722 5119 3884 5183 ήξίουο

2283 5212 2514 5270 ἐδίδασκε
2549 5210 2710 5268 δὲκαὶ
2749 5218 2841 5274 τήν
2874 5220 2973 5267 τῶν
3015 5211 3277 5286 δογμάτων
3307 5211 3584 5290 διαφοράν,
3620 5214 3707 5267 καί
3747 5209 3889 5272 ὅπως

2282 5311 2454 5366 πάντα
2481 5312 2572 5383 μὲν
2711 5313 2801 5364 τοῦ
2831 5310 3008 5384 κυρίου
3043 5305 3339 5381 διδασκαλίᾳ
3368 5311 3454 5361 καί
3487 5314 3590 5367 τοῖς
3631 5313 3729 5360 τῶν
3757 5307 3885 5358 ἁπο-

2282 5404 2473 5459 στόλων
2522 5401 2793 5476 συμϐαίνει
2823 5401 3138 5476 κηρύγμασι⁶
3165 5399 3228 5453 τά
3275 5395 3331 5453 δὲ
3376 5395 3616 5475 ἄντικρύς
3669 5397 3778 5453 ἐστι
3823 5404 3888 5474 τῇ

2284 5497 2604 5570 πνεύματικῇ
2629 5493 2900 5566 νομοθεσίᾳ
2930 5490 3229 5564 μαχόμενον
3263 5487 3288 5545 ό
3315 5488 3369 5546 δὲ
3403 5491 3508 5552 νέος
3548 5487 3627 5544 οἶα
3657 5485 3719 5550 δή
3743 5492 3884 5556 νέος,

2285 5591 2368 5644 καί
2396 5590 2541 5664 παρὰ
2566 5587 2760 5663 μητρὸς
2797 5584 3121 5655 ἠπατημίνης
3162 5583 3488 5658 θελγόμενος,
3535 5585 3592 5637 ού
3640 5577 3788 5654 μόνον
3833 5583 3891 5636 ού

2283 5684 2526 5758 προσίετο
2565 5680 2632 5734 τά
2674 5677 2920 5751 λεγόμενα
2957 5679 3102 5755 παρὰ
3139 5683 3230 5734 τοῦ
3272 5677 3597 5756 ἀρχιερέως,
3645 5676 3769 5732 ἀλλά
3803 5678 3888 5730 καί

2283 5779 2445 5848 θυμοῦ
2476 5775 2672 5850 πλήρης
2705 5775 2892 5846 ἐγίνετο
2912 5815 2924 5834 ,
2953 5776 3037 5827 καί
3064 5770 3231 5848 λόγοις
3272 5773 3545 5837 ὡπλίζετο,
3584 5775 3671 5827 καί
3697 5771 3888 5827 πελτα·

2283 5878 2436 5934 σταῖς
2466 5871 2588 5934 τούς
2617 5868 3069 5931 ἐκκλησιαστικοὺς
3099 5867 3403 5946 περιβόλους
3432 5865 3656 5935 ἔκύκλον.
