4156 6370
313 325 387 382 53
1406 314 1494 370 ΑΒ
1533 315 1570 368 Α
1583 308 1856 370 υοτοῐιιε
1893 312 1931 370 Α

2036 309 2228 369 ΝΥΙΙΟ
2265 308 2580 368 SCRIPTA.
2710 299 2712 304 λ
3554 299 3624 358 54

386 442 474 498 15.
517 437 723 501 Ἐπειδή
752 437 806 496 δέ
839 439 924 495 τὸν
953 437 1194 511 μέγιστον
1222 435 1408 494 ἐκεῖνον
1431 432 1649 510 ἀριστέα
1673 434 1758 489 τὸν
1785 434 1915 489 θεῖον

2097 431 2182 486 15.
2227 429 2422 486 Postea
2451 443 2582 483 vero
2624 440 2787 498 quam
2815 424 3108 480 maximum
3153 421 3304 478 illum
3346 419 3619 492 prmliato-

309 533 618 614 ’Λμβρόσιον
631 532 770 589 οὐδέν
797 532 1009 606 ἐφόϐησε
1025 539 1126 587 τῶν
1153 532 1242 587 ὑπ’
1275 532 1432 586 αὐτοῦ
1461 530 1758 604 γενομένων·
1791 545 1917 601 μορ-

313 630 530 704 μολύκια
555 629 653 704 γὰρ
675 628 807 684 αὐτὰ
833 627 1010 700 ἡγεῖτο
1033 622 1252 687 παῐδων,
1278 623 1580 696 χαλεπῄνας
1601 619 1777 681 ἀνέδην
1795 622 1920 675 έκεῖ-

312 747 392 786 νος
421 730 524 780 τῶν
550 723 696 797 ἱερῶν
725 717 828 787 ἔξω
855 719 1111 796 προβῆναι
1139 719 1302 795 θυρῶν
1328 720 1417 774 τὸν
1460 714 1619 793 ἄνδρα
1642 717 1915 772 έκέλευσεν.

315 819 342 877 5
373 818 450 882 δέ,
483 814 637 873 Ἐκών
665 818 756 891 μέν
775 859 788 877 .
828 812 918 888 ἔφη
936 855 949 874 .
982 821 1137 872 τοῦτο
1158 812 1356 890 δρᾶσαι
1381 816 1464 869 καί
1484 810 1769 889 προδοῦναι
1813 817 1918 870 τοῖς

312 913 484 972 λύκοις
511 915 602 971 τήν
629 916 729 964 τῶν
744 907 1018 985 προϐάτων
1047 909 1201 968 σηκὸν
1225 908 1416 984 μέχρις
1439 905 1656 977 αἵματος
1681 905 1772 958 ούκ
1800 899 1918 958 ἅνε-

315 1008 487 1078 ξομαι.
518 1004 646 1060 ἀλλά
673 999 724 1057 εἴ
742 1023 824 1058 σοι
844 999 981 1058 δοκεῖ
996 1003 1184 1058 ἀνελεῖν
1211 999 1347 1056 ἔνδον
1383 1000 1613 1073 έπένεγκέ
1639 1019 1744 1072 μοι.
1775 999 1914 1071 φησι,

316 1102 375 1156 r5
401 1101 538 1174 ξίφος
566 1097 597 1159 ἦ
634 1104 726 1158 τήν
755 1100 956 1171 αἰχμήν
974 1139 987 1158 ,
1021 1099 1090 1158 ὡς
1134 1094 1412 1156 ἣδιστάτην
1457 1093 1694 1155 τοιαύτην
1724 1097 1922 1167 σφαγήν

314 1194 416 1272 ἐγὼ
441 1193 666 1267 δέξομαι²
697 1195 782 1251 καί
809 1199 982 1250 ταῦτα
1007 1195 1098 1266 μέν
1123 1191 1149 1248 5
1174 1193 1311 1253 θεῖος
1340 1191 1676 1264 ’Δμβρὸσιος.

395 1544 484 1600 ﬂ.
524 1544 719 1619 Χρόνου
753 1540 808 1600 δέ
837 1551 1040 1617 συχνοῦ
1079 1546 1384 1623 τριϐομένου
1405 1587 1421 1612 ,
1454 1547 1735 1621 ἐμεμάθηκε
1765 1549 1854 1621 μέν
1893 1547 1921 1604 5

316 1641 543 1711 Μάξιμος
563 1641 629 1693 τά
656 1640 789 1694 κατά
824 1646 914 1694 τοῦ
940 1640 1294 1712 μεγαλοφώνου
1322 1644 1540 1716 κήρυκος
1564 1650 1656 1704 τῆς
1686 1642 1922 1702 ἀληθείας

319 1737 638 1810 τολμώμενα⁶
689 1735 964 1792 ἐπιστέλλει
997 1733 1052 1790 δέ
1089 1735 1512 1811 Ούαλεντινιανῷ,
1541 1738 1628 1792 τὸν
1656 1740 1789 1792 κατά
1829 1745 1922 1800 τῆς

2022 523 2418 588 rem,divinnm
2446 520 2796 577 Attibrusium
2825 535 3012 576 eorum
3035 529 3155 589 qua
3179 517 3248 572 al)
3276 517 3368 570 illo
3399 514 3622 583 fiebant,

2022 616 2156 670 nihil
2179 615 2442 671 deterruit
2469 615 2543 682 (is
2568 615 2713 670 enim
2747 616 2845 668 ista
2880 623 3152 682 tamquam
3186 623 3475 680 puerorum
3510 617 3621 663 ter-

2023 712 2373 767 riculamenta
2405 708 2796 782 existimabat),
2822 708 2910 763 ille
2955 705 3228 776 impendio
3274 705 3502 759 moleste
3551 703 3626 758 lc-

2025 821 2188 871 reus,
2224 805 2397 874 ipsum
2438 815 2591 860 extra
2636 806 2962 871 templorum
3015 801 3197 856 limina
3246 798 3397 855 exire
3438 797 3620 868 jussit.

2025 898 2122 954 Hic
2153 908 2358 965 autem,
2390 897 2594 966 Sponte
2625 911 2742 952 mea
2769 935 2784 961 ,
2814 895 2988 964 inquit
3009 937 3023 959 ,
3051 893 3186 948 illud
3218 891 3398 947 facere
3421 931 3438 959 ,
3465 902 3627 960 atque

2024 991 2205 1044 ovium
2235 991 2417 1044 caulas
2443 990 2582 1059 lupis
2611 989 2842 1059 prudere
2865 1029 2879 1054 ,
2908 987 3121 1041 etiamsi
3153 985 3373 1057 sanguis
3403 983 3624 1054 profun-

2023 1084 2232 1140 deudus
2258 1085 2363 1149 sit,
2405 1084 2627 1138 minime
2666 1081 2862 1138 ferant.
2896 1080 3094 1136 Verum
3126 1079 3171 1134 si
3203 1087 3305 1134 tua:
3336 1077 3628 1133 Voluntatis

2023 1188 2106 1233 est
2164 1179 2307 1232 intus
2362 1193 2447 1232 me
2479 1175 2705 1231 interfici
2734 1219 2748 1242 ,
2779 1174 3052 1245 gladium,
3099 1173 3302 1244 inquit,
3345 1173 3432 1228 vel
3459 1187 3623 1228 secu-

2025 1272 2125 1326 rim
2159 1271 2287 1325 mihi
2336 1270 2596 1336 admove;
2648 1269 2958 1339 hujusmodi
3005 1263 3194 1324 necem
3236 1283 3336 1338 ego
3382 1267 3624 1336 amplec-

2027 1372 2111 1418 tar
2135 1378 2294 1434 quam
2323 1363 2697 1419 libentissime.
2731 1362 2798 1417 Et
2828 1363 2931 1417 ista
2958 1357 3177 1433 quidem
3208 1360 3364 1416 divus
3393 1357 3627 1416 Ambro—

2022 1455 2155 1511 sius.
2211 1458 2216 1462 “

2098 1548 2186 1604 14.
2228 1557 2419 1603 exacto
2460 1555 2640 1603 autem
2689 1547 2867 1616 spatio
2913 1545 3172 1616 temporis
3220 1561 3332 1601 non
3379 1547 3617 1618 exiguo,

2025 1641 2228 1696 certior
2258 1642 2430 1696 faCtus
2457 1652 2541 1695 est
2571 1641 2836 1696 Maximus
2881 1657 3070 1695 eorum
3114 1649 3407 1695 ennattmm
3433 1680 3449 1707 ,
3493 1653 3630 1709 quos

2027 1741 2214 1789 contra
2242 1735 2606 1789 clarissimum
2637 1735 2884 1789 veritatis
2928 1719 3237 1804 praeconem
3270 1739 3623 1788 attentaraut.

318 1829 582 1890 εὐσεϐείας
611 1828 824 1903 πόλεμον
853 1830 1140 1885 καταλῦσαι
1171 1837 1465 1907 παρεγγυῶν
1484 1871 1498 1894 ,
1531 1835 1619 1886 καὶ
1656 1839 1919 1908 παραινῶν

2035 1827 2184 1882 llittit
2215 1829 2373 1898 igitur
2405 1827 2812 1895 Valentiniano,
2853 1829 2942 1899 qui
2966 1843 3089 1882 eum
3120 1843 3148 1882 a
3182 1827 3324 1882 bello
3357 1825 3621 1882 adversus

313 1931 386 1998 μὴ
431 1925 684 2004 πρόεσθαι
711 1931 801 1985 τὴν
839 1926 1082 2002 πατρῴαν
1119 1925 1396 1981 εύσεϐειαν’
1422 1929 1466 1982 εί
1491 1925 1546 1982 δέ
1574 1932 1647 2001 μὴ
1676 1929 1920 1996 πείθοιτο,

316 2018 616 2095 βαρύτατον
651 2019 790 2091 αὐτῷ
832 2019 1050 2091 πόλεμον
1094 2019 1306 2080 ἦπιίλει’
1358 2023 1444 2074 καὶ
1486 2021 1656 2094 μέντοι
1704 2023 1788 2074 καί
1832 2025 1922 2080 τήν

317 2112 572 2185 στρατίαν
599 2111 799 2188 ἐγείρας
816 2151 830 2176 ,
861 2109 945 2166 ἐπί
969 2116 1059 2170 τήν
1093 2109 1402 2167 Μεδιολάνων
1429 2114 1642 2190 έχώρει’
1677 2110 1795 2189 τῇδε
1820 2115 1923 2190 γὰρ

317 2205 726 2268 Ούαλεντινιανός
747 2205 942 2279 ἐλέγετο
967 2203 1267 2279 διατρίϐειν·
1289 2205 1315 2260 5
1342 2204 1417 2271 δὲ,
1442 2213 1534 2267 τήν
1551 2209 1734 2262 ἐκείνου
1757 2210 1926 2280 μαθὼν

319 2297 515 2364 ἐξοδόν,
543 2300 615 2362 είς
649 2297 920 2376 ἸΛλυρίους
952 2297 1126 2373 ᾤχετο
1153 2301 1347 2374 φεύγων
1368 2342 1378 2362 .
1412 2301 1537 2376 αὐτῇ
1568 2303 1724 2378 πείρᾳ
1750 2302 1923 2374 μαθών

319 2393 496 2450 ὁποῖον
523 2389 628 2470 ἄρα
655 2398 748 2456 τὴς
783 2403 1032 2472 μητρυιῆς
1060 2395 1298 2450 ἀπώνατο
1327 2394 1660 2467 συμϐουλίας.

401 2761 486 2818 15.
528 2759 585 2819 Ὀ
615 2763 863 2837 βασιλεὺς
909 2762 963 2820 δέ
993 2761 1268 2826 Θεοδόσιος
1309 2764 1377 2820 τά
1420 2785 1474 2821 τε
1514 2771 1645 2821 κατά
1692 2767 1775 2822 τὸν
1821 2767 1926 2824 νέον

325 2858 606 2930 πυθόμενος
628 2859 1056 2923 Ούαλεντινιανὸν,
1085 2862 1168 2913 καί
1194 2856 1291 2914 ὅσα
1317 2857 1466 2914 πάλιν
1495 2857 1520 2914 5
1551 2859 1771 2932 Μάξιμος
1796 2862 1926 2938 πρὸς

327 2953 477 3008 αὐτὸν
508 2951 766 3008 ἐπέστειλε
785 2994 798 3016 ,
841 2956 1018 3029 γράφει
1055 2961 1129 3025 τῷ
1169 2953 1441 3026 πεφευγότι
1469 2953 1561 3026 νέῳ
1582 2995 1594 3010 .
1625 2959 1693 3024 μὴ
1735 2962 1927 3032 χρῆναι

325 3046 632 3117 θαυμάζειν,
667 3047 712 3100 εί
747 3051 819 3120 τῷ
862 3047 951 3118 μέν
990 3045 1192 3119 βασιλεῖ
1234 3047 1291 3102 τὸ
1331 3044 1470 3112 δέος,
1502 3055 1575 3119 τῷ
1614 3046 1668 3102 δέ
1697 3050 1928 3124 τυράννῳ

326 3140 384 3194 τὸ
414 3139 598 3218 κράτος
628 3140 979 3203 συνέζευκταισ
1006 3148 1068 3216 τῇ
1093 3141 1192 3216 γὰρ
1221 3139 1488 3215 εὐσεϐείᾳ,
1521 3143 1673 3212 φησί,
1709 3142 1927 3196 πεπολέ-

2027 1921 2279 1990 ρὶυιιιιεειιι
2313 1919 2483 1989 ipsam
2515 1928 2769 1990 suscepto
2796 1919 3076 1976 discedere
3127 1927 3374 1974 moueret
3395 1961 3410 1984 ,
3441 1917 3628 1974 horta-

2029 2027 2285 2086 returque
2315 2024 2593 2084 paternam
2623 2030 2694 2069 ne
2719 2013 2980 2085 abjiccret
3018 2014 3358 2084 religionem.
3384 2013 3495 2069 Nisi
3525 2025 3626 2068 au-

2029 2119 2136 2164 tem
2168 2125 2372 2164 morem
2404 2121 2654 2180 gereret,
2685 2109 3064 2179 gravissimum
3096 2109 3270 2164 eidem
3301 2109 3498 2164 bellum
3528 2107 3630 2163 mi-

2027 2204 2320 2272 nitabatur,
2350 2214 2404 2259 et
2449 2219 2506 2259 re
2542 2204 2762 2269 quidem
2788 2204 2899 2274 ipsa
2940 2203 3170 2260 collecto
3197 2204 3439 2259 exercitu
3466 2245 3479 2268 ,
3513 2203 3628 2259 Me-

2028 2296 2306 2352 diolanum
2335 2311 2526 2352 versus
2573 2300 2880 2367 promovit;
2931 2297 3071 2353 hanc
3117 2299 3263 2352 enim
3305 2297 3493 2352 sedem
3526 2297 3631 2351 Va-

2029 2389 2354 2444 lentinianus
2381 2390 2617 2460 eli-gerat
2654 2390 2722 2444 ad
2769 2389 3140 2446 habitandum.
3189 2389 3284 2445 ilic
3312 2371 3446 2445 vero
3491 2391 3631 2446 irru-

2031 2489 2270 2558 ptionem
2302 2489 2419 2558 ejus
2465 2503 2590 2542 cum
2637 2487 2977 2556 accepisset,
3017 2487 3071 2542 in
3127 2486 3363 2559 lllyriam
3399 2485 3522 2556 fuga
3571 2499 3631 2541 se

2027 2581 2292 2647 contulit,
2339 2581 2436 2634 hac
2482 2580 2595 2651 ipsa
2625 2577 2962 2650 experientia
2990 2589 3329 2650 compertum
3379 2577 3586 2634 habens
3610 2619 3626 2646 ,

2027 2687 2288 2748 quantum
2327 2684 2566 2730 materna
2601 2677 2829 2732 consilia
2860 2677 2958 2744 ipsi
2995 2676 3337 2745 prodessent.

2102 2769 2190 2828 15.
2238 2775 2304 2825 At
2342 2771 2635 2841 imperator
2663 2771 3000 2826 Theodosius
3029 2769 3119 2824 ubi
3165 2768 3382 2824 rescivit
3419 2775 3477 2824 et
3510 2781 3631 2839 qua:

2031 2865 2293 2920 Maximus
2323 2865 2874 2935 adversusjuniorem
2906 2864 3340 2920 Valentinianum
3367 2863 3630 2920 molieba-

2033 2967 2145 3027 tur,
2177 2969 2231 3015 et
2272 2974 2458 3012 rursus
2509 2975 2754 3029 quamam
2795 2958 2861 3013 ad
2911 2973 3034 3014 eum
3077 2959 3218 3014 idem
3270 2958 3624 3026 scripsisset,

2033 3053 2227 3108 litteris
2256 3053 2521 3121 significat
2555 3052 2737 3122 juveni
2772 3052 2995 3122 fugienti
3031 3069 3136 3105 non
3167 3066 3290 3106 esse
3319 3051 3462 3120 quod
3510 3051 3630 3115 quis

2031 3145 2394 3200 admiraretur
2425 3186 2442 3210 ,
2475 3145 2518 3198 si
2568 3149 2678 3214 regi
2713 3145 2905 3206 timor,
2943 3157 3173 3216 tyranno
3213 3145 3379 3199 robur
3407 3146 3632 3214 conjun-

327 3252 454 3303 μηκε
485 3233 577 3304 μέν
615 3229 640 3285 5
669 3231 951 3303 βασιλεύς.
991 3230 1016 3286 ὁ
1043 3230 1097 3287 δέ
1140 3233 1382 3308 τύραννος
1423 3233 1761 3304 ἐπεκούρησε.
1793 3237 1878 3288 καί
1904 3233 1929 3289 5

2036 3251 2152 3294 ctus
2181 3249 2325 3294 esset
2351 3257 2364 3294 :
2394 3238 2525 3294 Nam
2555 3239 2767 3309 pietati,
2803 3238 2973 3306 inquit
2999 3278 3015 3304 ,
3049 3253 3142 3293 rex
3175 3237 3376 3292 bellmn
3407 3237 3588 3291 intulit
3615 3277 3630 3302 ,

328 3325 418 3396 μέν
447 3325 602 3383 αύτήν
641 3324 937 3400 προιέμενος
977 3323 1342 3402 ἀποδιδράσκει
1375 3326 1588 3400 γυμνὸς·
1623 3325 1648 3380 5
1683 3325 1736 3381 δὲ
1764 3330 1932 3401 ταύτῃ

329 3415 744 3490 καθωπλισμένος
775 3423 866 3472 τοῦ
910 3419 1299 3492 γεγυμνωμένου
1330 3427 1526 3494 κρατεί’
1569 3427 1632 3498 τῇ
1660 3419 1758 3498 γὰρ
1789 3422 1932 3478 εὐσε-

333 3508 452 3584 ϐείᾳ
475 3512 556 3564 καὶ
584 3506 610 3564 5
638 3509 834 3571 ταύτης
861 3512 1132 3583 νομοθέτης
1159 3512 1464 3570 συνέστηκε.

405 3723 492 3778 16.
534 3730 713 3804 Ταῦτα
736 3725 828 3798 μέν
855 3720 941 3779 οὖν
968 3725 1037 3785 ὡς
1065 3723 1387 3799 πορῥωτάτω
1411 3721 1598 3798 διάγων
1624 3724 1932 3782 ἐπέστειλεν·

334 3815 504 3878 ἐπειδὴ
551 3816 602 3876 δέ
646 3821 719 3880 είς
760 3819 1050 3896 ἐπικουρίαν
1079 3819 1336 3892 ἀφίκοιτο,
1376 3811 1461 3875 καί
1499 3825 1590 3880 τήν
1635 3823 1726 3893 μέν
1755 3824 1935 3878 οἰκείαν

333 3911 725 3968 καταλελοιπότα
752 3912 1046 3984 βασιλείαν,
1087 3915 1159 3974 εἰς
1184 3911 1237 3967 δέ
1264 3918 1352 3972 τήν
1390 3915 1547 3970 αὐτοῦ
1583 3916 1936 3992 παραγινόμε-

331 4027 413 4061 νον
441 4004 563 4061 ἴδοι·
594 4014 780 4082 πρῶτα
803 4009 892 4078 μέν
915 4015 976 4082 τῇ
1006 4004 1161 4080 ψυχῇ
1187 4010 1274 4065 τὴν
1300 4007 1568 4082 θεραπείαν
1595 4013 1931 4084 προσήνεγκε,

333 4102 420 4154 καί
447 4104 539 4159 τήν
562 4099 910 4173 ἐπιγενομέδην
935 4107 1028 4161 τῆς
1055 4099 1296 4158 ἀσεϐείας
1319 4099 1530 4164 ἐξείλετο
1556 4101 1724 4162 νόσον,
1759 4105 1840 4155 καὶ
1865 4104 1936 4163 εἰς

333 4196 424 4250 τήν
453 4194 703 4265 πατρῴαν
724 4191 983 4246 εύσεϐείαν
1003 4193 1342 4266 ἐπανήγαγεν
1368 4186 1478 4246 εἶτα
1505 4193 1715 4266 θαρρεῖν
1741 4215 1936 4269 παρεγ-

333 4287 572 4356 γυήσας.
617 4285 800 4354 καὶτῷ
843 4284 933 4354 μέν
975 4284 1206 4358 τυράννῳ
1244 4283 1692 4358 ἐπιστρατεύσας.
1731 4291 1805 4358 τῷ
1846 4289 1936 4357 μέν

332 4377 584 4446 ἀναιμωτί
632 4372 959 4451 παραδίδωσι
1009 4379 1098 4434 τὴν
1146 4373 1430 4448 βασιλείαν,
1457 4377 1541 4432 τὸν
1593 4373 1648 4431 δέ
1693 4378 1937 4453 τύραννον

335 4470 556 4546 ἀναιρεῖ,
585 4465 772 4523 ἀδικεῖν
799 4469 901 4544 γὰρ
940 4467 1161 4523 ὑπέλαϐε
1201 4471 1297 4528 τὰς
1337 4469 1468 4543 πρὸς
1495 4471 1770 4546 Γρατιανὸν
1797 4491 1936 4544 γενον

337 4563 493 4634 μένας
520 4564 775 4623 συνθήκας
795 4604 805 4615 .
835 4563 879 4616 εἰ
901 4567 972 4634 μή
1005 4565 1181 4622 ποινήν
1199 4583 1310 4620 τινα
1338 4569 1430 4622 τῆς
1450 4570 1647 4636 σφαγῆς
1676 4565 1798 4625 τούς
1823 4567 1936 4620 ἀνε-

2039 3343 2298 3406 tyrannus
2331 3348 2458 3387 vero
2504 3332 2794 3386 auxiliatus
2821 3339 2938 3396 est;
2980 3339 3035 3386 et
3076 3329 3167 3383 ille
3209 3329 3425 3400 quidem
3459 3331 3629 3398 ipsam

2037 3427 2298 3484 deserens
2322 3467 2337 3490 ,
2367 3426 2541 3480 nudus
2566 3424 2767 3494 aufugit
2801 3442 2812 3476 :
2857 3423 2945 3479 hic
2972 3439 3002 3479 e
3027 3425 3299 3478 contrario
3327 3422 3416 3476 illa
3456 3435 3634 3476 arma-

2038 3531 2152 3587 tus,
2180 3517 2454 3574 victoriam
2480 3518 2647 3574 refert
2666 3534 2734 3573 ex
2764 3518 3065 3574 deuudato:
3090 3516 3274 3588 pietati
3296 3513 3440 3571 enim
3464 3515 3633 3584 ipsius
3695 3554 3698 3556 ν

2037 3613 2318 3683 legistator
2342 3613 2556 3682 adiutor
2581 3610 2698 3666 fuit.

2109 3707 2195 3762 16.
2241 3706 2375 3761 Hzec‘
2395 3706 2554 3776 igitur
2604 3719 2699 3776 per
2725 3703 3045 3775 epistolam,
3094 3717 3215 3759 cum
3253 3703 3415 3775 longo
3459 3707 3638 3757 tractu

2038 3809 2188 3858 esset
2213 3801 2457 3866 diSsitus,
2485 3799 2753 3854 nuntiavit
2778 3816 2790 3853 :
2821 3807 3102 3870 postquam
3136 3813 3266 3851 vero
3290 3798 3342 3851 in
3371 3795 3630 3850 auxilium

2040 3896 2219 3960 venit,
2251 3903 2305 3948 et
2337 3894 2521 3960 illum,
2560 3894 2780 3962 proprio
2806 3893 3024 3961 quidem
3059 3891 3250 3946 relicto
3297 3889 3550 3958 imperio.
3578 3890 3631 3943 in

2039 4004 2140 4042 suo
2182 4000 2507 4056 praesentem
2560 3987 2729 4047 vidit;
2763 3984 2994 4053 primum
3040 3981 3258 4053 quidem
3311 3980 3632 4036 medicinam

2039 4080 2282 4134 adhibuit
2317 4079 2437 4150 ejus
2463 4079 2680 4141 animus.
2715 4086 2769 4132 et
2822 4077 3136 4140 iinpietaiis,
3169 4089 3274 4146 qua
3307 4074 3633 4140 laborabat,

2041 4176 2289 4230 murbum
2314 4173 2628 4243 expellens,
2660 4172 2712 4228 in
2754 4173 3014 4241 pietatem
3054 4169 3288 4240 patriam
3334 4173 3509 4241 ipsmn
3551 4181 3637 4223 re-

2040 4269 2214 4324 duxit.
2248 4267 2449 4322 Deinde
2476 4266 2627 4320 illum
2668 4264 2946 4320 conlidere
2983 4264 3178 4333 jubeus
3201 4305 3215 4328 ,
3245 4271 3301 4318 et
3322 4272 3509 4318 contra
3554 4270 3638 4334 ty-

2041 4377 2271 4416 rannum
2313 4359 2554 4415 inferens
2599 4360 2752 4429 signa
2779 4400 2796 4424 ,
2845 4357 2923 4412 illi
2964 4356 3181 4425 quidem
3229 4357 3348 4411 sine
3377 4356 3638 4426 sanguine

2041 4455 2218 4510 reddit
2262 4453 2574 4524 imperium,
2608 4463 2898 4523 tyrannum
2930 4462 3110 4505 autem
3145 4449 3412 4520 supplicio
3440 4447 3634 4504 afllcit.

2044 4548 2199 4602 Edim
2228 4561 2358 4602 vero
2397 4546 2601 4601 violare
2649 4560 2712 4600 se
2749 4543 2980 4599 credidit
3009 4543 3142 4597 inita
3166 4553 3320 4613 pacta
3347 4556 3471 4596 cum
3502 4541 3640 4598 Gra-

335 4657 520 4717 λόντας
543 4656 892 4732 είσπράξοιτο’
917 4651 1067 4716 οὗτος
1086 4653 1147 4715 δὴ
1172 4649 1256 4708 οὖν
1279 4653 1304 4710 5
1339 4655 1654 4718 πιστότατος
1694 4656 1931 4730 βασιλεὺς

2047 4647 2193 4700 tiano
2214 4687 2226 4707 .
2256 4643 2360 4698 nisi
2404 4643 2472 4698 ab
2507 4641 2614 4697 illis
2639 4683 2652 4707 ,
2681 4643 2770 4713 qui
2802 4643 2946 4696 hunc
2996 4641 3294 4710 principem
3327 4639 3640 4696 trttcidave-

339 4753 424 4805 mi
444 4750 579 4805 κατά
602 4755 693 4812 τῆς
719 4748 970 4809 ἐλληνικῆς
1002 4750 1201 4810 ἀπάτης
1233 4746 1463 4807 σπουδήν
1494 4750 1812 4820 εἰσενέγκατο
1834 4756 1938 4804 πά-

342 4867 438 4902 σαν
457 4885 471 4906 ,
495 4845 585 4900 καί
621 4844 806 4917 νόμους
845 4843 1034 4909 ἐξέθετο
1053 4883 1068 4910 ,
1099 4845 1167 4900 τά
1192 4850 1291 4899 τῶν
1322 4841 1538 4898 εἰδώλων
1575 4845 1755 4915 τεμένη
1785 4866 1940 4900 κατα-

337 4939 541 4999 λυθῆναι
563 4936 796 4992 κελεύων.

418 5123 504 5179 Π.
526 5131 902 5187 Κωνσταντῖνος
925 5124 1014 5197 μέν
1035 5125 1137 5200 γὰρ
1165 5122 1190 5179 5
1214 5126 1387 5198 μέγας,
1414 5123 1439 5179 5
1469 5125 1639 5188 πάσης
1661 5126 1944 5192 ἀξιώτατος

342 5220 608 5292 εὐφημίας,
631 5225 837 5294 πρῶτος
859 5218 1094 5292 εὐσεϐείᾳ
1120 5223 1210 5278 τήν
1233 5218 1494 5291 βασιλείαν
1533 5225 1820 5292 κοσμήσας.
1864 5223 1947 5278 καί

341 5317 434 5371 τήν
476 5309 762 5382 οἰκουμένην
787 5308 864 5366 ἔτι
888 5319 1173 5386 μεμηνυῖαν
1207 5310 1335 5388 ὁρῶν
1352 5353 1366 5368 .
1400 5313 1458 5367 r5
1487 5315 1575 5383 μὲν
1601 5322 1710 5375 τοῖς
1736 5311 1946 5386 δαίμοσι

343 5405 480 5458 θύειν
516 5403 844 5458 παντάπασιν
887 5403 1216 5476 ἀπηγόρευσε
1241 5420 1252 5432 ⁸
1298 5405 1414 5464 τοὺς
1455 5402 1508 5458 δὲ
1552 5406 1748 5460 τούτων
1792 5408 1946 5479 ἀφῆκε

343 5499 519 5559 ναούς,
543 5495 773 5556 ἀϐάτους
796 5488 919 5549 εἶναι
942 5503 1016 5568 τῷ
1034 5498 1190 5551 παντὶ
1217 5498 1536 5571 προστάξας·
1565 5501 1649 5552 καὶ
1669 5498 1838 5570 μέντοι
1859 5504 1946 5555 καί

346 5589 394 5643 οἱ
432 5591 615 5644 τούτου
660 5585 841 5648 παῖδες
882 5596 987 5649 τοῖς
1029 5591 1288 5664 πατρῴοις
1331 5589 1678 5649 ἠκολούθησαν
1714 5589 1942 5662 ἴχνεσιν

346 5680 610 5742 Ἰουλιανὸς
635 5678 690 5736 δέ
724 5682 1037 5736 ἀνενεώσατο
1057 5685 1148 5740 τὴν
1169 5680 1414 5736 ἀσεϐείαν
1465 5687 1554 5738 καὶ
1589 5691 1682 5744 τῆς
1722 5685 1952 5747 παλαιᾶς

353 5776 557 5840 ἀπάτης
580 5771 913 5851 σφοδρότερον
951 5773 1109 5850 ἀνῇψε
1149 5780 1239 5834 την
1266 5774 1441 5849 φλόγα’
1478 5781 1570 5835 τὴν
1610 5776 1871 5848 βασιλείαν
1898 5775 1954 5833 δέ

356 5867 668 5952 παραλαϐὼν
697 5866 962 5952 ’ίοϐιανός,
989 5868 1140 5934 πάλιν
1159 5873 1249 5938 τήν
1290 5875 1389 5930 τῶν
1430 5865 1644 5926 εἰδώλων
1683 5868 1955 5931 διεκώλυσα

2043 4748 2186 4804 rant,
2220 4751 2406 4806 pmuas
2437 4742 2729 4806 repeteret.
2762 4739 2935 4803 Atque
2956 4735 3098 4789 idem
3121 4735 3414 4804 imperatur
3440 4731 3641 4788 illiciis-

2045 4833 2236 4897 simus,
2261 4831 2423 4884 etiam
2446 4829 2705 4884 adversus
2729 4827 3008 4898 gentilium
3031 4841 3245 4882 errores
3266 4839 3481 4880 omnem
3509 4839 3643 4880 con-

2047 4923 2169 4979 tulit
2191 4921 2521 4992 diligentiam
2546 4962 2561 4984 ,
2595 4921 2848 4993 legesque
2871 4919 3229 4989 promulgavit
3253 4959 3269 4986 ,
3291 4917 3490 4988 quibus
3519 4917 3640 4974 ido-

2050 5020 2221 5073 lorum
2247 5015 2444 5082 templa
2473 5015 2681 5070 destrui
2713 5014 3074 5085 prurcipiebat.

2124 5115 2214 5167 17.
2260 5113 2468 5166 Etenim
2495 5113 2878 5164 Constantinus
2907 5109 3148 5175 Magnus,
3198 5107 3345 5162 omni
3379 5106 3539 5162 laude
3577 5120 3642 5161 ac

2050 5207 2435 5279 praedicatione
2462 5219 2621 5273 quam
2653 5202 3024 5272 diguis~imus,
3069 5201 3268 5270 pietate
3303 5201 3516 5256 ornavit
3544 5202 3648 5258 im-

2053 5303 2261 5372 perium
2287 5317 2301 5358 :
2329 5315 2392 5356 ac
2420 5309 2587 5355 totum
2611 5301 2796 5354 orbem
2818 5297 2981 5352 etiam
3023 5306 3152 5352 tunc
3176 5296 3538 5352 insanientem
3567 5297 3650 5353 vi-

2051 5398 2210 5460 dens.
2237 5394 2574 5451 (Immenibus
2601 5394 2818 5464 quidem
2865 5390 3175 5446 sacrificare
3201 5391 3420 5444 omnino
3461 5390 3650 5460 prohi.

2051 5492 2188 5556 buit,
2220 5505 2410 5544 eorum
2437 5497 2617 5542 autem
2650 5489 2769 5538 lana
2792 5496 2935 5538 stare
2966 5481 3228 5552 permisit,
3256 5481 3325 5537 ab
3363 5481 3442 5538 eis
3470 5483 3649 5540 arceri

2053 5583 2581 5658 quemlibetjubens.
2611 5581 2674 5634 Et
2697 5581 2912 5651 quidem
2951 5577 3110 5642 hujus
3140 5575 3233 5631 lilii
3281 5579 3519 5644 paternis
3567 5579 3650 5633 in-

2053 5683 2242 5735 sdtere
2264 5677 2504 5747 vestigiis
2529 5673 2806 5745 :Juliapus
2828 5687 2956 5726 vero
2992 5671 3267 5724 renovavit
3291 5673 3647 5741 impietatem,

2059 5788 2156 5829 uec
2179 5789 2284 5826 non
2315 5771 2518 5825 erroris
2534 5768 2644 5840 jam
2660 5765 2884 5822 exstileti
2900 5762 3358 5822 vehementiorem
3380 5766 3650 5820 flammam

2060 5865 2325 5925 accendit.
2359 5866 2430 5922 At
2447 5863 2708 5922 Jovianus
2725 5860 2955 5933 adeptus
2982 5859 3270 5934 imperium
3285 5899 3303 5930 ,
3330 5874 3522 5918 rursus
3541 5857 3662 5916 ido-
