4156 6370
427 245 502 300 53

1647 239 1808 298 VITA
1849 239 2098 300 SANC'I‘I
2139 241 2480 300 AMBROSII.
3155 247 3178 262 ’
3669 260 3740 314 56

431 357 606 412 lorum
635 357 838 414 cultum
861 357 1202 430 proscripsit.
1233 357 1300 416 Et
1319 371 1552 432 magnus
1579 373 1794 432 quoque
1829 359 2026 418 Valeu-
2055 388 2072 426 λ

2175 367 2434 442 ιραπείανο
2469 367 2552 420 καὶ
2597 367 2996 432 Οὐαλεντινιανός
3039 369 3096 425 δὲ
3139 369 3166 428 ὁ
3211 373 3374 446 μέγας
3413 379 3522 435 τοῖς
3565 375 3742 438 αὐτοῖς

437 449 678 506 tinianus
709 449 900 508 iisdem
923 452 1086 522 plane
1129 453 1342 524 legibus
1363 467 1494 510 usus
1517 495 1534 522 ,
1565 451 1836 524 Europam
1869 453 2032 512 rexit.

437 541 594 612 Quod
627 557 756 600 vero
799 544 868 600 ad
903 543 1184 602 Valenlem
1205 587 1222 612 ,
1251 545 1460 600 cunctis
1489 545 1708 616 quidem
1755 545 1876 600 aliis
1905 547 2037 603 ado-

435 651 562 692 rare
587 635 862 706 permisit,
891 637 1166 706 quomodo
1205 639 1446 704 vellent;
1477 645 1534 692 et
1553 653 1674 707 quae
1699 637 2000 694 adorabant
2017 683 2034 708 ,

437 735 618 806 palam
647 735 834 792 colere
864 753 878 788 :
903 735 956 790 in
983 735 1082 790 hos
1107 745 1288 792 autem
1317 737 1464 791 solos
1481 777 1496 796 ,
1521 734 1762 805 aquibus
1787 735 2036 806 dogmata

441 829 740 901 apostolica
767 831 1270 902 propugnabantur,
1297 831 1496 886 bellum
1517 845 1708 901 gerere
1737 845 1842 886 non
1873 833 2042 886 inter-

445 923 616 978 misit.
665 921 822 978 Omni
851 939 984 994 ergo
1017 933 1260 992 tempore
1285 939 1392 994 quo
1423 925 1468 978 is
1493 923 1768 994 regnavit,
1801 924 1944 994 ignis
1961 925 2044 978 al-

443 1017 550 1070 tari
602 1017 978 1086 superpositus
1009 1017 1430 1084 accendebatur,
1479 1027 1536 1074 et
1563 1018 1850 1074 libationes
1883 1029 2044 1090 atque

447 1107 654 1164 hostias
679 1109 838 1166 idolis
887 1109 1220 1176 offerebant,
1265 1117 1322 1166 et
1365 1110 1420 1164 in
1451 1109 1646 1182 plateis
1673 1109 1920 1166 convivia
1949 1125 2046 1180 pu-

445 1201 588 1260 blica
617 1201 1000 1268 celebrabant,
1045 1211 1100 1258 et
1127 1203 1216 1272 qui
1261 1203 1594 1274 peragebant
1645 1203 1836 1258 Bacchi
1861 1202 2046 1275 orgia,

447 1309 570 1352 eum
622 1293 866 1364 caprinis
911 1293 1144 1366 pellibus
1175 1297 1504 1362 currebant,
1533 1311 1698 1352 canes
1725 1311 1908 1352 secum
1943 1309 2052 1352 tra-

447 1389 640 1446 hentes
667 1431 680 1454 ,
709 1399 764 1444 et
795 1389 1124 1446 insanientes
1148 1433 1164 1458 ,
1195 1399 1252 1448 et
1271 1389 1694 1458 debacchantes,
1725 1399 1780 1446 et
1801 1391 2054 1448 commit-

451 1490 632 1538 tentes
661 1481 768 1538 alia
813 1482 1124 1552 hujusmodi
1147 1527 1160 1552 ,
1188 1499 1310 1554 qua:
1357 1484 1654 1556 nequitiam
1683 1485 1926 1556 magistri
1967 1485 2050 1542 sui

455 1577 638 1648 palam
671 1575 932 1634 laet-rent.

511 1671 618 1728 '18.
663 1671 1036 1732 Fidelissimus
1065 1679 1248 1728 autem
1279 1673 1574 1744 imperator
1592 1673 1932 1730 Theodosius
1959 1675 2058 1731 ist-

2139 459 2458 532 κεχρημένος
2495 458 2698 532 νόμοις,
2747 457 2884 516 ἴθυνε
2927 467 3018 522 τήν
3061 465 3338 538 Εὐρώπην·
3385 463 3500 521 όδέ
3546 467 3744 528 Οὐάλης

2139 557 2273 607 πᾶσι
2300 555 2392 625 μὲν
2427 559 2538 613 τοῖς
2579 549 2744 615 ἄλλοις
2781 555 3028 632 ἐπέτρεψε
3055 557 3352 634 θρησκεύειν
3459 559 3739 632 βούλοιντο,

2141 649 2227 702 καί
2267 648 2334 702 τά
2373 647 2752 724 θρησκευόμενα
2789 650 3118 726 θεραπεύειν·
3163 651 3332 722 μόνοις
3401 650 3454 708 δέ
3513 653 3746 728 πολεμῶν

2143 737 2350 796 διετέλει
2375 747 2488 803 τοῖς
2511 749 2612 798 τῶν
2647 743 2998 798 άποστολικῶν
3039 745 3416 818 ύπερμαχοΰσι
3453 745 3744 820 δογμάτων·

2143 835 2316 890 πάντα
2343 839 2466 908 γοῦν
2485 835 2570 890 τόν
2589 843 2682 897 τῆς
2703 837 2894 890 ἐκείνου
2919 837 3188 908 βασιλείας
3209 841 3418 916 χρόνον,
3441 845 3526 896 καί
3551 844 3610 898 τὸ
3635 845 3720 898 ἐπι
3735 875 3749 884 -

2149 929 2336 1002 ϐὡμιον
2357 931 2548 989 ἥπτετο
2563 937 2692 1008 πῦρ·
2717 935 2804 986 καί
2829 929 3056 994 σπονδάς
3077 935 3166 988 καί
3189 936 3372 996 θυσίας
3397 943 3506 996 τοῖς
3527 936 3752 1000 εἰδώλοις

2147 1029 2484 1104 προσέφερον,
2518 1031 2601 1082 καί
2637 1029 2728 1088 τάς
2769 1025 3091 1100 δημοθοινίαις
3119 1031 3252 1086 κατά
3283 1031 3376 1092 τὰς
3405 1032 3600 1108 ἀγοράς
3631 1033 3752 1087 έπε-

2149 1121 2341 1176 τέλουν·
2365 1123 2450 1176 καί
2475 1121 2522 1176 οἱ
2545 1127 2614 1176 τὰ
2641 1121 2886 1178 Διονύσου
2917 1117 3066 1198 ὄργια
3093 1124 3462 1196 τετελεσμένοι,
3495 1125 3628 1198 μετά
3653 1131 3754 1181 τῶν

2153 1213 2360 1286 αἰγίδων
2381 1213 2601 1286 ἔτρεχον
2623 1217 2744 1276 τοὺς
2767 1215 2924 1276 κύνας
2955 1215 3298 1280 ἐπισπῶντες,
3333 1219 3420 1272 καὶ
3449 1217 3752 1292 μεμηνότες,

2153 1311 2238 1364 καὶ
2266 1307 2648 1382 βακχεύοντες,
2689 1311 2778 1364 καί
2811 1305 2972 1372 τᾶλλα
3011 1309 3232 1388 δρῶντες
3251 1351 3264 1376 ,
3295 1309 3330 1368 ά
3357 1315 3448 1372 τήν
3475 1317 3570 1368 τοῦ
3611 1309 3756 1368 διδα-

2155 1401 2346 1458 σκάλου
2367 1405 2610 1480 πονηρίαν
2639 1399 2840 1464 ἐδήλου.

2231 1693 2320 1749 18.
2344 1691 2612 1756 Θεοδόσιος
2641 1689 2716 1758 δὲ,
2747 1691 3110 1752 όπιστότατος
3137 1689 3400 1764 βασιλεὺς,
3419 1697 3588 1748 ταῦτα
3613 1711 3762 1770 περι·

457 1765 576 1822 huic
607 1765 788 1822 omnia
819 1781 852 1822 e
879 1765 1058 1822 medio
1099 1767 1172 1822 ita
1201 1767 1450 1830 sustulit,
1489 1783 1552 1822 ac
1577 1768 1622 1824 si
1651 1768 1720 1822 ab
1751 1768 1908 1824 initio
1947 1783 2054 1824 non

2175 1787 2264 1844 εἷλε
2293 1789 2468 1843 πάντα
2489 1787 2664 1862 ὥσπερ
2707 1779 2766 1840 άν
2793 1789 2836 1840 εἰ
2861 1783 2988 1858 μηδὲ
3027 1791 3118 1844 τήν
3158 1787 3334 1862 ἀρχὴν
3370 1785 3616 1858 γεγονότα
3635 1825 3650 1851 ,
3677 1791 3764 1840 καί

409 1927 414 1932 _
455 1861 798 1916 exstitissent
833 1877 846 1914 :
889 1861 944 1916 in
979 1875 1212 1930 quorum
1239 1861 1414 1916 vicem
1457 1857 1782 1916 Christianis
1825 1861 2058 1916 instituit

455 1955 562 2010 alia
587 1955 762 2026 plura.
791 1953 900 2012 Sed
923 1955 1066 2012 enim
1103 1955 1222 2024 ejus
1251 1955 1344 2025 qui
1385 1970 1414 2010 a
1445 1955 1640 2026 primis
1671 1963 1818 2010 retro
1845 1963 2058 2026 tempo-

459 2051 612 2108 ribus
639 2049 812 2106 hostis
835 2049 1114 2108 hominum
1143 2057 1254 2116 est,
1279 2049 1462 2104 omnia
1485 2050 1622 2106 retia
1655 2065 1762 2104 non
1787 2049 1890 2104 nisi
1917 2063 2060 2120 aegre

463 2141 828 2212 ell'ugiuntur;
871 2143 1070 2213 sarpius
1095 2143 1240 2198 cnim
1267 2141 1462 2212 aliquis
1493 2155 1618 2198 cum
1645 2141 1876 2198 luxuria:
1907 2133 2058 2196 mor-

459 2235 590 2292 bum
645 2237 916 2302 evaserit,
949 2234 1192 2292 avaritiae
1245 2235 1438 2306 laqueo
1484 2233 1668 2290 forsan
1723 2235 1980 2306 capitur:
2013 2235 2060 2290 si

465 2339 648 2386 autem
679 2329 772 2386 illa
805 2329 970 2386 fuerit
991 2330 1188 2400 major,
1211 2329 1430 2384 aliunde
1451 2343 1640 2384 rursus
1663 2327 1850 2384 livoris
1867 2343 2066 2400 vorago

467 2426 850 2482 subnascitur:
879 2435 934 2480 et
955 2425 1086 2482 licet
1113 2423 1256 2480 hanc
1291 2423 1474 2478 denuo
1503 2422 1822 2478 transilierit
1841 2463 1857 2490 ,
1883 2421 2068 2494 plagas

465 2519 766 2576 iracundiae
807 2515 1054 2574 oll‘endet
1095 2515 1428 2588 praeparatas
1461 2533 1474 2570 :
1503 2525 1558 2572 et
1601 2523 1890 2570 sescentas
1934 2514 2070 2570 alias

467 2609 790 2668 hominibus
827 2609 1127 2666 tendiculas
1175 2607 1394 2664 instruit
1437 2608 1702 2680 malignus
1745 2607 1868 2673 ille,
1893 2605 1984 2677 qui
2015 2607 2068 2660 in

467 2707 750 2762 hominum
779 2715 1006 2762 venatur
1024 2703 1338 2776 perniciem.
1373 2705 1516 2762 Sane
1543 2703 1762 2774 quidem
1779 2717 2074 2774 corporeus

473 2809 658 2858 motus
703 2799 974 2854 machinis
1029 2799 1296 2856 adversus
1333 2799 1570 2854 animam
1609 2799 1678 2854 ab
1703 2813 1770 2854 eo
1801 2798 2074 2854 fabricatis

473 2893 642 2950 habet
689 2901 1048 2963 cooperantes
1081 2911 1096 2948 :
1145 2909 1298 2949 mens
1337 2901 1518 2948 autem
1557 2893 1648 2948 illa
1693 2908 1816 2964 quae
1847 2891 2074 2964 vigilans

475 2987 668 3054 fuerit,
697 2987 812 3044 sola
839 2995 1062 3058 superat
1079 3027 1096 3054 ,
1129 2989 1496 3058 propensione
1517 2989 1572 3042 in
1595 3003 1686 3044 res
1707 2987 1920 3044 divinas
1946 3001 2078 3044 ma-

476 3081 850 3140 chinationum
893 3081 1036 3136 illius
1065 3081 1330 3136 malitiam
1379 3082 1700 3152 reprimens.
1735 3083 2078 3152 Quapropter

2165 1880 2320 1936 πλείω
2348 1885 2674 1956 χριστιανοῖς
2703 1878 3118 1950 ἀντεισηνέγκατο
3155 1877 3328 1956 ἔτερα⁸
3367 1877 3492 1932 ἀλλά
3529 1881 3632 1950 γάρ
3669 1885 3762 1934 τοῦ

2163 1981 2328 2030 κοινοῦ
2351 1981 2452 2028 τῶν
2481 1973 2752 2050 ἀνθρώπων
2785 1969 2970 2027 ἄνωθεν
2993 1973 3238 2046 πολεμίου
3273 1973 3366 2034 τάς
3393 1969 3554 2048 ἄρκυς
3584 1969 3762 2046 διαφυ-

2165 2075 2270 2142 γεῖν
2301 2067 2514 2126 ἁπάσας
2537 2067 2593 2120 ού
2629 2063 2826 2144 ῥᾴδιον
2855 2065 3094 2126 πολλάκις
3118 2067 3218 2140 γάρ
3245 2087 3324 2126 τις
3365 2063 3648 2142 διαδράσας
3673 2073 3766 2126 τῆς

2167 2161 2439 2236 ἀσελγείας
2475 2163 2535 2216 τὸ
2563 2161 2728 2222 πάθος
2749 2201 2762 2226 ,
2801 2169 2864 2236 τῇ
2899 2169 2995 2221 τῆς
3023 2161 3310 2226 πλεονεξίας
3349 2157 3475 2221 ἴσως
3511 2159 3770 2214 ἁλίσκεται

2169 2253 2372 2330 παγίδι“
2402 2258 2446 2310 εἰ
2473 2253 2528 2310 δέ
2553 2259 2638 2310 καὶ
2659 2257 2854 2316 ταύτης
2879 2257 3118 2332 κρείττων
3147 2257 3343 2330 φανείη,
3375 2255 3612 2332 ἑτέρωθεν
3639 2255 3770 2309 ὑποσ-

2171 2351 2348 2424 φύεται
2367 2349 2518 2404 πάλιν
2539 2355 2630 2404 τοῦ
2657 2347 2829 2420 φθόνου
2851 2351 2910 2406 τὸ
2932 2349 3202 2426 βάραθρον.
3227 2343 3323 2423 κᾷν
3341 2353 3496 2404 τοῦτο
3529 2347 3582 2402 δέ
3619 2347 3772 2404 πάλιν

2173 2439 2552 2520 ὑπερπηδήσει,
2585 2441 2642 2498 τό
2665 2447 2754 2498 τοῦ
2775 2442 2938 2514 θυμοῦ
2965 2439 3168 2496 δίκτυον
3187 2441 3398 2520 εὑρήσει
3423 2441 3770 2516 προκείμενον.

2173 2537 2262 2589 καὶ
2306 2531 2462 2596 ἄλλας
2501 2532 2556 2590 δέ
2585 2536 2776 2610 μυρίας
2805 2541 2911 2596 τοῖς
2953 2535 3238 2610 ἀνθρώποις
3279 2533 3450 2592 τίθησι
3487 2529 3708 2604 παγίδας
3749 2531 3776 2586 ό

2175 2630 2395 2705 πονηρὸς
2413 2671 2426 2690 ,
2454 2629 2686 2706 ἀγρεύων
2715 2631 2786 2690 εἰς
2823 2625 3050 2706 ὄλεθρον,
3081 2631 3166 2684 καί
3193 2631 3260 2684 τά
3283 2629 3373 2702 μέν
3397 2629 3534 2686 πάθη
3557 2633 3648 2682 τοῦ
3669 2627 3776 2680 σὼ-

2177 2745 2342 2798 ματος
2365 2725 2726 2798 ύπουργοῦντα
2757 2721 2875 2796 ἔχει
2901 2731 3022 2786 ταῖς
3041 2725 3175 2778 κατά
3195 2731 3288 2784 τῆς
3315 2721 3504 2796 ψυχῆς
3525 2739 3780 2776 τεκταινο-

2178 2817 2352 2887 μέναις
2387 2815 2478 2872 ὑπ’
2501 2817 2658 2871 αὐτοῦ
2693 2823 2978 2888 μηχαναῐς⁹
3013 2815 3160 2888 μόνος
3198 2813 3253 2870 δὲ
3293 2815 3581 2891 ἐγρηγορὼς
3615 2811 3781 2872 ὁνοῦς

2179 2911 2490 2986 περιγίνεται
2529 2915 2593 2984 τῇ
2635 2911 2756 2984 περὶ
2793 2909 2860 2964 τά
2904 2909 3018 2962 θεῖα
3057 2915 3222 2984 τροπῇ
3265 2915 3364 2964 τῶν
3395 2905 3782 2980 μηχανημάτων

2181 3001 2462 3076 διελέγχων
2481 3007 2572 3062 τήν
2595 3005 2926 3078 κακουργίαν·
2941 3009 3032 3062 τῆς
3053 3003 3372 3078 ἀνθρωπείας
3397 2999 3458 3060 δή
3477 2995 3564 3054 οὖν
3583 3001 3782 3074 φύσεως

2181 3099 2268 3152 καὶ
2289 3095 2616 3170 όθαυμάσιος
2635 3096 2880 3166 βασιλεὺς
2900 3089 3364 3170 μετασχώνοῦτος,
3391 3091 3508 3148 οὐδέ
3527 3099 3627 3148 τῶν
3655 3091 3786 3144 ἐκεί-

475 3191 600 3232 cum
635 3175 886 3232 humanae
929 3185 1134 3232 natura:
1161 3175 1436 3246 particeps
1473 3183 1620 3232 esset
1669 3177 1962 3247 imperator
1989 3175 2072 3232 ille

2185 3213 2274 3250 νης
2303 3193 2478 3246 παθῶν
2499 3185 2752 3266 ἄγευστος
2781 3187 2968 3262 ἔμεινεν
2985 3207 2996 3218 ·
3027 3191 3148 3244 ἀλλὰ
3167 3209 3244 3250 τις
3267 3189 3484 3262 ἀμετρία
3509 3193 3584 3256 τῷ
3609 3183 3784 3254 δικαῖῳ

483 3271 844 3336 admirabilis,
871 3269 1340 3342 perturbationum
1375 3271 1524 3325 illius
1555 3285 1752 3340 expers
1791 3285 1902 3326 non
1933 3285 2078 3326 sem-

479 3377 580 3434 per
603 3363 728 3434 l‘uit.
757 3361 958 3418 Verum
989 3377 1252 3418 excessus
1299 3363 1484 3418 nescio
1533 3363 1658 3432 quis
1687 3365 1782 3418 irm
1825 3363 2082 3434 legitimtn

481 3457 828 3528 conjunctus,
851 3455 1076 3512 crudele
1121 3455 1378 3526 quiddam
1413 3457 1692 3527 parturiit,
1723 3467 1884 3526 atque
1911 3457 2084 3528 injus-

473 3559 634 3614 -tum;
689 3548 758 3604 de
789 3565 896 3619 quo
923 3549 1182 3605 videlicet
1211 3548 1394 3604 statim
1443 3549 1674 3604 dicetur.
1707 3549 1896 3622 Neque
1939 3551 2083 3606 enim

485 3651 696 3700 tantum
717 3640 1202 3712 reprehensionem
1235 3641 1404 3698 habet
1427 3641 1764 3698 admirabilis
1795 3643 2084 3712 imperato-

483 3737 596 3804 ris,
649 3733 744 3790 sed
773 3735 934 3790 etiam
985 3733 1430 3806 praedicationem
1483 3735 1746 3790 memoria
1794 3735 2083 3791 admodum

487 3830 708 3902 dignam
739 3847 754 3884 ι
803 3828 1040 3886 maxime
1075 3843 1206 3884 vero
1232 3827 1482 3898 generosi
1523 3827 1664 3882 illius
1709 3825 1983 3883 Ambrosii
2017 3827 2084 3882 li-

487 3927 758 3984 bertatem
809 3923 916 3980 huc
957 3921 1340 3980 succedentem
1365 3963 1380 3988 ,
1411 3935 1474 3977 ac
1503 3921 1732 3976 multum
1765 3921 1914 3976 illum
1937 3963 1952 3986 ,
1979 3937 2088 3992 quo

489 4021 746 4078 utebatur
773 4019 830 4074 in
861 4017 1024 4074 rebus
1049 4015 1118 4072 ad
1171 4015 1426 4086 pietatem
1455 4003 1854 4086 pertinentibus
1873 4057 1888 4082 ,
1921 4015 2104 4070 animi'

488 4117 784 4174 fervorem.
837 4110 1112 4184 Quidquid
1185 4109 1318 4166 illud
1369 4109 1482 4178 sit,
1543 4119 1724 4166 tamen
1791 4109 2090 4166 declarabit

492 4207 692 4266 oratio.

565 4305 656 4362 19.
695 4299 1098 4374 Thessalonica
1131 4297 1326 4354 civitas
1377 4311 1570 4368 magna
1599 4303 1716 4364 est,
1761 4311 1828 4352 ac
1871 4295 2092 4366 populis

489 4401 781 4472 frequens,
805 4395 1064 4454 attributa
1094 4393 1314 4464 quidem
1347 4391 1762 4460 Macedonibus,
1791 4389 2092 4446 Thessalia:

492 4503 696 4560 autem,
723 4501 886 4564 atque
915 4488 1130 4546 Achaia:
1158 4497 1318 4560 caput
1339 4529 1354 4554 ,
1377 4483 1832 4560 quemadmodum
1857 4493 1914 4540 et
1961 4483 2094 4539 alia-

2183 3285 2326 3356 θυμῷ
2369 3285 2741 3359 προσγενομένη
2761 3323 2776 3348 ,
2821 3283 3010 3342 ἀπηνές
3049 3303 3100 3337 τι
3145 3279 3287 3336 ὥδινε
3333 3281 3418 3334 καί
3457 3277 3780 3352 παράνομον,

2185 3377 2364 3453 ὥσπερ
2391 3375 2452 3436 δη
2482 3371 2568 3431 οὖν
2589 3377 2772 3432 αὐτίκα
2795 3376 3075 3452 ῥηθήσεται
3092 3391 3104 3402 ’
3135 3375 3194 3428 οὐ
3213 3375 3312 3448 γάρ
3341 3371 3642 3446 κατηγορίαν
3663 3367 3786 3442 ἔχει.

2183 3471 2330 3542 μόνον
2345 3475 2438 3526 τοῦ
2458 3471 2757 3542 θαυμάστου
2781 3467 3052 3540 βασιλέως,
3069 3467 3194 3522 ἀλλὰ
3215 3469 3300 3521 καὶ
3319 3465 3562 3538 εὐφημίαν
3583 3465 3784 3534 μνήμης

2185 3567 2492 3632 άξιωτάτην,
2519 3568 2602 3620 καί
2631 3563 2852 3636 μάλιστα
2875 3569 2964 3623 τήν
2997 3569 3086 3618 τοῦ
3107 3565 3338 3635 γενναίου
3367 3563 3556 3618 τούτου
3573 3557 3784 3633 Ἀμϐρο-

2186 3659 2304 3712 σίου
2341 3655 2704 3730 διαδεχθείσαν
2753 3655 2967 3712 ἐνταῦθα
3008 3655 3338 3729 παῤῥησίαν,
3384 3655 3582 3710 καὶτὸν
3625 3651 3782 3708 πολύν

2189 3753 2370 3806 ἐκεῖνον
2472 3753 2593 3825 περὶ
2615 3755 2706 3809 τὴν
2733 3749 2992 3806 εὐσεϐείαν
3017 3751 3266 3826 ἐκέχρητο
3293 3747 3461 3814 ζῆλον·
3489 3745 3708 3806 δηλώσει
3735 3743 3782 3802 δ’

2189 3839 2276 3912 οὖν
2297 3841 2434 3916 ὅμως
2461 3843 2487 3900 ό
2505 3839 2674 3916 λόγος.

2267 4316 2358 4374 19.
2400 4315 2742 4375 Θεσσαλονίκη
2763 4315 2909 4376 πόλις
2939 4313 3052 4370 ἐστί
3073 4311 3264 4386 μεγάλη
3289 4313 3374 4366 καί
3391 4307 3788 4384 πολυάνθρωπος

2194 4413 2416 4471 τελοῦσα
2455 4415 2548 4484 μέν
2575 4413 2646 4474 είς
2681 4409 2998 4471 Μακεδόνας·
3030 4408 3280 4484 ἡγουμένη
3318 4403 3372 4460 δὲ
3405 4407 3490 4460 καὶ
3513 4401 3791 4462 Θετταλίας

2197 4511 2282 4564 καί
2323 4505 2539 4578 Ἀχαΐας
2567 4509 2654 4560 καί
2683 4501 2842 4560 ἄλλων
2875 4501 3066 4559 πολλῶν
3111 4501 3259 4554 ἐθνῶν
3279 4539 3292 4562 ,
3323 4495 3422 4554 ὅσα
3454 4495 3556 4552 ὑπὸ
3593 4501 3668 4568 τῷ
3695 4499 3794 4548 τῶν

493 4605 616 4646 rum
643 4589 960 4654 multarum,
1009 4593 1274 4658 quotquot
1303 4585 1668 4656 subjiciuntur
1713 4583 1908 4656 Illyrian
1953 4597 2072 4652 prta

2197 4601 2444 4680 Ἰλλυριῶν
2481 4600 2716 4676 ὑπάρχῳ
2745 4595 2930 4653 κεῖται·
2966 4595 3204 4654 στάσεως
3237 4593 3404 4648 τοίνυν
3431 4591 3480 4643 ἐν
3505 4590 3632 4663 αὐτῇ
3653 4607 3796 4660 γενο-
3877 4601 3892 4610 “

493 4684 658 4740 fecto.
682 4681 962 4738 Seditione
987 4679 1152 4752 igitur
1181 4679 1292 4734 illic
1313 4685 1522 4743 exorta,
1557 4675 1776 4748 quidam
1805 4675 2091 4746 magistra-

495 4785 648 4832 tuum
680 4773 902 4844 lapidati
933 4779 1093 4834 sunt,
1151 4779 1204 4827 et
1261 4785 1358 4842 per
1407 4769 1524 4826 vias
1579 4769 1770 4834 tracti,
1819 4771 2096 4840 vitamque

493 4871 818 4942 turpissimo
843 4871 994 4924 exitu
1017 4868 1290 4924 ﬁnierunt.
1317 4867 1430 4922 ilex
1457 4865 1618 4936 igitur
1639 4879 1826 4921 eorum
1857 4879 1978 4934 qum
2003 4879 2096 4920 ac-

495 4967 782 5028 ciderant,
833 4965 1036 5020 nuntiis
1083 4963 1518 5024 excantlescens,
1551 4973 1614 5014 ea
1661 4973 1766 5012 non
1813 4956 2096 5012 moderate

495 5063 660 5120 tulit:
693 5061 788 5118 sed
823 5075 1040 5116 omnem
1085 5057 1425 5112 stomachum
1463 5063 1654 5110 contra
1679 5069 1868 5110 omnes
1917 5053 2092 5108 ellua-

497 5159 658 5228 dens,
687 5168 742 5212 et
772 5157 1002 5228 injustos
1035 5167 1266 5210 exerens
1301 5149 1538 5220 gladios,
1580 5151 1823 5206 insontes
1851 5165 1970 5206 cum
1997 5165 2096 5206 no-

499 5253 752 5310 centibus
779 5249 1086 5314 interfecit,
1122 5247 1375 5301 nimirum
1405 5253 1612 5314 septem
1653 5245 1842 5312 millia,
1878 5253 1938 5300 ut
1985 5259 2096 5302 me-

498 5357 778 5410 moratur;
827 5359 950 5401 cum
977 5341 1184 5397 nullum
1225 5355 1446 5410 prorsus
1477 5339 1548 5394 ab
1571 5353 1636 5394 eo
1667 5337 1934 5409 judicium
1957 5351 2098 5408 prat-

493 5442 724 5500 missum
753 5447 920 5496 esset.
1959 5503 1964 5506 _
2001 5501 2006 5508 _

573 5535 664 5592 20.
697 5533 1074 5592 Calamitatem
1100 5531 1241 5586 hanc
1271 5527 1407 5586 adeo
1435 5527 1724 5600 lugendam
1753 5525 1844 5582 ubi
1871 5525 2096 5582 rescivit

501 5647 732 5706 magnus
749 5631 1090 5696 Ambrosius,
1117 5627 1356 5686 venienti
1375 5625 1733 5682 Mediolanum
1760 5622 2093 5694 imperatori,

503 5737 558 5784 et
589 5727 640 5782 in
673 5725 932 5794 templum
967 5723 1064 5778 Dei
1093 5737 1158 5778 ex
1189 5737 1340 5778 more
1367 5719 1574 5792 ingredi
1599 5717 1862 5790 cupienti,
1883 5715 2096 5772 eminus

497 5823 712 5879 obviam
743 5819 1118 5892 progrediens,
1137 5833 1206 5875 ne
1231 5823 1419 5890 portas
1445 5817 1662 5888 quidem
1683 5799 1868 5884 templi
1890 5811 2096 5870 intrare

2199 4699 2372 4770 μένης,
2395 4691 2808 4752 κατελεύσθησάν
2831 4711 2886 4746 τε
2911 4691 2996 4744 καί
3019 4687 3374 4765 κατεσύρησαν
3393 4689 3494 4737 τῶν
3523 4679 3795 4758 ἀρχόντων

2197 4793 2352 4854 τινές,
2385 4793 2472 4846 καί
2517 4789 2600 4844 τὸν
2629 4787 2738 4859 βίον
2769 4783 3032 4856 αἴσχιστα
3063 4782 3200 4840 οὕτω
3245 4775 3626 4852 κατέστρεψαν
3657 4773 3684 4829 ὁ
3711 4767 3796 4828 οὖν

2199 4887 2444 4960 βασιλεὺς
2469 4891 2586 4945 ταῖς
2611 4889 2712 4940 τῶν
2737 4880 3048 4952 συμβάντων
3075 4877 3330 4950 ἀγγελίαις
3351 4871 3645 4944 άναφλεγείς
3665 4911 3678 4932 ,
3707 4871 3796 4924 ούκ

2197 4983 2368 5054 ἤνεγκε
2391 4981 2592 5057 πρᾴως·
2623 4976 2748 5032 άλλά
2767 4975 2936 5030 πάντα
2955 4971 3110 5042 θυμὸν
3131 4971 3266 5024 κατά
3294 4968 3502 5022 πάντων
3521 4967 3683 5040 ἀφεὶς,
3713 4965 3800 5018 καὶ

2203 5074 2355 5134 ἄδικα
2383 5077 2494 5150 ξίφη
2535 5075 2814 5148 γυμνώσας
2841 5071 2962 5130 τοὺς
2991 5069 3180 5126 άθώους
3219 5065 3351 5136 μετά
3379 5069 3478 5118 τῶν
3504 5057 3799 5120 ὑπευθύνων

2201 5171 2417 5238 ἀνεῖλεν,
2449 5171 2580 5226 ἑπτά
2605 5163 2864 5238 χιλιάδας,
2899 5159 2926 5217 δ
2949 5163 3176 5236 λέγεται,
3207 5163 3278 5236 μὴ
3305 5155 3362 5214 δὲ
3387 5159 3510 5229 μιᾶς
3528 5157 3668 5232 αὐτῷ
3693 5155 3800 5236 κρί-

2203 5283 2336 5326 σεως
2360 5261 2704 5336 ἡγησαμένης.

2271 5519 2364 5576 20.
2405 5519 2606 5576 Ταύτην
2637 5517 2808 5590 μαθὼν
2843 5517 2934 5572 τήν
2969 5509 3204 5590 δακρύων
3239 5511 3500 5584 γέμουσαν
3532 5507 3800 5583 συμφοράν

2204 5615 2230 5674 ὁ
2259 5617 2420 5690 μέγας
2445 5611 2784 5690 ’Λμϐρὸσιος,
2823 5603 3114 5680 ἀφικόμενον
3149 5607 3220 5668 είς
3247 5611 3338 5666 τήν
3369 5601 3680 5660 Μεδιολάνων
3713 5603 3802 5657 τόν

2205 5709 2451 5785 βασιλέα,
2493 5711 2582 5764 καὶ
2607 5705 2836 5766 συνήθως
2872 5701 2994 5758 εἴσω
3029 5709 3122 5758 τοῦ
3163 5703 3298 5758 θείου
3327 5699 3598 5778 παρελθεῖν
3629 5697 3808 5772 βουλη-

2203 5807 2352 5862 θέντα
2389 5797 2542 5872 ναοῦ,
2583 5787 2844 5875 πόρρωθέν
2877 5797 3318 5874 προῧπαντήσας,
3365 5790 3482 5849 οὐδὲ
3515 5799 3616 5847 τῶν
3655 5789 3800 5868 ἱερῶν
