4156 6370
298 297 368 358 57
1383 299 1471 358 AB
1510 300 1837 360 AUCTORE
1876 298 2210 362 suamne
2247 303 2560 398 scalpra.
3531 279 3633 392 sti

303 418 445 474 εἴασε
462 417 634 475 πυλῶν
652 417 1016 486 ἐπιϐῆναι,ούκ
1027 413 1187 485 οἶσθα,
1207 419 1385 494 λέγων,
1410 421 1478 481 ὡς
1493 418 1664 486 ἔοικεν,
1685 417 1724 474 ὦ
1746 420 1872 492 βασι

2006 425 2254 492 permisit
2287 443 2298 478 :
2355 425 2560 493 Nescis,
2603 425 2874 498 inquiens,
2911 428 3212 500 imperator,
3251 428 3328 484 uti
3374 430 3600 500 videtur,

301 513 404 581 λεῦ,
437 520 532 573 τῆς
569 513 904 588 εἰργασμένης
939 514 1224 587 μιαιφονίας
1252 514 1312 569 τὸ
1342 513 1578 588 μέγεθος-⁸
1622 511 1737 569 ούδί
1771 514 1904 586 μετὰ

302 611 390 665 τήν
409 612 503 660 τοῦ
529 607 695 679 θυμοῦ
721 606 875 672 λῆξιν,
902 604 927 660 6
953 606 1199 680 λογισμὸς
1225 607 1417 681 ἐπέγνω
1438 608 1497 663 τὸ
1528 606 1790 678 τολμηθὲν
1821 608 1905 662 οὐκ

305 699 358 768 ἰᾷ
384 701 487 774 γάρ
523 697 652 760 ἴσως
691 707 781 760 τῆς
819 698 1086 770 βασιλείας
1123 700 1153 756 ἡ
1189 697 1470 754 δυναστεία
1507 701 1773 774 ἐπιγνῶναι
1813 704 1902 759 τήν

302 793 577 871 ἁμαρτίαν,
617 794 721 850 ἀλλ’
749 794 1055 869 ἐπιπροσθεῖ
1085 795 1116 852 ἡ
1154 795 1356 859 ἐξουσία
1394 803 1467 866 τῷ
1503 781 1754 869 λογισμῷ·
1791 799 1902 867 χρὴ

301 889 467 961 μέντοι
502 895 594 949 τήν
635 891 788 964 φύσιν
823 887 1036 952 εἰδέναι,
1077 892 1162 944 καί
1198 890 1257 944 τὸ
1298 887 1494 950 ταύτης
1534 888 1709 947 θνητόν
1732 910 1787 944 τε
1818 892 1903 943 καί

300 981 548 1059 διαρρέον,
576 989 662 1040 καί
687 986 772 1040 τὸν
793 985 1041 1060 πρόγονον
1065 991 1200 1056 χοῦν
1220 986 1272 1050 ἐξ
1296 981 1356 1038 οὗ
1384 981 1678 1058 γεγόναμεν,
1711 987 1796 1039 καί
1825 987 1896 1046 εἰς

301 1074 354 1131 ὃν
381 1079 717 1150 ἀπορῥέομεν,
754 1081 839 1132 καί
867 1083 937 1149 μή
957 1086 1032 1153 τῷ
1060 1075 1194 1134 ἄνθει
1222 1087 1314 1139 τῆς
1343 1076 1641 1154 ἀλουγρίδος
1670 1079 1902 1134 ἀποϐου-

294 1170 608 1243 κολουμένην,
635 1172 828 1244 ἀγνοεῖν
849 1177 937 1226 τοῦ
959 1170 1340 1244 καλυπτομένου
1363 1174 1601 1242 σώματος
1629 1176 1719 1231 τήν
1749 1172 1900 1225 ἀσθέ-

292 1283 450 1321 νειαν·
471 1265 702 1338 ὁμοφυῶν
723 1263 934 1342 ἄρχεις,
955 1261 994 1320 ὦ
1012 1267 1249 1338 βασιλεῦ,
1274 1271 1358 1322 καί
1377 1268 1468 1338 μὲν
1491 1264 1552 1326 δή
1574 1269 1655 1322 καί
1681 1263 1898 1337 ὁμοδού-

291 1359 418 1414 λων·
455 1356 527 1421 εἷς
559 1363 660 1438 γάρ
696 1362 897 1416 πάντων
926 1357 1181 1423 δεσπότης
1207 1363 1292 1416 καί
1320 1361 1562 1433 βασιλεὺς
1591 1359 1738 1415 ὁτῶν
1773 1357 1899 1414 ὅλων

292 1451 623 1532 δημιουργός·
656 1456 819 1514 ποίοις
839 1457 1008 1509 τοίνυν
1031 1454 1302 1526 ὀφθαλμοῖς
1327 1451 1468 1525 ὄψεις
1498 1454 1583 1510 τόν
1613 1459 1702 1508 τοῦ
1732 1460 1896 1508 κοινοῦ

292 1545 549 1605 δεσπότου
575 1550 727 1612 νεὼνς
757 1550 921 1609 ποίοις
947 1546 1002 1603 δέ
1030 1551 1157 1602 ποσὶ
1181 1548 1238 1602 τό
1259 1546 1444 1620 ἔδαφος
1473 1549 1620 1602 ἐκεῖνο
1647 1551 1898 1608 πατήσεις·

291 1643 354 1702 τὸ
383 1642 554 1716 ἄγιονς
585 1650 696 1704 πῶς
727 1641 781 1698 δέ
807 1645 904 1703 τὰς
930 1649 1124 1719 χεῖρας
1179 1641 1397 1704 ἐκτενεῖς
1430 1643 1620 1719 θερμοῦ
1651 1640 1727 1696 ἔτι
1766 1663 1896 1697 στα-

294 1741 490 1806 ζούσας
526 1739 770 1809 αἳματοςῖ
810 1737 841 1798 ἦ
886 1746 998 1800 πῶς
1035 1739 1301 1799 τοιαύταις
1347 1735 1567 1811 ὑποδέξῃ
1598 1739 1759 1812 χερσί
1802 1743 1894 1791 τοῦ

2006 519 2223 590 nefaria:
2242 519 2397 575 caedis
2416 564 2430 588 ,
2457 537 2574 591 quae
2601 532 2808 594 peracta
2833 531 2930 586 est,
2959 523 3364 592 magnitudinem
3399 540 3418 578 :
3445 541 3604 596 neque

2006 621 2124 681 post
2150 613 2320 684 ipsum
2361 615 2642 670 iracundia:
2693 626 2793 672 tua?
2833 619 3017 685 ﬁnem,
3059 618 3258 672 ratione
3322 617 3603 691 cognovisti

2005 705 2158 775 quale
2182 706 2382 776 {acinus
2408 723 2563 762 ausus
2606 709 2807 778 fueris?
2841 709 2990 764 Enim
3021 727 3138 765 uero
3165 720 3211 764 te
3239 713 3457 783 fortasse
3497 729 3599 767 non

2004 799 2125 852 sinit
2151 799 2435 869 imperialis
2458 803 2689 872 potentia
2717 804 2910 859 crimen
2927 820 3232 876 cognoscere
3253 847 3266 870 ,
3299 804 3388 860 sed
3408 805 3600 860 rationi

2006 893 2205 967 objecta
2230 897 2522 952 auctoritas
2547 898 2719 953 lumen
2771 900 2972 955 adimit.
3007 899 3368 956 Verumtamen
3415 911 3600 956 natura

2004 1005 2205 1045 necesse
2232 1001 2306 1045 est
2335 990 2517 1046 habeat
2555 992 2670 1063 ipsa
2718 1010 2772 1047 se
2800 1005 3149 1063 perspectam,
3195 1005 3242 1050 et
3287 995 3444 1050 simul
3491 1005 3597 1049 tum

2001 1083 2141 1153 quod
2169 1084 2299 1138 inest
2344 1085 2424 1140 illi
2469 1087 2706 1140 mortalis
2747 1104 2808 1140 ac
2849 1089 3010 1157 ﬂuxi,
3059 1099 3164 1143 tum
3205 1089 3598 1160 progenitricem

2002 1175 2146 1230 illam
2170 1176 2390 1248 glebam,
2441 1181 2578 1234 unde
2607 1180 2734 1250 [acti
2775 1199 2977 1249 sumus,
2999 1193 3046 1237 et
3072 1184 3124 1237 in
3167 1200 3317 1255 quant
3349 1184 3595 1237 dissolvi-

2001 1286 2118 1324 mnr
2143 1288 2160 1326 :
2189 1290 2290 1327 non
2321 1291 2436 1329 vero
2467 1293 2709 1349 purpura:
2736 1279 2864 1349 flore
2890 1279 3160 1349 fascinum,
3187 1280 3348 1351 aperti
3368 1279 3599 1347 corporis

2000 1363 2242 1435 ignorare
2270 1367 2414 1421 debet
2439 1369 2809 1437 inﬁrmitatem.
2846 1371 3083 1426 Subditis
3118 1373 3205 1443 qui
3231 1372 3404 1426 eadem
3433 1381 3596 1426 tecum

2002 1469 2187 1513 natura
2217 1462 2742 1533 constrmt,imperas,
2788 1480 2818 1518 ο
2847 1463 2979 1530 Rex,
3005 1465 3109 1519 imo
3149 1466 3300 1518 etiam
3342 1465 3596 1518 conservis

2001 1554 2134 1619 tuis;
2163 1570 2298 1608 unus
2329 1556 2462 1608 enim
2497 1553 2750 1611 Dominus
2779 1568 2825 1610 et
2861 1575 2954 1612 rex
2979 1559 3205 1611 omnium
3229 1569 3334 1625 est,
3369 1557 3595 1611 omniunt

1999 1647 2230 1702 videlicet
2257 1659 2474 1704 creator.
2525 1650 2722 1716 Quibus
2752 1669 2870 1722 ergo
2898 1654 3058 1707 oculis
3089 1654 3372 1707 communis
3397 1653 3594 1706 domini

2002 1742 2249 1810 templum
2279 1744 2556 1811 adspicies,
2585 1745 2826 1813 quibusve
2852 1744 3065 1816 pedibus
3109 1753 3342 1799 sanctum
3371 1744 3470 1798 hoc
3497 1761 3592 1813 pa-

291 1831 547 1891 δεσπότου
585 1833 643 1889 τὸ
684 1834 931 1905 πανάγιον
972 1840 1154 1904 σῶμας
1200 1838 1309 1893 πῶς
1355 1830 1409 1886 δέ
1451 1835 1533 1886 καί
1573 1841 1647 1903 τῷ
1675 1833 1880 1903 στόματη

2001 1835 2280 1888 vimentum
2313 1836 2552 1904 premes?
2593 1838 2849 1906 quomodo
2890 1849 3061 1891 autem
3109 1855 3295 1892 manus
3323 1838 3590 1904 extendes,

287 1931 587 2003 προσοίσεις
623 1929 683 1984 τὸ
722 1923 848 2000 αἷμα
878 1927 935 1982 τὸ
972 1929 1169 1999 τίμιον,
1195 1928 1461 1983 τοσούτων
1505 1925 1590 1981 διά
1627 1928 1709 1982 τόν
1737 1928 1891 1999 θυμὸν

288 2019 604 2099 παρανόμως
626 2018 751 2094 αἷμα
774 2023 988 2094 ἐκχέας;
1018 2018 1158 2076 ἄπιθι
1183 2023 1370 2086 τοίνυν,
1398 2024 1484 2078 καί
1503 2026 1572 2093 μὴ
1594 2029 1754 2098 πειρῶ
1783 2029 1890 2082 τοῖς

288 2111 546 2189 δευτέροις
581 2119 672 2173 τήν
700 2115 956 2190 προτέραν
993 2111 1163 2178 αὔξειν
1197 2116 1550 2188 παρανομίαν,
1595 2117 1678 2167 καὶ
1724 2111 1887 2185 δέχου

287 2210 370 2263 τὸν
396 2206 585 2279 δεσμὸν
692 2210 797 2270 θεὸς
833 2208 858 2264 6
897 2217 997 2263 τῶν
1025 2206 1150 2263 ὅλων
1181 2206 1436 2269 δεσπότης
1468 2206 1652 2263 ἀνωθεν
1695 2211 1889 2283 γίνεται

285 2302 820 2379 σύμψηφοςοίατρικὸς
847 2303 899 2359 δέ
930 2301 1080 2365 οὗτος
1110 2309 1194 2359 καὶ
1217 2305 1414 2377 ὑγιείας
1437 2326 1524 2360 σοι
1549 2303 1808 2380 πρόξενος,
1842 2307 1886 2359 εἰ

287 2403 355 2474 μή
377 2418 480 2454 που
503 2399 828 2475 ἀθεράπευτα
841 2399 1080 2470 -πάσχειν
1102 2402 1402 2474 προῃρήσω.

350 2747 442 2801 9-1.
483 2749 692 2809 Τούτοις
723 2744 862 2812 εἴξας
903 2745 928 2802 6
967 2746 1211 2822 βασιλεὺς
1248 2756 1352 2809 τοῖς
1385 2748 1553 2823 λόγοις
1583 2762 1597 2778 ⁶
1636 2755 1743 2809 τοῖς
1779 2750 1882 2823 γὰρ

277 2845 424 2902 θείοις
456 2839 623 2908 νόμοις
655 2841 1051 2918 ἐντεθραμμένος
1080 2839 1146 2895 ὢν
1177 2839 1287 2918 ᾔδει
1321 2850 1496 2917 σαφῶς
1518 2845 1632 2898 τίνα
1659 2843 1750 2914 μέν
1780 2850 1882 2897 τῶν

276 2936 471 3012 ἰερέων,
509 2936 620 2990 τίνα
646 2932 700 2989 δέ
728 2942 827 2989 τῶν
858 2935 1108 3006 βασιλέων
1135 2932 1270 2990 ἴδια·
1306 2936 1496 2990 στένων
1523 2934 1650 3005 όμοῦ
1677 2937 1763 2988 καί
1787 2932 1882 2988 δα-

274 3031 443 3102 κρύων
469 3029 737 3088 ἐπανῆλθεν
757 3033 828 3090 εἰς
850 3033 916 3084 τά
941 3029 1196 3101 βασίλεια.
1221 3028 1431 3103 Ὀγδόου
1466 3028 1519 3084 δὲ
1542 3030 1881 3105 παρελθόντος

272 3124 326 3188 ἐξ
353 3123 540 3177 ἐκείνου
569 3123 746 3196 μηνὸς,
777 3119 888 3183 ἧκεν
913 3126 1003 3197 μέν
1025 3125 1055 3182 ἡ
1092 3129 1184 3178 τοῦ
1213 3131 1446 3198 σωτῆρος
1475 3128 1614 3196 ἡμῶν
1639 3124 1879 3195 γενέθλιος

1995 1926 2186 1982 calenti
2209 1928 2380 1982 adhuc
2403 1931 2657 2000 sanguine
2682 1931 2964 1996 stillantes,
2995 1940 3086 1984 aut
3118 1931 3374 1998 quomodo
3402 1930 3593 1986 talibus

1995 2019 2229 2075 manibus
2261 2022 2484 2091 excipies
2535 2035 2922 2076 sacrosanctum
2955 2023 3166 2077 Domini
3197 2041 3416 2094 corpus,
3438 2034 3484 2078 et
3515 2023 3593 2078 ori

1994 2113 2146 2168 ctiam
2181 2115 2462 2176 pretiosum
2489 2117 2792 2186 sanguinem
2829 2117 3160 2182 admonebis;
3210 2133 3324 2169 cum
3374 2132 3463 2187 per
3499 2115 3593 2169 ira:

1993 2205 2349 2274 impotentiam
2379 2216 2576 2262 tantum
2607 2209 2875 2279 sanguinis
2903 2217 3082 2263 contra
3109 2213 3202 2282 jus
3248 2225 3398 2263 ouine
3423 2225 3483 2262 ac
3510 2209 3592 2279 fas

1992 2297 2289 2367 e/Tuderis?
2343 2301 2570 2356 Abscede
2608 2303 2785 2373 igitur,
2837 2311 2883 2357 et
2929 2320 2992 2356 ne
3017 2302 3336 2376 aggrediaris
3366 2303 3589 2374 priorem

1992 2394 2198 2463 culpant
2245 2395 2470 2448 secunda
2519 2396 2820 2462 cumulare;
2865 2407 2912 2450 et
2945 2397 3120 2465 excipe
3162 2395 3297 2450 illud
3325 2394 3586 2449 vinculum

1990 2487 2129 2555 quod
2157 2488 2356 2542 cmlitus
2397 2488 2603 2562 judicio
2644 2506 2740 2543 suo
2789 2489 2929 2543 Dens
2957 2490 3306 2544 universorum
3347 2489 3588 2543 dominus

1990 2581 2285 2648 conﬁrmat.
2323 2579 2442 2634 Erit
2463 2590 2630 2635 autem
2650 2582 2784 2635 illud
2801 2583 2888 2636 tibi
2919 2582 3242 2647 medicinale,
3270 2597 3330 2635 ac
3352 2581 3588 2635 sanitatis

1988 2675 2317 2740 conciliator;
2343 2676 2439 2729 nisi
2466 2681 2597 2746 {orte
2614 2677 2897 2730 insanabile
2923 2677 3108 2730 vulnus
3133 2677 3328 2748 perpeti
3351 2677 3584 2748 elegeris.

2057 2766 2150 2822 21.
2193 2767 2497 2837 lmperator
2531 2785 2725 2836 parens
2755 2770 2839 2824 his
2863 2769 3206 2824 sermonibus
3233 2771 3379 2837 (nam
3411 2784 3532 2823 cum
3555 2783 3585 2822 a

1989 2874 2158 2930 puero
2183 2861 2234 2915 in
2271 2860 2478 2932 legibus
2500 2862 2700 2917 divinis
2735 2873 2882 2918 esset
2928 2863 3222 2930 educatus,
3250 2880 3373 2935 quin
3399 2863 3463 2917 ad
3496 2879 3583 2916 sa-

1987 2956 2239 3009 cerdotes
2289 2956 2663 3024 pertinerent,
2705 2973 2893 3026 qumve
2945 2957 3009 3011 ad
3065 2972 3240 3027 reges,
3305 2958 3586 3027 perspicue

1987 3049 2258 3116 noverat),
2289 3048 2523 3118 gemitus
2545 3064 2607 3103 ac
2636 3049 2904 3120 lacrymas
2933 3049 3092 3104 simul
3128 3050 3462 3119 profundeus
3485 3092 3498 3113 ,
3531 3051 3583 3104 in

1985 3139 2245 3210 palatium
2286 3155 2346 3195 se
2393 3142 2619 3210 recepit.
2663 3141 2866 3196 Octavo
2907 3153 3086 3196 autem
3133 3159 3319 3196 mense
3360 3144 3428 3197 ab
3461 3143 3584 3197 hinc

273 3217 426 3292 ἑορτή
442 3233 454 3245 ·
483 3219 707 3277 καθῆστο
731 3216 784 3272 δὲ
805 3220 937 3292 πρὸς
957 3225 1068 3279 τοῖς
1087 3218 1364 3290 βασιλείοις
1391 3219 1662 3293 βαρύτατα
1689 3218 1878 3272 πενθῶν

1985 3234 2190 3302 elapso,
2218 3234 2363 3287 venit
2384 3233 2600 3302 quidem
2628 3234 2930 3289 Salvatoris
2954 3235 3124 3289 nostri
3154 3237 3330 3289 natale
3361 3236 3580 3302 festum,

273 3308 567 3370 Θεοδόσιος·
590 3317 744 3366 τοῦτο
763 3309 1018 3384 Ῥουφῖνός
1033 3332 1111 3371 τις
1132 3309 1422 3387 μάγιστρος
1439 3317 1717 3369 τηνικαῦτα
1737 3309 1876 3373 ἰδὼν,

273 3401 679 3478 προσελθὼν,οἷα
705 3403 758 3460 δὲ
787 3405 1179 3480 χρηστός-αύτῷ
1206 3409 1290 3459 καί
1312 3407 1555 3468 συνήθης,
1582 3406 1880 3461 ἐπυνθάνετο

272 3503 367 3556 τήν
395 3500 586 3553 αἰτίαν·
616 3497 641 3552 ό
673 3495 725 3552 δέ
752 3501 935 3574 πικρὸν
964 3499 1242 3570 ἀνοιμώξας
1261 3539 1275 3563 ,
1307 3501 1391 3552 καί
1419 3493 1723 3574 θερμότερον
1751 3519 1881 3573 προ-

276 3590 414 3661 χέας
438 3591 496 3644 τό
524 3587 763 3665 δάκρυον,
803 3594 866 3644 Σύ
890 3594 1003 3663 μὲν,
1040 3587 1079 3642 ὦ
1100 3589 1341 3664 Ῥουφῖνε,
1376 3594 1598 3655 παίζεις,
1638 3588 1752 3664 ἔφη·
1782 3598 1882 3645 τῶν

273 3684 374 3760 γὰρ
403 3686 535 3756 ἐμῶν
573 3686 658 3738 οὐκ
695 3686 975 3759 ἐπαισθάνῃ
1017 3693 1208 3738 κακῶν·
1243 3685 1338 3758 ἐγὼ
1368 3683 1422 3738 δέ
1451 3685 1612 3740 στένω
1646 3689 1732 3739 καί
1765 3686 1879 3740 ὀλο·

274 3777 534 3850 φύρομαι,
566 3781 656 3836 τήν
681 3777 910 3848 ἐμαυτοῦ
947 3779 1216 3853 συμφορὰν
1256 3777 1672 3850 ἀναλογιζόμενος
1693 3818 1707 3841 ,
1742 3773 1880 3839 ὅπως

273 3877 388 3930 τοῖς
421 3873 512 3942 μὲν
543 3871 758 3931 οἰκέταις
800 3875 883 3926 καί
921 3880 1034 3932 τοῖς
1072 3873 1386 3947 προσαίταις
1426 3869 1721 3925 ἀνὲωκταιό
1754 3871 1882 3932 θεῖος

269 3965 514 4026 νεὼς,γαί
536 3963 732 4018 εἰσίασι
751 3961 1033 4027 ἀδεῶς,καί
1052 3964 1135 4018 τὸν
1154 3967 1331 4017 οἰκεῖον
1349 3962 1676 4028 ἀντιμολοῦσι
1698 3960 1881 4018 δεσπό-

268 4072 393 4112 την·
425 4057 540 4127 ἐμοὶ
560 4055 638 4122 δὲ,
669 4059 748 4112 καί
769 4059 922 4119 αὐτὸς
953 4054 1166 4122 ἄϐατος,
1186 4061 1266 4112 καί
1292 4059 1421 4132 πρὸς
1441 4062 1595 4112 τοῦτο
1623 4055 1648 4111 6
1671 4057 1876 4132 οὐρανός

267 4147 681 4204 ἀπσκέκλεισται·
705 4150 963 4222 μέμνημαι
983 4152 1084 4226 γὰρ
1104 4156 1196 4210 τῆς
1219 4147 1521 4210 δεσποτικῆς
1549 4155 1735 4221 φωνῆς,
1769 4144 1795 4202 ὃ
1817 4142 1878 4201 ἂν

263 4238 478 4306 δήσητε,
502 4242 774 4317 λεγούσης,
805 4245 889 4298 ἐπὶ
907 4252 1001 4305 τῆς
1021 4252 1136 4319 γῆς,
1151 4241 1301 4299 ἔσται
1322 4241 1578 4315 δεδεμένον
1599 4246 1684 4298 καί
1707 4243 1877 4303 ἐντοῖς

263 4336 524 4412 οὐρανοῖς.

1986 3325 2324 3381 Theodosius
2353 3341 2482 3380 vero
2510 3327 2560 3379 in
2593 3327 2735 3396 regia
2768 3326 2966 3381 sedens
3007 3327 3348 3382 amarissime
3396 3327 3578 3382 ﬂebat.

1985 3419 2041 3475 ld
2093 3419 2321 3474 Ruﬁnus
2369 3419 2586 3490 quidam
2619 3429 2746 3476 tunc
2801 3422 3060 3489 temporis
3109 3423 3366 3492 magister
3395 3423 3578 3490 palatii

1984 3527 2106 3566 cum
2134 3512 2458 3581 persidisset
2481 3554 2495 3577 ,
2529 3512 2594 3567 ad
2626 3528 2747 3567 eum
2801 3515 3099 3578 accedens,
3135 3513 3296 3567 homo
3330 3514 3584 3570 γὶιιιειίροι

1984 3603 2206 3659 domino
2226 3606 2372 3659 utilis
2389 3621 2450 3659 ac
2473 3606 2774 3670 latuiliaris,
2794 3621 3010 3659 causam
3035 3607 3277 3676 rogabat.
3293 3607 3428 3661 Tum
3447 3623 3578 3662 vero

1983 3699 2074 3754 ille
2095 3699 2291 3755 acerbe
2303 3715 2545 3769 gemens,
2562 3710 2614 3754 et
2629 3699 2976 3754 calidioribus
2999 3717 3224 3754 manans
3241 3700 3454 3754 ﬂetibus
3475 3718 3486 3753 :
3504 3699 3582 3754 Tu

1983 3794 2211 3863 quidem,
2237 3793 2822 3864 inquit,ludis,liuﬁne;
2838 3811 2947 3847 mea
2961 3794 3097 3848 enim
3121 3795 3254 3847 mala
3279 3811 3379 3847 non
3399 3795 3577 3850 sentis.

1983 3885 2096 3958 Ego
2124 3898 2292 3940 autem
2331 3903 2476 3960 gemo
2507 3896 2658 3956 atque
2684 3887 2896 3955 deploro
2929 3905 3091 3942 meum
3123 3888 3284 3952 ipsius
3307 3889 3580 3941 calamita-

1981 3992 2116 4050 tem,
2161 3984 2282 4036 dum
2333 3999 2530 4037 mecum
2576 3994 2758 4052 reputo
2807 3983 3038 4036 divinum
3090 3983 3336 4052 templum
3365 3981 3580 4052 fontalis

1979 4077 2132 4128 etiam
2157 4084 2309 4146 atque
2330 4073 2580 4129 ntendicis
2603 4085 2839 4144 apertum
2868 4091 3005 4140 esse,
3044 4077 3432 4146 ingressumque
3453 4073 3580 4128 illuc

1982 4177 2150 4222 tutum
2189 4185 2252 4222 ac
2286 4168 2500 4222 liberum
2539 4178 2710 4239 patere
2737 4167 2876 4234 illis,
2914 4179 2969 4222 ut
3017 4169 3288 4241 proprium
3314 4167 3578 4222 dominum

1976 4264 2077 4333 ipsi
2104 4264 2409 4317 conueniant
2441 4278 2460 4318 :
2493 4263 2619 4317 milii
2645 4272 2817 4316 autem
2861 4266 2956 4316 hoc
2997 4264 3340 4327 interdicitur,
3373 4271 3418 4315 et
3447 4276 3580 4330 pra:-

1975 4366 2113 4410 terea
2165 4356 2346 4410 cmlum
2389 4356 2544 4409 etiam
2601 4355 2936 4408 interclusum
2986 4365 3083 4410 est.
3131 4354 3348 4409 Memini
3389 4357 3578 4429 quippe

1975 4448 2264 4504 Dominica:
2292 4450 2457 4513 vocis,
2487 4465 2588 4518 qua
2624 4449 2982 4518 promulgatur
3010 4465 3028 4503 :
3069 4448 3340 4517 Quidquid
3381 4451 3575 4522 ligave-

1970 4541 2084 4594 ritis
2109 4557 2261 4609 super
2283 4551 2506 4607 terram,
2536 4541 2628 4593 erit
2656 4540 2873 4610 ligatum
2904 4541 3022 4593 etin
3056 4542 3216 4594 caelis.

335 4629 428 4684 92.
470 4629 528 4686 Ὀ
558 4630 613 4687 δέ
640 4630 891 4708 Ῥουφῖνος
926 4632 1262 4708 ὑπουργῆσαι
1291 4641 1364 4706 τῷ
1403 4634 1606 4708 βασιλεῖ
1625 4639 1690 4690 τὰ
1735 4636 1867 4710 πρὸς

2045 4634 2137 4687 22.
2182 4632 2576 4716 Ruliuus’vero
2623 4633 2944 4687 medicinam
2979 4637 3088 4703 regi
3131 4634 3441 4690 ministrare
3471 4651 3573 4693 vo—

259 4726 534 4801 θεραπείαν
571 4726 905 4800 βουλόμενος,
945 4731 1029 4782 καί
1069 4730 1231 4804 χάριν
1261 4725 1491 4806 εὔκαιρον
1527 4738 1858 4806 παρασχεῖν·

257 4828 592 4897 Δραμοῦμαι,
623 4820 674 4876 εἴ
704 4844 787 4878 σοι
809 4822 972 4886 δοκεῖ,
993 4821 1114 4897 ἔφη,
1159 4827 1246 4878 καί
1281 4825 1365 4880 τὸν
1402 4826 1657 4901 ἀρχιερέα
1698 4827 1862 4880 πείσω

257 4914 453 4970 πολλὰ.
495 4919 678 4988 φησὶν,
727 4913 918 4977 δεηθείς
957 4917 1113 4972 λῦσαί
1155 4937 1213 4972 σε
1261 4924 1362 4973 τῶν
1401 4915 1620 4989 δεσμῶν’
1652 4917 1756 4971 ἀλλ’
1803 4920 1861 4973 οὐ

257 5006 628 5068 πεισθήσεται,
659 5005 748 5080 ἔφη
775 5007 801 5062 6
829 5009 1094 5080 βασιλεὺς.
1127 5003 1242 5064 οἶδα
1267 5010 1368 5085 γὰρ
1395 5002 1491 5082 ἔγῶ
1517 5018 1607 5071 τῆς
1637 5010 1856 5086 ’Λμϐρο-

255 5103 373 5154 σίου
400 5100 568 5174 ψήφου
618 5103 678 5156 τὸ
707 5101 925 5159 δίκαιον·
957 5105 1013 5158 οὐ
1044 5106 1146 5177 γὰρ
1186 5102 1434 5167 αἰδεσθεὶς
1474 5114 1565 5166 τῆς
1603 5106 1862 5178 βασιλείας

252 5197 349 5250 τήν
377 5193 615 5256 ἐξουσίαν
643 5195 728 5249 τόν
765 5195 892 5250 θεῖον
923 5195 1288 5271 παραϐήσεταί
1322 5217 1449 5251 ποτε
1478 5197 1652 5270 νόμον·
1684 5195 1859 5256 ἐπειδὴ

250 5285 307 5341 δέ
334 5290 425 5341 καί
455 5283 622 5350 ἄλλοις
649 5288 844 5344 πλείοσι
873 5290 1212 5362 χρησάμενος
1238 5289 1532 5364 ὁ”Ρουφῖνος
1554 5290 1716 5364 λόγοις
1745 5294 1859 5348 πεί-

249 5402 362 5436 σειν
401 5382 674 5455 ύπέσχετο
713 5385 799 5439 τόν
831 5385 990 5459 μέγαν
1020 5382 1350 5460 Ἀμϐρόσιον⁸
1383 5385 1612 5440 ἀπελθεῖν
1656 5387 1802 5441 αὐτὸν
1831 5386 1856 5443 6

245 5474 498 5546 βασιλεὺς
539 5479 670 5533 κατὰ
712 5479 881 5550 τάχος
929 5479 1183 5540 ἐκέλευεν,
1230 5483 1312 5534 καί
1346 5481 1494 5541 αὐτὸς
1530 5478 1585 5535 δέ
1627 5481 1728 5536 ύπό
1765 5487 1857 5542 τὴς

247 5567 452 5630 fluido;
474 5568 783 5636 δελεασθεὶς,
807 5573 1114 5634 ἠκολούθησε
1131 5576 1263 5646 μετά
1280 5575 1461 5651 βραχὺ
1484 5584 1597 5639 ταῖς
1617 5577 1853 5648 ύποσχέ-

246 5685 366 5720 σεσι
389 5672 480 5720 τοῦ
504 5664 757 5740 Ῥουφίνου
787 5671 1076 5731 πιστεύσας
1099 5687 1107 5698 ·
1140 5673 1324 5727 αὐτίκα
1350 5678 1472 5746 γοῦν
1493 5673 1580 5729 τὸν
1607 5671 1852 5748 Ῥουφῖνον

244 5756 274 5812 ὃ
317 5757 445 5817 θεῖος
485 5754 806 5835 Ἁμϐρὸσιος,
837 5767 936 5820 Τήν
986 5770 1086 5818 τῶν
1127 5771 1314 5824 κυνῶν,
1357 5761 1476 5839 ἔφη,
1521 5761 1772 5819 ἀναίδειαν
1813 5761 1852 5818 ὦ

240 5847 482 5922 Ῥουφῖνε,
514 5853 684 5915 ζηλοῖς·
701 5872 712 5885 '
745 5857 832 5912 καί
859 5853 974 5912 οὔτε
1002 5858 1240 5932 ἐρυθριᾷς
1263 5856 1379 5915 οὔτε
1407 5857 1576 5922 δέδιας
1614 5867 1853 5918 τοσοῦτον

1975 4728 2116 4796 iens,
2147 4743 2209 4784 ac
2241 4730 2627 4798 tempestivum
2660 4727 2986 4782 beneﬁt-ium
3020 4729 3094 4782 illi
3121 4729 3366 4797 puebere
3392 4747 3404 4783 :
3432 4729 3564 4786 Cur-

1972 4838 2082 4876 rant
2103 4865 2117 4887 ,
2145 4823 2346 4892 inquit,
2376 4822 2420 4876 si
2465 4821 2557 4876 tibi
2580 4823 2744 4894 placet
2770 4864 2784 4886 ,
2811 4832 2856 4874 et
2886 4823 3131 4892 episcopo
3177 4823 3230 4876 id
3256 4824 3570 4894 persuadebo

1971 4916 2146 4970 multis
2175 4916 2436 4983 precibus,
2462 4925 2516 4968 ut
2547 4925 2593 4969 te
2619 4932 2650 4968 a
2680 4916 2896 4968 vinculis
2925 4917 3035 4968 istis
3053 4917 3299 4969 abso/ttat.
3335 4917 3441 4970 Sed
3468 4934 3569 4972 non

1969 5012 2058 5064 ille
2087 5009 2502 5077 persuadebitur,
2541 5011 2610 5063 ait
2659 5009 2978 5078 imperator;
3009 5025 3166 5077 quam
3209 5011 3342 5064 enim
3364 5013 3568 5082 justum

1971 5102 2228 5157 Ambrosii
2265 5101 2530 5171 judicium
2580 5102 2677 5164 sit,
2708 5111 3027 5169 compertum
3059 5101 3237 5155 habeo.
3277 5101 3385 5155 Nec
3417 5119 3568 5169 iorro
3597 5143 3600 5146 -

1965 5197 2055 5252 ille
2083 5212 2324 5264 mnquam
2347 5195 2657 5259 committet,
2691 5205 2741 5247 ιιι
2770 5195 3050 5265 imperialis
3082 5196 3322 5264 potentia’
3339 5203 3566 5263 respectu

1963 5293 2189 5346 divinant
2219 5290 2378 5363 legem
2407 5289 2841 5359 transgrediatur.
2890 5287 2958 5342 At
3005 5301 3194 5357 postea
3223 5304 3382 5355 quam
3409 5286 3565 5340 adbi-

1963 5383 2090 5439 bitis
2121 5383 2370 5453 pluribus
2399 5383 2521 5437 aliis
2550 5381 2854 5437 rationibus
2876 5423 2889 5443 ,
2944 5381 3170 5436 Ruﬁnus
3217 5382 3564 5450 piomittebat

1961 5495 1991 5534 a
2015 5493 2210 5550 magno
2229 5477 2516 5532 Ambrosio
2547 5492 2661 5531 rem
2683 5491 2742 5531 se
2769 5475 2908 5530 haud
2933 5475 3095 5528 dubie
3126 5477 3560 5543 impetraturum,

1959 5573 2122 5644 jussit
2177 5573 2479 5642 imperator
2532 5585 2691 5640 quam
2741 5570 3002 5623 citissime
3041 5569 3190 5622 illum
3239 5569 3410 5623 abire.
3443 5551 3596 5639 lise-

1962 5678 2146 5723 autem
2176 5680 2272 5736 Spe
2305 5665 2598 5725 inescatus,
2627 5673 2747 5734 post
2775 5679 2881 5717 non
2922 5662 3153 5716 uiultum
3190 5664 3450 5733 temporis
3476 5681 3562 5718 se—
3625 5701 3634 5706 -

1961 5770 2122 5819 cutus
2153 5769 2272 5824 est,
2309 5768 2366 5811 ut
2413 5757 2505 5829 qui
2554 5757 2730 5812 Ruﬁni
2782 5756 3232 5827 pi-otuissiouibus
3273 5757 3431 5813 [idem
3466 5759 3561 5814 lia-

1961 5857 2137 5916 beret.
2163 5852 2460 5912 Confesum
2485 5868 2612 5908 vero
2641 5851 2906 5907 allocutus
2933 5848 3204 5924 .Ruliuum
3229 5853 3396 5910 Divos
3430 5853 3558 5909 Am-
