4156 6370
312 371 375 428 61
671 435 678 438 _
1392 371 1482 428 ΑΒ
1521 365 1852 429 AUCTORE
1895 379 1907 428 Δ

2009 369 2228 430 )NYMO
2264 372 2578 432 SCRIPTA.
3543 381 3616 438 ϐξ

315 489 574 566 δακρύων,
601 494 700 545 τῶν
730 487 1019 565 ἀνακτόρων
1045 487 1224 553 ὶπίϐη,
1254 483 1603 567 προσενεγκὼν
1631 485 1685 544 δὲ
1705 529 1720 554 ,
1748 486 1907 554 ἔνδον,

2020 496 2198 544 autem
2244 489 2312 545 ad
2358 491 2634 548 offerenda
2671 507 2841 555 sacrm
2895 509 3098 550 mensae
3145 509 3368 552 munera
3403 499 3620 558 vocavit

316 585 494 661 ὥσπερ
525 584 718 646 εἰώθει,
746 584 890 662 παρὰ
918 585 1012 643 τὰς
1038 579 1289 657 κιγκλίδας
1311 583 1600 655 μεμένηκεν
1641 581 1745 637 ἀλλ’
1769 579 1914 637 οὐδέν

314 685 483 735 ταῦτα
506 678 531 734 ὁ
555 679 689 754 ἱερὸς
708 677 1010 754 ’Λμϐρόσιος
1039 685 1252 751 σιγῆσαι
1275 678 1531 748 ἠνέσχετο
1546 719 1560 738 ,
1599 677 1722 732 ἀλλὰ
1747 679 1832 731 καί
1854 678 1913 734 τὸ

314 780 414 828 τῶν
440 772 610 828 τόπων
631 771 856 828 διδάσκει
875 769 1132 848 διάφορον,
1162 775 1245 828 καί
1263 777 1446 848 πρῶτα
1469 773 1562 844 μὲν
1582 770 1757 848 ἤρετο,
1772 768 1822 824 ιῖ
1839 793 1916 826 τι·

313 888 400 928 νος
445 865 640 924 δίοιτο;
672 871 762 922 τοῦ
810 863 862 921 δὲ
893 865 1143 938 βασιλέως
1184 866 1471 943 εἰρηκότος·
1519 867 1587 926 ὡς
1629 867 1914 941 προσμένοι

316 965 406 1020 τήν
427 967 525 1016 τῶν
546 961 686 1015 θείων
704 961 1006 1038 μυστηρίων
1032 958 1312 1032 μετάληψιν
1331 975 1345 989 ⁸
1377 957 1643 1022 ἐδήλωσεν,
1669 960 1913 1036 ὑπουργῷ

317 1062 390 1126 τῷ
415 1062 514 1110 τῶν
541 1052 779 1110 διακόνων
797 1055 1058 1128 ἡγουμένῳ
1090 1056 1416 1127 χρησάμενος
1435 1091 1450 1116 ,
1481 1051 1560 1110 ὅτι
1593 1055 1658 1110 τὰ
1678 1051 1816 1109 ἔνδον
1833 1093 1847 1116 ,
1872 1049 1913 1106 ὦ

313 1148 561 1220 βασιλεῦ.
606 1147 768 1221 μόνοις
805 1149 942 1204 ἐστίν
985 1148 1179 1225 ίεριῦσι
1219 1148 1450 1221 ﬁniatur
1491 1155 1604 1209 τοῖς
1652 1145 1706 1203 δὲ
1744 1143 1913 1208 ἄλλοις

313 1247 473 1297 πᾶσιν
498 1237 663 1298 ἄδυτὰ
680 1262 735 1296 τε
769 1243 853 1296 καί
878 1237 1154 1313 ἄψαυστα·
1191 1237 1314 1307 ἔξιθι
1336 1244 1533 1308 τοίνυν,
1563 1243 1650 1296 καί
1679 1247 1788 1302 τοῖς
1820 1236 1914 1295 ἅλ-

310 1338 416 1400 λοις
454 1339 675 1394 κοινώνει
708 1345 802 1400 τῆς
842 1338 1078 1402 στάσεως
1098 1354 1110 1368 ·
1143 1337 1380 1414 ἁλουργὶς
1407 1336 1505 1412 γὰρ
1532 1334 1795 1408 βασιλέας,
1823 1336 1912 1391 οὐκ

310 1433 475 1510 ἱερέας
501 1441 658 1490 ποιεῖ.

379 1815 470 1870 26.
512 1817 602 1872 Καὶ
643 1815 838 1875 ταύτην
873 1811 928 1870 δί
956 1812 981 1869 ὁ
1021 1815 1338 1876 πιστότατος
1375 1811 1642 1877 Θεοδόσιος
1674 1815 1908 1886 ἁσμένως

2019 595 2253 660 tempus,
2282 600 2406 640 cum
2439 587 2657 643 ﬂetibus
2690 605 2796 644 non
2840 590 3018 645 minus
3062 592 3299 661 capiosis
3337 605 3566 662 surgens
3593 631 3610 659 ,

2014 680 2217 748 gradus
2245 679 2432 732 altaris
2465 681 2672 735 scandit
2710 682 3022 740 :OilinliOIIO
3045 700 3180 739 vero
3213 698 3458 754 porrecta
3490 725 3504 750 ,
3529 683 3614 740 iu-

2017 781 2094 824 tra
2131 772 2519 836 cancellos,ot
2554 774 2628 828 illi
2664 776 2830 830 moris
2873 787 3024 842 erat,
3065 778 3279 834 tnausit.
3322 778 3425 835 Sed
3467 778 3612 832 nullo

2015 863 2200 931 modo,
2227 873 2283 920 ιιι
2315 864 2430 920 ιιωο
2463 864 2858 933 dissimularet,
2889 870 2986 924 abs
3008 887 3066 925 se
3098 861 3403 940 impetravit
3457 885 3612 928 Sacer

2016 957 2335 1013 Ambrodns
2369 977 2383 1014 :
2413 971 2465 1013 at
2500 959 2746 1015 lucorum
2775 961 3068 1020 discrimen
3104 965 3253 1019 illtnn
3281 964 3518 1022 edocuit.
3548 965 3613 1022 Et

2013 1049 2248 1117 primum
2280 1050 2526 1120 quidem,
2557 1069 2682 1107 num
2706 1054 2832 1122 quid
2868 1057 3184 1124 postularet,
3219 1057 3609 1126 interrogabat.

2013 1138 2349 1211 lmperatore
2373 1152 2553 1200 autem
2585 1149 2949 1216 re-poudeule
2977 1189 2992 1214 ,
3022 1149 3492 1220 participationem
3525 1149 3611 1206 di-

2013 1234 2264 1290 viuorum
2320 1239 2708 1310 mysteriorum
2755 1254 2879 1295 sese
2923 1241 3266 1311 pra-stolari,
3300 1242 3611 1298 ministrum

2011 1325 2278 1384 adhibens
2307 1329 2747 1386 arcbidiacouum
2799 1332 2944 1386 clare.
2991 1331 3267 1402 professus
3312 1342 3399 1389 est
3433 1352 3447 1389 :
3477 1333 3614 1389 lute-

2011 1422 2179 1489 riora,
2202 1425 2236 1478 ὁ
2264 1421 2586 1492 Imperator.
2617 1425 2718 1480 nisi
2751 1427 2870 1480 unis
2924 1427 3298 1482 sacerdotibus
3333 1443 3440 1482 non
3486 1436 3614 1486 sunt

2010 1513 2276 1572 adeunda.
2311 1516 2587 1589 Egredere
2620 1519 2804 1590 igitur,
2833 1527 2889 1575 et
2917 1521 3166 1577 eamdem
3211 1538 3333 1578 cum
3366 1521 3487 1577 aliis
3517 1521 3616 1577 lai-

2011 1608 2090 1664 cis
2115 1612 2404 1665 stationem
2429 1627 2620 1679 serva;
2647 1629 2880 1684 purpura
2905 1615 3048 1670 enim
3073 1631 3250 1688 reges,
3273 1630 3612 1687 nequaquam

2014 1716 2148 1757 vero
2176 1703 2489 1760 sacerdotes
2521 1703 2670 1761 facit.

2079 1793 2170 1850 26.
2230 1795 2378 1851 lianc
2425 1811 2607 1852 autem
2661 1798 3142 1869 compcllationem
3195 1798 3446 1855 similiter
3484 1797 3614 1856 boni

300 1911 568 1985 δεξάμενος
605 1916 697 1971 τήν
722 1914 1015 1987 ιῗσήγησιν,
1049 1910 1394 1973 ἄντιδήλωσεν
1426 1912 1495 1972 ὡς
1532 1912 1591 1966 οὐ
1624 1911 1907 1989 θρασύτητι

2015 1888 2308 1944 consulens
2332 1889 2686 1946 fidelissimos
2720 1891 3102 1959 Theodosius,
3128 1907 3318 1950 contra
3362 1893 3615 1962 ettposuit

305 2007 580 2082 χρώμενος
611 2002 752 2060 ἔνδον
795 2012 896 2060 τῶν
936 2003 1196 2079 κιγκλίδων
1238 2006 1534 2079 μεμένηκεν·
1567 2004 1671 2060 ἀλλ’
1697 2005 1745 2058 ἐν
1776 2019 1906 2059 ἰων-

300 2097 718 2158 σταντινουπόλει
745 2105 898 2156 τοῦτο
922 2101 1122 2174 μαθὼν·
1150 2102 1385 2171 τοσαύτη
1404 2103 1488 2155 καί
1517 2099 1795 2173 τηλικαύτῃ
1823 2101 1909 2154 καί

301 2195 330 2251 ὁ
356 2196 600 2268 βασιλεὺς
626 2198 710 2250 καί
738 2193 764 2250 ὁ
791 2197 1072 2271 ἀρχιερεὺς
1101 2192 1373 2252 διέλαμπον
1397 2196 1581 2269 ἀρετῇ·
1611 2195 1908 2272 ἀμφοτέρων

299 2289 399 2364 γὰρ
436 2286 594 2362 ἔγωγε
638 2282 860 2360 ἄγαμαι·
907 2293 999 2340 τοῦ
1045 2288 1166 2360 μέν,
1204 2291 1294 2346 τήν
1333 2286 1648 2359 παρῥησίαν·
1689 2291 1780 2340 τοῦ
1820 2283 1906 2351 δέ,

299 2388 393 2443 τήν
417 2385 699 2439 εὐπείθειαν
721 2397 734 2412 ⁸
768 2383 855 2436 καί
881 2387 972 2437 τοῦ
1005 2381 1128 2453 μίν,
1159 2384 1250 2440 τὴν
1275 2386 1366 2435 τοῦ
1407 2380 1558 2444 ζήλου
1585 2379 1902 2456 θερμᾷτητα·

300 2488 394 2538 τοῦ
415 2479 500 2545 δὲ,
532 2487 622 2539 τῆν
653 2485 746 2540 τῆς
785 2481 1014 2538 πίστεως
1049 2476 1390 2553 καθαρότητα·
1433 2473 1466 2530 ἃ
1494 2476 1663 2548 μέντοι
1701 2495 1758 2548 γε
1801 2475 1906 2529 ὑπὸ

301 2581 396 2630 τοῦ
427 2576 730 2645 θαυμαστοῦ
756 2569 1058 2648 ’Δμϐροσίου
1094 2571 1144 2624 ἐν
1174 2576 1238 2644 τῇ
1263 2566 1578 2624 Μεδιολάνων
1602 2567 1627 2622 ὁ
1659 2567 1906 2639 βασιλεὺς

305 2665 618 2726 παιδιυθείη.
642 2671 812 2720 ταῦτα
836 2666 922 2719 καί
946 2667 1018 2725 είς
1035 2669 1126 2724 τήν
1148 2661 1668 2718 Κωνσταντινούπολιν
1698 2661 1907 2717 ἐπανελ-

303 2764 404 2818 θὼν
427 2763 612 2839 ἐτήρει,
636 2764 723 2815 καί
751 2758 950 2820 οὐδενὸς
980 2756 1178 2814 τούτων
1217 2758 1435 2829 μεθίετο.

376 2945 468 3001 27.
507 2944 716 3022 ’Βορτῆς
747 2947 846 3022 γὰρ
869 2945 1020 3001 αὐτὸν
1051 2945 1206 3000 πάλιν
1233 2945 1371 3005 θείας
1397 2944 1449 3005 ἐς
1483 2943 1568 2999 τὸν
1593 2943 1720 2998 θιῖον
1746 2943 1905 3017 ἀγού-

306 3061 404 3102 σης
427 3044 577 3101 νεὼν,
618 3048 682 3117 τῇ
716 3041 940 3114 ίερατικῇ
974 3041 1205 3115 τραπέζῃ
1245 3039 1310 3093 τὰ
1349 3037 1496 3115 δῶρα
1526 3043 1903 3113 προσενεγκὼν,

305 3135 451 3196 εὐθὺς
491 3131 729 3193 ἐληλύθει·
764 3137 855 3189 τοῦ
886 3130 940 3188 δὲ
975 3141 1070 3194 τῆς
1103 3129 1373 3192 ἐκκλησίας
1405 3129 1660 3208 προέδρου
1680 3146 1693 3160 ·
1715 3133 1902 3186 Νεκτά-

304 3246 410 3303 ριος
431 3224 490 3281 δὲ
517 3233 794 3286 τηνικαῦτα
814 3223 873 3285 ἧν
890 3242 903 3257 ⁸
923 3227 984 3279 Τί
1003 3223 1133 3285 δῆτα
1161 3230 1230 3296 μὴ
1260 3224 1544 3298 μεμένηκας
1564 3221 1721 3282 ἔνδον.
1748 3222 1904 3283 δηλώ-

306 3335 513 3381 σαντοςο
546 3317 883 3395 δυσχεράνας
914 3316 940 3372 ὁ
980 3315 1254 3392 βασιλεὺς·
1285 3315 1455 3375 Μόλις.
1489 3312 1606 3388 ἔφη,
1654 3313 1903 3386 βασιλέως

303 3413 385 3469 καί
425 3415 598 3490 ἱερέως
641 3411 919 3484 ἐδιδάχθην
959 3412 1019 3465 τὸ
1062 3412 1243 3484 μέσον
1293 3409 1401 3464 imi
1445 3411 1530 3463 καί
1572 3407 1717 3480 μόλις
1757 3405 1905 3484 εὖρον

301 3507 537 3566 ἀληθείας
562 3503 891 3569 διδάσκαλον,
913 3503 1212 3578 ’Δμϐρόσιον
1256 3501 1405 3573 μόνον
1447 3502 1722 3556 ἐπίσκοπον
1754 3502 1905 3567 ἀξίως

304 3598 631 3670 καλούμενον·
663 3601 909 3653 τοσοῦτον
935 3593 1106 3654 ὄνησιν
1133 3593 1340 3667 ἕλιγκος
1369 3594 1514 3669 παρὰ
1536 3590 1716 3670 ἀνδρὸς
1748 3595 1905 3670 ἀρετῇ

301 3692 680 3766 διαλάμποντος
689 3730 703 3744 .

373 3875 465 3930 28.
508 3870 636 3948 Εἶχε
665 3876 750 3930 καί
773 3875 1004 3951 ἀφορμήν
1033 3869 1182 3932 ἄλλην
1217 3871 1451 3946 ὠφελείας
1479 3870 1504 3926 ὁ
1542 3869 1789 3950 ﬂumini;
1813 3868 1904 3923 οὗ·

301 3996 428 4044 τως·
465 3983 496 4039 ἡ
533 3982 633 4056 γὰρ
675 3982 901 4053 σύζυγος
940 3975 1129 4036 τούτου
1165 3983 1266 4032 τῶν
1301 3976 1446 4030 θείων
1475 3975 1626 4049 αυτὸν
1663 3978 1908 4043 συνεχῶς

304 4083 649 4154 ἀνεμίμνησκε
687 4079 870 4151 νὸμ¹ων·
915 4079 1191 4154 φιλοπόνως
1212 4077 1394 4136 ὶαυτήν
1421 4077 1624 4134 τούτοις
1659 4063 1746 4128 καὶ
1774 4072 1907 4148 πρὸς

301 4182 568 4256 ἀκρίϐειαν
597 4183 950 4242 ἐκπονήσασα’
993 4183 1052 4235 οὐ
1087 4179 1186 4256 γὰρ
1217 4179 1398 4250 ἐπῃριν
1439 4177 1597 4235 αὐτὴν
1631 4183 1724 4236 τῆς
1755 4174 1909 4247 βασι-

302 4287 443 4349 λείας
472 4290 503 4347 ἡ
534 4285 844 4350 δυναστεία,
875 4287 998 4342 ἀλλὰ
1030 4288 1090 4341 τὸ
1124 4288 1250 4340 θεῖον
1285 4283 1433 4338 πλέον
1475 4283 1692 4338 ἐνέκαιεν
1713 4279 1902 4358 ἔρωτα.

301 4400 398 4452 τῆς
423 4391 523 4466 γὰρ
552 4390 845 4465 εὐεργεσίας
878 4387 938 4444 τὸ
973 4386 1182 4460 μέγεθος
1219 4387 1395 4456 μεῖζον
1420 4383 1478 4438 τὸ
1513 4382 1633 4459 περί
1660 4381 1742 4436 τὸν
1768 4381 1908 4457 εὐερ-

297 4495 452 4568 γέτην
480 4494 741 4569 εἰργάζετο
777 4490 1002 4564 φίλτρονο
1034 4489 1215 4543 αὐτίκα
1255 4492 1377 4559 γοῦν
1405 4489 1493 4540 καί
1528 4490 1628 4540 τῶν
1661 4484 1719 4539 τὸ
1752 4491 1907 4556 σῶμα

297 4596 706 4671 πεπηρωμὲνων,
739 4596 824 4648 καί
849 4591 882 4648 ἆ
905 4614 1073 4648 παντα
1097 4593 1161 4648 τὰ
1189 4590 1312 4666 μέλη
1339 4590 1697 4663 λελωϐημένων
1718 4610 1905 4645 παντο·-

2013 1995 2120 2036 non
2151 1984 2457 2036 temeritate
2482 1982 2622 2036 intra
2643 1985 2919 2042 cancellos
2944 1998 3002 2039 se.
3031 1985 3383 2050 remansisse,
3419 1999 3609 2041 verum

2010 2073 2137 2144 quia
2165 2073 2639 2144 ConSIantinpoli
2665 2076 2764 2130 hoc
2791 2077 3075 2132 didicerat.
3107 2077 3293 2132 Tantae
3317 2077 3534 2132 virtutis
3560 2084 3616 2133 et

2009 2167 2306 2238 imperator
2362 2179 2416 2224 et
2469 2169 2762 2244 episeopus
2819 2171 2937 2226 luce
2994 2170 3612 2242 fulgebanttEquidem

2010 2263 2154 2316 enim
2189 2269 2480 2334 utrumque
2511 2264 2772 2333 suspicio,
2804 2263 2948 2320 hunc
2999 2264 3252 2320 videlicet
3285 2279 3610 2336 generosam

2009 2351 2430 2420 oblibertalem,
2467 2355 2617 2412 illttttt
2650 2371 2782 2410 vero
2833 2365 3054 2428 propter
3095 2357 3304 2411 facilem
3352 2355 3614 2411 obedien-

2009 2447 2185 2503 tiam:
2252 2459 2306 2504 et
2355 2448 2517 2518 ltujns
2563 2451 2783 2521 quidem
2839 2451 3012 2506 zelum
3074 2449 3366 2507 ferventem
3400 2491 3415 2517 ,
3465 2448 3610 2505 illius

2006 2557 2137 2598 vero
2162 2542 2320 2598 (idem
2345 2545 2635 2600 sinceram.
2689 2544 2830 2613 Quin
2879 2549 2992 2600 haec
3021 2545 3210 2607 etiam,
3237 2559 3354 2614 qua:
3381 2542 3614 2612 impera-

2008 2643 2095 2690 tor
2121 2635 2224 2692 sub
2255 2635 2580 2692 admirando
2610 2637 2703 2692 illo
2738 2637 3032 2693 Ambrosio
3073 2636 3368 2692 edidicerat
3415 2633 3616 2690 Medio-

2007 2729 2138 2795 lani,
2172 2745 2424 2786 reversus
2451 2730 2978 2800 Constantinotiolim
3011 2731 3129 2800 ipsa
3155 2730 3484 2796 observavit,
3515 2742 3612 2783 ne-

2007 2840 2110 2896 que
2144 2824 2360 2880 illorunt
2392 2825 2576 2880 omisit
2603 2825 2918 2895 quidquam.

2076 2919 2171 2974 27.
2215 2917 2433 2974 Etenim
2459 2918 2691 2988 quodam
2723 2919 2813 2973 die
2837 2916 2972 2973 festo
3003 2932 3127 2972 eum
3156 2915 3336 2972 denuo
3381 2923 3609 2970 vocante

2008 3009 2059 3066 in
2092 3010 2191 3065 Dei
2223 3011 2507 3080 templum,
2562 3011 2653 3065 ubi
2687 3026 2859 3065 sacra:
2905 3026 3105 3064 mensa:
3165 3008 3312 3064 dona
3369 3009 3565 3064 obtulit
3599 3048 3614 3074 ,

2006 3103 2188 3158 statim
2221 3118 2504 3172 regressus
2528 3113 2630 3158 est.
2650 3103 2910 3158 Ecclesiae
2935 3113 3114 3156 autem
3145 3101 3397 3172 prteside,
3424 3103 3466 3154 is
3485 3115 3614 3155 vero

2007 3205 2126 3252 erat
2152 3206 2278 3251 tunc
2336 3195 2624 3252 Nectarius
2657 3239 2671 3262 ,
2705 3198 3072 3265 interrogante
3106 3214 3118 3250 :
3149 3195 3325 3262 Quare
3370 3204 3423 3248 tn
3469 3191 3613 3250 intus

1929 3287 1976 3359 Ω
2013 3305 2116 3344 ιιοη
2141 3292 2487 3345 remansisti!
2523 3290 2822 3359 Imperator
2846 3290 3073 3344 moleste
3115 3288 3333 3342 ferens:
3366 3287 3502 3354 Quid
3535 3287 3614 3341 in-

2011 3391 2093 3438 ter
2124 3384 2528 3450 imperatorem,
2557 3382 2752 3453 inquit.
2788 3395 2839 3438 et
2868 3383 3186 3452 episeopnm
3217 3381 3288 3434 sit
3333 3379 3609 3434 discrimi-

2011 3478 2116 3541 nis,
2141 3477 2227 3531 vix
2259 3477 2474 3531 tandem
2504 3477 2702 3542 didici;
2733 3476 2989 3546 quoniam
3021 3474 3266 3530 veritatis
3291 3476 3610 3540 magistrum

2009 3570 2303 3626 difﬁculter
2331 3571 2535 3636 inveni,
2564 3570 2911 3626 Ambrosium
2943 3571 3179 3635 scilicet,
3205 3569 3295 3640 qui
3341 3567 3489 3621 solus
3533 3568 3615 3622 di-

2008 3679 2115 3736 gne
2129 3674 2353 3720 vocatur
2375 3666 2683 3734 cpiSCOpUS.
2716 3663 2897 3734 Usque
2921 3662 3056 3717 adco
3077 3661 3353 3733 Correptio
3371 3660 3611 3731 prodest,

2011 3771 2133 3828 qua:
2162 3757 2229 3811 ab
2262 3758 2482 3812 homine
2507 3758 2702 3813 virtute
2730 3757 2879 3812 claro
2927 3757 3314 3826 proﬁciscitur.

2083 3851 2175 3908 28.
2221 3852 2335 3906 Alia
2397 3866 2613 3923 quoque
2663 3852 2974 3920 imperatori
3002 3850 3100 3904 fuit
3149 3851 3400 3904 utilitatis
3430 3863 3612 3903 causa.

2009 3948 2159 4004 enim
2183 3963 2310 4002 vero
2339 3948 2507 4017 ipsius
2530 3947 2729 4017 conqu
2759 3947 2985 4003 adsidue
3008 3947 3155 4000 illum
3181 3945 3510 4000 admonebat
3533 3945 3616 4000 di-

2010 4041 2149 4096 vina:
2199 4040 2354 4111 legis,
2377 4042 2426 4095 in
2476 4056 2580 4110 qua
2627 4055 2688 4095 se
2739 4042 2911 4110 ipsam
2960 4041 3251 4112 diligenter
3281 4050 3333 4094 et
3362 4049 3616 4094 accurate

2010 4143 2356 4190 exercuerat.
2377 4133 2488 4188 Nec
2515 4135 2660 4188 enim
2692 4134 2838 4188 illam
2873 4133 3084 4200 imperii
3117 4143 3360 4205 potestas
3384 4131 3614 4186 extolle-

2013 4223 2126 4293 bat,
2162 4225 2255 4281 ενι]
2289 4225 2341 4280 in
2385 4240 2448 4282 ea
2482 4226 2652 4296 magis
2692 4225 3026 4280 accendebat
3056 4225 3149 4282 Dei
3188 4239 3470 4288 amorem;
3501 4238 3616 4278 mae-

2011 4317 2236 4387 gnitudo
2266 4318 2408 4380 enim
2443 4316 2695 4374 beneficii
2721 4333 2846 4387 erga
2878 4317 3126 4388 ejusdem
3165 4327 3443 4372 auctorem
3501 4332 3616 4370 ma-

2007 4411 2096 4482 jus
2140 4410 2344 4474 amoris
2386 4410 2716 4466 incentivum
2768 4409 3060 4466 excitabat.
3104 4409 3284 4477 Quare
3333 4409 3512 4466 statim
3546 4407 3617 4463 :tb

2014 4505 2172 4560 initio
2200 4519 2390 4560 eorum
2414 4505 2508 4576 qtti
2533 4519 2795 4573 corporea
2833 4506 3080 4560 ca-citate
3127 4513 3218 4558 aut
3247 4502 3614 4560 membrorum

2013 4599 2253 4651 omnimn
2278 4597 2559 4652 debilitate
2581 4597 2765 4653 afflicti
2796 4605 2974 4664 erant,
2999 4596 3366 4652 omnimodam
3397 4597 3619 4668 gerebat

299 4697 472 4757 δαπην
502 4699 728 4753 ἐποιεῖτο
758 4694 1026 4774 φροντίδα,
1067 4698 1157 4750 οὐκ
1190 4695 1406 4758 οίκεταῖς
1424 4736 1436 4756 .
1469 4692 1581 4751 οὐδέ
1611 4693 1907 4773 δορυφόροις

2013 4705 2200 4746 curam
2234 4731 2248 4756 ,
2304 4707 2414 4746 non
2468 4691 2893 4746 domcsncorum
2951 4702 3043 4748 aut
3097 4691 3396 4746 Satellitnm
3452 4689 3618 4759 Opera

298 4805 586 4880 ὑπωργοίς
625 4803 919 4880 κεχρημένη
938 4844 952 4868 ,
986 4800 1090 4860 ἀλλ’
1118 4801 1406 4879 αὐτουργὸς
1435 4803 1690 4876 γινομένη,
1723 4805 1806 4860 καί
1834 4805 1905 4863 εἰς

299 4910 400 4970 τὰς
446 4909 640 4962 τούτων
688 4905 991 4980 καταγωγὰς
1040 4903 1406 4977 ἀφικνουμένη,
1453 4905 1538 4958 καί
1578 4902 1779 4976 ἑκάστῳ
1814 4907 1906 4962 τὴν

303 5022 494 5098 χρείαν
516 5022 828 5094 πορίζουσα·
858 5017 992 5076 αὐτῆ
1019 5018 1102 5072 καί
1126 5021 1225 5071 τῶν
1246 5014 1518 5072 ἐκκλησιῶν
1545 5015 1664 5074 τοὺς
1692 5015 1907 5079 ξενῶνας

299 5136 706 5206 περινοστοῦσα,
727 5128 974 5204 ὑπηρέτει
997 5127 1113 5183 τότε
1140 5133 1245 5186 τοῖς
1267 5133 1478 5181 νοσοῦσι
1499 5127 1585 5179 καί
1611 5124 1906 5199 ἐπεμελεῖτο

301 5245 393 5298 καί
419 5241 688 5317 ἐθεράπευε
711 5282 723 5304 ,
752 5242 838 5295 καὶ
868 5240 1078 5316 χύτρας
1113 5237 1366 5312 ἁπτομένη
1384 5280 1396 5299 ,
1437 5241 1525 5294 καί
1555 5243 1726 5312 ζωμοῦ
1759 5261 1905 5314 γευο-

300 5348 460 5420 μένη,
492 5347 577 5400 καί
612 5343 852 5420 τρυϐλίον
888 5343 1285 5421 προσφέρουσα,
1315 5345 1398 5397 καί
1421 5338 1578 5420 ἄρτον
1617 5343 1901 5422 ὀρέγουσα,

301 5461 391 5512 καί
410 5456 590 5510 κύλικα
615 5452 1012 5529 διασμήχουσα,
1041 5457 1210 5510 καὶτὰ
1236 5453 1359 5510 ἀλλὰ
1380 5456 1551 5511 πάντα
1575 5454 1904 5532 ἐργαζομένη,

303 5567 402 5625 ὅσα
423 5571 628 5628 οἰκετῶν
659 5574 747 5627 καί
771 5569 1139 5646 θεραπαινίδων
1168 5569 1294 5645 ἔργα
1322 5570 1637 5643 νενόμισται·
1671 5571 1832 5626 εἰώθει
1853 5567 1908 5625 δὲ

305 5691 552 5756 συνεχῶς
581 5688 668 5739 καί
697 5687 828 5760 πρὸς
861 5685 947 5740 τὸν
977 5682 1225 5758 ὁμόζυγον
1254 5683 1434 5756 λέγειν’
1461 5681 1564 5738 ’Διί
1590 5703 1669 5742 σε.
1697 5677 1737 5735 ὦ
1765 5679 1905 5760 ἄνερ,

305 5797 558 5872 προσήκει
588 5795 876 5870 λογίζεσθαι
911 5799 964 5852 τί
1001 5795 1090 5868 μίν
1131 5792 1262 5855 ἦσθα
1293 5793 1476 5858 πάλαι,
1515 5794 1566 5850 τί
1605 5792 1660 5850 δὲ
1695 5795 1910 5868 γέγονας

304 5915 413 5975 νῦν.
448 5915 626 5972 Ταῦτα
650 5911 753 5995 γὰρ
777 5907 1016 5982 διηνεκῶς
1043 5909 1404 5986 ἐνθυμούμενος
1431 5909 1519 5980 οὐκ
1552 5905 1648 5986 ἴσῃ
1676 5910 1798 5990 περί
1823 5909 1910 5970 τὸν

2015 4793 2197 4849 utens,
2231 4793 2286 4838 at
2316 4785 2427 4853 ipsa
2454 4785 2606 4856 operi
2642 4798 2832 4840 manus
2859 4783 3162 4854 adhibens;
3193 4792 3246 4840 et
3287 4784 3340 4839 in
3375 4783 3614 4854 ipsorum

2016 4878 2223 4948 tuguria
2251 4876 2460 4942 ingredi
2496 4894 2602 4934 non
2629 4877 2940 4946 dedignata,
2965 4878 3268 4948 unicuique
3307 4875 3614 4934 necessaria

2015 4972 2417 5042 suppeditabat.
2453 4972 2571 5041 Ipsa
2605 4973 2768 5028 etiam
2806 4972 3174 5028 Ecclesiarum
3223 4971 3616 5026 circumeundo

2013 5063 2256 5118 invisens
2277 5064 2532 5133 ltoSpitia,
2566 5065 2908 5119 ministrabat
2930 5065 3152 5134 aegrotis
3178 5107 3192 5126 ,
3221 5065 3408 5135 eisque
3457 5063 3616 5118 obsc-

2012 5157 2196 5228 qnium
2221 5168 2270 5213 el
2302 5174 2490 5215 curam
2531 5158 2860 5225 adhibebat,
2886 5159 3022 5215 ollas
3075 5159 3329 5214 nimirum
3385 5157 3615 5212 fervefa-

2011 5254 2182 5316 cieus,
2211 5253 2478 5326 jnscolum
2506 5263 2864 5324 pra‘gnstans,
2898 5256 3134 5324 patinam
3168 5251 3400 5307 affercns
3433 5292 3446 5313 ,
3484 5265 3611 5319 por-

2010 5346 2195 5416 rigens
2220 5357 2441 5414 panem,
2468 5347 2658 5417 pocula
2693 5345 2970 5416 prolueris,
3001 5356 3054 5401 et
3077 5345 3178 5400 alia
3203 5357 3468 5400 exercens
3494 5357 3614 5397 om-

2014 5439 2124 5506 nia,
2157 5457 2275 5512 qna:
2296 5441 2622 5495 famulorum
2655 5482 2668 5506 ,
2699 5452 2861 5512 atque
2892 5441 3211 5496 ancillarum
3259 5452 3421 5508 opera
3465 5435 3616 5509 judi-

2013 5525 2223 5591 cantur.
2271 5534 2491 5590 Solebat
2533 5547 2712 5592 autem
2755 5536 2976 5590 assidue
3016 5534 3299 5602 coniugem
3345 5531 3428 5587 bis
3469 5547 3618 5586 cont-

2014 5628 2217 5702 pellare
2247 5645 2259 5680 :
2286 5626 2363 5683 Te
2391 5643 2624 5697 semper,
2659 5628 2691 5682 ὁ
2721 5629 2936 5695 marite,
2969 5626 3150 5682 animo
3193 5632 3444 5696 icpntare
3486 5639 3617 5679 con-

2013 5722 2180 5785 venit,
2214 5729 2269 5776 et
2295 5722 2422 5792 quid
2449 5721 2576 5776 olim
2601 5721 2792 5787 fueris,
2817 5731 2870 5774 et
2906 5735 3064 5792 quem
3101 5718 3155 5774 in
3197 5718 3422 5790 gradum
3475 5731 3615 5776 nunc

2015 5815 2362 5888 perveneris;
2389 5816 2492 5869 ista
2515 5817 2659 5870 enim
2693 5825 2871 5868 tecum
2905 5813 3277 5870 indesinenter
3306 5813 3352 5868 si
3402 5811 3610 5880 rectigi-

2015 5918 2118 5982 tes,
2144 5906 2198 5972 in
2231 5905 2636 5970 bcnefactorem
2687 5918 2834 5964 tuum
2866 5908 3109 5981 ingratus
3147 5921 3439 5980 numquam
3490 5919 3616 5962 evan
