4156 6370
507 373 583 434 63

1771 359 1929 418 VITA
1973 349 2222 414 SANCTI
2263 352 2584 411 AMBROSII

3745 343 3815 400 M

512 493 654 552 des:
687 490 786 549 sed
834 488 1121 560 imperium
1150 525 1166 554 ,
1198 483 1341 558 quod
1372 481 1626 553 accepisti
1661 521 1676 547 ,
1706 475 2110 535 administrabis
2137 509 2149 531 Α

2253 472 2476 548 ὄεργέτην
2496 474 2811 550 ἀχάριστος·
2845 467 2952 525 ἀλλ’
2977 469 3036 529 ἢν
3071 467 3222 535 ἐδέξω
3267 468 3533 541 βασιλείαν
3569 464 3816 542 κυϐερνή-

516 587 689 660 :rquis
711 585 959 656 legibus;
993 598 1098 654 qua
1118 580 1280 636 etiam
1316 579 1527 634 ratione
1570 573 1817 631 debitum
1873 569 2113 642 largitori

517 681 636 753 ejus
656 679 916 735 exsolves
940 674 1279 744 obsequium.

591 772 682 828 29.
712 771 846 827 (-‘um
875 781 1091 839 semper
1144 766 1230 818 illa
1282 760 1546 833 ejusmodi
1597 766 1845 815 uteretur
1883 755 2064 812 verbis
2099 795 2115 823 ,

522 882 643 938 qua:
671 863 891 920 virtutis
921 858 1221 917 seminibus
1257 857 1534 929 pulchram
1562 855 1614 910 in
1659 854 1886 925 conjuge
1927 852 2118 921 irriga-

528 959 729 1016 tionem
757 965 811 1012 et
839 955 1237 1010 incrementum
1261 948 1507 1021 praebere
1540 956 1763 1018 possent
1787 988 1802 1013 ,
1828 945 1976 1016 prius
2006 944 2120 1014 ipsa

526 1066 692 1126 quam
718 1050 801 1105 vir
839 1048 948 1104 fato
983 1046 1165 1102 functa
1189 1051 1294 1101 est.
1325 1043 1564 1114 Contigit
1611 1053 1789 1097 autem
1848 1049 1969 1110 post
2021 1039 2121 1093 ali-

525 1144 670 1216 quod
695 1152 908 1212 tempus
936 1141 1003 1196 ab
1021 1140 1138 1211 ejus
1171 1148 1344 1193 morte
1375 1137 1479 1193 tale
1501 1136 1629 1207 quid
1651 1135 1763 1192 fieri
1798 1176 1814 1203 ,
1840 1135 1984 1190 unde
2032 1148 2124 1204 pa-

525 1238 632 1294 lam
663 1237 1052 1297 innotesceret.
1080 1248 1317 1304 quonam
1358 1232 1654 1300 imperator
1686 1244 1814 1301 erga
1861 1243 1980 1283 eam
2005 1228 2124 1282 ani-

525 1339 924 1402 mo,quantave
949 1327 1216 1384 charitate
1245 1336 1391 1382 esset
1422 1324 1668 1380 affectus.
1699 1321 1942 1393 Cogeute
1963 1320 2126 1391 siqni-

525 1426 649 1484 dem
681 1425 948 1480 bellorum
976 1422 1304 1494 frequentia,
1341 1423 1639 1490 imperator
1667 1417 1745 1473 rei
1802 1415 2127 1488 pecuniaria:

526 1520 767 1589 inopiam
801 1519 1062 1583 tolerans,
1114 1517 1311 1572 tributa
1364 1503 1556 1571 indixit
1601 1513 1927 1569 civitatibus.
1985 1511 2128 1569 Urbs

528 1615 688 1686 igitur
715 1613 1001 1669 Antiochia
1029 1627 1151 1667 cum
1181 1612 1316 1666 alias
1340 1612 1503 1666 urbes
1548 1611 1770 1666 tributis
1799 1609 1904 1664 illis
1947 1608 2130 1664 subdi-

531 1717 615 1764 tas
657 1707 1004 1778 conspiceret
1037 1724 1050 1761 :
1080 1706 1336 1775 pecunias
1373 1718 1503 1762 vero
1553 1718 1650 1774 per
1694 1705 1800 1757 vim
1851 1704 1991 1771 exigi
2025 1744 2039 1765 ,
2067 1717 2130 1756 ac

530 1795 939 1861 nulla'admissa
995 1798 1386 1864 excusatione;
1416 1812 1704 1853 commune
1761 1796 1862 1850 hoc
1904 1794 2129 1864 vectigal

2218 588 2327 629 σεις
2352 566 2590 641 έννόμως,
2617 566 2892 637 καὶταύτῃ
2919 567 3254 642 θεραπεύσεις
3280 565 3368 620 τόν
3396 557 3672 619 δεδωκότα.

2291 746 2380 802 29.
2419 747 2678 810 Τοιούτοις
2716 749 2796 803 ἀεὶ
2838 749 3134 822 κεχρημένη
3178 747 3347 821 λόγοις
3390 742 3470 802 οἶά
3515 768 3629 803 τινα
3671 748 3823 808 καλὴν

2223 839 2426 918 ἀρδείαν
2450 843 2534 895 καί
2552 842 2846 918 πρόσφορον
2878 850 2988 902 τοῖς
3027 850 3118 902 τῆς
3145 842 3331 919 ἀρετῆς
3357 847 3449 896 τοῦ
3477 838 3659 919 ἀνδρὸς
3681 839 3824 915 ἔφερε

2226 937 2511 1012 σπέρμασι·
2544 937 2774 1012 προτέρα
2804 937 2974 1007 μέντοι
3007 941 3098 991 τοῦ
3126 935 3354 1007 συζύγου
3387 933 3715 999 ἐτελεύτησε,
3745 937 3828 989 καί

2223 1028 2411 1087 συνέϐη
2432 1031 2562 1100 μετά
2589 1028 2778 1105 χρόνον
2803 1029 2917 1084 τινά
2937 1036 3028 1089 τῆς
3051 1027 3289 1088 τελευτῆς
3306 1067 3322 1093 ,
3353 1024 3544 1083 τιόονδε
3567 1049 3620 1082 τι
3645 1029 3825 1102 γενέσ-

2225 1124 2333 1185 θαι,
2374 1119 2500 1200 ὅπερ
2537 1127 2629 1182 τήν
2667 1122 2850 1182 πολλήν
2887 1123 3073 1181 ἐκείνην
3114 1126 3207 1176 τοῦ
3250 1120 3502 1192 βασιλέως
3527 1123 3648 1198 περί
3673 1122 3832 1180 αὐτήν

2227 1215 2450 1272 διάθεσιν
2477 1220 2562 1272 καί
2581 1201 2934 1290 φιλοστοργίαν
2954 1213 3229 1281 ἀπέδειξεν’
3253 1215 3357 1270 ύπό
3376 1217 3595 1292 γὰρτῶν
3613 1223 3832 1286 συχνῶν

2227 1313 2454 1385 πολέμων
2479 1314 2882 1385 ἀναγκαζόμενος
2911 1313 2936 1367 ὁ
2961 1313 3230 1386 βασιλεὺς,
3262 1315 3348 1366 καὶ
3377 1313 3664 1385 χρημάτων
3693 1334 3835 1368 σπα-

2228 1408 2394 1471 νίζων.
2420 1405 2599 1482 φόρους
2625 1414 2738 1467 ταῖς
2767 1403 2973 1480 πόλεσιν
3004 1403 3356 1484 ἐπεγράψατω
3378 1407 3409 1463 ή
3433 1403 3700 1476 Ἀντιόχου
3721 1407 3833 1460 τοί-

2229 1523 2315 1555 νυν
2343 1500 2891 1575 φορολογουμέναςτάς
2928 1499 3107 1575 ἑτέρας
3148 1497 3320 1561 πόλεις
3358 1497 3573 1575 ὁρῶσα,
3615 1501 3698 1552 καί
3739 1499 3837 1553 σύν

2231 1593 2320 1667 βίᾳ
2353 1595 2419 1647 τά
2454 1596 2707 1667 χρήματα
2747 1594 2832 1647 καί
2865 1592 3226 1669 ἀπαραιτήτως
3265 1591 3738 1668 εἰσπραττομένας·
3779 1591 3839 1645 τὸ

2232 1687 2389 1741 κοινόν
2408 1693 2560 1740 τοῦτο
2604 1686 2744 1746 τέλος
2790 1686 2877 1740 οὐκ
2923 1683 3230 1759 ἐνεγκοῦσα,
3259 1681 3383 1739 ἄλλα
3407 1692 3486 1748 τε,
3519 1683 3673 1739 ὁποῖα
3715 1683 3848 1756 φιλεῖ

2234 1776 2683 1856 ὅχλος,πρόφασιν
2718 1781 2789 1839 είς
2823 1779 3031 1843 ἀταξίαν
3071 1779 3342 1850 λαμϐάνων
3383 1775 3608 1856 ἔδρασε,
3638 1779 3722 1832 καὶ
3749 1781 3843 1836 τήν

533 1912 876 1968 nequaquam
925 1894 1106 1951 ferens
1142 1935 1155 1957 ,
1187 1894 1282 1950 sed
1313 1893 1588 1949 turbarum
1621 1893 1964 1948 occasionem
2009 1891 2134 1946 hinc

2253 1873 2434 1944 χαλκῆν
2463 1872 2628 1927 εἰκόνα
2653 1880 2746 1932 τῆς
2772 1876 3099 1944 πανευφήμου
3136 1870 3404 1930 ιιλακίλλής
3421 1887 3433 1902 '
3465 1876 3617 1926 τοῦτο
3643 1869 3742 1944 γὰρ
3781 1864 3844 1926 ἦν

533 1990 802 2060 arripiens
827 2031 842 2056 ,
865 1989 1045 2060 qualia
1086 1989 1281 2056 vulgus
1328 1987 1506 2042 facere
1545 1986 1698 2040 'solct
1721 2028 1736 2052 ,
1774 1984 2006 2055 patravit
2038 2002 2050 2037 :
2081 1995 2137 2039 et

532 2084 890 2140 nobilissimae
915 2082 1176 2149 Placillae,
1201 2083 1299 2136 hoc
1323 2081 1467 2137 enim
1515 2089 1631 2136 erat
1662 2077 1990 2148 imperatriri
2039 2091 2137 2132 no-

535 2193 686 2244 men,
731 2191 927 2233 aeream
953 2184 1185 2230 statuam
1211 2174 1329 2229 solo
1359 2172 1595 2240 adﬂixit,
1631 2173 1804 2242 ipsam
1832 2170 1992 2226 etiam
2040 2183 2140 2240 per

537 2271 721 2344 plures
752 2269 986 2326 civitatis
1017 2270 1168 2324 vicos
1199 2267 1542 2338 pertrahens.

607 2364 695 2421 50.
745 2362 1044 2433 Imperator
1075 2403 1090 2428 ,
1128 2360 1228 2416 hac
1260 2375 1322 2416 re
1370 2359 1437 2415 ad
1469 2375 1528 2415 se
1550 2358 1753 2425 delata,
1785 2368 1990 2414 tantum
2024 2373 2139 2412 mo-

536 2457 734 2521 lestim,
765 2465 1025 2526 quantum
1057 2453 1306 2520 decebat,
1327 2451 1453 2508 hinc
1478 2453 1782 2523 percipiens
1815 2493 1830 2519 ,
1855 2467 1972 2507 eam
1999 2451 2140 2506 civi-

538 2558 701 2606 tatem
726 2547 960 2622 propriis
1017 2547 1228 2618 legibus
1274 2547 1472 2602 ablatis
1528 2547 1763 2612 multat,
1802 2545 2144 2616 vicinumque

539 2642 730 2698 urbem
756 2640 1101 2706 Laodiceam,
1127 2655 1246 2712 quae
1269 2648 1489 2710 propter
1515 2640 1670 2695 littus
1692 2641 1855 2695 maris
1895 2641 1994 2694 sita
2020 2647 2103 2694 est
2125 2681 2140 2705 ,

543 2736 624 2792 illi
657 2734 904 2806 praeficit,
938 2735 1038 2790 hac
1064 2735 1403 2804 potissimum
1429 2735 1512 2789 via
1535 2734 1636 2803 ipsi
1661 2750 1805 2806 aagre
1853 2750 1914 2789 se
1964 2733 2147 2790 facere

543 2842 862 2898 persuasum
887 2827 1128 2893 habens;
1151 2843 1382 2899 namque
1407 2826 1754 2882 Antiochiam
1781 2827 1988 2899 alonge
2021 2836 2149 2882 tem-

543 2937 676 2992 pore
707 2921 1060 2976 aemulabatur
1087 2920 1375 2975 Laodicea.
1417 2920 1643 2991 Insuper
1667 2930 1846 2976 autem
1894 2922 2054 2996 illam
2091 2935 2152 2976 se

544 3015 896 3070 incensurum
939 3030 1002 3069 ac
1025 3015 1330 3070 deleturnm
1375 3016 1726 3070 minitabatur
1752 3056 1766 3080 ,
1796 3030 1897 3071 nec
1939 3030 2045 3068 non
2097 3015 2149 3068 in

545 3122 740 3179 pagum
769 3106 1013 3162 eamdem
1043 3123 1103 3162 SC
1124 3121 1512 3162 COIH’CI‘SUI‘lllll
1541 3125 1553 3161 Ξ
1583 3122 1839 3175 proceres
1863 3121 1993 3162 vero
2017 3121 2152 3160 llOll-

547 3201 712 3256 nnl'is
736 3201 786 3254 in
811 3201 929 3271 ipso
957 3200 1214 3254 facinoris
1247 3211 1372 3254 ar-tu
1407 3201 1699 3269 correptis,
1734 3210 2020 3270 antequam
2047 3209 2158 3252 tra-

2240 1963 2396 2039 όνομα
2424 1974 2485 2041 τῇ
2517 1963 2743 2037 βασιλίδι
2761 1982 2773 1996 '
2806 1970 3077 2039 κατήνεγκε
3095 2005 3109 2028 ,
3147 1967 3235 2020 καί
3257 1965 3345 2020 ἰπί
3369 1963 3497 2019 πολύ
3526 1971 3619 2024 τῆς
3652 1962 3846 2025 πόλεως

2239 2065 2323 2117 καί
2348 2063 2788 2136 κατασυράμενος.

2243 2335 2286 2402 ﬁ:
2317 2335 2406 2391 30.
2448 2342 2624 2392 Ταῦτα
2675 2333 2956 2407 πυθόμενος
3009 2331 3035 2388 ό
3080 2329 3356 2405 βασιλεὺς,
3414 2333 3501 2386 καί
3547 2329 3856 2403 χαλεπήνας

2247 2432 2428 2507 ὥσπερ
2458 2430 2586 2490 εἰκὸς
2616 2425 2707 2494 ἦν,
2740 2429 2864 2484 τάτε
2905 2435 2997 2488 τῆς
3036 2426 3231 2486 πόλεως
3273 2424 3496 2498 ἀφείλετο
3527 2421 3696 2480 δίκαια
3715 2466 3728 2488 ,
3771 2426 3858 2480 καί

2247 2530 2310 2599 τῇ
2332 2522 2524 2596 γείτονι
2545 2521 2687 2578 πόλει
2716 2519 2990 2595 Λαοδικείᾳ
3014 2527 3078 2595 τῇ
3107 2520 3250 2594 παρά
3271 2517 3528 2573 θάλασσαν
3558 2515 3737 2572 δέδωκε
3764 2522 3857 2577 τήν

2249 2617 2518 2690 ἠγεμονίαν
2541 2656 2554 2679 ,
2606 2617 2772 2690 ταύτῃ
2827 2615 3054 2688 μάλιστα
3101 2614 3313 2685 νομίζων
3364 2614 3549 2675 αὐτούς
3599 2613 3854 2667 ἀνιάσειν⁶

2251 2711 2550 2776 ἐζηλοτύπει
2568 2711 2666 2784 γάρ
2692 2711 2722 2768 ἡ
2743 2707 3012 2766 Λαοδίκεια
3040 2713 3132 2768 τήν
3151 2706 3465 2781 ’Δντιόχειαν
3485 2704 3692 2764 ἄνωθεν·
3721 2710 3858 2780 μετά

2252 2804 2307 2861 δέ
2355 2813 2522 2862 ταῦτα
2569 2807 2651 2859 καί
2691 2806 2957 2877 ἐμπιπρᾷν
2997 2802 3192 2862 ἠπείλει
3228 2804 3314 2856 καί
3341 2799 3646 2865 καταλύειν,
3678 2803 3762 2854 καί
3786 2801 3860 2861 είς

2254 2905 2425 2972 κωμήν
2467 2901 2524 2956 τὸ
2560 2896 2696 2956 ἄστυ
2733 2898 3058 2971 μεταϐαλεῖν·
3086 2897 3133 2952 οἱ
3172 2894 3228 2952 δέ
3261 2892 3521 2970 ἄρχοντες
3548 2898 3636 2952 καί
3664 2895 3864 2951 ἀνείλόν

2255 3015 2398 3054 τινας
2435 2989 2556 3068 παρ’
2578 2993 2705 3047 αὐτὸ
2747 2991 3086 3051 συλλαϐόντες
3120 2990 3178 3046 τό
3220 2988 3486 3061 τόλμημα.
3525 2991 3646 3066 πρὶν
3670 2995 3862 3062 γνῶναι

2257 3087 2342 3142 τὸν
2371 3085 2588 3158 βασιλέα
2614 3089 2704 3144 τήν
2741 3081 3052 3162 τραγῳδίαν.
3075 3089 3248 3140 Ταῦτα
3275 3082 3330 3139 δὲ
3365 3085 3534 3140 πάντα
3561 3081 3586 3138 ὁ
3615 3083 3865 3158 βασιλεὺς

2259 3181 2453 3241 ἠπείλει
2481 3182 2600 3251 μέν,
2629 3181 2686 3233 οὐ
2712 3181 2802 3251 μέν
2829 3187 3160 3255 παραχρῆμα
3186 3180 3349 3233 ἐποίει
3366 3194 3379 3208 °
3403 3184 3558 3232 τοῦτο
3582 3183 3673 3232 τοῦ
3702 3177 3863 3248 νόμον

544 3292 774 3363 εωάἱιιηι
821 3295 1046 3348 resciret
1111 3292 1391 3362 Princeps,
1445 3303 1674 3348 mortem
1726 3293 2054 3362 irrogarunt.
2092 3291 2149 3346 Et

2264 3274 2575 3339 κωλύοντος,
2618 3269 2670 3327 ὃν
2695 3270 2995 3344 ’Δμϐρόσιος
3044 3270 3069 3326 ό
3115 3272 3278 3342 μέγας
3319 3271 3514 3326 τεθῆναι
3551 3272 3859 3344 παρῄνεσεν·

551 3387 668 3441 lucc
691 3386 907 3456 quidem
933 3395 1126 3440 cuncta
1182 3387 1618 3442 comminabatur
1637 3386 1981 3442 Theudosius
2007 3428 2021 3451 ,
2049 3403 2156 3440 nou

554 3491 734 3534 tamen
769 3477 918 3534 illico
947 3480 1373 3548 exsequebatur.
1399 3480 1724 3550 prohibente
1750 3478 1853 3534 hoc
1902 3479 2157 3536 nimirum

551 3575 690 3644 lege,
722 3589 882 3643 quam
909 3573 1128 3628 hortatu
1164 3588 1264 3627 suo
1286 3589 1514 3644 magnus
1541 3574 1861 3629 Ambrosius
1882 3573 2158 3629 ferendam

554 3676 861 3722 curaverat.
895 3667 1001 3722 Sed
1022 3678 1376 3738 posteaquam
1401 3668 1495 3738 qui
1523 3668 1830 3722 minasillas
1860 3667 2001 3723 ferre
2026 3667 2160 3738 jussi

553 3771 701 3825 sunt,
729 3770 996 3814 venerunt
1022 3761 1074 3814 in
1098 3760 1286 3816 urbem
1313 3759 1652 3814 Antiochiam
1681 3761 1820 3831 (dux
1845 3771 2023 3814 autem
2047 3769 2163 3814 erat

563 3864 690 3908 tunc
735 3852 1172 3916 Hellenichns,et
1194 3854 1462 3908 Ca'sarius
1488 3853 1776 3923 praefectus
1800 3852 2160 3924 praetorianis,

556 3947 816 4019 magister
847 3963 979 4003 vero
1010 3964 1039 4002 a
1067 3947 1324 4002 Romanis
1345 3948 1558 4013 dicitur,
1581 3949 1910 4019 quiadeptus
1931 3951 2164 4004 esthauc

553 4040 920 4112 dignitatem),
953 4041 1190 4097 universi
1230 4041 1446 4112 quidem
1512 4043 1566 4098 in
1605 4053 1752 4097 metu
1809 4041 2164 4098 versabantur

560 4135 830 4188 ruinarum
853 4134 1061 4190 exitum
1091 4134 1529 4190 reformidantes.
1584 4135 1811 4191 Virtutis
1856 4146 2036 4192 autem
2086 4135 2163 4189 illi

556 4225 802 4292 athletas,
828 4225 918 4297 qui
948 4227 1014 4280 ad
1041 4226 1252 4282 radices
1281 4228 1544 4282 montium
1572 4227 1906 4294 habitabant,
1935 4241 2163 4298 quorum

567 4318 760 4390 ingens
792 4328 1048 4376 erattunc
1079 4321 1388 4385 multitudo,
1419 4323 1483 4377 iis
1503 4337 1641 4392 quos
1665 4322 1992 4391 percellebat
2018 4335 2169 4376 com-

567 4411 795 4468 minatio
824 4455 839 4480 ,
864 4415 1355 4483 compatiebantur,
1385 4426 1440 4472 et
1468 4415 1894 4486 circumquaque
1938 4429 2163 4470 cursan—

559 4513 665 4571 tes,
705 4504 776 4561 de
801 4505 867 4561 iis
893 4507 1030 4562 viris
1046 4507 1136 4577 qui
1163 4508 1430 4579 supplicio
1456 4507 1668 4565 fuerant
1687 4507 1885 4575 affecti,
1913 4518 2171 4578 quantum

561 4597 768 4656 licebat
796 4641 812 4666 ,
837 4599 972 4654 alios
1000 4601 1333 4658 solabantur.

630 4694 719 4749 51.
762 4693 910 4752 Unus
937 4705 1116 4752 autem
1144 4712 1210 4752 ex
1246 4696 1353 4751 illis
1379 4706 1496 4752 erat
1526 4697 1613 4752 vir
1639 4705 1883 4763 sanctus,
1922 4710 2155 4752 exorna-

570 4798 656 4844 ttts
687 4791 833 4844 omni
861 4790 1091 4855 virtute,
1137 4802 1192 4846 et
1221 4793 1310 4862 qui
1345 4792 1431 4848 die
1459 4801 1722 4861 nocteque
1753 4806 1915 4862 puras
1953 4789 2152 4845 oratio-

563 4897 659 4937 nes
695 4883 936 4938 omnium
968 4885 1218 4938 salvatori
1247 4883 1530 4940 offerebat.
1567 4885 1662 4940 Hic
1689 4900 1789 4939 nec
1817 4884 2158 4952 imperatoris

561 4975 694 5031 iram
726 4981 992 5045 metuens,
1010 4992 1109 5032 nec
1124 4993 1314 5032 eorum
1341 4978 1428 5048 qui
1458 4977 1610 5032 missi
1636 4984 1813 5042 erant,
1841 4983 2157 5047 potestatem

561 5069 744 5123 animo
775 5082 1055 5141 reputans,
1089 5087 1210 5126 cum
1241 5071 1295 5126 iu
1330 5071 1560 5126 mediam
1603 5071 1791 5128 urbem
1819 5071 2075 5137 venisset,
2109 5081 2162 5126 et

564 5160 800 5216 anticqu
848 5163 1076 5217 alterum
1130 5163 1429 5233 legatorum
1479 5163 1948 5233 apprehendisset,
1999 5163 2160 5233 jussit

566 5267 854 5331 utrumque
885 5276 950 5316 ex
972 5263 1126 5330 equis
1155 5259 1510 5316 descendere.
1561 5261 1622 5315 lli
1653 5276 1784 5314 vero
1816 5276 2038 5330 parvmn
2070 5273 2158 5313 sc-

567 5353 829 5418 niCnlum,
878 5369 1113 5424 eumque
1165 5354 1258 5408 vili
1316 5369 1496 5426 panno
1536 5356 1790 5410 vestitum
1839 5353 2159 5422 consmcnti,

569 5447 745 5516 primo
767 5447 981 5516 quidem
1013 5446 1447 5518 indignabantur.
1483 5451 1551 5504 At
1575 5463 1696 5504 cum
1729 5459 1912 5520 postea
1944 5448 2161 5517 quidam

567 5553 633 5593 ex
663 5538 728 5592 iis
758 5542 846 5609 qui
869 5540 1256 5611 sequebantur,
1289 5543 1539 5596 virtutem
1571 5543 1668 5598 viri
1699 5539 2164 5605 manifestassent,

567 5631 831 5688 continuo
857 5631 1180 5691 desilierunt
1218 5653 1281 5691 ex
1321 5636 1502 5707 equis,
1555 5646 1608 5691 et
1646 5637 1788 5691 illius
1816 5650 1987 5707 genua
2019 5650 2168 5690 com-

568 5727 738 5799 plexi,
770 5731 980 5785 veniam
1027 5732 1314 5806 petierunt.
1361 5732 1454 5787 Vir
1485 5744 1665 5788 autem
1698 5740 1936 5794 sanctus,
1982 5744 2045 5784 ac
2083 5729 2169 5784 di-

571 5820 694 5875 vina
712 5821 905 5892 plenus
931 5826 1218 5894 sapientia,
1242 5828 1332 5882 tali
1359 5827 1498 5899 apud
1523 5843 1617 5884 eos
1641 5842 1770 5882 usus
1790 5835 1873 5881 est
1894 5823 2170 5899 oratione:

575 5912 772 5982 Dicite,
801 5929 835 5971 ο
859 5911 983 5973 cara
1013 5921 1212 5990 capita,
1245 5897 1554 5992 imperatori
1583 5913 1727 5972 :Non
1760 5919 2057 5987 imperator
2086 5897 2175 5969 si).

2182 4660 2239 4722 Ῑ)
2337 4702 2433 4757 ει.

2262 3367 2438 3428 ἐπειδὴ
2486 3367 2540 3423 δὲ
2583 3368 2729 3443 παρά
2773 3370 2864 3425 τήν
2903 3364 3211 3436 ’Δντιόχειαν
3261 3360 3380 3424 ἧκον
3425 3362 3472 3416 oi
3512 3363 3607 3422 τὰς
3652 3364 3866 3426 ἀπειλὰς

2263 3464 2455 3522 ἰκείνας
2488 3462 2808 3532 κομίζοντες·
2842 3456 3129 3529 Ἐλλένιχός
3155 3477 3233 3520 τε.
3267 3457 3559 3532 στρατηγὸς
3584 3464 3864 3516 τηνικαῦτα

2263 3555 2330 3612 ὢν
2348 3598 2362 3622 ,
2396 3559 2483 3610 καί
2507 3555 2772 3630 Καισάριος
2795 3559 2894 3608 τῶν
2921 3551 3196 3625 βασιλείων
3232 3552 3513 3625 ἡγούμενος
3535 3567 3548 3581 ⁹
3576 3553 3862 3630 μάγιστρον

2264 3650 2318 3707 δὲ
2350 3651 2396 3706 οί
2418 3648 2659 3720 Ῥωμαῖοι
2704 3647 2920 3702 καλοῦσι
2958 3646 3044 3703 τὸν
3080 3647 3272 3704 ταύτην
3307 3643 3501 3718 ἔχοντα
3530 3651 3622 3706 τήν
3667 3648 3858 3723 ἀρχήν·

2265 3750 2317 3802 ἓν
2343 3746 2443 3802 δέει
2482 3747 2572 3817 μέν
2613 3741 2743 3803 ἦσαν
2786 3742 3009 3803 ἅπαντες
3033 3743 3127 3802 τὰς
3165 3740 3373 3802 ἀπειλὰς
3404 3741 3858 3818 περιπεφριχότεςο

2263 3843 2309 3896 οί
2339 3840 2503 3914 δῄτήν
2523 3840 2782 3916 ύπὼρειαν
2807 3840 3065 3898 οἰκοῦντες
3093 3844 3186 3897 τῆς
3214 3838 3399 3913 ἀρετῆς
3426 3836 3668 3894 ἀθληταί·
3692 3837 3863 3891 πολλοὶ

2261 3932 2319 3990 δέ
2346 3930 2479 3992 ἦσαν
2503 3931 2614 3987 κατ’
2644 3933 2799 3986 έκεῖνο
2837 3936 3022 4006 καιροῦ
3043 3944 3056 3958 ⁸
3093 3928 3416 4000 συνήχθοντο
3445 3936 3557 3989 τοῖς
3683 3929 3863 4004 ἀπειλῇ

2266 4025 2700 4096 ύποϐεϐλημένοις
2718 4065 2731 4087 ,
2762 4025 2843 4078 καί
2885 4024 3228 4100 περίετρεχον
3256 4027 3538 4094 πανταχοῦ
3557 4061 3573 4088 ,
3615 4023 3700 4076 καὶ
3729 4021 3863 4099 ὑπὲρ

2268 4127 2368 4178 τῶν
2393 4120 2762 4193 κολαζομένων,
2794 4121 2862 4181 ὡς
2882 4115 3114 4184 δυνατὸν,
3142 4116 3484 4193 παρεκάλουν.

2471 4697 2556 4763 Εἷς
2584 4697 2638 4757 δέ
2662 4720 2741 4761 τις
2767 4698 2816 4764 ἐξ
2844 4697 3014 4754 αὐτῶν
3043 4699 3170 4774 ἀνήρ
3212 4695 3388 4772 ἅγιος,
3420 4698 3577 4774 ἀρετῇ
3611 4698 3758 4772 πάσῃ
3787 4710 3871 4752 νεεδ

2267 4797 2582 4871 κοσμημένος
2603 4835 2618 4859 ,
2645 4795 2730 4848 καί
2757 4793 2956 4869 νύκτωρ
2989 4795 3070 4847 καί
3098 4790 3210 4864 μεθ’
3233 4792 3425 4868 ἡμέραν
3445 4799 3518 4862 τῷ
3547 4799 3740 4868 σωτῆρι
3771 4799 3871 4847 τῶν

2268 4888 2394 4946 ὅλων
2424 4889 2652 4964 καθαράς
2687 4887 2991 4962 προσφέρων
3021 4885 3214 4955 εὐχὰς.
3256 4880 3405 4945 οὗτος
3443 4881 3560 4938 οὔτε
3595 4890 3684 4940 τοῦ
3711 4883 3871 4956 βασι-

2268 4984 2392 5044 λέως
2437 4981 2784 5052 καταπλαγεὶς
2829 4983 2920 5038 τὴν
2967 4979 3121 5054 ὀργὴν
3142 5019 3154 5039 ,
3193 4974 3312 5034 οὔτε
3354 4977 3744 5033 ἀποσταλέντων
3777 4981 3871 5036 τήν

2272 5079 2511 5144 ἐξουσίαν
2539 5077 2608 5136 είς
2630 5081 2749 5129 νοῦν
2771 5073 2941 5136 λαϐὼν
2958 5112 2974 5137 ,
2997 5073 3127 5128 κατά
3155 5073 3310 5144 μέσον
3335 5071 3393 5125 τὸ
3421 5067 3555 5125 ἄστυ
3583 5070 3867 5143 γενόμενος,

2267 5174 2467 5231 καὶτῆς
2497 5166 2740 5239 χλανίδος
2768 5168 2986 5244 θατέρου
3023 5173 3124 5222 τῶν
3173 5164 3562 5220 ἀποσταλέντων
3598 5163 3869 5236 ἀρχόντων

2268 5268 2565 5340 λαϐόμενος,
2598 5265 2912 5343 ἀμφοτέρους
2944 5264 2998 5316 ἐκ
3021 5269 3122 5318 τῶν
3153 5262 3325 5316 ἵππων
3353 5259 3634 5320 καταϐῆναι
3657 5259 3867 5313 κελεύει’

2270 5363 2313 5416 οἱ
2345 5359 2399 5416 δὲ
2441 5359 2622 5436 μικρόν
2662 5378 2712 5412 τι
2751 5355 2999 5433 γερόντιον
3046 5354 3216 5412 εὐτελῆ
3260 5353 3412 5426 ῥάκια
3447 5352 3871 5430 περιϐεῶηῴνον

2272 5452 2490 5515 ἰδόντες,
2517 5453 2576 5508 τὸ
2609 5457 2812 5526 πρῶτον
2836 5450 2946 5522 μέν,
2984 5450 3069 5502 καί
3099 5447 3346 5517 χαλεπῶς
3368 5445 3569 5522 ἔφερον·
3604 5443 3782 5500 ἔπειτα
3817 5442 3872 5500 δέ

2272 5567 2407 5606 τινες
2431 5552 2530 5602 τῶν
2563 5544 2917 5613 συνεπομένων
2939 5545 3029 5599 τήν
3054 5547 3146 5595 τοῦ
3174 5537 3357 5615 ἀνδρὸς
3378 5537 3644 5599 ὶδήλωσαν
3665 5540 3871 5615 ἀρετήν,

2270 5635 2632 5697 κατεπήδησαν
2656 5656 2710 5691 τε
2741 5641 2843 5691 τῶν
2859 5635 3034 5689 ’ίππων
3059 5633 3230 5695 εὐθὺς,
3257 5637 3344 5689 καὶ
3368 5640 3469 5690 τῶν
3497 5634 3686 5687 ἐκείνου
3715 5632 3872 5704 γονά-

2272 5754 2374 5789 των
2393 5725 2668 5802 λαϐόμενοι
2708 5729 3014 5802 συγγνώμην
3050 5728 3259 5792 ἱζήτουν
3278 5743 3291 5757 ·
3325 5727 3351 5783 ό
3380 5725 3434 5782 δέ
3464 5723 3604 5790 ὅσιος
3639 5727 3763 5802 ἀνήρ
3783 5733 3875 5786 τῆς

2275 5825 2413 5883 θείας
2439 5822 2620 5895 σοφίας
2647 5819 2964 5896 ἐμφορηθείς,
2993 5817 3223 5897 τοιοῖσδε
3245 5821 3376 5896 πρὸς
3394 5820 3578 5900 αύτούς
3602 5820 3876 5896 ἐχρήσατο

2279 5903 2466 5988 λόγους*
2488 5905 2673 5970 Εἴπατε
2706 5911 2790 5980 δή,
2823 5909 2862 5964 ὦ
2884 5913 3009 5987 φίλοι
3041 5911 3238 5984 ἄνδρές,
3366 5912 3601 5984 βασιλεῖ’
3633 5911 3691 5967 ού
3713 5899 3875 5986 βασὶέ

4115 1756 4117 1862 ι
