4156 6370
231 281 240 287 ’
317 301 388 357 65
1367 297 1458 355 AB
1494 293 1823 358 auorum:
1861 293 2195 355 ANONYMO
2235 295 2549 357 SCRIPTA.
3551 306 3626 364 σε

310 419 426 478 λευς
463 413 512 471 εἴ
532 417 694 489 μόνον,
730 414 854 472 ἀλλά
877 415 964 469 καί
989 411 1255 491 ἅνθρωπος
1275 427 1290 445 ⁸
1318 419 1389 485 μή
1413 416 1580 470 τοίνυν
1605 416 1735 492 πρὸς
1761 415 1914 486 μόνην

2023 411 2152 480 lttm,
2213 429 2400 469 verttm
2459 413 2622 471 etiam
2679 413 2842 472 homo
2893 416 3115 475 exsistis
3146 435 3160 474 :
3196 433 3264 476 ne
3313 419 3476 492 igitur
3529 437 3621 476 so-

313 509 412 584 ὁρα
449 515 539 570 τήν
579 509 867 583 βασιλείαν·
900 506 1027 562 ἀλλά
1067 510 1149 562 καί
1184 511 1274 567 τήν
1314 509 1465 582 φύσιν
1506 509 1660 567 αὐτήν
1679 507 1879 581 λογίζου
1901 523 1914 537 ·

314 601 580 682 ἅνθρωπος
605 605 710 680 Ἱάρ
740 602 836 665 ὧν.
880 602 1114 676 ὁμοφυῶν
1157 601 1478 666 ϐασιλεύεις,
1515 603 1624 659 κατ’
1655 603 1823 658 εἰκόνα
1862 600 1918 656 δὲ

313 703 448 755 θείαν
470 703 552 755 καί
573 697 812 772 ὁμοίωσιν
833 700 1036 760 πάντως
1057 701 1088 758 ἡ
1111 705 1212 754 τῶν
1240 699 1521 775 ἀνθρώπων
1553 695 1918 772 δεδημιούργη-

315 815 404 848 ται
431 793 603 866 φύσις·
638 796 711 864 μή
738 795 900 848 τοίνυν
929 793 1082 864 ὠμῶς
1118 789 1283 853 οὕτως
1317 795 1402 847 καί
1436 793 1654 852 ἀπεινῶς
1681 799 1772 846 τοῦ
1803 792 1917 846 θεοῦ

317 893 407 948 τήν
431 887 595 943 εἰκόνα
614 887 783 943 κέλευε
809 888 1293 961 κατασφάττεσθαι’
1328 887 1628 964 παροξύνεις
1655 887 1756 961 γὰρ
1783 885 1918 941 οῦτω

318 983 406 1037 τὸν
433 979 769 1058 δημιουργόν,
806 986 895 1047 τήν
933 983 1126 1037 ἑκείνου
1159 981 1377 1046 κολάζων
1415 981 1606 1036 εἰκόνα’
1653 980 1917 1038 σκόπησον

318 1079 473 1150 γοῦν,
507 1079 576 1138 ὡς
615 1079 701 1132 καί
740 1079 806 1132 σύ
852 1076 1049 1149 χαλκῆς
1091 1078 1238 1133 ἕνεκα
1287 1074 1648 1151 δυσχεραίνων
1693 1075 1915 1141 εἰκόνος,

319 1175 488 1226 ταῦτα
524 1177 705 1231 ποιεῖς·
733 1167 853 1225 ὅσον
891 1168 946 1225 δὲ
983 1175 1075 1230 τής
1102 1166 1322 1242 ἀψύχου
1349 1167 1576 1244 διαφέρει
1607 1170 1637 1227 ή
1673 1166 1920 1240 ξαψυχος

317 1266 403 1318 καί
431 1266 578 1328 ζῶσα
602 1265 689 1317 καί
713 1261 887 1336 λογική
909 1301 924 1326 ,
950 1259 1093 1321 δῆλον
1122 1260 1293 1317 ἅπασι
1328 1268 1442 1322 τοῖς
1479 1281 1532 1316 τε
1558 1265 1675 1316 νοῦν
1700 1257 1919 1331 ἔχουσιν

318 1353 504 1428 ὁμοίως
527 1357 612 1410 καί
632 1353 890 1415 αἴσθησιν·
922 1357 1054 1430 πρὸς
1078 1353 1132 1410 δέ
1152 1352 1355 1414 τούτοις
1374 1354 1664 1427 λογισάσθω
1690 1359 1914 1408 κακεῖνο³

318 1451 389 1510 ὡς
415 1451 538 1520 ήμῐν
576 1451 668 1520 μίν
699 1447 874 1524 ῥᾴδιον
902 1450 1017 1504 ἀντὶ
1054 1457 1146 1510 τῆς
1175 1448 1360 1509 εἰκόνος
1390 1445 1579 1511 τῆσδε,
1611 1447 1798 1509 πολλὰς
1827 1445 1920 1505 δη·-

316 1550 646 1618 μιουρσγῆσαι-
673 1541 910 1614 χαλκᾶς⁹
956 1543 1093 1613 αὐτῷ
1129 1539 1184 1596 δέ
1212 1547 1484 1617 προφανῶς
1521 1538 1772 1596 ἀδύνατον
1797 1541 1919 1610 μίαν

319 1643 445 1709 γοῦν
471 1644 570 1693 τῶν
594 1638 953 1712 ἀναιρεθέντων
984 1635 1364 1714 δημιουργήσαι
1383 1637 1570 1714 τρίχα.

393 1896 484 1953 59..
522 1894 728 1953 Τούτων
757 1899 1068 1959 ἀκούσαντες
1096 1897 1142 1952 οί
1170 1898 1465 1970 θαυμαστοί
1501 1893 1683 1972 ἄνδρες
1720 1897 1920 1961 ἐκεῖνοι,

321 1986 575 2062 μηνύουσί
597 2011 651 2045 τε
677 1998 751 2062 τῷ
779 1991 988 2063 βασιλεῖ
1011 1991 1076 2046 τά
1115 1991 1386 2063 εἰρημένα,
1419 1992 1502 2045 καί
1530 1994 1619 2050 τήν
1643 1997 1731 2045 τοῦ
1759 1990 1925 2060 θυμοῦ

322 2083 644 2140 κατέσϐεσαν
667 2083 827 2158 φλόγα
847 2103 857 2112 ·
889 2086 958 2144 ὡς
988 2084 1098 2138 ἀντί
1117 2090 1214 2138 τῶν
1244 2083 1462 2138 ἀπειλῶν
1486 2084 1706 2148 ὶκείνων,
1738 2082 1927 2137 ἀπολο-

321 2179 434 2248 γίαν
459 2198 513 2232 τε
537 2179 723 2233 αὐτίκα
739 2176 961 2250 γράψαι,
985 2181 1179 2240 καὶτῆς
1201 2178 1357 2254 ὀργῆς
1378 2182 1468 2237 τήν
1487 2179 1651 2233 αἰτίαν
1676 2175 1920 2236 δηλῶσαι’

322 2272 423 2323 Οὐκ
445 2267 548 2324 ἴδει
570 2272 693 2347 γὰρ,
717 2268 828 2343 ἔφη,
844 2271 969 2342 ἐμοῦ
999 2271 1473 2346 πλημμελήσαντος,
1497 2279 1721 2344 ’γυναῖκα
1746 2269 1927 2332 πάσης

323 2363 569 2436 εὐφημίας
605 2364 913 2430 ἀξιωτάτην,
967 2366 1226 2424 τοσαύτην
1251 2365 1382 2438 μετὰ
1415 2365 1654 2424 τελευτήν
1685 2363 1926 2429 δέξασθαι

323 2458 621 2529 παροινίαν’
650 2456 760 2513 κατ’
795 2459 920 2532 ἰμοῦ
953 2455 1006 2512 δέ
1038 2459 1199 2535 ἐχρῆν
1225 2459 1311 2514 τὸν
1343 2457 1498 2531 θυμὸν
1541 2459 1662 2518 τοὺς
1699 2459 1926 2531 ἀγανακ-

322 2554 540 2612 τοῦντας
583 2548 825 2605 ὁπλίσαι·
871 2552 1164 2624 προσετίθει
1211 2549 1266 2606 δέ
1310 2557 1495 2616 τοῦτο,
1545 2552 1613 2610 ὡς
1658 2549 1801 2605 ἀλύει
1842 2551 1928 2603 καί

324 2643 530 2698 ἀνιᾶταί
553 2664 696 2704 τινας
715 2643 818 2698 ὑπὸ
836 2649 938 2699 τῶν
962 2645 1237 2720 ἀρχόντων
1261 2646 1542 2718 ἀνῃρῆσθαι
1561 2643 1750 2714 μαθὼν.
1777 2641 1926 2698 Οὕτω

325 2735 416 2805 μὲν
452 2728 541 2788 οὖν
575 2732 601 2789 ὁ
639 2734 971 2811 φιλόχριστος
1014 2733 1286 2809 βασιλεῦς,
1333 2736 1416 2789 καὶ
1444 2739 1660 2790 τοιαῦτα
1696 2733 1798 2788 ύπό
1835 2737 1924 2786 τοῦ

323 2829 626 2899 θαυμαστοῦ
650 2828 958 2905 ’Λμϐροσίου
997 2827 1344 2893 πεπαίδευτο,
1391 2831 1475 2884 καί
1511 2830 1771 2888 τοσαύτης
1801 2825 1927 2902 παρ’

326 2925 486 2979 αὐτοῦ
513 2933 608 2986 τῆς
628 2925 879 3003 χάριτος,
910 2927 996 2982 καί
1021 2933 1114 2988 τῆς
1154 2932 1498 2997 πνευματικῆς
1527 2924 1766 2998 ὠφελείας
1800 2923 1925 2979 ἀκέο

323 3008 532 3064 λαυσεν.

395 3298 557 3356 53.'0
573 3298 626 3356 ὂί
651 3301 782 3362 θεῖος
811 3296 964 3362 οὗτος
989 3297 1316 3374 Ἀμϐρόσιος·
1348 3296 1401 3355 όν
1424 3297 1621 3376 εζοηται
1638 3301 1846 3377 τρόπον,
1870 3303 1920 3356 ἐν

325 3399 388 3469 τῇ
401 3399 493 3448 τοῦ
502 3399 727 3471 Χριστοῦ
740 3390 976 3465 ἐκκλησίᾳ
997 3394 1046 3448 ἓν
1058 3391 1343 3469 ὀρθοδόξοις
1364 3390 1584 3464 δόγμασι
1605 3391 1918 3466 διαλάμψαγ

324 3487 551 3552 ζηλωτής
578 3507 633 3542 τε
663 3488 746 3541 καί
771 3485 1085 3562 ύπέρμαχος
1120 3493 1212 3547 τῆς
1249 3486 1481 3547 ἀληθείας
1505 3486 1769 3560 γενόμενος
1789 3529 1802 3553 ,
1838 3490 1924 3544 καί

323 3575 734 3651 ἐποικοδομήσας
761 3575 848 3633 ἐπί
875 3586 948 3650 τῷ
978 3579 1188 3650 θεμελίῳ
1225 3586 1325 3635 τῶν
1350 3576 1650 3635 ἀποστόλων
1677 3585 1765 3636 καί
1793 3603 1920 3658 προ-

321 3680 519 3746 φητῶν
549 3672 730 3745 λόγους
767 3679 822 3726 τὲ
856 3669 1146 3747 ὀρθοδοξίας
1182 3675 1263 3726 καί
1289 3670 1615 3735 διδασκαλίας
1643 3675 1918 3748 ἐκθέμενος,

321 3771 408 3820 καί
447 3770 624 3823 πᾶσαν
669 3765 774 3821 ὑπὸ
811 3765 1007 3842 Ἀρείου
1045 3767 1128 3820 καί
1162 3765 1538 3844 ’Δπολιναρείου
1577 3768 1922 3824 καινισθεῖσαν

321 3863 523 3937 αἰρεσιν
549 3861 838 3923 ἀπελάσαν
869 3864 1043 3917 πάντα
1070 3882 1126 3916 τε
1147 3862 1214 3918 τά
1233 3869 1326 3922 τῆς
1355 3862 1517 3916 αὐτοῦ
1544 3862 1808 3924 ἐκκλησίας
1837 3885 1923 3918 κα·-

319 3952 420 4015 λῶς
455 3951 781 4026 διαθέμενος,
814 3955 901 4009 καί
924 3957 996 4015 εἰς
1031 3953 1159 4028 βαθύ
1186 3961 1350 4030 γῆρας
1389 3953 1608 4022 ἐλάσας,
1639 3955 1834 4031 πλήρης
1866 3975 1920 4011 τε

321 4048 523 4123 ήμερῶν
561 4047 852 4121 γενόμενος,
900 4048 1230 4102 ἀνεπαύσατο
1276 4048 1324 4100 ἐν
1366 4047 1562 4123 εἰρήνη,
1601 4050 1758 4109 τεθεὶς
1785 4049 1832 4101 ἐν
1859 4057 1921 4120 τῇ

320 4139 562 4215 ἐκκλησίᾳ
589 4137 916 4207 Μεδιολάνων,
942 4143 1139 4212 μνήμην
1165 4139 1320 4199 ἀληθῆ
1341 4139 1425 4195 τόν
1451 4141 1606 4195 αὐτοῦ
1633 4140 1744 4212 βίον
1763 4163 1920 4196 κατα-

319 4233 480 4289 λιπὼν
519 4235 701 4290 καίτά
735 4237 1132 4311 κατορθώματα’
1175 4229 1243 4287 ὧν
1277 4233 1507 4300 ζηλωτὰς
1551 4237 1634 4290 καί
1677 4237 1812 4307 ἡμᾶς
1839 4257 1924 4308 γε·

317 4327 494 4382 νὲσθαι
521 4327 853 4392 καταξιώσειε
873 4369 887 4394 ,
928 4331 1015 4383 καί
1041 4334 1142 4384 τῶν
1178 4327 1342 4384 αὐτῶν
1383 4327 1610 4400 ἀμοιϐῶν
1641 4325 1806 4401 ἐκείνῳ
1840 4333 1925 4386 καί

317 4428 422 4477 τῶν
458 4421 716 4493 στεφάνων
749 4417 1048 4494 ἐπιτυχεῖν⁹
1104 4422 1289 4499 χάριτι
1329 4425 1416 4478 καί
1459 4423 1805 4501 φιλανθρωπίᾳ
1830 4430 1921 4481 τοῦ

317 4518 507 4593 Κυρίου
539 4517 680 4587 ἡμῶν
697 4515 865 4574 Ἰησοῦ
895 4523 1144 4595 Χριστοῦ⁶
1171 4514 1212 4592 ᾧ
1236 4519 1266 4577 ἡ
1295 4514 1418 4584 δόξα
1445 4521 1532 4574 καί
1559 4519 1618 4576 τό
1644 4518 1832 4596 κράτος
1852 4521 1924 4582 εἰς

317 4611 445 4671 τοὺς
473 4610 659 4672 αἰώνας
687 4616 788 4667 τῶν
818 4611 1034 4678 αἰώνων,
1067 4612 1223 4682 ἀμήν.

2025 503 2134 558 lum
2165 504 2473 574 imperium,
2504 505 2599 562 sed
2630 505 2800 578 ipsam
2830 524 3044 580 quoque
3081 518 3327 566 naturam
3371 512 3621 569 conside-

2023 613 2147 664 res;
2176 614 2298 654 cum
2327 600 2470 655 enim
2509 600 2670 656 homo
2702 603 2800 669 sis,
2840 603 3082 674 ejusdem
3115 615 3322 660 natura:
3352 607 3622 662 consorti-

2023 691 2124 745 bus
2153 691 2415 763 imperas.
2462 692 2702 750 Humana
2735 710 2900 764 porro
2926 706 3116 752 natura
3148 697 3214 752 ad
3238 697 3524 770 imaginem
3551 715 3617 758 ac

2021 783 2430 841 similitudinem
2462 786 2703 842 divinam
2742 787 2965 844 omnino
2991 789 3169 846 efﬁcta
3197 799 3313 856 est;
3356 793 3615 864 quocirca

2022 876 2133 931 noli
2175 885 2281 932 tam
2313 879 2610 934 crudeliter
2646 889 2808 952 atque
2851 883 3156 940 immaniter
3199 883 3488 956 imaginem
3524 887 3617 942 Dei

2015 970 2366 1042 jugulandam
2417 976 2746 1046 prmcipere;
2794 976 2871 1032 sic
2900 980 3043 1032 enim
3092 977 3159 1033 ad
3201 978 3334 1034 iram
3379 981 3620 1036 concitas

2021 1064 2284 1122 artiﬁcem
2306 1107 2321 1132 ,
2369 1065 2494 1122 dum
2528 1068 2578 1122 in
2610 1068 2729 1136 ejus
2757 1066 2993 1139 efﬁgiem
3024 1070 3430 1127 animadvertis.
3487 1071 3617 1128 Per-

2022 1158 2198 1228 pende
2225 1159 2388 1230 igitur
2412 1159 2868 1230 quemadmodum
2902 1170 2956 1216 tu
2987 1160 3104 1232 ipse
3148 1173 3366 1233 propter
3394 1165 3620 1236 figuram

2021 1265 2218 1306 aeream
2246 1251 2484 1321 graviter
2512 1263 2814 1310 commotus
2841 1256 2940 1310 ista
2970 1255 3242 1327 designas.
3283 1257 3496 1326 Quanto
3521 1275 3621 1314 auo

2025 1353 2130 1399 tem
2149 1344 2326 1417 imago
2339 1346 2574 1416 spirans,
2595 1356 2649 1402 et
2663 1348 2780 1402 viva
2795 1357 2848 1403 et
2865 1349 3143 1405 rationalis
3157 1351 3333 1421 potior
3347 1362 3448 1419 est,
3463 1367 3624 1421 quam

2029 1435 2288 1504 inanima,
2314 1439 2650 1508 perspicuum
2673 1443 3046 1509 estomnibns,
3070 1445 3158 1513 qui
3189 1443 3403 1513 quidem
3423 1454 3623 1514 mente,
3647 1464 3650 1466 ν

2021 1545 2086 1586 ac
2108 1547 2270 1587 sensu
2293 1532 2402 1587 sint
2424 1533 2654 1602 pra‘diti.
2682 1535 2947 1592 Prmterea
2973 1548 3028 1593 et
3050 1537 3153 1594 hoc
3173 1555 3356 1594 secum
3382 1547 3620 1611 reputet,

2029 1623 2188 1678 nobis
2216 1627 2404 1696 utique
2429 1627 2736 1696 expeditum
2761 1645 2881 1686 esse
2903 1645 3003 1701 pro
3030 1631 3324 1688 statnaista
3343 1634 3520 1703 plures
3549 1650 3628 1690 at-

2023 1733 2146 1774 reas
2164 1719 2296 1774 alias
2313 1720 2552 1778 conflare
2571 1742 2583 1776 :
2602 1723 2674 1778 illi
2688 1727 3006 1781 econtrario
3020 1743 3241 1796 prorsus
3270 1729 3628 1799 impossibile,

1950 1811 1999 1872 B
2025 1825 2236 1875 eorum,
2261 1813 2350 1882 qui
2380 1816 2556 1869 necati
2587 1826 2736 1884 sunt,
2760 1818 2844 1873 vel
2871 1835 3036 1875 unum
3064 1822 3269 1878 crinem
3297 1823 3620 1892 procudere.

2100 1901 2192 1957 32.
2237 1903 2329 1958 llis
2350 1905 2570 1972 auditis,
2602 1909 2948 1966 admirabiles
2977 1911 3053 1966 illi
3081 1915 3179 1969 viri
3209 1931 3328 1984 quae
3349 1915 3493 1971 dicta
3518 1915 3635 1972 fue-

2029 2004 2173 2059 rant,
2225 1994 2533 2066 significant
2571 1995 2887 2067 imperatori
2928 2013 2982 2058 et
3023 2004 3314 2062 iracundia:
3355 2008 3632 2063 flammam

2029 2089 2415 2157 exstinguunt;
2441 2089 2513 2144 ita
2539 2099 2597 2145 ut
2627 2092 2897 2149 minarum
2929 2096 3154 2151 istarum
3190 2099 3309 2155 loco
3335 2115 3495 2171 quam
3527 2099 3637 2170 pri-

2028 2195 2174 2233 mum
2202 2182 2282 2234 stti
2312 2184 2578 2240 scriberet
2607 2188 3036 2256 excusationem,
3067 2200 3122 2247 et
3153 2191 3244 2248 ira:
3268 2209 3381 2249 sua:
3409 2210 3630 2252 causam

2029 2282 2328 2342 exponeret
2358 2291 2371 2330 :
2399 2273 2512 2330 Non
2551 2276 2967 2348 decebatenim,
3009 2281 3312 2351 inquiebat,
3343 2301 3431 2341 me
3457 2287 3634 2343 delin-

2028 2375 2249 2436 quente,
2282 2383 2506 2424 uxorem
2539 2385 2714 2426 meam
2760 2373 3144 2442 prmdicatione
3171 2379 3316 2432 omni
3350 2379 3511 2450 longe
3540 2380 3628 2435 di-

2028 2460 2342 2529 gnissimam
2385 2470 2594 2519 tantum
2636 2467 2981 2524 contumelia:
3025 2481 3143 2538 post
3189 2481 3422 2544 mortem
3469 2474 3639 2530 susti-

2030 2566 2159 2608 nere
2193 2570 2206 2606 :
2241 2555 2334 2608 sed
2368 2569 2464 2610 eos
2493 2557 2583 2626 qui
2629 2560 2814 2614 animo
2857 2576 2956 2615 suo
2987 2561 3457 2634 obtemperarunt,
3500 2581 3633 2623 con-

2032 2651 2110 2698 tra
2162 2660 2247 2699 me
2297 2649 2586 2714 oportebat
2637 2649 2973 2708 iracundiam
3029 2670 3247 2712 armare
3300 2674 3475 2713 suam.
3539 2659 3636 2717 llis

2032 2747 2295 2807 prmterea
2341 2742 2624 2810 subiunxit
2653 2744 2824 2813 illud,
2857 2747 2982 2818 angi
3013 2763 3073 2805 se
3115 2749 3281 2806 animi
3327 2761 3489 2824 atque
3537 2753 3638 2811 do-

2031 2829 2144 2886 lere
2192 2831 2334 2901 quod
2391 2835 2735 2904 cognovisset
2785 2852 2815 2892 a
2873 2839 3142 2908 praefectis
3187 2852 3364 2900 morte
3410 2844 3636 2902 affectos

2029 2923 2294 2992 quosdam
2338 2924 2526 2982 fuisse.
2565 2926 2679 2984 [loc
2710 2927 2891 3000 itaque
2921 2932 3082 2988 modo
3107 2933 3401 3011 imperator
3429 2935 3636 2994 Christi

2031 3015 2244 3071 amicus
2263 3059 2277 3084 ,
2325 3017 2628 3090 talibusque
2658 3024 2942 3092 praeceptis
2968 3025 3035 3080 ab
3063 3025 3371 3084 admirabili
3400 3029 3633 3085 Ambro-

2031 3107 2114 3162 sio
2143 3107 2319 3163 fuerat
2341 3109 2636 3179 institutus,
2673 3122 2985 3186 tantamque
3014 3118 3241 3187 gratiam
3283 3134 3346 3177 ac
3375 3120 3636 3192 spiritua-

1963 3211 2010 3276 ρ
2043 3199 2145 3254 lem
2181 3202 2468 3257 utilitatem
2500 3204 2569 3258 ab
2595 3221 2660 3261 eo
2689 3219 3026 3278 perceperat.

2097 3295 2190 3350 53.
2232 3295 2457 3353 Divinus
2506 3307 2684 3355 autem
2737 3301 2825 3356 hic
2871 3305 3189 3360 Ambrosius
3244 3306 3295 3361 in
3353 3307 3630 3379 Ecclesia,

2025 3387 2479 3457 quemadmodum
2509 3391 2711 3447 dictum
2743 3404 2850 3461 est,
2879 3395 3200 3453 orthodoxis
3226 3397 3494 3471 dogmatis
3519 3402 3627 3459 ful-

2024 3493 2179 3549 gens,
2223 3482 2614 3555 mmnlatorque
2647 3486 2893 3544 veritatis
2939 3490 3113 3546 factus
3154 3500 3210 3546 et
3239 3505 3631 3567 prapttgnator,

2026 3587 2150 3628 cum
2201 3589 2364 3646 super
2410 3577 2814 3636 fundamentum
2846 3585 3215 3654 apostolorutn
3245 3601 3310 3643 ac
3342 3593 3633 3661 preplteta-

2027 3683 2145 3722 rum
2193 3669 2540 3738 aediﬁcasset,
2588 3689 2690 3730 nec
2721 3691 2826 3730 non
2870 3690 3034 3734 recta:
3074 3679 3337 3737 doctrina:
3366 3698 3432 3739 ac
3469 3684 3636 3742 disci-

2027 3761 2190 3832 plina:
2217 3765 2382 3821 Verba
2424 3769 2790 3839 exposuisset,
2842 3771 3021 3844 fugata
3050 3775 3291 3845 qualibet
3328 3777 3521 3835 bmresi
3563 3781 3633 3838 ab

2025 3855 2159 3913 Ario
2199 3869 2361 3932 atque
2407 3862 2750 3932 Apollinario
2780 3880 2975 3923 recens
3018 3869 3250 3938 invecta,
3299 3882 3354 3928 et
3386 3873 3630 3932 Ecclesia

2024 3964 2124 4006 sua
2162 3951 2216 4006 in
2262 3954 2515 4010 omnibus
2565 3958 2771 4028 Optime
2825 3962 3142 4028 constituta,
3198 3963 3250 4018 in
3303 3964 3626 4034 profundam

2027 4057 2345 4115 progressus
2385 4057 2743 4116 senectutem,
2792 4067 2856 4108 ac
2899 4053 3109 4110 dierum
3145 4056 3360 4126 plenus,
3392 4061 3445 4114 in
3489 4077 3622 4132 pace

2026 4139 2314 4208 requievit.
2358 4139 2680 4199 Tumulatus
2717 4154 2803 4201 est
2839 4147 2892 4202 in
2933 4147 3178 4206 Ecclesia
3211 4151 3626 4226 Mcdiolanensi,

2025 4247 2210 4288 veram
2251 4235 2572 4292 memoriam
2615 4239 2698 4294 sui
2727 4241 3061 4313 relinquens,
3117 4249 3391 4318 propriam
3438 4251 3626 4323 utique

2025 4325 2190 4382 vitam
2222 4339 2278 4385 et
2317 4339 2467 4387 recte
2497 4331 2632 4387 facta
2674 4349 2687 4386 :
2723 4351 2956 4405 quorum
2991 4349 3049 4394 ut
3087 4354 3185 4396 nos
3219 4357 3454 4413 quoque,
3493 4361 3627 4402 eva-

2025 4420 2218 4478 damus
2248 4423 2572 4492 imitatores,
2603 4427 2903 4501 eademque
2931 4447 3052 4487 cum
3086 4431 3180 4489 illo
3211 4437 3431 4506 praemia
3461 4447 3626 4510 atque

2027 4528 2257 4572 coronas
2293 4516 2662 4588 obtineamus,
2703 4521 2818 4591 ipse
2848 4522 3126 4595 dignetur,
3163 4527 3336 4598 gratia
3379 4539 3436 4588 et
3478 4532 3604 4590 beni

1956 4618 2010 4680 ι)
2035 4609 2242 4679 gnitate
2273 4609 2492 4667 Domini
2520 4615 2694 4670 nostri
2724 4614 2854 4672 Jesu
2879 4615 3102 4686 Cbrisﬁ,
3125 4621 3213 4676 cui
3241 4621 3416 4682 honor
3443 4634 3528 4684 est
3551 4635 3635 4685 at-

2029 4721 2135 4776 que
2162 4714 2404 4777 potestas
2430 4707 2485 4763 in
2515 4709 2714 4766 saecula
2744 4712 3093 4784 saeculorum,
3121 4730 3302 4774 amen.
3364 4786 3375 4798 ⁸

311 4885 3617 4927 ῳ⁸³-¹¹³⁵.³---¹³⁵’-³--¹³--³---⁸---“³¹¹---¹-¹“¹-““-----·ι------“

899 5050 1332 5182 VITA
1423 5046 2082 5182 SANCTI
2173 5048 3064 5188 AMBROSII

553 5281 1203 5349 MEDIOLANENSIS
1245 5279 1603 5344 EPISCOPI
1646 5279 1764 5341 EX
1807 5276 1992 5341 EJUS
2034 5277 2529 5342 POTISSIMUM
2561 5238 2909 5346 SCRIPTIS
2951 5283 3396 5365 COLLECTA,

1091 5457 1181 5516 ET
1219 5453 1594 5516 SECUNDUM
1633 5451 2144 5512 CHRONOLOGl/E
2182 5451 2498 5510 0RDlNEM
2536 5450 2858 5513 DIGESTA.

1460 5620 2382 5665 ——-—=aO==—-——

311 5781 318 5784 ’
392 5788 446 5844 1.
471 5786 643 5845 Tanta
665 5799 847 5845 rerum
869 5791 1146 5857 gestarum
1161 5781 1554 5858 magnitudine,
1574 5781 1841 5840 doctrinae
1865 5795 1930 5838 ac

321 5883 593 5944 librorum
615 5884 884 5945 editorum
907 5878 1252 5950 celebritate,
1283 5879 1587 5939 sanctitatis
1609 5877 1845 5952 denique
1870 5883 1928 5936 et

2039 5781 2299 5838 virtutum
2329 5779 2721 5853 episcOpalium
2753 5777 2911 5836 laude
2932 5778 3130 5858 claruit
3153 5792 3374 5842 sanctus
3400 5783 3631 5845 Ambro-

2031 5874 2177 5944 sius;
2210 5883 2270 5931 ut
2295 5873 2465 5932 instar
2485 5872 2764 5946 cujusdam
2793 5881 2938 5932 esset
2959 5873 3234 5950 miraculi,
3261 5878 3306 5936 si
3330 5877 3630 5939 defuissent
