4102 6360
533 265 600 320 61
1785 237 1950 308 vri'A
1989 243 2238 306 SANC'i'l
2277 243 2604 304 AllBROSii
3893 245 3964 298 es

531 381 732 436 eruditi
783 377 1054 440 homines,
1097 389 1126 429 a
1157 373 1352 446 quibus
1393 373 1508 442 ejus
1555 369 1782 425 historia
1827 368 2131 422 litterarum
2161 368 2216 428 Α
2241 373 2474 432 tempus.
2505 361 2600 436 qui
2627 359 2918 418 Ambmsio
2943 375 3062 418 utv
3093 361 3218 417 vita:
3245 375 3415 418 annos
3447 363 3822 428 tribuunt,
3857 379 3962 416 an—

531 477 905 530 monumentis
935 471 1386 526 Committerelur.
1437 464 1778 519 Exstiterunt
1809 461 1990 529 itaque
2023 475 2128 512 non
2239 473 2364 513 num
2389 457 2498 514 533
2523 457 2574 512 ei
2603 455 2836 512 natalem
2881 470 3004 512 esse
3041 456 3312 510 allii-mani
3343 476 3354 510 :
3387 457 3490 528 qui
3563 465 3814 512 autem
3851 472 3960 511 ιιι-
4063 453 4065 530 ξ

533 565 690 636 pauci
719 573 830 617 ttnu
861 561 1033 618 δι’ωοί
1067 567 1178 614 tum
1213 557 1410 622 Latini,
1456 557 1544 626 qui
1577 555 1716 608 hanc
1759 553 1932 622 ipsam
1963 550 2136 618 Spar-
2239 557 2450 606 tumant
2475 551 2648 620 ipsum
2672 564 2780 604 non
2805 547 2942 604 ultra
2965 565 3164 604 annum
3181 565 3290 604 LVII
3313 549 3484 606 vitam
3511 549 3956 620 produxisse,

533 668 644 714 tam
667 655 964 711 ornandam
995 661 1370 723 susceperunt,
1403 651 1456 704 in
1483 649 1684 720 quibus
1705 645 1952 701 ordinem
1983 643 2138 698 ducit
2239 652 2415 700 ortum
2443 643 2684 712 ejusdem
2731 655 2835 698 non
2867 643 3162 712 contigisse
3191 641 3293 698 nisi
3321 659 3462 697 anno
3519 641 3707 708 540,
3769 643 3958 714 plane

537 749 796 806 Paulinus
825 745 998 802 sancti
1043 744 1314 800 Antistitis
1353 743 1606 797 notarius
1647 750 1808 811 atque
1851 737 2131 800 diaconus,
2239 736 2594 792 contendunt.
2649 733 2878 808 Utrique
2927 737 3116 792 harum
3155 738 3466 806 opinionum
3523 737 3716 792 illud
3771 753 3950 794 cont-

533 843 689 914 cujus
720 843 878 897 iidem
926 855 990 896 ac
1025 839 1365 910 diligentiam
1399 839 1452 890 in
1481 833 1707 890 dubium
1751 845 2010 888 revocare
2041 843 2140 884 ne-
2241 847 2404 888 ntttne
2431 843 2534 898 est,
2569 831 2710 904 quod
2753 847 2898 886 anno
2927 831 3062 896 597,
3113 833 3196 890 vel
3237 833 3379 902 598,
3417 833 3668 890 Volunt.
3709 849 3752 891 e
3795 835 3948 890 vivis

531 951 800 1008 quaquam
847 935 994 989 licet.
1045 932 1240 988 Verum
1291 941 1470 986 tamen
1511 927 1646 983 iilttd
1680 929 1731 982 in
1765 943 1830 981 eo
1861 923 2138 980 desidera—
2239 927 2546 984 excessisse
2585 935 2830 982 sanctum
2867 927 3176 984 Antistitem
3221 945 3236 984 :
3271 929 3432 982 totius
3475 937 3724 986 autem
3775 927 3944 984 dil’ii-

531 1037 640 1096 tur,
663 1028 805 1101 quod
836 1027 1114 1082 visullam
1144 1027 1194 1079 in
1219 1023 1382 1078 rebus
1411 1020 1732 1076 enarrandis
1759 1018 2136 1088 cltronologite
2241 1025 2459 1079 cultatis
2503 1021 2670 1078 cardo
2717 1023 2860 1078 circa
2915 1039 3196 1078 numerum
3249 1037 3526 1080 annorum
3597 1041 3784 1094 quos
3845 1025 3942 1080 ille

531 1121 720 1178 habuit
763 1129 1026 1176 rationem
1055 1159 1070 1186 ,
1131 1127 1188 1172 et
1245 1117 1448 1170 nullum
1505 1116 1836 1185 scriptorum
1885 1111 2138 1166 Doctoris
2243 1117 2411 1183 vixit,
2463 1115 2516 1172 in
2560 1115 2664 1172 hoc
2693 1117 2945 1182 vertitur,
2995 1115 3140 1187 quod
3183 1133 3305 1172 ctnn
3339 1117 3420 1172 vir
3461 1127 3758 1174 sanctus
3805 1119 3933 1190 epi-

529 1213 703 1271 nostri
728 1215 1037 1282 catamitum
1066 1211 1274 1266 curavit
1292 1221 1612 1274 contexere,
1648 1206 1790 1278 quod
1814 1221 1921 1260 non
1951 1201 2140 1258 omisit
2241 1211 2380 1268 stola
2431 1225 2539 1276 ιιι,
2587 1226 2708 1282 quae
2736 1210 2804 1266 ad
2849 1207 3114 1268 Severum
3165 1211 3434 1268 de5tinata
3483 1222 3622 1278 est,
3697 1227 3936 1268 annum

529 1311 584 1366 ltt
629 1309 915 1378 Augustini
963 1309 1073 1362 vita
1113 1306 1410 1361 Possidius.
1460 1303 1656 1358 Vitium
1699 1301 1830 1357 illud
1875 1311 2133 1370 reparare
2243 1317 2406 1374 agere
2429 1317 2488 1358 se
2539 1318 2632 1358 un
2667 1303 3009 1370 testificetur,
3043 1305 3154 1360 illic
3179 1305 3340 1360 etiam
3375 1303 3494 1362 ltzec
3523 1307 3746 1362 verba
3783 1308 3932 1364 scri-

527 1401 928 1464 erudttissimus
959 1399 1250 1454 cardinalis
1275 1399 1541 1452 Baronius
1586 1395 1968 1456 constituerat,
2013 1407 2137 1447 cum
2245 1395 2334 1452 bat
2365 1395 2384 1468 (
2413 1393 2578 1464 Epist.
2613 1395 2704 1462 59,
2739 1413 2880 1451 num.
2913 1397 2972 1468 5)
3007 1415 3022 1452 :
3053 1395 3166 1452 Nos
3191 1407 3384 1462 autem,
3433 1399 3672 1470 inquit,
3717 1401 3930 1474 objecti

531 1511 652 1552 eam
681 1493 956 1552 Ambrosii
989 1493 1168 1549 Vitam
1211 1492 1583 1558 elucubravit,
1633 1507 1752 1560 qua:
1795 1490 1846 1544 itt
1893 1487 2142 1542 Romana
2245 1489 2524 1544 barbaricis
2565 1491 2802 1558 motibus,
2853 1499 2904 1546 et
2953 1489 3206 1546 bellorum
3243 1491 3518 1564 procellis,
3591 1493 3666 1548 in
3731 1493 3922 1550 medio

532 1591 1013 1648 Anthrnsianorum
1065 1605 1290 1662 Operum
1345 1591 1584 1647 editione
1645 1589 1751 1646 illis
1817 1589 2097 1660 praemissa
2123 1629 2139 1656 ,
2245 1599 2512 1638 versamur
2541 1585 2769 1637 omnium
2799 1583 3175 1638 molestiarum.
3203 1583 3360 1638 Enim
3389 1599 3518 1644 vero
3549 1587 3672 1656 qui
3717 1585 3920 1641 locttm

537 1683 880 1756 postmodum
917 1699 1040 1739 cum
1087 1683 1278 1739 iisdem
1319 1685 1481 1738 toties
1519 1699 1708 1740 recusa
1752 1683 1870 1738 fuit.
1914 1685 1984 1736 At
2011 1695 2140 1736 vero
2254 1677 2404 1732 illuttt
2433 1693 2556 1732 cum
2589 1679 2819 1734 Barouio
2843 1679 2910 1734 dc
2943 1679 3086 1734 bello
3129 1679 3393 1735 adversus
3435 1679 3788 1736 Maximum
3833 1693 3914 1751 ty-

537 1775 629 1832 ltie
659 1777 792 1831 tanti
819 1776 917 1831 viri
947 1776 1101 1831 labor
1127 1791 1296 1848 usque
1329 1777 1468 1831 adeo
1495 1791 1601 1830 non
1631 1773 1752 1830 tulit
1777 1775 2017 1828 omnium
2048 1787 2141 1844 ap-
2173 1767 2222 1828 Β
2251 1789 2482 1828 ranuutn
2511 1782 2664 1842 gesto
2697 1773 3155 1842 interpretantur,
3189 1773 3540 1830 Ambrosium
3577 1773 3742 1829 inde
3789 1775 3912 1830 coi-

537 1869 941 1939 probationcm,
987 1879 1052 1926 ut
1096 1873 1314 1941 proprio
1361 1872 1570 1926 auctori
1629 1885 1734 1925 non
1784 1867 2137 1932 satisfecerit;
2247 1864 2422 1936 ligunt
2464 1865 2778 1932 pervenisse
2817 1863 2884 1920 ad
2911 1879 3111 1922 annum
3142 1865 3266 1920 vita:
3297 1881 3400 1936 Ltv,
3433 1883 3498 1921 eo
3529 1867 3714 1936 quod
3751 1882 3906 1924 anno

533 1965 736 2036 quippe
767 1964 860 2036 qui
895 1975 1011 2036 post
1055 1981 1228 2020 annos
1277 1967 1514 2037 aliquot,
1547 1981 1669 2020 cum
1707 1965 1759 2018 in
1799 1963 2002 2034 ingenti
2040 1977 2141 2016 suo
2247 1955 2352 2013 387
2411 1955 2550 2012 itiem
2593 1956 2696 2012 hoc
2725 1956 2928 2012 bellum
2967 1957 3328 2028 trepidatione
3355 1973 3418 2014 ac
3459 1969 3708 2018 terrore
3747 1976 3904 2016 eom-

535 2053 829 2114 Annaltum
895 2058 1399 2114 Ecclesiastietnum
1450 2073 1616 2129 opere
1663 2057 1976 2118 desudaret,
2021 2069 2145 2125 pro—
2249 2050 2480 2122 picverit
2521 2067 2738 2106 onmem
2791 2051 3020 2122 italiam,
3063 2063 3286 2108 sanctus
3316 2070 3446 2110 vero
3487 2055 3736 2112 Pra-sul
3787 2072 3896 2112 non

537 2150 876 2208 nuntiaverit
901 2151 970 2208 de
995 2150 1186 2209 eadem
1237 2151 1354 2207 Vita
1381 2151 1398 2222 (
1427 2153 1506 2205 Ad
1535 2169 1658 2204 ann.
1693 2149 1822 2219 397)
1849 2167 1862 2204 :
1889 2149 2054 2216 Quam
2077 2147 2146 2202 ad
2247 2157 2374 2200 ante
2403 2161 2602 2201 annum
2645 2145 2750 2202 597
2793 2147 2902 2202 l'ato
2940 2147 3152 2208 iunctus
3193 2149 3282 2208 sit.
3323 2149 3426 2218 Qui
3465 2161 3676 2208 autem
3719 2154 3894 2208 citata

543 2246 745 2315 scripta
769 2245 833 2298 de
855 2244 1036 2300 eodem
1069 2248 1088 2316 (
1119 2244 1407 2300 Ambrosio
1445 2243 1648 2298 scilicet
1680 2243 1699 2314 )
1745 2243 1802 2296 in
1833 2241 2142 2309 Annalibus,
2247 2237 2410 2292 verba
2441 2237 2509 2294 de
2553 2241 2694 2296 bello
2737 2241 3086 2312 Eugeniano,
3127 2241 3268 2314 quod
3302 2259 3445 2300 anno
3487 2245 3606 2302 393
3645 2247 3746 2304 vel
3783 2244 3888 2302 594

535 2353 652 2392 cum
681 2339 938 2394 diversum
967 2340 1020 2392 in
1059 2355 1120 2392 ea
1153 2337 1378 2391 invenies
1403 2337 1424 2409 (
1445 2335 1584 2403 quod
1621 2337 1924 2406 posteriores
1949 2335 2144 2410 cogita-

536 2431 700 2486 tiones
723 2433 958 2486 meliores
987 2447 1094 2485 esse
1119 2431 1314 2484 soleant
1347 2427 1822 2500 )conformandam
1861 2429 2140 2502 intelliges.

535 2523 800 2592 Quocirca
847 2533 1208 2594 praaterquam
1251 2521 1396 2592 quod
1433 2521 1622 2577 eadem
1659 2521 1775 2576 Vita
1808 2521 2146 2592 longiuscula

535 2631 615 2672 es:
639 2632 653 2678 ;
685 2615 834 2670 illam
867 2615 1034 2686 praelo
1061 2615 1332 2684 subjicere
1360 2617 1480 2672 sine
1505 2615 1938 2670 correctioniims
1971 2623 2148 2670 muta-

539 2707 886 2779 tionibusque
917 2708 1231 2778 neutiquam
1261 2723 1570 2779 possemus,
1606 2707 1749 2778 quod
1783 2708 2056 2764 noluimus
2087 2709 2141 2763 in

539 2815 706 2871 opere
734 2801 912 2856 alieno
941 2801 1101 2856 nobis
1133 2801 1321 2858 licere.

611 2894 667 2948 2.
715 2894 1062 2950 lict-mannos
1089 2893 1424 2951 Sorbonicus
1463 2895 1657 2952 doctor
1699 2907 1821 2968 post
1855 2897 2144 2954 Baronium

539 3004 736 3043 novam
761 2989 1035 3045 Ambrosii
1057 2989 1234 3070 Vitam
1256 2991 1547 3063 evulgavit,
1569 3007 1730 3062 quam
1757 2991 1975 3064 quidem
2003 3001 2147 3048 tanta

539 3081 856 3153 dignatione
896 3099 1088 3140 omnes
1126 3095 1486 3154 exceperunt,
1537 3098 1792 3158 quantam
1836 3087 2147 3143 merebatur

2249 2341 2520 2404 patratum
2571 2343 2673 2401 est,
2731 2335 3075 2408 intelligenda
3130 2351 3254 2396 esse
3301 2337 3650 2406 defendunt,
3711 2341 3886 2398 iidem

2249 2425 2594 2480 Ambrosium
2623 2443 2794 2483 annos
2823 2443 3009 2484 natum
3043 2445 3148 2486 Lvtt
3203 2441 3436 2486 mortem
3474 2434 3706 2492 obiis$e
3733 2433 3884 2488 nullo

2249 2519 2412 2575 modo
2455 2521 2752 2592 ambigunt.
2807 2523 3064 2580 Fatemur
3099 2525 3316 2598 quidem
3365 2527 3416 2580 in
3467 2527 3572 2583 hac
3619 2527 3878 2584 secunda

2249 2613 2506 2684 opinione
2547 2615 2808 2686 majorem
2849 2617 3138 2686 quamdam
3179 2619 3422 2674 veritatis
3457 2621 3718 2692 speciem
3761 2622 3876 2678 eiu-

2249 2723 2376 2763 ccre
2407 2724 2420 2760 :
2453 2707 2548 2766 sed
2593 2709 2644 2764 in
2679 2707 2782 2766 hac
2821 2711 3120 2782 quaestione
3161 2728 3414 2790 magnum
3443 2713 3634 2770 inesse
3681 2729 3870 2786 opera:

2253 2802 2483 2872 pretium
2513 2817 2621 2858 non
2652 2801 2996 2858 arbitnnnnr.
3031 2805 3238 2862 Etenim
3279 2805 3380 2862 hos
3408 2817 3626 2880 septem
3663 2822 3866 2874 annos,

2249 2893 2318 2950 de
2347 2895 2542 2964 quibus
2575 2893 2659 2950 hic
2687 2897 3135 2962 cmitrovertitur,
3174 2897 3238 2951 ad
3271 2895 3433 2952 \itam
3461 2899 3530 2952 ab
3557 2898 3864 2958 Ambrosio

2251 3001 2376 3044 ante
2417 2991 2738 3060 baptismum
2775 2999 2829 3045 et
2857 2991 2908 3045 in
2940 2991 3276 3046 saecularium
3311 3009 3490 3048 rerum
3518 2991 3866 3050 commercio

2251 3093 2494 3138 exactam
2547 3075 2914 3153 pertinere'in
2951 3083 3204 3140 confesso
3244 3097 3328 3141 est
3363 3104 3375 3140 :
3417 3086 3485 3142 de
3513 3091 3684 3143 annis
3733 3099 3860 3142 vero

538 3177 777 3231 auctoris
805 3177 1083 3248 diligentia
1111 3187 1166 3232 et
1186 3178 1442 3233 eruditio.
1483 3177 1680 3234 Verum
1705 3177 1922 3235 etiamsi
1953 3195 2144 3234 verna—
2167 3171 2216 3236 C
2249 3191 2383 3248 quos
2415 3175 2547 3230 vixit
2576 3175 2865 3246 episcopus
2887 3219 2902 3244 ,
2929 3185 3004 3234 'et
3031 3177 3098 3234 ad
3129 3194 3264 3250 quos
3305 3181 3580 3254 prtecipua
3623 3193 3860 3254 qumque

537 3273 662 3326 culo
703 3271 977 3340 idiomate,
1025 3287 1134 3344 quo
1179 3273 1322 3328 edita
1365 3285 1468 3340 est,
1515 3276 1716 3346 scripta
1763 3291 1870 3330 non
1917 3274 2142 3342 inisset;

541 3378 662 3418 cum
695 3379 782 3418 res
811 3363 1170 3419 Ambrosiano
1211 3383 1324 3420 aevo
1349 3377 1402 3420 et
1431 3369 1482 3420 in
1513 3367 1764 3436 imperio,
1790 3381 1842 3421 et
1873 3367 1926 3421 in
1957 3367 2146 3423 Eccle-

543 3457 622 3514 sia
647 3467 830 3526 gestas
853 3458 1268 3526 complet-tatur,
1317 3459 1546 3526 amplior
1573 3473 1704 3514 sane
1729 3471 1814 3514 εει
1853 3459 1995 3514 illius
2025 3475 2146 3514 mo-

545 3553 645 3618 les,
683 3565 843 3623 quam
881 3561 943 3606 ut
983 3551 1154 3622 ipsam
1184 3553 1408 3607 istorum
1451 3552 1790 3608 voluminum
1826 3553 2019 3608 modus
2057 3569 2147 3610 ca-

545 3657 719 3718 peret.

618 3740 670 3794 5.
713 3736 900 3810 itaque
929 3738 1195 3810 optimum
1237 3738 1391 3794 nobis
1423 3737 1554 3794 ilittd
1587 3739 1760 3794 visum
1791 3748 1894 3808 est,
1929 3749 1986 3794 ttt
2007 3738 2147 3795 Vitis

545 3833 782 3902 duabus,
835 3848 1062 3905 quarum
1113 3832 1340 3888 alteram
1384 3832 1552 3888 edidit
1591 3833 1877 3898 Paulinus,
1921 3833 2148 3888 alteram

545 3927 768 3985 Gra'cus
799 3937 988 3984 auctor
1013 3927 1431 3992 consarcinavit,
1467 3928 1782 3998 prtrmissis,
1827 3935 2039 3983 tertiam
2069 3927 2150 3982 in-

544 4035 712 4094 super
748 4023 1188 4094 adjungeremus,
1233 4039 1354 4094 qua:
1391 4022 1457 4078 ad
1499 4022 1940 4094 chronoIOgicam
1983 4023 2150 4079 ratio-

545 4133 672 4172 nem
705 4117 1014 4172 accuratior
1035 4159 1049 4183 ,
1077 4117 1349 4172 delectum
1391 4119 1674 4188 suppleret
1704 4118 1917 4173 illarum
1948 4119 2150 4172 utriuso

545 4225 669 4279 que.
705 4209 903 4277 Ipsam,
954 4208 1130 4279 quoad
1171 4209 1290 4277 ejus
1333 4209 1448 4265 iieri
1495 4211 1714 4280 poterit,
1767 4227 1833 4265 ex
1873 4209 2146 4266 Ambrosii

549 4301 706 4358 libris
738 4302 956 4355 haurire
996 4300 1316 4355 conabimur
1337 4343 1351 4366 ,
1398 4303 1552 4368 cujus
1593 4310 1778 4370 partes
1807 4303 2048 4371 singulas
2080 4301 2147 4356 ad

547 4411 668 4451 eam
701 4393 1124 4448 concinnitatem
1157 4407 1220 4446 ac
1260 4390 1660 4461 proportionem
1701 4407 1799 4462 pro
1845 4405 2024 4444 nostra
2063 4391 2146 4445 vi-

547 4489 632 4544 rili
659 4501 856 4557 cogere
887 4497 1229 4555 satagemus;
1267 4495 1324 4538 ut
1354 4483 1499 4538 illius
1533 4483 1802 4540 beneﬁcio
1833 4483 2004 4540 lector
2038 4501 2145 4540 non

2253 3267 2423 3338 ipsius
2455 3265 2594 3322 facta
2626 3267 2956 3340 referuntur,
2981 3280 3234 3328 auctores
3261 3269 3432 3330 ferme.
3461 3273 3606 3329 inter
3637 3290 3706 3338 se
3727 3287 3852 3330 con-

2250 3359 2510 3416 sentiunt.

2323 3453 2376 3508 5.
2419 3451 2572 3521 Quod
2605 3469 2770 3525 porro
2806 3453 2872 3512 ad
2903 3455 3101 3524 locum,
3133 3457 3224 3530 qui
3254 3457 3504 3516 eumdem
3535 3469 3853 3518 nascentem

2251 3545 2550 3616 exceperit,
2602 3547 2734 3602 satis
2773 3549 3122 3620 cognoscitur
3155 3565 3219 3608 ex
3263 3551 3444 3608 verbis
3487 3551 3704 3610 Paulini
3737 3567 3854 3608 eam

2251 3637 2438 3693 urbem
2483 3637 2689 3704 fuisse,
2745 3641 2800 3695 in
2852 3658 2952 3710 qua
3005 3641 3190 3700 sedem
3245 3643 3444 3702 habere
3489 3653 3854 3703 consueverat

2251 3729 2550 3789 Galliarum
2582 3735 2870 3804 praefectus
2909 3733 3114 3807 (Basil.
3161 3739 3313 3812 epist.
3353 3739 3422 3794 ad
3459 3739 3683 3810 Ambr.;
3713 3741 3852 3797 Putt-

2252 3825 2346 3880 iitt.
2379 3827 2434 3896 in
2468 3825 2579 3881 Vita
2605 3829 3176 3902 Ambr.,etc.).Verum
3199 3833 3285 3888 illa
3311 3834 3426 3910 ipsa
3449 3836 3578 3892 urbs
3603 3845 3848 3906 quaenam

2253 3919 2524 3975 censenda
2571 3922 2663 3987 sit,
2701 3923 2840 3978 haud
2877 3940 3034 3994 parva
3069 3925 3134 3982 iis
3164 3935 3276 3994 est;
3309 3929 3400 3983 alii
3433 3931 3578 3984 enim
3619 3928 3850 3994 Arelati,

2253 4013 2344 4068 alii
2385 4013 2626 4072 Treviris
2657 4023 2749 4070 aut
2786 4019 2949 4074 etiam
2984 4018 3244 4090 Lugdune
3285 4021 3428 4078 hunc
3459 4021 3724 4078 honorem
3759 4021 3848 4078 de-

2256 4105 2456 4172 lerunt,
2489 4109 2686 4177 singuli
2724 4107 2978 4168 videlicet
3017 4111 3207 4166 barum
3249 4113 3456 4170 urbium
3489 4115 3759 4171 nobilitati
3791 4127 3850 4168 ac

2256 4201 2624 4272 prmrogalivis
2653 4201 2887 4274 antiquis
2919 4203 3030 4260 nixi
3065 4224 3076 4258 :
3108 4205 3202 4261 sed
3235 4221 3420 4262 revera
3453 4209 3662 4264 nullum
3693 4223 3848 4280 argu-

2257 4305 2495 4348 mentum
2519 4311 2626 4366 quo
2653 4299 2863 4352 caneris
2895 4298 2945 4352 in
2979 4297 3084 4356 hoc
3110 4301 3490 4374 anteponenda
3523 4303 3730 4376 liquido
3761 4302 3848 4358 de-

2256 4398 2608 4458 monstretur,
2637 4389 2687 4445 in
2717 4391 2950 4450 medium
2975 4407 3309 4466 prementes.
3348 4395 3466 4454 Non
3491 4397 3686 4454 desunt
3721 4413 3846 4470 pra:-

2257 4491 2402 4536 terca
2433 4483 2520 4552 qui
2549 4481 2778 4540 Romam
2809 4486 2979 4557 ipsam
3013 4489 3248 4546 vocitent
3275 4489 3550 4550 Ambrosii
3581 4494 3803 4564 patriam
3831 4503 3845 4542 :

547 4579 710 4635 modo
761 4579 1024 4634 factorum
1075 4577 1472 4642 scriptorumve
1525 4577 2005 4634 Ambrosianorunt
2061 4595 2153 4634 or—
2183 4575 2232 4638 D
2259 4576 2350 4630 sed
2379 4576 2550 4645 patria
2577 4577 2710 4632 nihil
2736 4577 2880 4633 aliud
2903 4580 3044 4650 apttd
3076 4597 3169 4636 cos
3197 4583 3280 4638 his
3307 4583 3439 4640 locis
3469 4594 3662 4651 sonat,
3694 4597 3844 4656 quam

545 4669 728 4726 dinem
755 4685 950 4740 capere
981 4669 1130 4725 nullo
1171 4669 1390 4740 negotio
1419 4669 1620 4734 valeat,
1670 4685 1856 4726 verum
1884 4671 2047 4726 etiam
2080 4671 2148 4727 ad

545 4765 785 4818 studium
825 4764 1136 4818 eorumdem
1182 4777 1409 4834 Operum
1438 4763 1658 4820 lcetioni
1686 4779 1808 4820 cum
1839 4764 2014 4822 fructu
2048 4767 2151 4823 im-

546 4855 890 4928 pendentium
913 4857 1106 4912 evadat
1133 4857 1388 4927 paratior.

618 4953 674 5008 4.
717 4951 844 5022 (Αιι.
888 4951 1040 5026 540.)
1073 4953 1238 5014 Extra
1289 4953 1715 5012 controversiam
1747 4964 1829 5010 est
1859 4963 2042 5012 natum
2093 4955 2148 5012 in

547 5044 739 5102 Galliis
787 5061 910 5102 esse
961 5057 1204 5102 nostrum
1249 5043 1626 5112 Ambrosium;
1673 5046 1792 5118 ejus
1841 5059 2148 5116 parentem,

545 5137 894 5196 Ambrosium
923 5138 1084 5194 etiam
1117 5141 1357 5206 nomine,
1385 5139 1437 5194 iit
1467 5139 1660 5194 iisdem
1693 5139 1985 5208 provinciis
2015 5157 2152 5212 prte-

546 5231 670 5289 l’ecti
731 5231 1046 5304 dignitatem
1111 5229 1447 5296 obtinuisse;
1509 5231 1796 5302 ipsumque
1859 5243 2148 5304 antequam

546 5325 797 5381 ederetur
845 5333 1068 5381 sanctus
1115 5324 1476 5394 Ambrosius,
1523 5324 1735 5381 duobus
1777 5327 1888 5396 jam
1940 5325 2148 5398 liberis,

545 5415 856 5473 Marcellina
910 5419 1120 5474 scilicet
1161 5433 1225 5473 ac
1253 5419 1476 5490 Satyro,
1511 5417 1677 5475 fuisse
1703 5428 1942 5484 auctum,
1985 5429 2149 5492 atque

545 5508 682 5564 adeo
727 5520 970 5566 sanetum
1021 5511 1166 5566 hunc
1214 5513 1458 5566 nostrum
1501 5513 1691 5567 ordine
1740 5514 1994 5572 nascendi
2045 5525 2152 5572 ter-

548 5603 681 5657 tium
713 5604 988 5659 exstitisse
1023 5604 1128 5678 (De
1147 5605 1378 5660 Excessit
1413 5604 1613 5678 Satyri,
1649 5606 1786 5674 liba,
1820 5624 1872 5662 tt.
1911 5607 1980 5664 54
2007 5611 2046 5680 ).
2083 5611 2152 5665 At

547 5707 657 5750 non
691 5705 832 5750 tanta
862 5705 946 5752 est
979 5697 1048 5754 de
1076 5707 1322 5770 tempore
1359 5705 1416 5760 et
1443 5699 1562 5756 loco
1589 5699 1642 5758 in
1668 5715 1776 5771 quo
1813 5701 2043 5772 primum
2071 5702 2152 5760 iu—

545 5799 666 5844 cem
704 5788 973 5862 adspexit,
1017 5791 1342 5864 scriptorum
1385 5791 1696 5852 consensio.
1737 5790 1870 5850 Nam
1911 5793 2052 5867 quod
2084 5795 2148 5852 ad

2259 4668 2478 4726 familiae
2499 4683 2662 4743 atque
2684 4688 2734 4727 οι
2750 4672 2911 4744 iginis
2937 4675 3111 4730 solum
3147 4679 3346 4744 natale,
3380 4695 3479 4736 nec
3504 4697 3612 4735 non
3635 4681 3846 4736 solitum

2259 4776 2539 4836 parentum
2589 4768 2762 4828 sancti
2804 4767 2932 4834 viri,
2973 4778 3028 4826 et
3063 4770 3236 4842 ipsius
3277 4773 3444 4830 etiam
3487 4790 3600 4832 non
3639 4775 3848 4831 modico

2261 4865 2505 4928 tempore
2533 4858 2886 4916 domicilium.

2329 4951 2384 5008 6.
2427 4949 2488 5008 in
2517 4952 2608 5010 illa
2647 4953 2808 5024 igitur
2833 4954 3022 5012 harum
3059 4957 3307 5024 urbium,
3337 4961 3424 5017 ubi
3463 4961 3704 5034 praefecti
3733 4961 3850 5022 Gal-

2260 5043 2456 5100 liarum
2491 5047 2804 5116 pratorium
2849 5059 2988 5117 erat,
3033 5051 3086 5106 in
3119 5053 3293 5110 lucem
3339 5055 3518 5110 editus
3545 5066 3630 5112 est
3671 5065 3846 5114 noster

2255 5131 2578 5196 Ambrosius
2611 5159 2623 5194 :
2653 5142 2740 5197 ubi
2769 5153 2821 5198 et
2851 5141 3144 5218 Paulinus(
3173 5149 3228 5204 in
3267 5148 3386 5206 Vita
3405 5151 3674 5221 Ambros,
3705 5172 3762 5209 ιι.
3793 5150 3848 5224 ὅ)

2255 5232 2561 5304 prodigium
2595 5235 2728 5291 illud
2756 5250 3024 5295 memorat
3049 5242 3376 5312 contigisse,
3407 5261 3515 5317 quo
3545 5248 3776 5316 apicula:
3797 5247 3844 5302 itt

2255 5339 2318 5381 os
2372 5326 2618 5382 inlantuli
2671 5330 2976 5388 alternatim
3033 5333 3294 5390 intrantes
3339 5347 3501 5407 atque
3549 5351 3846 5408 exeuntes,

2257 5433 2526 5474 summam
2561 5421 2704 5476 illius
2735 5423 2788 5478 in
2815 5422 3068 5492 dicendo,
3100 5435 3156 5482 et
3182 5429 3236 5484 in
3266 5429 3579 5488 hominibus
3609 5433 3674 5488 ad
3702 5433 3846 5491 Chri-

2257 5515 2324 5570 sti
2355 5515 2676 5586 obsequium
2706 5516 3008 5574 alliciendis
3048 5524 3370 5581 suavitatem
3410 5528 3538 5584 visa:
3574 5537 3703 5584 sunt
3726 5546 3847 5603 por-

2258 5607 2502 5664 tendere.

2331 5703 2384 5758 7.
2430 5703 2450 5774 (
2475 5707 2580 5760 An.
2607 5700 2780 5774 355.)
2807 5702 2964 5760 Patre
2985 5715 3222 5776 mortuo,
3245 5709 3566 5771 Ambrosius
3593 5731 3718 5773 cum
3747 5734 3842 5776 ma.

2261 5804 2344 5854 tre
2387 5796 2616 5856 Romam
2655 5812 2908 5856 reversus
2939 5813 3053 5871 est,
3096 5819 3202 5875 qua
3229 5804 3284 5864 ia
3315 5808 3448 5867 urbe
3485 5809 3842 5873 Mareellinam
