4102 6360
193 334 268 393 69

1089 313 1187 386 ex
1223 327 1389 385 EJUS
1428 319 1844 384 rorissntust
1883 317 2196 384 SCRIPTIS
2235 323 2616 384 COLLECTA.

3437 324 3506 377 70

191 470 313 524 qua:
330 451 748 523 uirginitatemut
773 446 1028 505 Paulinus
1053 454 1284 500 testatur
1319 443 1453 516 (Vit.
1485 441 1634 496 Antb.
1658 455 1802 493 num.
1834 439 1889 499 Α
1914 457 1964 494 n.
1997 440 2108 509 cL9).
2171 441 2234 494 Et
2284 457 2470 496 revera
2509 439 2671 496 ambo
2726 436 2801 492 illi
2848 436 3044 491 fratres
3081 434 3340 490 virtutum
3381 449 3508 489 sua-

197 548 411 622 4),jam
441 552 611 619 fuerat
641 547 892 612 professa,
911 556 1034 595 eum
1051 541 1154 594 alia
1172 539 1296 594 item
1312 551 1466 591 saera
1481 534 1686 604 virgine
1705 533 1804 587 ha-

197 643 465 700 bitantem
509 639 733 710 reperit.
762 635 895 692 Cum
927 644 1108 689 autem
1142 648 1210 688 ex
1245 633 1475 703 ipsemet
1507 626 1800 683 Ambrosio

201 749 538 806 cognoscere
566 732 637 786 sit
675 750 718 785 e:
741 727 922 786 tndem
955 725 1322 781 Harcellinam
1355 721 1554 778 Liberii
1588 717 1802 791 pontiil-

206 833 288 884 eis
315 829 562 882 manibus
595 829 758 880 natali
787 823 878 881 die
901 821 1102 878 Christi
1133 819 1343 876 Domini
1367 817 1617 872 ﬂammeo
1641 813 1804 884 virgi-

208 921 318 976 nali
347 919 514 976 fuisse
543 931 916 974 consecratam
956 913 1114 989 (Lib.
1160 930 1212 969 ιιι
1254 914 1318 968 de
1368 910 1507 980 Virg.
1535 951 1550 975 ,
1582 924 1698 978 cap.
1747 907 1800 975 i,

211 1030 353 1068 stunt.
388 1015 411 1068 i
441 1031 495 1083 μ
527 1011 747 1066 aliunde
775 1024 906 1064 vero
933 1024 1038 1064 non
1070 1007 1350 1064 dubitatur
1375 1006 1504 1073 quin
1548 1003 1634 1057 ille
1673 1016 1806 1071 pon-

212 1106 343 1162 tifex
369 1122 424 1160 x1
469 1104 576 1160 kal.
623 1103 810 1160 lunias
839 1102 965 1156 anni
996 1107 1199 1155 tantum
1228 1097 1335 1154 352
1355 1139 1369 1162 ,
1399 1094 1658 1150 suffectus
1689 1092 1805 1147 fue-

212 1202 285 1256 rit
311 1203 364 1254 itt
395 1199 700 1255 decessoris
730 1201 811 1252 sui
835 1196 963 1252 Julii
991 1195 1196 1259 sedem,
1227 1192 1357 1247 hinc
1385 1193 1440 1244 fit
1470 1199 1806 1259 compertum

215 1295 545 1350 Mareellinte
570 1293 1038 1349 consecrationem
1067 1305 1173 1344 non
1207 1287 1309 1342 nisi
1332 1301 1424 1341 vm
1453 1284 1570 1340 Kal.
1613 1283 1812 1337 Janua-

213 1391 324 1445 rias
369 1389 518 1454 anni,
552 1397 609 1441 ut
653 1386 963 1450 minimum,
1006 1384 1134 1451 553,
1164 1392 1252 1436 aut
1297 1381 1476 1450 potius
1520 1375 1647 1441 554,
1698 1373 1812 1430 lieri

213 1485 480 1554 potuisse.
511 1482 681 1536 Porro
721 1495 842 1536 cum
875 1477 941 1532 ad
987 1487 1198 1543 tempus
1241 1472 1596 1528 Ambrosiam)
1633 1469 1687 1523 in
1719 1484 1813 1523 ur-

214 1579 340 1634 bem
372 1578 546 1633 reditu
586 1575 854 1644 posterius
882 1571 1149 1628 referatur
1175 1587 1205 1624 a
1234 1567 1459 1623 Paulino
1483 1564 1683 1635 smpius
1729 1562 1816 1616 hic

216 1671 460 1738 citando,
490 1669 634 1740 quod
663 1667 803 1724 idem
827 1666 1148 1722 Ambrosius
1175 1678 1365 1718 manus
1396 1674 1521 1714 suas
1544 1668 1816 1727 tamquam

217 1768 386 1824 ftttttri
415 1767 652 1837 episcopi
689 1760 1082 1820 cxitseulandas
1123 1759 1319 1826 puellae
1370 1755 1670 1826 porrigeret
1706 1765 1819 1805 nte-

1904 548 2023 587 rtttn
2075 533 2333 604 suffragio
2364 534 2695 589 clarissimas
2744 545 2985 601 quasque
3023 527 3316 599 dignitates
3360 542 3508 583 asse-

1904 625 2017 682 euti
2057 637 2220 693 sunt,
2271 642 2404 694 quas
2440 643 2545 696 quo
2585 627 2768 682 animo
2825 627 2990 681 iidem
3039 623 3270 678 adierint
3299 665 3312 685 ,
3362 622 3510 677 clare

1904 719 2225 790 signiileavit
2249 717 2596 787 Ambrosius,
2633 722 2720 775 tibi
2755 721 2868 774 inec
2900 720 3075 774 dixit:
3125 718 3320 773 δωρειιὲ
3353 717 3510 790 hujus

1905 812 2148 879 honores,
2184 813 2386 880 inquit,
2423 852 2434 864 .
2475 852 2488 866 .
2523 853 2536 865 .
2575 853 2586 866 .
2629 852 2641 866 .
2672 829 2800 882 quos
2832 813 2945 868 ideo
2968 811 3145 880 adepti
3173 827 3374 877 sumus,
3407 825 3510 863 non

1906 904 2028 975 quin
2060 906 2157 975 fuit
2184 905 2470 972 expetenda
2500 921 2680 959 eorum
2709 907 3000 978 perceptio,
3047 907 3137 960 sed
3163 922 3226 959 ne
3253 905 3368 960 uilis
3405 904 3513 958 dis-

1909 997 2172 1050 simulatio
2203 999 2457 1052 eideretur
2491 996 2683 1068 (Ιὸἰά.,
2717 1015 2858 1052 num.
2887 999 3007 1069 25).
3039 997 3508 1067 Quemadmodum

1911 1104 2094 1146 ament
2116 1089 2340 1164 Satyrus
2373 1091 2700 1161 provinciam
2731 1090 3196 1148 administraverit
3220 1109 3334 1148 suae
3366 1108 3514 1148 iurat

1912 1181 2199 1247 creditam,
2231 1199 2334 1237 non
2368 1183 2588 1238 aliunde
2618 1185 2815 1239 melius
2846 1199 3006 1255 quam
3039 1201 3102 1239 ex
3141 1188 3242 1241 hoc
3273 1187 3515 1243 fraterno

1916 1277 2230 1332 te~titnonio
2261 1278 2470 1334 diSCere
2505 1279 2668 1333 licet:
2714 1278 2899 1344 Qualis
2943 1281 2994 1332 in
3025 1280 3290 1335 universos
3331 1284 3514 1350 fuerit,

1917 1375 1986 1427 ait
2023 1373 2114 1426 ille
2134 1414 2150 1440 ,
2185 1373 2584 1442 provincialium
2609 1372 2792 1442 quibus
2820 1372 3062 1443 praefuit,
3104 1373 3274 1427 studia
3306 1375 3515 1442 docent,

1918 1467 2006 1536 qui
2050 1477 2313 1536 parentem
2345 1467 2509 1537 magis
2539 1467 2808 1537 proprium
2835 1507 2849 1532 ,
2889 1482 3046 1537 quam
3084 1467 3318 1538 judicem
3347 1468 3496 1538 loque

1920 1559 2139 1626 bantur,
2190 1573 2395 1634 gratum
2425 1562 2531 1630 pia
2557 1560 2948 1616 necessitudinis
2973 1563 3221 1616 arbitrum
3240 1602 3253 1626 ,
3284 1573 3514 1617 constan-

1921 1662 2022 1709 tem
2049 1656 2182 1724 aequi
2213 1655 2354 1728 juris
2383 1655 2779 1723 disceptatorem
2807 1653 2860 1718 (1
2868 1655 2999 1722 bid.,
3031 1673 3170 1709 nam.
3197 1654 3314 1728 58).

1998 1749 2084 1803 ill.
2126 1747 2258 1819 (An.
2292 1749 2445 1818 574.)
2484 1748 2655 1817 Quam
2707 1751 2988 1819 regionem
3041 1748 3269 1821 Satyrus
3323 1764 3522 1818 regen-

220 1870 470 1923 tnoratze,
495 1875 560 1914 ex
587 1859 708 1913 lusu
732 1856 828 1911 illo
859 1870 989 1909 sane
1020 1851 1212 1922 puerili
1240 1855 1373 1905 satis
1394 1847 1668 1917 colligitur
1687 1843 1823 1898 Pau-
1853 1844 1902 1906 Β
1931 1839 2052 1894 dam
2085 1842 2395 1910 acceperit,
2430 1842 2651 1896 minime
2679 1852 2890 1896 constat
2915 1857 2931 1896 ι
2963 1840 3108 1911 quod
3138 1856 3269 1896 vero
3297 1840 3362 1897 ad
3389 1839 3523 1926 ᾼιη-

220 1953 423 2008 liniana
455 1952 643 2013 verba,
677 1966 790 2003 cum
816 1947 1142 2012 adolevisset,
1169 1943 1370 2016 pntiori
1400 1941 1520 2014 iure
1546 1939 1614 1994 de
1645 1937 1819 1992 sancti

223 2048 395 2104 nostri
425 2061 566 2099 anno
607 2059 706 2109 xtl,
734 2042 818 2098 vel
849 2057 974 2106 xm,
1016 2038 1242 2109 intelligi
1264 2079 1277 2098 ,
1306 2052 1468 2108 quam
1507 2033 1574 2089 de
1612 2049 1698 2088 xix
1731 2039 1822 2084 aut

223 2156 317 2197 xx.
363 2139 518 2196 Unde
547 2137 680 2192 illttd
711 2153 818 2192 non
861 2136 1052 2192 leviter
1089 2141 1267 2205 potest
1306 2128 1640 2194 confirmari,
1677 2124 1822 2198 quod

226 2231 502 2290 Ambrosii
522 2241 702 2285 ortum
731 2244 873 2283 anno
894 2227 999 2282 340
1029 2225 1443 2296 aSsignavimus.

305 2327 361 2381 8.
421 2323 692 2378 Educatus
758 2322 811 2376 in
875 2319 1231 2376 contubernio
1298 2317 1488 2371 barum
1555 2313 1825 2384 virginum

231 2430 422 2476 noster
448 2417 766 2473 Ambros-ius
791 2456 806 2482 ,
855 2414 978 2469 inde
1013 2424 1163 2469 tanto
1191 2427 1320 2484 erga
1351 2410 1712 2480 virginitatem
1745 2415 1827 2461 at-

230 2528 339 2584 que
381 2509 687 2566 caelibatum
732 2523 920 2563 amore
971 2506 1196 2560 affectus
1240 2516 1366 2570 est;
1429 2514 1483 2558 ut
1531 2501 1662 2556 illud
1705 2501 1827 2554 vitze

231 2622 407 2676 genus
435 2620 542 2660 non
573 2600 738 2657 modo
777 2600 894 2670 ipse
926 2613 1140 2669 semper
1167 2596 1399 2653 coluerit
1429 2611 1590 2666 qnatn
1622 2593 1829 2668 studio-

233 2698 449 2754 sissime
480 2739 494 2764 ,
538 2711 724 2752 verum
767 2696 929 2750 etiam
980 2695 1106 2748 totis
1150 2692 1357 2746 viribus
1404 2689 1566 2760 longe
1614 2691 1831 2760 lateque

237 2793 649 2864 propagaverit,
701 2790 1152 2861 quemadmodum
1199 2787 1341 2844 edita
1387 2787 1456 2840 ab
1497 2800 1564 2841 eo
1605 2785 1829 2852 scripta,

238 2885 483 2955 virgines
526 2867 654 2954 'ejus
710 2884 954 2938 manibus
1000 2882 1227 2937 solemni
1287 2881 1391 2934 ritu
1436 2877 1657 2933 Clu-isto
1705 2893 1836 2933 eon-

241 2989 470 3035 secratte
493 3018 507 3042 ,
547 2976 869 3032 monasteria
897 2978 1113 3031 demum
1144 2973 1314 3029 variis
1353 2975 1406 3028 in
1440 2973 1575 3027 locis
1610 2972 1678 3027 ab
1716 2972 1835 3042 ipso

239 3073 490 3129 instituta
524 3071 704 3140 palam
736 3068 956 3125 faciunt.
1016 3068 1165 3122 inter
1195 3067 1430 3137 virgines
1458 3078 1638 3120 autem
1665 3081 1783 3136 qua:
1807 3079 1836 3118 a

242 3171 436 3224 sancto
469 3165 708 3220 Prmsule
745 3163 812 3219 ad
860 3161 1216 3233 pmfessionis
1272 3175 1386 3215 suae
1447 3158 1833 3231 perfectionem

1927 1935 2190 2000 brosiunt,
2227 1934 2438 1990 Probus
2471 1935 2581 2005 jam
2610 1947 2734 1990 ante
2761 1942 3098 1990 memoratus
3128 1951 3250 1989 eum
3286 1933 3528 2005 pra-fecit

1927 2028 2160 2100 Liguriae
2208 2039 2369 2100 atque
2395 2027 2676 2095 IEtttilim,
2722 2028 2918 2099 quibus
2969 2027 3262 2099 provinciis
3314 2029 3526 2082 archic-

1926 2126 2264 2196 piscopatum
2293 2123 2776 2187 Mediolanensetn,
2810 2123 3170 2193 Liguriarum,
3212 2122 3515 2178 'l'aurinen-

1926 2236 2063 2288 sem,
2095 2219 2461 2285 Genuensem,
2502 2228 2662 2288 atque
2694 2219 3092 2273 Bononiensem
3127 2216 3526 2288 comprehendi

1927 2315 2091 2383 vulgo
2119 2313 2450 2368 existimant.
2503 2313 2639 2368 Cum
2672 2328 2834 2381 porro
2863 2311 3213 2367 Ambrosium
3255 2312 3383 2367 illuc
3426 2311 3525 2366 abs

1931 2428 1989 2468 se
2021 2413 2226 2468 i’robus
2253 2411 2588 2480 dimitteret,
2635 2429 2758 2468 eum
2791 2413 2940 2468 hisce
2981 2413 3157 2468 verbis
3189 2413 3361 2469 fertur
3392 2413 3530 2468 allo-

1929 2518 2123 2565 cutus:
2177 2507 2354 2572 Vade,
2408 2508 2612 2580 inquit,
2672 2526 2768 2581 age
2827 2526 2929 2564 non
2972 2519 3026 2564 ut
3086 2510 3292 2583 judex,
3347 2509 3436 2564 sed
3478 2517 3534 2564 ut

1933 2605 2203 2674 episcOpus
2229 2602 2472 2663 (Paulin.
2507 2605 2559 2658 in
2597 2603 2712 2658 Vita
2739 2603 2942 2671 Ambr.,
2973 2621 3116 2660 nunt.
3150 2606 3206 2674 8)
3233 2622 3246 2670 ;
3279 2605 3532 2660 nimirum

1933 2703 1994 2750 ut
2022 2695 2198 2764 potius
2226 2695 2570 2750 clementiam
2601 2697 2964 2768 episcopalem
2985 2739 2999 2765 ,
3033 2714 3193 2768 quam
3220 2697 3418 2767 judieis
3449 2713 3538 2754 se-

1934 2790 2216 2844 veritatem
2245 2787 2527 2844 exhiberet
2557 2787 3007 2860 provincialibus,
3044 2789 3409 2862 puleherrime
3440 2790 3536 2846 ad-

1937 2894 2187 2935 monens.

2010 2972 2098 3027 Μ’.
2143 2961 2312 3042 Hujus
2343 2975 2599 3045 praecepti
2635 2975 2777 3030 haud
2826 2976 3112 3032 immemor
3159 2977 3372 3033 exstitit
3403 2978 3531 3032 Am-

1939 3065 2208 3121 brosius:
2260 3069 2582 3137 pepulerunt
2633 3071 2773 3124 enim
2831 3071 3044 3124 animos
3098 3081 3382 3144 tantopere
3428 3071 3535 3127 sibi

1942 3160 2187 3215 devinxit
2214 3163 2467 3218 comitate
2495 3179 2592 3219 sua
2649 3176 2700 3219 et
2733 3165 3182 3232 mansuetudine,
3214 3177 3270 3220 tit
3301 3167 3544 3222 extincto

243 3261 549 3316 informata
614 3266 742 3313 sunt
767 3298 780 3322 ,
849 3232 1051 3310 nullam
1132 3252 1521 3322 insignioribus
1582 3250 1837 3305 virtutum
1868 3232 1914 3297 C
1945 3251 2219 3311 Auxentio
2241 3296 2255 3320 ,
2305 3255 2512 3324 perﬁdo
2543 3257 2636 3311 illo
2661 3256 2864 3312 Ariano
2893 3257 3005 3330 (qui
3037 3260 3220 3313 sedem
3252 3266 3544 3328 occuparat

242 3355 487 3409 omnium
529 3350 746 3407 fulsisse
785 3347 1129 3404 documentis
1154 3387 1170 3413 ,
1235 3361 1396 3416 qttam
1439 3344 1836 3410 Mareellinam,

245 3450 418 3521 ipsius
447 3447 655 3510 effigies
701 3459 728 3496 a
764 3443 851 3512 pio
881 3442 1048 3496 fratre
1091 3439 1237 3512 stylo
1260 3453 1515 3508 expressa
1555 3439 1701 3494 clare
1745 3437 1844 3494 de-

248 3548 516 3599 monstrat
561 3538 700 3612 (Lib.
734 3553 788 3593 ιιι
816 3537 880 3590 de
918 3535 1084 3608 Vit-9.,
1110 3551 1226 3605 cap.
1252 3533 1310 3601 4,
1339 3550 1478 3587 nunt.
1512 3533 1582 3589 15
1608 3543 1656 3586 et
1681 3532 1840 3604 seq.).

248 3635 435 3692 Romm
459 3632 676 3705 quidem
703 3627 1141 3687 commorabatur
1162 3626 1352 3682 eadem
1378 3627 1549 3697 virgo,
1568 3625 1663 3680 sed
1691 3624 1840 3679 fratri

247 3745 466 3800 semper
505 3729 694 3783 intimo
737 3723 973 3797 quodam
1016 3723 1323 3777 animorum
1369 3737 1508 3776 nexu
1553 3719 1843 3790 conjuncta

249 3823 390 3887 fuit;
425 3823 492 3878 ita
517 3830 576 3876 ut
603 3821 744 3887 eius,
770 3819 816 3874 si
845 3817 1062 3890 quando
1090 3819 1262 3888 ipsum
1292 3815 1345 3869 itt
1375 3813 1572 3870 Urbem
1605 3812 1848 3868 traheret

251 3917 574 3976 necessitas,
601 3923 897 3984 conspectu
931 3912 1032 3967 frui
1062 3911 1283 3965 minime
1311 3917 1586 3975 contenta,
1618 3905 1848 3962 subinde

252 4009 613 4069 Mediolanum
646 4007 805 4060 itaret
834 4005 901 4060 ad
930 4019 1054 4061 eum
1087 4001 1430 4058 inviseudum
1459 4018 1471 4053 ε
1515 4001 1728 4071 quoties
1753 4015 1848 4054 au-

256 4115 364 4162 tem
413 4103 482 4158 ab
533 4100 761 4156 invicem
805 4099 1049 4155 locorum
1105 4095 1359 4151 distantia
1421 4094 1846 4164 separabantur,

253 4197 462 4254 crebris
496 4193 750 4264 epistolis
777 4193 950 4262 iisque
976 4192 1042 4246 de
1075 4190 1274 4245 virtute
1302 4204 1365 4243 ac
1393 4187 1654 4258 religione
1681 4187 1850 4258 potis-

258 4294 454 4349 sitnum
483 4287 724 4357 scriptis,
760 4295 1002 4341 mtttuum
1037 4285 1116 4339 sui
1149 4282 1478 4338 desiderium
1504 4281 1854 4337 consolaren-

259 4397 366 4442 tur.
412 4386 482 4442 At
526 4393 792 4455 praeterea
826 4381 871 4436 si
901 4379 1030 4451 quid
1077 4379 1295 4434 anxium
1324 4378 1686 4434 sollicitumve
1731 4375 1854 4431 red-

260 4479 426 4536 debat
474 4475 864 4541 Ambrosium,
925 4473 1294 4529 amantissima
1347 4486 1505 4526 soror
1560 4470 1852 4526 fraternam

260 4568 682 4627 sollicitudinem
734 4582 857 4622 cum
906 4580 973 4622 eo
1029 4565 1216 4635 partiri
1272 4579 1566 4635 numquam
1619 4563 1850 4628 destitit,

1945 3347 2413 3404 Mediolauensem
2435 3391 2449 3414 ,
2481 3349 2627 3404 unde
2656 3353 2862 3423 ejectus
2891 3360 2945 3406 et
2977 3351 3028 3404 in
3062 3351 3314 3406 exsilium
3356 3366 3547 3407 aman-

1947 3440 2107 3497 datus
2133 3453 2248 3498 erat
2273 3451 2495 3498 sanctus
2522 3443 2859 3517 DiOuysius),
2881 3445 2934 3500 iit
2963 3444 3082 3516 ejus
3114 3445 3288 3500 locum
3319 3448 3549 3517 ipsemet

1947 3537 2206 3594 suffectus
2237 3539 2396 3594 fuerit
2427 3540 2490 3594 ad
2521 3555 2643 3595 eum
2684 3540 2901 3595 modum
2925 3583 2940 3607 ,
2987 3541 3080 3612 qtti
3112 3557 3139 3593 a
3174 3540 3403 3596 Paulino
3435 3540 3550 3595 elc-

1948 3643 2139 3702 gattter
2166 3633 2516 3688 describitur.
2566 3633 2888 3688 Ambrosius
2919 3633 3018 3689 hac
3047 3637 3097 3689 itt
3129 3634 3398 3690 electione
3439 3635 3547 3688 vim

1950 3725 2054 3781 sibi
2095 3725 2296 3780 illatam
2333 3727 2497 3782 fuisse
2529 3727 2836 3797 frequenter
2867 3729 3222 3798 ecuqucrltur
3251 3726 3441 3801 (Ibid.,
3486 3745 3541 3782 η.

1950 3819 1984 3875 6
2013 3831 2060 3875 et
2088 3821 2218 3892 seq.)
2249 3836 2263 3883 ;
2304 3836 2535 3892 namque
2565 3821 2617 3877 itt
2652 3822 2826 3892 primo
2856 3823 2996 3876 libro
3026 3823 3094 3878 de
3119 3823 3329 3878 Officiis
3358 3820 3548 3895 (Nunt.

1949 3913 1986 3967 2
2013 3924 2058 3968 et
2085 3915 2139 3983 4)
2173 3913 2334 3968 modo
2359 3915 2456 3969 sibi
2485 3915 2762 3987 refugienti
2799 3915 3092 3986 impositam
3131 3915 3408 3970 sacerdotii
3457 3932 3545 3969 nev

1953 4009 2316 4062 cessitudinem
2345 4008 2534 4072 dolet,
2585 4008 2748 4063 modo
2791 4023 2845 4062 se
2889 4021 3097 4075 raptum
3137 4025 3168 4061 a
3211 4007 3555 4064 tribunalibus

1955 4110 2109 4172 atque
2133 4100 2600 4156 administrationis
2627 4101 2811 4174 infulis
2834 4100 2904 4154 ad
2935 4102 3296 4156 sacerdotium.
3351 4102 3417 4156 Et
3447 4103 3554 4157 alio

1955 4197 2010 4252 in
2044 4198 2180 4250 libro
2207 4213 2219 4249 :
2263 4194 2508 4261 Dicetur,
2552 4194 2759 4267 inquit,
2810 4193 2948 4250 Ecce
2976 4197 3065 4250 ille
3093 4212 3196 4250 non
3224 4197 3276 4249 in
3305 4193 3558 4250 Ecclesia:

1956 4288 2184 4344 nutritus
2233 4288 2381 4353 sinu,
2424 4303 2526 4342 non
2567 4289 2823 4342 edomitus
2865 4304 2896 4341 a
2939 4305 3098 4359 puero
3123 4304 3142 4343 :
3181 4288 3272 4343 sed
3315 4300 3499 4357 raptus
3527 4306 3560 4342 α

1959 4382 2328 4445 tribunalibus,
2359 4381 2608 4437 abductus
2651 4385 2715 4436 de
2739 4380 3052 4436 vanitatibus
3079 4383 3256 4437 δωρειιὶ
3304 4383 3482 4452 hujus,
3527 4400 3559 4438 α

1960 4479 2214 4548 prtecouis
2266 4493 2388 4531 voce
2438 4475 2507 4531 ad
2564 4475 2857 4532 Psalmistte
2921 4479 3246 4549 assuefactus
3309 4479 3562 4532 canticum

1965 4571 2103 4646 (Lib.
2138 4589 2173 4628 ιι
2218 4573 2280 4627 de
2310 4570 2498 4628 Paenit.
2531 4588 2578 4628 c.
2609 4571 2662 4637 8,
2705 4588 2848 4625 num.
2881 4571 2997 4638 67).
3062 4569 3130 4625 Et
3183 4582 3298 4641 post
3353 4586 3557 4642 pauca:

263 4663 442 4737 quoad
489 4662 583 4718 ille
619 4663 786 4730 Vixit;
835 4661 1008 4732 ipsam
1039 4661 1186 4716 cnim
1215 4658 1561 4730 superstitem
1591 4657 1640 4712 ei
1686 4656 1855 4712 fuisse
1885 4637 1936 4699 θ
1963 4637 2179 4720 Custodi
2213 4666 2407 4720 donum
2434 4665 2579 4736 quod
2605 4665 2871 4719 contulisti
2911 4637 3063 4718 etiant
3105 4637 3400 4736 refugienti.
3453 4665 3563 4740 Ego

264 4757 488 4815 dubium
525 4771 633 4812 non
674 4764 776 4811 est.

339 4851 395 4906 9.
429 4848 746 4904 Ambrosius
771 4846 897 4902 dttm
925 4848 1036 4918 egit
1066 4846 1275 4912 Romae,
1307 4845 1598 4902 liberalibus
1629 4845 1859 4918 discripti»

269 4946 352 5001 stis
384 4942 624 5018 (Paulus.
653 4945 710 4996 in
746 4942 865 4995 Vita
907 4940 1110 5005 Ambr.,
1137 4957 1278 4994 nunt.
1307 4939 1380 5012 '5)
1409 4954 1633 5010 operam
1687 4937 1859 5004 dedit,

271 5053 603 5109 magnusque
622 5078 637 5102 ,
687 5046 742 5089 ut
769 5051 834 5089 ex
863 5035 983 5102 ejus
1015 5032 1478 5088 lucubrationibus
1507 5034 1635 5088 licet
1661 5048 1864 5105 cogno-

272 5148 448 5196 scere,
471 5140 526 5188 et
556 5134 606 5186 in
639 5128 875 5186 lectione
907 5128 1173 5182 bonorum
1203 5135 1507 5190 auctorum,
1541 5137 1597 5182 et
1627 5129 1678 5182 itt
1710 5127 1865 5183 (ἶνες

271 5244 460 5286 carum
491 5228 791 5282 litterarum
814 5224 1128 5295 cognitione
1152 5236 1472 5292 progressus
1504 5221 1708 5277 habuit.
1741 5222 1871 5278 inde
1903 5205 1906 5207 Δ

273 5340 399 5382 cum
433 5322 654 5379 orandis
685 5322 737 5375 in
772 5319 892 5376 foro
917 5320 1097 5374 causis
1124 5318 1360 5372 animum
1393 5316 1716 5388 adiecisset,
1749 5328 1871 5371 tan-

276 5428 391 5474 tum
423 5431 537 5490 pra!
570 5431 630 5470 se
659 5414 784 5468 tulit
813 5415 1044 5484 ingenii,
1076 5413 1400 5482 eloquentim
1420 5452 1437 5479 ,
1467 5420 1522 5466 et
1546 5411 1824 5482 gravitatis
1854 5429 1869 5478 ;

277 5524 338 5570 ut
368 5528 492 5568 eum
525 5511 737 5568 Probus
769 5510 1022 5580 pra-torio
1051 5509 1340 5580 prafectus
1365 5507 1434 5560 ad
1460 5507 1730 5562 consilium
1774 5507 1870 5560 tria

277 5607 539 5664 buentlum
561 5605 810 5675 eligeret.
857 5603 1086 5674 Satyrus
1112 5617 1330 5673 quoque
1352 5643 1366 5665 ,
1408 5611 1628 5671 peracto
1661 5598 1870 5655 studio-

275 5720 398 5760 rum
453 5719 676 5758 sunrum
708 5699 1018 5767 curriculo,
1067 5698 1244 5754 forum
1294 5706 1549 5764 secutus,
1588 5696 1878 5751 incredibili

279 5799 650 5864 admiratione,
680 5808 740 5852 ut
770 5793 1044 5850 Ambrosii
1072 5795 1238 5850 verba
1268 5805 1616 5861 usurpentns,
1646 5795 1698 5848 in
1729 5793 1882 5846 audi-

285 5894 420 5950 torio
450 5896 770 5964 prterecturw
795 5887 1028 5944 sublimis
1060 5889 1266 5944 emicuit
1290 5887 1392 5960 (De
1414 5887 1625 5944 Excess.
1681 5886 1882 5956 Satyri,

1967 4761 2103 4816 enim
2131 4759 2348 4815 sciebam
2375 4760 2514 4831 quod
2550 4775 2653 4814 non
2680 4775 2793 4814 sunt
2832 4760 3024 4833 dignus
3069 4758 3240 4812 vocari
3274 4759 3562 4831 episwpus,

1967 4855 2210 4926 quoniam
2237 4855 2479 4912 dederam
2503 4870 2582 4908 me
2603 4853 2793 4909 steculo
2819 4853 2938 4908 huic
2955 4869 2974 4908 :
3003 4853 3096 4907 sed
3115 4853 3283 4925 gratia
3315 4863 3402 4908 ttta
3428 4872 3562 4923 sunt,

1969 4949 2106 5022 quod
2145 4966 2280 5003 sum.
2327 4945 2392 5002 Et
2429 4963 2542 5003 sum
2570 4946 2774 5018 quidem
2814 4948 3057 5003 minimus
3101 4948 3330 5001 ontnium
3370 4948 3570 5015 episco-

1972 5059 2192 5114 porum,
2237 5051 2284 5096 et
2323 5041 2532 5110 inﬁmus
2576 5041 2776 5094 merito.
2846 5041 2901 5095 lu
2945 5041 3178 5111 epistola
3222 5055 3438 5110 quoque
3503 5040 3567 5094 ad

1972 5136 2358 5193 Vercellenses
2411 5134 2485 5190 ita
2519 5134 2759 5206 loquitur
2793 5151 2806 5187 :
2837 5134 3004 5202 Quam
3043 5134 3343 5189 resistebant
3383 5149 3446 5186 ne
3492 5150 3576 5187 ora-

1973 5233 2184 5287 dinarer
2225 5270 2239 5284 .
2278 5271 2291 5285 .
2331 5270 2344 5284 .
2383 5269 2397 5283 .
2443 5229 2552 5285 Sed
2591 5245 2693 5283 non
2727 5228 2889 5283 valuit
2918 5229 3265 5301 praescriptio,
3308 5229 3578 5296 pratvaluit

1974 5326 2244 5396 impressio
2273 5322 2468 5394 (Epist.
2501 5323 2593 5387 65,
2625 5339 2767 5377 nam.
2795 5320 2914 5390 65).
2965 5322 3130 5378 Certe
3160 5318 3378 5392 quidem
3412 5336 3478 5376 ex
3513 5322 3580 5379 iis

1975 5435 2095 5491 qum
2115 5418 2378 5474 Paulinus
2401 5415 2500 5470 hac
2527 5415 2596 5470 de
2623 5431 2683 5471 re
2709 5422 2899 5469 narrat
2917 5413 3006 5483 (In
3037 5413 3156 5467 Vita
3181 5409 3456 5477 Ambr.,n.
3481 5413 3514 5471 7
3537 5425 3584 5472 rt

1977 5511 2112 5586 seq.)
2141 5555 2154 5575 ,
2206 5508 2582 5578 planissintum
2613 5517 2696 5565 est
2733 5497 2982 5562 sanetum
3015 5505 3161 5559 hunc
3188 5519 3436 5560 nostrum
3459 5548 3474 5573 ,
3524 5518 3586 5564 ut

1980 5605 2107 5662 huic
2135 5602 2289 5659 oneri
2332 5602 2660 5658 subduceret
2687 5599 2978 5660 humeros,
3009 5595 3142 5650 nihil
3175 5613 3280 5651 non
3317 5605 3584 5656 tentasse.

1982 5701 2372 5756 Verumtamen
2417 5693 2508 5750 ubi
2548 5686 2908 5747 Valentiniani
2953 5685 3185 5743 CacSaris
3242 5688 3423 5742 allata!
3460 5699 3594 5745 aunt

1987 5793 2188 5849 littera:
2216 5830 2230 5854 ,
2281 5786 2480 5841 divinae
2512 5777 2776 5837 voluntati
2805 5789 2964 5845 quam
2997 5790 3114 5846 post
3161 5788 3240 5834 tot
3287 5778 3487 5832 indicia
3535 5782 3590 5834 in
3675 5779 3696 5800 ‘

1984 5884 2206 5942 dubium
2257 5891 2513 5934 revocate
2559 5873 2667 5943 jam
2711 5884 2816 5924 non
2849 5876 3098 5938 poterat,
3145 5885 3352 5928 morem
3393 5882 3591 5938 gerere
