  <div class='ocr_page' id='page_1' title='image "/cluster/home/n/w/nwhite01/storage/ocr_20150623/14/hvd.32044015471303/041.png"; bbox 0 0 4102 6360; ppageno 0'>
   <div class='ocr_carea' id='block_1_1' title="bbox 609 289 4006 352">
    <p class='ocr_par' dir='ltr' id='par_1_1' title="bbox 609 289 4006 352">
     <span class='ocr_line' id='line_1_1' title="bbox 609 289 4006 352; baseline 0 -2"><span class='ocrx_word' id='word_1_1' title='bbox 609 294 670 352; x_wconf 86' lang='lat' dir='ltr'><strong>‘ll</strong></span> <span class='ocrx_word' id='word_1_2' title='bbox 1851 291 2014 348; x_wconf 82' lang='lat' dir='ltr'><strong>VITA</strong></span> <span class='ocrx_word' id='word_1_3' title='bbox 2049 289 2298 350; x_wconf 81' lang='lat' dir='ltr'><strong>SANCTI</strong></span> <span class='ocrx_word' id='word_1_4' title='bbox 2339 289 2666 350; x_wconf 79' lang='lat' dir='ltr'><strong>AMBROSII</strong></span> <span class='ocrx_word' id='word_1_5' title='bbox 3955 297 4006 352; x_wconf 66' lang='lat'><strong>72</strong></span> 
     </span>
    </p>
   </div>
   <div class='ocr_carea' id='block_1_2' title="bbox 606 403 4002 476">
    <p class='ocr_par' dir='ltr' id='par_1_2' title="bbox 606 403 4002 476">
     <span class='ocr_line' id='line_1_2' title="bbox 606 403 4002 476; baseline 0.001 -14"><span class='ocrx_word' id='word_1_6' title='bbox 606 416 830 462; x_wconf 86' lang='lat' dir='ltr'><strong>coactus</strong></span> <span class='ocrx_word' id='word_1_7' title='bbox 857 405 974 462; x_wconf 87' lang='lat' dir='ltr'><strong>fuit.</strong></span> <span class='ocrx_word' id='word_1_8' title='bbox 1027 405 1158 462; x_wconf 83' lang='lat' dir='ltr'><strong>Eam</strong></span> <span class='ocrx_word' id='word_1_9' title='bbox 1191 405 1260 462; x_wconf 90' lang='lat' dir='ltr'><strong>ob</strong></span> <span class='ocrx_word' id='word_1_10' title='bbox 1289 419 1402 462; x_wconf 87' lang='lat' dir='ltr'><strong>rem</strong></span> <span class='ocrx_word' id='word_1_11' title='bbox 1443 405 1644 460; x_wconf 90' lang='lat' dir='ltr'><strong>secutis</strong></span> <span class='ocrx_word' id='word_1_12' title='bbox 1670 405 2046 474; x_wconf 85' lang='lat' dir='ltr'><strong>temporibus,</strong></span> <span class='ocrx_word' id='word_1_13' title='bbox 2077 419 2200 460; x_wconf 89' lang='lat' dir='ltr'><strong>cum</strong></span> <span class='ocrx_word' id='word_1_14' title='bbox 2229 403 2510 468; x_wconf 71' lang='lat' dir='ltr'><strong>Atantam</strong></span> <span class='ocrx_word' id='word_1_15' title='bbox 2555 403 2874 476; x_wconf 83' lang='lat' dir='ltr'><strong>dignitatem</strong></span> <span class='ocrx_word' id='word_1_16' title='bbox 2933 411 3242 476; x_wconf 78' lang='lat' dir='ltr'><strong>assumptus</strong></span> <span class='ocrx_word' id='word_1_17' title='bbox 3287 403 3388 460; x_wconf 89' lang='lat' dir='ltr'><strong>fuit</strong></span> <span class='ocrx_word' id='word_1_18' title='bbox 3415 447 3438 470; x_wconf 88' lang='lat'><strong>,</strong></span> <span class='ocrx_word' id='word_1_19' title='bbox 3511 421 3792 466; x_wconf 87' lang='lat' dir='ltr'><strong>omnem</strong></span> <span class='ocrx_word' id='word_1_20' title='bbox 3849 410 4002 466; x_wconf 82' lang='lat' dir='ltr'><strong>aliam</strong></span> 
     </span>
    </p>
   </div>
   <div class='ocr_carea' id='block_1_3' title="bbox 606 497 2200 570">
    <p class='ocr_par' dir='ltr' id='par_1_3' title="bbox 606 497 2200 570">
     <span class='ocr_line' id='line_1_3' title="bbox 606 497 2200 570; baseline -0.003 -14"><span class='ocrx_word' id='word_1_21' title='bbox 606 503 948 557; x_wconf 90' lang='lat' dir='ltr'><strong>atrocissime</strong></span> <span class='ocrx_word' id='word_1_22' title='bbox 979 502 1330 570; x_wconf 80' lang='lat' dir='ltr'><strong>impeteretur</strong></span> <span class='ocrx_word' id='word_1_23' title='bbox 1355 501 1424 555; x_wconf 89' lang='lat' dir='ltr'><strong>ab</strong></span> <span class='ocrx_word' id='word_1_24' title='bbox 1453 499 1670 556; x_wconf 79' lang='lat' dir='ltr'><strong>Arianis</strong></span> <span class='ocrx_word' id='word_1_25' title='bbox 1691 540 1704 560; x_wconf 85' lang='lat'><strong>.</strong></span> <span class='ocrx_word' id='word_1_26' title='bbox 1751 497 2200 556; x_wconf 72' lang='lat' dir='ltr'><strong>Valentinianum</strong></span> 
     </span>
    </p>
   </div>
   <div class='ocr_carea' id='block_1_4' title="bbox 607 591 2198 663">
    <p class='ocr_par' dir='ltr' id='par_1_4' title="bbox 607 591 2198 663">
     <span class='ocr_line' id='line_1_4' title="bbox 607 591 2198 663; baseline -0.002 -13"><span class='ocrx_word' id='word_1_27' title='bbox 607 593 904 650; x_wconf 87' lang='lat' dir='ltr'><strong>secundum</strong></span> <span class='ocrx_word' id='word_1_28' title='bbox 935 593 1019 648; x_wconf 91' lang='lat' dir='ltr'><strong>bis</strong></span> <span class='ocrx_word' id='word_1_29' title='bbox 1039 593 1219 649; x_wconf 83' lang='lat' dir='ltr'><strong>verbis</strong></span> <span class='ocrx_word' id='word_1_30' title='bbox 1241 593 1604 663; x_wconf 84' lang='lat' dir='ltr'><strong>compellebat</strong></span> <span class='ocrx_word' id='word_1_31' title='bbox 1629 609 1642 646; x_wconf 91' lang='lat'>:</span> <span class='ocrx_word' id='word_1_32' title='bbox 1671 591 1890 655; x_wconf 82' lang='lat' dir='ltr'><strong>Omitto,</strong></span> <span class='ocrx_word' id='word_1_33' title='bbox 1925 591 2198 662; x_wconf 87' lang='lat' dir='ltr'><strong>inquiens,</strong></span> 
     </span>
    </p>
   </div>
   <div class='ocr_carea' id='block_1_5' title="bbox 605 687 2202 762">
    <p class='ocr_par' dir='ltr' id='par_1_5' title="bbox 605 687 2202 762">
     <span class='ocr_line' id='line_1_5' title="bbox 605 687 2202 762; baseline -0.001 -19"><span class='ocrx_word' id='word_1_34' title='bbox 605 690 728 760; x_wconf 85' lang='lat' dir='ltr'><strong>quia</strong></span> <span class='ocrx_word' id='word_1_35' title='bbox 758 693 873 762; x_wconf 87' lang='lat' dir='ltr'><strong>jam</strong></span> <span class='ocrx_word' id='word_1_36' title='bbox 923 691 1033 760; x_wconf 87' lang='lat' dir='ltr'><strong>ipse</strong></span> <span class='ocrx_word' id='word_1_37' title='bbox 1077 690 1301 760; x_wconf 89' lang='lat' dir='ltr'><strong>populus</strong></span> <span class='ocrx_word' id='word_1_38' title='bbox 1338 689 1598 760; x_wconf 70' lang='lat' dir='ltr'><strong>judicavit</strong></span> <span class='ocrx_word' id='word_1_39' title='bbox 1641 705 1660 742; x_wconf 90' lang='lat'><strong><em>:</em></strong></span> <span class='ocrx_word' id='word_1_40' title='bbox 1703 687 1884 742; x_wconf 87' lang='lat' dir='ltr'><strong>omitto</strong></span> <span class='ocrx_word' id='word_1_41' title='bbox 1921 688 2044 758; x_wconf 89' lang='lat' dir='ltr'><strong>quia</strong></span> <span class='ocrx_word' id='word_1_42' title='bbox 2083 705 2202 742; x_wconf 84' lang='lat' dir='ltr'><strong>eum</strong></span> 
     </span>
    </p>
   </div>
   <div class='ocr_carea' id='block_1_6' title="bbox 603 779 2200 854">
    <p class='ocr_par' dir='ltr' id='par_1_6' title="bbox 603 779 2200 854">
     <span class='ocr_line' id='line_1_6' title="bbox 603 779 2200 854; baseline -0.001 -16"><span class='ocrx_word' id='word_1_43' title='bbox 603 800 750 854; x_wconf 86' lang='lat' dir='ltr'><strong><em>quem</em></strong></span> <span class='ocrx_word' id='word_1_44' title='bbox 779 783 949 848; x_wconf 84' lang='lat' dir='ltr'><strong>habet,</strong></span> <span class='ocrx_word' id='word_1_45' title='bbox 983 784 1048 838; x_wconf 88' lang='lat' dir='ltr'><strong>de</strong></span> <span class='ocrx_word' id='word_1_46' title='bbox 1069 793 1214 854; x_wconf 87' lang='lat' dir='ltr'><strong>patre</strong></span> <span class='ocrx_word' id='word_1_47' title='bbox 1239 783 1538 838; x_wconf 69' lang='lat' dir='ltr'><strong>Clementiae</strong></span> <span class='ocrx_word' id='word_1_48' title='bbox 1563 791 1665 838; x_wconf 80' lang='lat' dir='ltr'><strong>tute</strong></span> <span class='ocrx_word' id='word_1_49' title='bbox 1695 779 1972 852; x_wconf 81' lang='lat' dir='ltr'><strong>postulavit</strong></span> <span class='ocrx_word' id='word_1_50' title='bbox 2003 799 2020 836; x_wconf 92' lang='lat'><em>:</em></span> <span class='ocrx_word' id='word_1_51' title='bbox 2057 792 2200 836; x_wconf 83' lang='lat' dir='ltr'><strong>taceo</strong></span> 
     </span>
    </p>
   </div>
   <div class='ocr_carea' id='block_1_7' title="bbox 603 871 2198 948">
    <p class='ocr_par' dir='ltr' id='par_1_7' title="bbox 603 871 2198 948">
     <span class='ocr_line' id='line_1_7' title="bbox 603 871 2198 948; baseline -0.001 -16"><span class='ocrx_word' id='word_1_52' title='bbox 603 879 726 946; x_wconf 88' lang='lat' dir='ltr'><strong>quia</strong></span> <span class='ocrx_word' id='word_1_53' title='bbox 765 871 1152 948; x_wconf 27' lang='lat' dir='ltr'><strong>pater‘pietatis</strong></span> <span class='ocrx_word' id='word_1_54' title='bbox 1197 887 1300 933; x_wconf 72' lang='lat' dir='ltr'><strong>tua!</strong></span> <span class='ocrx_word' id='word_1_55' title='bbox 1339 879 1560 948; x_wconf 76' lang='lat' dir='ltr'><strong>quietem</strong></span> <span class='ocrx_word' id='word_1_56' title='bbox 1611 878 1844 946; x_wconf 86' lang='lat' dir='ltr'><strong>futuram</strong></span> <span class='ocrx_word' id='word_1_57' title='bbox 1883 877 2198 945; x_wconf 77' lang='lat' dir='ltr'><strong>spopondit,</strong></span> 
     </span>
    </p>
   </div>
   <div class='ocr_carea' id='block_1_8' title="bbox 602 969 2200 1044">
    <p class='ocr_par' dir='ltr' id='par_1_8' title="bbox 602 969 2200 1044">
     <span class='ocr_line' id='line_1_8' title="bbox 602 969 2200 1044; baseline 0 -18"><span class='ocrx_word' id='word_1_58' title='bbox 602 970 647 1026; x_wconf 86' lang='lat' dir='ltr'><strong>si</strong></span> <span class='ocrx_word' id='word_1_59' title='bbox 671 971 858 1026; x_wconf 88' lang='lat' dir='ltr'><strong>electus</strong></span> <span class='ocrx_word' id='word_1_60' title='bbox 907 973 1186 1044; x_wconf 87' lang='lat' dir='ltr'><strong>susciperet</strong></span> <span class='ocrx_word' id='word_1_61' title='bbox 1211 971 1578 1026; x_wconf 73' lang='lat' dir='ltr'><strong>sacerdotium.</strong></span> <span class='ocrx_word' id='word_1_62' title='bbox 1627 969 1779 1024; x_wconf 75' lang='lat' dir='ltr'><strong>lianc</strong></span> <span class='ocrx_word' id='word_1_63' title='bbox 1813 969 1967 1040; x_wconf 86' lang='lat' dir='ltr'><strong>fidem</strong></span> <span class='ocrx_word' id='word_1_64' title='bbox 1996 981 2200 1026; x_wconf 82' lang='lat' dir='ltr'><strong>secutus</strong></span> 
     </span>
    </p>
   </div>
   <div class='ocr_carea' id='block_1_9' title="bbox 600 1061 1756 1135">
    <p class='ocr_par' dir='ltr' id='par_1_9' title="bbox 600 1061 1756 1135">
     <span class='ocr_line' id='line_1_9' title="bbox 600 1061 1756 1135; baseline -0.001 -18"><span class='ocrx_word' id='word_1_65' title='bbox 600 1079 714 1118; x_wconf 88' lang='lat' dir='ltr'><strong>sum</strong></span> <span class='ocrx_word' id='word_1_66' title='bbox 759 1065 1128 1133; x_wconf 71' lang='lat' dir='ltr'><strong>promissorum</strong></span> <span class='ocrx_word' id='word_1_67' title='bbox 1155 1062 1353 1135; x_wconf 86' lang='lat' dir='ltr'><strong>(Epist.</strong></span> <span class='ocrx_word' id='word_1_68' title='bbox 1377 1061 1469 1130; x_wconf 66' lang='grc' dir='ltr'><strong>Ἡ,</strong></span> <span class='ocrx_word' id='word_1_69' title='bbox 1507 1079 1648 1116; x_wconf 89' lang='lat' dir='ltr'><strong>num.</strong></span> <span class='ocrx_word' id='word_1_70' title='bbox 1675 1063 1756 1132; x_wconf 88' lang='lat'><strong>7).</strong></span> 
     </span>
    </p>
   </div>
   <div class='ocr_carea' id='block_1_10' title="bbox 673 1155 2196 1228">
    <p class='ocr_par' dir='ltr' id='par_1_10' title="bbox 673 1155 2196 1228">
     <span class='ocr_line' id='line_1_10' title="bbox 673 1155 2196 1228; baseline -0.001 -16"><span class='ocrx_word' id='word_1_71' title='bbox 673 1157 759 1212; x_wconf 76' lang='grc'><strong>12.</strong></span> <span class='ocrx_word' id='word_1_72' title='bbox 803 1157 1098 1228; x_wconf 82' lang='lat' dir='ltr'><strong>Postquam</strong></span> <span class='ocrx_word' id='word_1_73' title='bbox 1133 1156 1295 1228; x_wconf 86' lang='lat' dir='ltr'><strong>igitur</strong></span> <span class='ocrx_word' id='word_1_74' title='bbox 1325 1155 1522 1210; x_wconf 83' lang='lat' dir='ltr'><strong>divinis</strong></span> <span class='ocrx_word' id='word_1_75' title='bbox 1553 1155 1729 1224; x_wconf 87' lang='lat' dir='ltr'><strong>paruit</strong></span> <span class='ocrx_word' id='word_1_76' title='bbox 1763 1156 2072 1226; x_wconf 85' lang='lat' dir='ltr'><strong>imperatis,</strong></span> <span class='ocrx_word' id='word_1_77' title='bbox 2107 1171 2196 1211; x_wconf 91' lang='lat' dir='ltr'><strong>re-</strong></span> 
     </span>
    </p>
   </div>
   <div class='ocr_carea' id='block_1_11' title="bbox 599 1248 2196 1321">
    <p class='ocr_par' dir='ltr' id='par_1_11' title="bbox 599 1248 2196 1321">
     <span class='ocr_line' id='line_1_11' title="bbox 599 1248 2196 1321; baseline -0.001 -15"><span class='ocrx_word' id='word_1_78' title='bbox 599 1250 966 1321; x_wconf 76' lang='lat' dir='ltr'><strong>generationis</strong></span> <span class='ocrx_word' id='word_1_79' title='bbox 1006 1250 1223 1304; x_wconf 81' lang='lat' dir='ltr'><strong>lavaero</strong></span> <span class='ocrx_word' id='word_1_80' title='bbox 1253 1248 1496 1318; x_wconf 82' lang='lat' dir='ltr'><strong>episcopi</strong></span> <span class='ocrx_word' id='word_1_81' title='bbox 1532 1249 1785 1304; x_wconf 83' lang='lat' dir='ltr'><strong>catholici</strong></span> <span class='ocrx_word' id='word_1_82' title='bbox 1825 1249 2075 1305; x_wconf 81' lang='lat' dir='ltr'><strong>inanibus</strong></span> <span class='ocrx_word' id='word_1_83' title='bbox 2101 1265 2196 1306; x_wconf 84' lang='lat' dir='ltr'><strong>vo-</strong></span> 
     </span>
    </p>
   </div>
   <div class='ocr_carea' id='block_1_12' title="bbox 599 1340 2197 1412">
    <p class='ocr_par' dir='ltr' id='par_1_12' title="bbox 599 1340 2197 1412">
     <span class='ocr_line' id='line_1_12' title="bbox 599 1340 2197 1412; baseline -0.001 -15"><span class='ocrx_word' id='word_1_84' title='bbox 599 1343 696 1398; x_wconf 88' lang='lat' dir='ltr'><strong>luit</strong></span> <span class='ocrx_word' id='word_1_85' title='bbox 729 1343 934 1411; x_wconf 81' lang='lat' dir='ltr'><strong>expiari</strong></span> <span class='ocrx_word' id='word_1_86' title='bbox 961 1357 974 1394; x_wconf 87' lang='lat'><strong>:</strong></span> <span class='ocrx_word' id='word_1_87' title='bbox 1010 1340 1312 1412; x_wconf 74' lang='lat' dir='ltr'><strong>Baptizatus</strong></span> <span class='ocrx_word' id='word_1_88' title='bbox 1343 1353 1522 1396; x_wconf 90' lang='lat' dir='ltr'><strong>autem</strong></span> <span class='ocrx_word' id='word_1_89' title='bbox 1566 1345 1730 1412; x_wconf 90' lang='lat' dir='ltr'><strong>fertur</strong></span> <span class='ocrx_word' id='word_1_90' title='bbox 1755 1343 1928 1396; x_wconf 82' lang='lat' dir='ltr'><strong>omnia</strong></span> <span class='ocrx_word' id='word_1_91' title='bbox 1950 1343 2197 1398; x_wconf 82' lang='lat' dir='ltr'><strong>ecclesia-</strong></span> 
     </span>
    </p>
   </div>
   <div class='ocr_carea' id='block_1_13' title="bbox 598 1437 2195 1508">
    <p class='ocr_par' dir='ltr' id='par_1_13' title="bbox 598 1437 2195 1508">
     <span class='ocr_line' id='line_1_13' title="bbox 598 1437 2195 1508; baseline -0.001 -15"><span class='ocrx_word' id='word_1_92' title='bbox 598 1444 728 1494; x_wconf 76' lang='lat' dir='ltr'><strong>stica</strong></span> <span class='ocrx_word' id='word_1_93' title='bbox 787 1437 953 1508; x_wconf 79' lang='lat' dir='ltr'><strong>ofﬁcia</strong></span> <span class='ocrx_word' id='word_1_94' title='bbox 1013 1437 1290 1506; x_wconf 74' lang='lat' dir='ltr'><strong>implesse,</strong></span> <span class='ocrx_word' id='word_1_95' title='bbox 1337 1445 1504 1508; x_wconf 84' lang='lat' dir='ltr'><strong>atque</strong></span> <span class='ocrx_word' id='word_1_96' title='bbox 1563 1446 1742 1490; x_wconf 78' lang='lat' dir='ltr'><strong>octava</strong></span> <span class='ocrx_word' id='word_1_97' title='bbox 1793 1437 1876 1490; x_wconf 85' lang='lat' dir='ltr'><strong>die</strong></span> <span class='ocrx_word' id='word_1_98' title='bbox 1925 1437 2195 1508; x_wconf 86' lang='lat' dir='ltr'><strong>episcopus</strong></span> 
     </span>
    </p>
   </div>
   <div class='ocr_carea' id='block_1_14' title="bbox 597 1529 2199 1603">
    <p class='ocr_par' dir='ltr' id='par_1_14' title="bbox 597 1529 2199 1603">
     <span class='ocr_line' id='line_1_14' title="bbox 597 1529 2199 1603; baseline 0 -17"><span class='ocrx_word' id='word_1_99' title='bbox 597 1531 868 1586; x_wconf 87' lang='lat' dir='ltr'><strong>ordinatus</strong></span> <span class='ocrx_word' id='word_1_100' title='bbox 897 1541 970 1586; x_wconf 88' lang='lat' dir='ltr'><strong>est</strong></span> <span class='ocrx_word' id='word_1_101' title='bbox 1000 1529 1238 1603; x_wconf 88' lang='lat' dir='ltr'><strong>(Paulin.</strong></span> <span class='ocrx_word' id='word_1_102' title='bbox 1275 1531 1328 1584; x_wconf 87' lang='lat' dir='ltr'><strong>in</strong></span> <span class='ocrx_word' id='word_1_103' title='bbox 1359 1530 1478 1584; x_wconf 85' lang='lat' dir='ltr'><strong>l&#39;ita</strong></span> <span class='ocrx_word' id='word_1_104' title='bbox 1505 1531 1710 1598; x_wconf 80' lang='lat' dir='ltr'><strong>Ambr.,</strong></span> <span class='ocrx_word' id='word_1_105' title='bbox 1757 1549 1900 1586; x_wconf 76' lang='lat' dir='ltr'><strong>itum.</strong></span> <span class='ocrx_word' id='word_1_106' title='bbox 1937 1531 2014 1600; x_wconf 90' lang='lat'><strong>9).</strong></span> <span class='ocrx_word' id='word_1_107' title='bbox 2044 1531 2199 1586; x_wconf 85' lang='lat' dir='ltr'><strong>Nihi-</strong></span> 
     </span>
    </p>
   </div>
   <div class='ocr_carea' id='block_1_15' title="bbox 597 1621 2194 1696">
    <p class='ocr_par' dir='ltr' id='par_1_15' title="bbox 597 1621 2194 1696">
     <span class='ocr_line' id='line_1_15' title="bbox 597 1621 2194 1696; baseline 0 -18"><span class='ocrx_word' id='word_1_108' title='bbox 597 1621 833 1678; x_wconf 84' lang='lat' dir='ltr'><strong>lominus</strong></span> <span class='ocrx_word' id='word_1_109' title='bbox 879 1633 1060 1680; x_wconf 87' lang='lat' dir='ltr'><strong>tamen</strong></span> <span class='ocrx_word' id='word_1_110' title='bbox 1109 1635 1167 1678; x_wconf 93' lang='lat' dir='ltr'><strong>ut</strong></span> <span class='ocrx_word' id='word_1_111' title='bbox 1195 1623 1452 1680; x_wconf 77' lang='lat' dir='ltr'><strong>Ecclesia:</strong></span> <span class='ocrx_word' id='word_1_112' title='bbox 1503 1625 1670 1694; x_wconf 82' lang='lat' dir='ltr'><strong>leges,</strong></span> <span class='ocrx_word' id='word_1_113' title='bbox 1698 1641 1820 1696; x_wconf 61' lang='lat' dir='ltr'><strong>qua;</strong></span> <span class='ocrx_word' id='word_1_114' title='bbox 1863 1624 2194 1696; x_wconf 87' lang='lat' dir='ltr'><strong>neophytnm</strong></span> 
     </span>
    </p>
   </div>
   <div class='ocr_carea' id='block_1_16' title="bbox 599 1719 2196 1790">
    <p class='ocr_par' dir='ltr' id='par_1_16' title="bbox 599 1719 2196 1790">
     <span class='ocr_line' id='line_1_16' title="bbox 599 1719 2196 1790; baseline 0.003 -18"><span class='ocrx_word' id='word_1_115' title='bbox 599 1726 788 1776; x_wconf 81' lang='lat' dir='ltr'><strong>vetant</strong></span> <span class='ocrx_word' id='word_1_116' title='bbox 829 1721 1173 1786; x_wconf 88' lang='lat' dir='ltr'><strong>consecrari,</strong></span> <span class='ocrx_word' id='word_1_117' title='bbox 1220 1719 1562 1790; x_wconf 90' lang='lat' dir='ltr'><strong>aliquatenus</strong></span> <span class='ocrx_word' id='word_1_118' title='bbox 1588 1721 2052 1790; x_wconf 73' lang='lat' dir='ltr'><strong>observarentur;</strong></span> <span class='ocrx_word' id='word_1_119' title='bbox 2097 1737 2196 1776; x_wconf 91' lang='lat' dir='ltr'><strong>an-</strong></span> 
     </span>
    </p>
   </div>
   <div class='ocr_carea' id='block_1_17' title="bbox 2307 498 3996 570">
    <p class='ocr_par' dir='ltr' id='par_1_17' title="bbox 2307 498 3996 570">
     <span class='ocr_line' id='line_1_17' title="bbox 2307 498 3996 570; baseline 0.005 -18"><span class='ocrx_word' id='word_1_120' title='bbox 2307 513 2490 554; x_wconf 86' lang='lat' dir='ltr'><strong>coram</strong></span> <span class='ocrx_word' id='word_1_121' title='bbox 2535 509 2896 570; x_wconf 68' lang='lat' dir='ltr'><strong>praeterquam</strong></span> <span class='ocrx_word' id='word_1_122' title='bbox 2943 498 3202 570; x_wconf 85' lang='lat' dir='ltr'><strong>implendi</strong></span> <span class='ocrx_word' id='word_1_123' title='bbox 3245 500 3524 556; x_wconf 87' lang='lat' dir='ltr'><strong>muneris</strong></span> <span class='ocrx_word' id='word_1_124' title='bbox 3583 503 3690 556; x_wconf 83' lang='lat' dir='ltr'><strong>sui</strong></span> <span class='ocrx_word' id='word_1_125' title='bbox 3745 517 3782 556; x_wconf 83' lang='lat' dir='ltr'><strong>a</strong></span> <span class='ocrx_word' id='word_1_126' title='bbox 3829 517 3898 559; x_wconf 84' lang='lat' dir='ltr'><strong>se</strong></span> <span class='ocrx_word' id='word_1_127' title='bbox 3925 521 3996 560; x_wconf 87' lang='lat' dir='ltr'><strong>re-</strong></span> 
     </span>
    </p>
   </div>
   <div class='ocr_carea' id='block_1_18' title="bbox 2309 593 3994 666">
    <p class='ocr_par' dir='ltr' id='par_1_18' title="bbox 2309 593 3994 666">
     <span class='ocr_line' id='line_1_18' title="bbox 2309 593 3994 666; baseline 0.005 -20"><span class='ocrx_word' id='word_1_128' title='bbox 2309 595 2495 648; x_wconf 88' lang='lat' dir='ltr'><strong>movit.</strong></span> <span class='ocrx_word' id='word_1_129' title='bbox 2559 593 2608 648; x_wconf 85' lang='lat' dir='ltr'><strong>Is</strong></span> <span class='ocrx_word' id='word_1_130' title='bbox 2635 595 2780 649; x_wconf 88' lang='lat' dir='ltr'><strong>enim</strong></span> <span class='ocrx_word' id='word_1_131' title='bbox 2823 593 2960 648; x_wconf 84' lang='lat' dir='ltr'><strong>bona</strong></span> <span class='ocrx_word' id='word_1_132' title='bbox 2989 593 3312 664; x_wconf 84' lang='lat' dir='ltr'><strong>temporalia</strong></span> <span class='ocrx_word' id='word_1_133' title='bbox 3333 635 3348 659; x_wconf 94' lang='lat'><strong>,</strong></span> <span class='ocrx_word' id='word_1_134' title='bbox 3383 594 3662 664; x_wconf 64' lang='lat' dir='ltr'><strong>,quibus</strong></span> <span class='ocrx_word' id='word_1_135' title='bbox 3701 597 3894 666; x_wconf 86' lang='lat' dir='ltr'><strong>ipsius</strong></span> <span class='ocrx_word' id='word_1_136' title='bbox 3925 599 3994 654; x_wconf 80' lang='lat' dir='ltr'><strong>fa-</strong></span> 
     </span>
    </p>
   </div>
   <div class='ocr_carea' id='block_1_19' title="bbox 2305 687 3990 762">
    <p class='ocr_par' dir='ltr' id='par_1_19' title="bbox 2305 687 3990 762">
     <span class='ocr_line' id='line_1_19' title="bbox 2305 687 3990 762; baseline 0.004 -20"><span class='ocrx_word' id='word_1_137' title='bbox 2305 687 2452 742; x_wconf 90' lang='lat' dir='ltr'><strong>milia</strong></span> <span class='ocrx_word' id='word_1_138' title='bbox 2491 687 2730 758; x_wconf 85' lang='lat' dir='ltr'><strong>locuples</strong></span> <span class='ocrx_word' id='word_1_139' title='bbox 2761 695 2918 752; x_wconf 87' lang='lat' dir='ltr'><strong>erat,</strong></span> <span class='ocrx_word' id='word_1_140' title='bbox 2961 703 3084 742; x_wconf 90' lang='lat' dir='ltr'><strong>cum</strong></span> <span class='ocrx_word' id='word_1_141' title='bbox 3135 687 3390 760; x_wconf 83' lang='lat' dir='ltr'><strong>Satyrum</strong></span> <span class='ocrx_word' id='word_1_142' title='bbox 3459 689 3750 746; x_wconf 79' lang='lat' dir='ltr'><strong>fratrem</strong></span> <span class='ocrx_word' id='word_1_143' title='bbox 3797 693 3990 762; x_wconf 83' lang='lat' dir='ltr'><strong>opibus</strong></span> 
     </span>
    </p>
   </div>
   <div class='ocr_carea' id='block_1_20' title="bbox 2305 781 3980 853">
    <p class='ocr_par' dir='ltr' id='par_1_20' title="bbox 2305 781 3980 853">
     <span class='ocr_line' id='line_1_20' title="bbox 2305 781 3980 853; baseline 0.002 -19"><span class='ocrx_word' id='word_1_144' title='bbox 2305 797 2598 852; x_wconf 84' lang='lat' dir='ltr'><strong>pauperem</strong></span> <span class='ocrx_word' id='word_1_145' title='bbox 2631 783 2798 838; x_wconf 84' lang='lat' dir='ltr'><strong>fuisse</strong></span> <span class='ocrx_word' id='word_1_146' title='bbox 2829 781 2920 838; x_wconf 75' lang='lat' dir='ltr'><strong>Vir</strong></span> <span class='ocrx_word' id='word_1_147' title='bbox 2941 791 3164 838; x_wconf 89' lang='lat' dir='ltr'><strong>sanctus</strong></span> <span class='ocrx_word' id='word_1_148' title='bbox 3191 793 3354 853; x_wconf 79' lang='lat' dir='ltr'><strong>neget</strong></span> <span class='ocrx_word' id='word_1_149' title='bbox 3381 781 3512 850; x_wconf 84' lang='lat' dir='ltr'><strong>(De</strong></span> <span class='ocrx_word' id='word_1_150' title='bbox 3551 782 3842 840; x_wconf 68' lang='lat' dir='ltr'><strong>Excessit</strong></span> <span class='ocrx_word' id='word_1_151' title='bbox 3883 785 3980 842; x_wconf 82' lang='lat' dir='ltr'><strong>Sa-</strong></span> 
     </span>
    </p>
   </div>
   <div class='ocr_carea' id='block_1_21' title="bbox 2304 875 3982 949">
    <p class='ocr_par' dir='ltr' id='par_1_21' title="bbox 2304 875 3982 949">
     <span class='ocr_line' id='line_1_21' title="bbox 2304 875 3982 949; baseline 0.004 -21"><span class='ocrx_word' id='word_1_152' title='bbox 2304 877 2427 947; x_wconf 79' lang='lat' dir='ltr'><strong>tyri.</strong></span> <span class='ocrx_word' id='word_1_153' title='bbox 2457 893 2596 930; x_wconf 84' lang='lat' dir='ltr'><strong>num.</strong></span> <span class='ocrx_word' id='word_1_154' title='bbox 2623 875 2756 946; x_wconf 77' lang='lat'><strong>56),</strong></span> <span class='ocrx_word' id='word_1_155' title='bbox 2807 877 3056 932; x_wconf 87' lang='lat' dir='ltr'><strong>universa</strong></span> <span class='ocrx_word' id='word_1_156' title='bbox 3107 875 3408 944; x_wconf 85' lang='lat' dir='ltr'><strong>abdicavit,</strong></span> <span class='ocrx_word' id='word_1_157' title='bbox 3473 893 3786 949; x_wconf 81' lang='lat' dir='ltr'><strong>auroque</strong></span> <span class='ocrx_word' id='word_1_158' title='bbox 3815 887 3876 934; x_wconf 84' lang='lat' dir='ltr'><strong>et</strong></span> <span class='ocrx_word' id='word_1_159' title='bbox 3899 895 3982 935; x_wconf 85' lang='lat' dir='ltr'><strong>ar-</strong></span> 
     </span>
    </p>
   </div>
   <div class='ocr_carea' id='block_1_22' title="bbox 2299 969 3978 1040">
    <p class='ocr_par' dir='ltr' id='par_1_22' title="bbox 2299 969 3978 1040">
     <span class='ocr_line' id='line_1_22' title="bbox 2299 969 3978 1040; baseline 0.002 -16"><span class='ocrx_word' id='word_1_160' title='bbox 2299 979 2461 1038; x_wconf 85' lang='lat' dir='ltr'><strong>gento</strong></span> <span class='ocrx_word' id='word_1_161' title='bbox 2493 969 2544 1023; x_wconf 91' lang='lat' dir='ltr'><strong>in</strong></span> <span class='ocrx_word' id='word_1_162' title='bbox 2571 985 2770 1040; x_wconf 83' lang='lat' dir='ltr'><strong>egenos</strong></span> <span class='ocrx_word' id='word_1_163' title='bbox 2791 969 3012 1034; x_wconf 81' lang='lat' dir='ltr'><strong>collato,</strong></span> <span class='ocrx_word' id='word_1_164' title='bbox 3045 969 3244 1038; x_wconf 70' lang='lat' dir='ltr'><strong>prtedia</strong></span> <span class='ocrx_word' id='word_1_165' title='bbox 3273 985 3392 1032; x_wconf 79' lang='lat' dir='ltr'><strong>sua,</strong></span> <span class='ocrx_word' id='word_1_166' title='bbox 3419 981 3776 1027; x_wconf 79' lang='lat' dir='ltr'><strong>reservato</strong></span> <span class='ocrx_word' id='word_1_167' title='bbox 3805 973 3978 1028; x_wconf 85' lang='lat' dir='ltr'><strong>sorori</strong></span> 
     </span>
    </p>
   </div>
   <div class='ocr_carea' id='block_1_23' title="bbox 2299 1059 3972 1131">
    <p class='ocr_par' dir='ltr' id='par_1_23' title="bbox 2299 1059 3972 1131">
     <span class='ocr_line' id='line_1_23' title="bbox 2299 1059 3972 1131; baseline 0.001 -17"><span class='ocrx_word' id='word_1_168' title='bbox 2299 1059 2418 1114; x_wconf 90' lang='lat' dir='ltr'><strong>solo</strong></span> <span class='ocrx_word' id='word_1_169' title='bbox 2447 1059 2746 1126; x_wconf 82' lang='lat' dir='ltr'><strong>usufructu,</strong></span> <span class='ocrx_word' id='word_1_170' title='bbox 2773 1061 3032 1118; x_wconf 76' lang='lat' dir='ltr'><strong>Ecclesite</strong></span> <span class='ocrx_word' id='word_1_171' title='bbox 3055 1061 3244 1118; x_wconf 84' lang='lat' dir='ltr'><strong>tribuit</strong></span> <span class='ocrx_word' id='word_1_172' title='bbox 3265 1059 3458 1128; x_wconf 83' lang='lat' dir='ltr'><strong>(Paul.</strong></span> <span class='ocrx_word' id='word_1_173' title='bbox 3481 1063 3554 1116; x_wconf 82' lang='lat' dir='ltr'><strong>iu</strong></span> <span class='ocrx_word' id='word_1_174' title='bbox 3593 1061 3740 1118; x_wconf 76' lang='lat' dir='ltr'><strong>Vita</strong></span> <span class='ocrx_word' id='word_1_175' title='bbox 3769 1065 3972 1131; x_wconf 68' lang='lat' dir='ltr'><strong>Arnim,</strong></span> 
     </span>
    </p>
   </div>
   <div class='ocr_carea' id='block_1_24' title="bbox 2301 1121 4057 1230">
    <p class='ocr_par' dir='ltr' id='par_1_24' title="bbox 2301 1121 4057 1230">
     <span class='ocr_line' id='line_1_24' title="bbox 2301 1121 4057 1230; baseline 0.003 -23"><span class='ocrx_word' id='word_1_176' title='bbox 2301 1169 2446 1208; x_wconf 87' lang='lat' dir='ltr'><strong>num.</strong></span> <span class='ocrx_word' id='word_1_177' title='bbox 2473 1155 2588 1224; x_wconf 76' lang='lat'><strong>58).</strong></span> <span class='ocrx_word' id='word_1_178' title='bbox 2635 1155 2764 1210; x_wconf 88' lang='lat' dir='ltr'><strong>Inde</strong></span> <span class='ocrx_word' id='word_1_179' title='bbox 2793 1164 2878 1210; x_wconf 89' lang='lat' dir='ltr'><strong>est</strong></span> <span class='ocrx_word' id='word_1_180' title='bbox 2915 1153 3058 1224; x_wconf 85' lang='lat' dir='ltr'><strong>quod</strong></span> <span class='ocrx_word' id='word_1_181' title='bbox 3107 1165 3352 1226; x_wconf 88' lang='lat' dir='ltr'><strong>tempore</strong></span> <span class='ocrx_word' id='word_1_182' title='bbox 3399 1155 3674 1212; x_wconf 64' lang='lat' dir='ltr'><strong>Arianae</strong></span> <span class='ocrx_word' id='word_1_183' title='bbox 3709 1175 3972 1230; x_wconf 81' lang='lat' dir='ltr'><strong>persecu-</strong></span> <span class='ocrx_word' id='word_1_184' title='bbox 4055 1121 4057 1206; x_wconf 50' lang='grc' dir='ltr'><strong>ί</strong></span> 
     </span>
    </p>
   </div>
   <div class='ocr_carea' id='block_1_25' title="bbox 2301 1245 3970 1318">
    <p class='ocr_par' dir='ltr' id='par_1_25' title="bbox 2301 1245 3970 1318">
     <span class='ocr_line' id='line_1_25' title="bbox 2301 1245 3970 1318; baseline 0.004 -19"><span class='ocrx_word' id='word_1_185' title='bbox 2301 1245 2464 1300; x_wconf 90' lang='lat' dir='ltr'><strong>tionis</strong></span> <span class='ocrx_word' id='word_1_186' title='bbox 2493 1247 2842 1317; x_wconf 87' lang='lat' dir='ltr'><strong>responderit</strong></span> <span class='ocrx_word' id='word_1_187' title='bbox 2870 1257 3016 1304; x_wconf 86' lang='lat' dir='ltr'><strong>tanta</strong></span> <span class='ocrx_word' id='word_1_188' title='bbox 3043 1264 3166 1306; x_wconf 81' lang='lat' dir='ltr'><strong>cum</strong></span> <span class='ocrx_word' id='word_1_189' title='bbox 3197 1249 3387 1304; x_wconf 80' lang='lat' dir='ltr'><strong>ﬁducia</strong></span> <span class='ocrx_word' id='word_1_190' title='bbox 3417 1269 3432 1306; x_wconf 90' lang='lat'><strong>:</strong></span> <span class='ocrx_word' id='word_1_191' title='bbox 3491 1249 3576 1306; x_wconf 84' lang='lat' dir='ltr'><strong>Si</strong></span> <span class='ocrx_word' id='word_1_192' title='bbox 3621 1269 3664 1304; x_wconf 89' lang='lat' dir='ltr'><strong>a</strong></span> <span class='ocrx_word' id='word_1_193' title='bbox 3713 1269 3805 1306; x_wconf 84' lang='lat' dir='ltr'><strong>me</strong></span> <span class='ocrx_word' id='word_1_194' title='bbox 3841 1263 3970 1318; x_wconf 78' lang='lat' dir='ltr'><strong>pete-</strong></span> 
     </span>
    </p>
   </div>
   <div class='ocr_carea' id='block_1_26' title="bbox 2299 1340 3962 1416">
    <p class='ocr_par' dir='ltr' id='par_1_26' title="bbox 2299 1340 3962 1416">
     <span class='ocr_line' id='line_1_26' title="bbox 2299 1340 3962 1416; baseline 0.003 -22"><span class='ocrx_word' id='word_1_195' title='bbox 2299 1349 2374 1394; x_wconf 88' lang='lat' dir='ltr'><strong>ret</strong></span> <span class='ocrx_word' id='word_1_196' title='bbox 2415 1340 2790 1414; x_wconf 89' lang='lat' dir='ltr'><strong>(imperator)</strong></span> <span class='ocrx_word' id='word_1_197' title='bbox 2839 1341 2978 1412; x_wconf 86' lang='lat' dir='ltr'><strong>quod</strong></span> <span class='ocrx_word' id='word_1_198' title='bbox 3025 1358 3195 1396; x_wconf 86' lang='lat' dir='ltr'><strong>meum</strong></span> <span class='ocrx_word' id='word_1_199' title='bbox 3245 1353 3410 1406; x_wconf 84' lang='lat' dir='ltr'><strong>esset,</strong></span> <span class='ocrx_word' id='word_1_200' title='bbox 3449 1343 3524 1396; x_wconf 83' lang='lat' dir='ltr'><strong>id</strong></span> <span class='ocrx_word' id='word_1_201' title='bbox 3553 1355 3692 1409; x_wconf 84' lang='lat' dir='ltr'><strong>est,</strong></span> <span class='ocrx_word' id='word_1_202' title='bbox 3743 1345 3962 1416; x_wconf 76' lang='lat' dir='ltr'><strong>fundunt</strong></span> 
     </span>
    </p>
   </div>
   <div class='ocr_carea' id='block_1_27' title="bbox 2299 1434 3962 1508">
    <p class='ocr_par' dir='ltr' id='par_1_27' title="bbox 2299 1434 3962 1508">
     <span class='ocr_line' id='line_1_27' title="bbox 2299 1434 3962 1508; baseline 0.004 -24"><span class='ocrx_word' id='word_1_203' title='bbox 2299 1447 2493 1498; x_wconf 86' lang='lat' dir='ltr'><strong>meum,</strong></span> <span class='ocrx_word' id='word_1_204' title='bbox 2525 1443 2796 1504; x_wconf 83' lang='lat' dir='ltr'><strong>argentum</strong></span> <span class='ocrx_word' id='word_1_205' title='bbox 2827 1451 3015 1500; x_wconf 87' lang='lat' dir='ltr'><strong>meum,</strong></span> <span class='ocrx_word' id='word_1_206' title='bbox 3045 1434 3246 1506; x_wconf 82' lang='lat' dir='ltr'><strong>quiduis</strong></span> <span class='ocrx_word' id='word_1_207' title='bbox 3275 1435 3614 1508; x_wconf 67' lang='lat' dir='ltr'><strong>huiusmodi</strong></span> <span class='ocrx_word' id='word_1_208' title='bbox 3647 1455 3864 1504; x_wconf 78' lang='lat' dir='ltr'><strong>meum,</strong></span> <span class='ocrx_word' id='word_1_209' title='bbox 3893 1453 3962 1491; x_wconf 68' lang='lat' dir='ltr'><strong>me</strong></span> 
     </span>
    </p>
   </div>
   <div class='ocr_carea' id='block_1_28' title="bbox 2301 1528 3952 1598">
    <p class='ocr_par' dir='ltr' id='par_1_28' title="bbox 2301 1528 3952 1598">
     <span class='ocr_line' id='line_1_28' title="bbox 2301 1528 3952 1598; baseline 0.001 -18"><span class='ocrx_word' id='word_1_210' title='bbox 2301 1541 2408 1580; x_wconf 84' lang='lat' dir='ltr'><strong>non</strong></span> <span class='ocrx_word' id='word_1_211' title='bbox 2445 1529 2858 1597; x_wconf 78' lang='lat' dir='ltr'><strong>refragaturum;</strong></span> <span class='ocrx_word' id='word_1_212' title='bbox 2905 1543 3220 1596; x_wconf 83' lang='lat' dir='ltr'><strong>quamquam</strong></span> <span class='ocrx_word' id='word_1_213' title='bbox 3261 1528 3436 1582; x_wconf 86' lang='lat' dir='ltr'><strong>omnia</strong></span> <span class='ocrx_word' id='word_1_214' title='bbox 3465 1545 3616 1598; x_wconf 65' lang='lat' dir='ltr'><strong>qua</strong></span> <span class='ocrx_word' id='word_1_215' title='bbox 3659 1531 3776 1584; x_wconf 80' lang='lat' dir='ltr'><strong>mei</strong></span> <span class='ocrx_word' id='word_1_216' title='bbox 3821 1539 3952 1594; x_wconf 83' lang='lat' dir='ltr'><strong>sunt,</strong></span> 
     </span>
    </p>
   </div>
   <div class='ocr_carea' id='block_1_29' title="bbox 2299 1618 3952 1692">
    <p class='ocr_par' dir='ltr' id='par_1_29' title="bbox 2299 1618 3952 1692">
     <span class='ocr_line' id='line_1_29' title="bbox 2299 1618 3952 1692; baseline 0.001 -18"><span class='ocrx_word' id='word_1_217' title='bbox 2299 1628 2464 1674; x_wconf 88' lang='lat' dir='ltr'><strong>essent</strong></span> <span class='ocrx_word' id='word_1_218' title='bbox 2505 1636 2792 1692; x_wconf 84' lang='lat' dir='ltr'><strong>pauperum</strong></span> <span class='ocrx_word' id='word_1_219' title='bbox 2833 1618 3032 1692; x_wconf 81' lang='lat' dir='ltr'><strong>(Epist.</strong></span> <span class='ocrx_word' id='word_1_220' title='bbox 3063 1619 3164 1684; x_wconf 75' lang='lat'><strong>20,</strong></span> <span class='ocrx_word' id='word_1_221' title='bbox 3207 1636 3352 1676; x_wconf 85' lang='lat' dir='ltr'><strong>nam.</strong></span> <span class='ocrx_word' id='word_1_222' title='bbox 3379 1621 3456 1690; x_wconf 89' lang='lat'><strong>8).</strong></span> <span class='ocrx_word' id='word_1_223' title='bbox 3513 1621 3952 1678; x_wconf 79' lang='lat' dir='ltr'><strong>Patrimonium</strong></span> 
     </span>
    </p>
   </div>
   <div class='ocr_carea' id='block_1_30' title="bbox 2299 1713 3940 1786">
    <p class='ocr_par' dir='ltr' id='par_1_30' title="bbox 2299 1713 3940 1786">
     <span class='ocr_line' id='line_1_30' title="bbox 2299 1713 3940 1786; baseline 0.001 -18"><span class='ocrx_word' id='word_1_224' title='bbox 2299 1729 2422 1768; x_wconf 89' lang='lat' dir='ltr'><strong>cum</strong></span> <span class='ocrx_word' id='word_1_225' title='bbox 2472 1713 2732 1768; x_wconf 89' lang='lat' dir='ltr'><strong>fratribus</strong></span> <span class='ocrx_word' id='word_1_226' title='bbox 2759 1714 2946 1784; x_wconf 85' lang='lat' dir='ltr'><strong>partiri</strong></span> <span class='ocrx_word' id='word_1_227' title='bbox 2989 1713 3192 1782; x_wconf 87' lang='lat' dir='ltr'><strong>noluit,</strong></span> <span class='ocrx_word' id='word_1_228' title='bbox 3237 1714 3334 1770; x_wconf 87' lang='lat' dir='ltr'><strong>sed</strong></span> <span class='ocrx_word' id='word_1_229' title='bbox 3371 1715 3494 1786; x_wconf 86' lang='lat' dir='ltr'><strong>ejus</strong></span> <span class='ocrx_word' id='word_1_230' title='bbox 3537 1731 3796 1782; x_wconf 87' lang='lat' dir='ltr'><strong>curam,</strong></span> <span class='ocrx_word' id='word_1_231' title='bbox 3841 1731 3940 1770; x_wconf 87' lang='lat' dir='ltr'><strong>non</strong></span> 
     </span>
    </p>
   </div>
   <div class='ocr_carea' id='block_1_31' title="bbox 599 1807 3946 1886">
    <p class='ocr_par' dir='ltr' id='par_1_31' title="bbox 599 1807 3946 1886">
     <span class='ocr_line' id='line_1_31' title="bbox 599 1807 3946 1886; baseline 0.002 -22"><span class='ocrx_word' id='word_1_232' title='bbox 599 1809 752 1864; x_wconf 87' lang='lat' dir='ltr'><strong>nisus</strong></span> <span class='ocrx_word' id='word_1_233' title='bbox 779 1819 864 1865; x_wconf 89' lang='lat' dir='ltr'><strong>est</strong></span> <span class='ocrx_word' id='word_1_234' title='bbox 893 1810 1098 1868; x_wconf 86' lang='lat' dir='ltr'><strong>viribus</strong></span> <span class='ocrx_word' id='word_1_235' title='bbox 1123 1813 1398 1878; x_wconf 87' lang='lat' dir='ltr'><strong>omnibus,</strong></span> <span class='ocrx_word' id='word_1_236' title='bbox 1427 1823 1482 1868; x_wconf 89' lang='lat' dir='ltr'><strong>ut</strong></span> <span class='ocrx_word' id='word_1_237' title='bbox 1523 1815 1700 1868; x_wconf 79' lang='lat' dir='ltr'><strong>saltem</strong></span> <span class='ocrx_word' id='word_1_238' title='bbox 1727 1816 1991 1870; x_wconf 84' lang='lat' dir='ltr'><strong>ordinatio</strong></span> <span class='ocrx_word' id='word_1_239' title='bbox 2017 1824 2192 1886; x_wconf 87' lang='lat' dir='ltr'><strong>prote-</strong></span> <span class='ocrx_word' id='word_1_240' title='bbox 2225 1807 2269 1868; x_wconf 85' lang='grc' dir='ltr'><strong>Β</strong></span> <span class='ocrx_word' id='word_1_241' title='bbox 2298 1821 2458 1862; x_wconf 82' lang='lat' dir='ltr'><strong>secus</strong></span> <span class='ocrx_word' id='word_1_242' title='bbox 2483 1821 2548 1864; x_wconf 78' lang='lat' dir='ltr'><strong>ac</strong></span> <span class='ocrx_word' id='word_1_243' title='bbox 2571 1807 2800 1862; x_wconf 74' lang='lat' dir='ltr'><strong>aliarum</strong></span> <span class='ocrx_word' id='word_1_244' title='bbox 2827 1823 3010 1863; x_wconf 80' lang='lat' dir='ltr'><strong>rerum</strong></span> <span class='ocrx_word' id='word_1_245' title='bbox 3039 1807 3410 1872; x_wconf 65' lang='lat' dir='ltr'><strong>Smcnlarium.</strong></span> <span class='ocrx_word' id='word_1_246' title='bbox 3437 1809 3608 1864; x_wconf 69' lang='lat' dir='ltr'><strong>Sicut</strong></span> <span class='ocrx_word' id='word_1_247' title='bbox 3633 1811 3820 1866; x_wconf 71' lang='lat' dir='ltr'><strong>etiam</strong></span> <span class='ocrx_word' id='word_1_248' title='bbox 3849 1825 3946 1865; x_wconf 80' lang='lat' dir='ltr'><strong>Ser-</strong></span> 
     </span>
    </p>
   </div>
   <div class='ocr_carea' id='block_1_32' title="bbox 603 1901 2194 1977">
    <p class='ocr_par' dir='ltr' id='par_1_32' title="bbox 603 1901 2194 1977">
     <span class='ocr_line' id='line_1_32' title="bbox 603 1901 2194 1977; baseline 0.004 -21"><span class='ocrx_word' id='word_1_249' title='bbox 603 1901 798 1956; x_wconf 87' lang='lat' dir='ltr'><strong>laretur</strong></span> <span class='ocrx_word' id='word_1_250' title='bbox 825 1901 1018 1976; x_wconf 81' lang='lat' dir='ltr'><strong>(Epist.</strong></span> <span class='ocrx_word' id='word_1_251' title='bbox 1045 1903 1136 1970; x_wconf 80' lang='lat'><strong>65,</strong></span> <span class='ocrx_word' id='word_1_252' title='bbox 1171 1921 1316 1960; x_wconf 89' lang='lat' dir='ltr'><strong>num.</strong></span> <span class='ocrx_word' id='word_1_253' title='bbox 1345 1905 1421 1977; x_wconf 85' lang='lat' dir='ltr'><strong>ti).</strong></span> <span class='ocrx_word' id='word_1_254' title='bbox 1469 1907 1665 1962; x_wconf 80' lang='lat' dir='ltr'><strong>Verum</strong></span> <span class='ocrx_word' id='word_1_255' title='bbox 1695 1923 1818 1963; x_wconf 91' lang='lat' dir='ltr'><strong>cum</strong></span> <span class='ocrx_word' id='word_1_256' title='bbox 1853 1923 1958 1964; x_wconf 92' lang='lat' dir='ltr'><strong>non</strong></span> <span class='ocrx_word' id='word_1_257' title='bbox 1989 1907 2092 1962; x_wconf 90' lang='lat' dir='ltr'><strong>alia</strong></span> <span class='ocrx_word' id='word_1_258' title='bbox 2125 1905 2194 1962; x_wconf 84' lang='lat' dir='ltr'><strong>de</strong></span> 
     </span>
    </p>
   </div>
   <div class='ocr_carea' id='block_1_33' title="bbox 597 1997 2194 2074">
    <p class='ocr_par' dir='ltr' id='par_1_33' title="bbox 597 1997 2194 2074">
     <span class='ocr_line' id='line_1_33' title="bbox 597 1997 2194 2074; baseline 0.004 -23"><span class='ocrx_word' id='word_1_259' title='bbox 597 2011 760 2052; x_wconf 87' lang='lat' dir='ltr'><strong>causa</strong></span> <span class='ocrx_word' id='word_1_260' title='bbox 791 1997 1100 2068; x_wconf 87' lang='lat' dir='ltr'><strong>lmjusmodi</strong></span> <span class='ocrx_word' id='word_1_261' title='bbox 1135 1999 1484 2070; x_wconf 78' lang='lat' dir='ltr'><strong>prohibeatur</strong></span> <span class='ocrx_word' id='word_1_262' title='bbox 1511 2002 1881 2074; x_wconf 85' lang='lat' dir='ltr'><strong>inauguratio,</strong></span> <span class='ocrx_word' id='word_1_263' title='bbox 1931 2017 2090 2071; x_wconf 88' lang='lat' dir='ltr'><strong>quam</strong></span> <span class='ocrx_word' id='word_1_264' title='bbox 2129 2019 2194 2058; x_wconf 87' lang='lat' dir='ltr'><strong>ne</strong></span> 
     </span>
    </p>
   </div>
   <div class='ocr_carea' id='block_1_34' title="bbox 597 2091 2190 2168">
    <p class='ocr_par' dir='ltr' id='par_1_34' title="bbox 597 2091 2190 2168">
     <span class='ocr_line' id='line_1_34' title="bbox 597 2091 2190 2168; baseline 0.005 -24"><span class='ocrx_word' id='word_1_265' title='bbox 597 2091 650 2146; x_wconf 87' lang='lat' dir='ltr'><strong>in</strong></span> <span class='ocrx_word' id='word_1_266' title='bbox 677 2091 968 2162; x_wconf 78' lang='lat' dir='ltr'><strong>superbiam</strong></span> <span class='ocrx_word' id='word_1_267' title='bbox 996 2093 1180 2162; x_wconf 85' lang='lat' dir='ltr'><strong>elatus,</strong></span> <span class='ocrx_word' id='word_1_268' title='bbox 1207 2095 1260 2149; x_wconf 85' lang='lat' dir='ltr'><strong>in</strong></span> <span class='ocrx_word' id='word_1_269' title='bbox 1287 2095 1538 2160; x_wconf 80' lang='lat' dir='ltr'><strong>iudicium</strong></span> <span class='ocrx_word' id='word_1_270' title='bbox 1567 2097 1764 2151; x_wconf 88' lang='lat' dir='ltr'><strong>incidat</strong></span> <span class='ocrx_word' id='word_1_271' title='bbox 1793 2095 2042 2168; x_wconf 87' lang='lat' dir='ltr'><strong>diaboli(l</strong></span> <span class='ocrx_word' id='word_1_272' title='bbox 2055 2095 2190 2152; x_wconf 84' lang='lat' dir='ltr'><strong>Tim.</strong></span> 
     </span>
    </p>
   </div>
   <div class='ocr_carea' id='block_1_35' title="bbox 597 2186 2196 2260">
    <p class='ocr_par' dir='ltr' id='par_1_35' title="bbox 597 2186 2196 2260">
     <span class='ocr_line' id='line_1_35' title="bbox 597 2186 2196 2260; baseline 0.001 -18"><span class='ocrx_word' id='word_1_273' title='bbox 597 2202 678 2254; x_wconf 85' lang='lat' dir='ltr'><strong>tu,</strong></span> <span class='ocrx_word' id='word_1_274' title='bbox 712 2186 808 2260; x_wconf 90' lang='lat'><strong>7),</strong></span> <span class='ocrx_word' id='word_1_275' title='bbox 861 2189 1019 2260; x_wconf 91' lang='lat' dir='ltr'><strong>eique</strong></span> <span class='ocrx_word' id='word_1_276' title='bbox 1059 2191 1299 2260; x_wconf 88' lang='lat' dir='ltr'><strong>periculo</strong></span> <span class='ocrx_word' id='word_1_277' title='bbox 1341 2191 1578 2246; x_wconf 78' lang='lat' dir='ltr'><strong>obnoxia</strong></span> <span class='ocrx_word' id='word_1_278' title='bbox 1627 2207 1730 2246; x_wconf 91' lang='lat' dir='ltr'><strong>non</strong></span> <span class='ocrx_word' id='word_1_279' title='bbox 1762 2191 2036 2246; x_wconf 87' lang='lat' dir='ltr'><strong>videretur</strong></span> <span class='ocrx_word' id='word_1_280' title='bbox 2067 2193 2196 2246; x_wconf 82' lang='lat' dir='ltr'><strong>Am-</strong></span> 
     </span>
    </p>
   </div>
   <div class='ocr_carea' id='block_1_36' title="bbox 593 2277 2194 2353">
    <p class='ocr_par' dir='ltr' id='par_1_36' title="bbox 593 2277 2194 2353">
     <span class='ocr_line' id='line_1_36' title="bbox 593 2277 2194 2353; baseline 0.004 -19"><span class='ocrx_word' id='word_1_281' title='bbox 593 2277 850 2336; x_wconf 88' lang='lat' dir='ltr'><strong>brosiana</strong></span> <span class='ocrx_word' id='word_1_282' title='bbox 891 2283 1166 2340; x_wconf 85' lang='lat' dir='ltr'><strong>humilitas</strong></span> <span class='ocrx_word' id='word_1_283' title='bbox 1187 2324 1204 2350; x_wconf 91' lang='lat'><strong>,</strong></span> <span class='ocrx_word' id='word_1_284' title='bbox 1240 2291 1466 2353; x_wconf 82' lang='lat' dir='ltr'><strong>urgente</strong></span> <span class='ocrx_word' id='word_1_285' title='bbox 1497 2284 1756 2338; x_wconf 76' lang='lat' dir='ltr'><strong>Ecclesia:</strong></span> <span class='ocrx_word' id='word_1_286' title='bbox 1783 2285 2042 2350; x_wconf 90' lang='lat' dir='ltr'><strong>utilitate,</strong></span> <span class='ocrx_word' id='word_1_287' title='bbox 2087 2299 2194 2340; x_wconf 88' lang='lat' dir='ltr'><strong>non</strong></span> 
     </span>
    </p>
   </div>
   <div class='ocr_carea' id='block_1_37' title="bbox 593 2373 2195 2445">
    <p class='ocr_par' dir='ltr' id='par_1_37' title="bbox 593 2373 2195 2445">
     <span class='ocr_line' id='line_1_37' title="bbox 593 2373 2195 2445; baseline 0.002 -17"><span class='ocrx_word' id='word_1_288' title='bbox 593 2373 797 2428; x_wconf 88' lang='lat' dir='ltr'><strong>diutius</strong></span> <span class='ocrx_word' id='word_1_289' title='bbox 827 2373 1030 2430; x_wconf 75' lang='lat' dir='ltr'><strong>differri</strong></span> <span class='ocrx_word' id='word_1_290' title='bbox 1063 2385 1319 2445; x_wconf 87' lang='lat' dir='ltr'><strong>oportere</strong></span> <span class='ocrx_word' id='word_1_291' title='bbox 1360 2375 1658 2445; x_wconf 90' lang='lat' dir='ltr'><strong>judicatum</strong></span> <span class='ocrx_word' id='word_1_292' title='bbox 1691 2383 1794 2430; x_wconf 88' lang='lat' dir='ltr'><strong>est.</strong></span> <span class='ocrx_word' id='word_1_293' title='bbox 1847 2377 1914 2431; x_wconf 87' lang='lat' dir='ltr'><strong>Et</strong></span> <span class='ocrx_word' id='word_1_294' title='bbox 1953 2391 2086 2432; x_wconf 87' lang='lat' dir='ltr'><strong>sane</strong></span> <span class='ocrx_word' id='word_1_295' title='bbox 2129 2377 2195 2431; x_wconf 91' lang='lat' dir='ltr'><strong>il-</strong></span> 
     </span>
    </p>
   </div>
   <div class='ocr_carea' id='block_1_38' title="bbox 594 2466 2196 2543">
    <p class='ocr_par' dir='ltr' id='par_1_38' title="bbox 594 2466 2196 2543">
     <span class='ocr_line' id='line_1_38' title="bbox 594 2466 2196 2543; baseline 0.002 -21"><span class='ocrx_word' id='word_1_296' title='bbox 594 2466 700 2522; x_wconf 88' lang='lat' dir='ltr'><strong>lam</strong></span> <span class='ocrx_word' id='word_1_297' title='bbox 733 2468 1112 2522; x_wconf 86' lang='lat' dir='ltr'><strong>ordinationem</strong></span> <span class='ocrx_word' id='word_1_298' title='bbox 1137 2468 1478 2523; x_wconf 77' lang='lat' dir='ltr'><strong>occidentales</strong></span> <span class='ocrx_word' id='word_1_299' title='bbox 1499 2470 1728 2540; x_wconf 79' lang='lat' dir='ltr'><strong>episwpi</strong></span> <span class='ocrx_word' id='word_1_300' title='bbox 1752 2471 1990 2543; x_wconf 86' lang='lat' dir='ltr'><strong>judicio,</strong></span> <span class='ocrx_word' id='word_1_301' title='bbox 2021 2471 2196 2526; x_wconf 88' lang='lat' dir='ltr'><strong>orien-</strong></span> 
     </span>
    </p>
   </div>
   <div class='ocr_carea' id='block_1_39' title="bbox 597 2560 2194 2634">
    <p class='ocr_par' dir='ltr' id='par_1_39' title="bbox 597 2560 2194 2634">
     <span class='ocr_line' id='line_1_39' title="bbox 597 2560 2194 2634; baseline 0.004 -20"><span class='ocrx_word' id='word_1_302' title='bbox 597 2560 722 2614; x_wconf 83' lang='lat' dir='ltr'><strong>tales</strong></span> <span class='ocrx_word' id='word_1_303' title='bbox 751 2561 906 2614; x_wconf 91' lang='lat' dir='ltr'><strong>etiam</strong></span> <span class='ocrx_word' id='word_1_304' title='bbox 931 2562 1166 2632; x_wconf 71' lang='lat' dir='ltr'><strong>exemplo</strong></span> <span class='ocrx_word' id='word_1_305' title='bbox 1201 2563 1507 2633; x_wconf 86' lang='lat' dir='ltr'><strong>probarunt,</strong></span> <span class='ocrx_word' id='word_1_306' title='bbox 1538 2564 1996 2634; x_wconf 87' lang='lat' dir='ltr'><strong>quemadmodum</strong></span> <span class='ocrx_word' id='word_1_307' title='bbox 2029 2573 2194 2621; x_wconf 87' lang='lat' dir='ltr'><strong>testa-</strong></span> 
     </span>
    </p>
   </div>
   <div class='ocr_carea' id='block_1_40' title="bbox 601 2655 2194 2730">
    <p class='ocr_par' dir='ltr' id='par_1_40' title="bbox 601 2655 2194 2730">
     <span class='ocr_line' id='line_1_40' title="bbox 601 2655 2194 2730; baseline 0.004 -22"><span class='ocrx_word' id='word_1_308' title='bbox 601 2663 687 2710; x_wconf 90' lang='lat' dir='ltr'><strong>tur</strong></span> <span class='ocrx_word' id='word_1_309' title='bbox 716 2655 944 2724; x_wconf 87' lang='lat' dir='ltr'><strong>ipsemet</strong></span> <span class='ocrx_word' id='word_1_310' title='bbox 969 2655 1314 2726; x_wconf 88' lang='lat' dir='ltr'><strong>Ambrosius,</strong></span> <span class='ocrx_word' id='word_1_311' title='bbox 1341 2659 1432 2728; x_wconf 92' lang='lat' dir='ltr'><strong>qui</strong></span> <span class='ocrx_word' id='word_1_312' title='bbox 1463 2667 1518 2712; x_wconf 91' lang='lat' dir='ltr'><strong>et</strong></span> <span class='ocrx_word' id='word_1_313' title='bbox 1548 2657 1860 2730; x_wconf 81' lang='lat' dir='ltr'><strong>subjungit:</strong></span> <span class='ocrx_word' id='word_1_314' title='bbox 1909 2659 1970 2714; x_wconf 89' lang='lat' dir='ltr'><strong>Si</strong></span> <span class='ocrx_word' id='word_1_315' title='bbox 2007 2659 2194 2714; x_wconf 89' lang='lat' dir='ltr'><strong>dilatio</strong></span> 
     </span>
    </p>
   </div>
   <div class='ocr_carea' id='block_1_41' title="bbox 596 2749 2194 2824">
    <p class='ocr_par' dir='ltr' id='par_1_41' title="bbox 596 2749 2194 2824">
     <span class='ocr_line' id='line_1_41' title="bbox 596 2749 2194 2824; baseline 0.004 -21"><span class='ocrx_word' id='word_1_316' title='bbox 596 2749 913 2804; x_wconf 87' lang='lat' dir='ltr'><strong>ordinationi</strong></span> <span class='ocrx_word' id='word_1_317' title='bbox 953 2750 1151 2824; x_wconf 78' lang='lat' dir='ltr'><strong>defuit,</strong></span> <span class='ocrx_word' id='word_1_318' title='bbox 1183 2753 1259 2806; x_wconf 77' lang='lat' dir='ltr'><strong>vis</strong></span> <span class='ocrx_word' id='word_1_319' title='bbox 1296 2749 1522 2824; x_wconf 82' lang='lat' dir='ltr'><strong>cogentis</strong></span> <span class='ocrx_word' id='word_1_320' title='bbox 1551 2761 1664 2807; x_wconf 86' lang='lat' dir='ltr'><strong>est:</strong></span> <span class='ocrx_word' id='word_1_321' title='bbox 1707 2753 1753 2808; x_wconf 88' lang='lat' dir='ltr'><strong>si</strong></span> <span class='ocrx_word' id='word_1_322' title='bbox 1779 2769 1882 2808; x_wconf 88' lang='lat' dir='ltr'><strong>non</strong></span> <span class='ocrx_word' id='word_1_323' title='bbox 1923 2754 2062 2808; x_wconf 80' lang='lat' dir='ltr'><strong>deest</strong></span> <span class='ocrx_word' id='word_1_324' title='bbox 2093 2755 2194 2810; x_wconf 87' lang='lat' dir='ltr'><strong>ltu-</strong></span> 
     </span>
    </p>
   </div>
   <div class='ocr_carea' id='block_1_42' title="bbox 596 2844 2196 2918">
    <p class='ocr_par' dir='ltr' id='par_1_42' title="bbox 596 2844 2196 2918">
     <span class='ocr_line' id='line_1_42' title="bbox 596 2844 2196 2918; baseline 0.004 -21"><span class='ocrx_word' id='word_1_325' title='bbox 596 2844 788 2899; x_wconf 87' lang='lat' dir='ltr'><strong>ntilitas</strong></span> <span class='ocrx_word' id='word_1_326' title='bbox 813 2855 1104 2918; x_wconf 82' lang='lat' dir='ltr'><strong>competens</strong></span> <span class='ocrx_word' id='word_1_327' title='bbox 1132 2848 1441 2917; x_wconf 88' lang='lat' dir='ltr'><strong>sacerdotio,</strong></span> <span class='ocrx_word' id='word_1_328' title='bbox 1469 2849 1555 2902; x_wconf 88' lang='lat' dir='ltr'><strong>ubi</strong></span> <span class='ocrx_word' id='word_1_329' title='bbox 1577 2864 1737 2904; x_wconf 83' lang='lat' dir='ltr'><strong>causa</strong></span> <span class='ocrx_word' id='word_1_330' title='bbox 1764 2865 1867 2906; x_wconf 89' lang='lat' dir='ltr'><strong>non</strong></span> <span class='ocrx_word' id='word_1_331' title='bbox 1893 2850 2075 2918; x_wconf 79' lang='lat' dir='ltr'><strong>lueret,</strong></span> <span class='ocrx_word' id='word_1_332' title='bbox 2118 2849 2196 2904; x_wconf 78' lang='lat' dir='ltr'><strong>vi-</strong></span> 
     </span>
    </p>
   </div>
   <div class='ocr_carea' id='block_1_43' title="bbox 597 2939 1194 3012">
    <p class='ocr_par' dir='ltr' id='par_1_43' title="bbox 597 2939 1194 3012">
     <span class='ocr_line' id='line_1_43' title="bbox 597 2939 1194 3012; baseline 0.008 -21"><span class='ocrx_word' id='word_1_333' title='bbox 597 2939 726 2992; x_wconf 87' lang='lat' dir='ltr'><strong>tium</strong></span> <span class='ocrx_word' id='word_1_334' title='bbox 754 2955 857 2992; x_wconf 86' lang='lat' dir='ltr'><strong>uou</strong></span> <span class='ocrx_word' id='word_1_335' title='bbox 885 2940 1194 3012; x_wconf 83' lang='lat' dir='ltr'><strong>imputatur.</strong></span> 
     </span>
    </p>
   </div>
   <div class='ocr_carea' id='block_1_44' title="bbox 672 3031 2192 3092">
    <p class='ocr_par' dir='ltr' id='par_1_44' title="bbox 672 3031 2192 3092">
     <span class='ocr_line' id='line_1_44' title="bbox 672 3031 2192 3092; baseline 0.004 -6"><span class='ocrx_word' id='word_1_336' title='bbox 672 3031 760 3086; x_wconf 80' lang='grc'><strong>15.</strong></span> <span class='ocrx_word' id='word_1_337' title='bbox 810 3031 1115 3090; x_wconf 84' lang='lat' dir='ltr'><strong>Verisimile</strong></span> <span class='ocrx_word' id='word_1_338' title='bbox 1160 3044 1245 3091; x_wconf 88' lang='lat' dir='ltr'><strong>est</strong></span> <span class='ocrx_word' id='word_1_339' title='bbox 1271 3036 1741 3092; x_wconf 86' lang='lat' dir='ltr'><strong>consecrationem</strong></span> <span class='ocrx_word' id='word_1_340' title='bbox 1775 3035 1920 3092; x_wconf 86' lang='lat' dir='ltr'><strong>illam</strong></span> <span class='ocrx_word' id='word_1_341' title='bbox 1955 3052 2026 3092; x_wconf 89' lang='lat' dir='ltr'><strong>vn</strong></span> <span class='ocrx_word' id='word_1_342' title='bbox 2070 3036 2192 3092; x_wconf 84' lang='lat' dir='ltr'><strong>idus</strong></span> 
     </span>
    </p>
   </div>
   <div class='ocr_carea' id='block_1_45' title="bbox 594 3125 2192 3204">
    <p class='ocr_par' dir='ltr' id='par_1_45' title="bbox 594 3125 2192 3204">
     <span class='ocr_line' id='line_1_45' title="bbox 594 3125 2192 3204; baseline 0.006 -25"><span class='ocrx_word' id='word_1_343' title='bbox 594 3126 801 3182; x_wconf 89' lang='lat' dir='ltr'><strong>mensis</strong></span> <span class='ocrx_word' id='word_1_344' title='bbox 827 3125 1140 3184; x_wconf 87' lang='lat' dir='ltr'><strong>Decembris</strong></span> <span class='ocrx_word' id='word_1_345' title='bbox 1165 3128 1362 3186; x_wconf 85' lang='lat' dir='ltr'><strong>factam</strong></span> <span class='ocrx_word' id='word_1_346' title='bbox 1385 3129 1588 3196; x_wconf 88' lang='lat' dir='ltr'><strong>fuisse;</strong></span> <span class='ocrx_word' id='word_1_347' title='bbox 1619 3131 2056 3204; x_wconf 86' lang='lat' dir='ltr'><strong>quandoquidem</strong></span> <span class='ocrx_word' id='word_1_348' title='bbox 2089 3131 2192 3188; x_wconf 91' lang='lat' dir='ltr'><strong>hoc</strong></span> 
     </span>
    </p>
   </div>
   <div class='ocr_carea' id='block_1_46' title="bbox 593 3197 2264 3296">
    <p class='ocr_par' dir='ltr' id='par_1_46' title="bbox 593 3197 2264 3296">
     <span class='ocr_line' id='line_1_46' title="bbox 593 3197 2264 3296; baseline 0.003 -24"><span class='ocrx_word' id='word_1_349' title='bbox 593 3215 714 3290; x_wconf 92' lang='lat' dir='ltr'><strong>ipso</strong></span> <span class='ocrx_word' id='word_1_350' title='bbox 765 3219 854 3276; x_wconf 91' lang='lat' dir='ltr'><strong>die</strong></span> <span class='ocrx_word' id='word_1_351' title='bbox 909 3223 1111 3278; x_wconf 87' lang='lat' dir='ltr'><strong>mentio</strong></span> <span class='ocrx_word' id='word_1_352' title='bbox 1157 3223 1276 3294; x_wconf 87' lang='lat' dir='ltr'><strong>ejus</strong></span> <span class='ocrx_word' id='word_1_353' title='bbox 1314 3224 1373 3278; x_wconf 84' lang='lat' dir='ltr'><strong>fit</strong></span> <span class='ocrx_word' id='word_1_354' title='bbox 1427 3234 1534 3279; x_wconf 90' lang='lat' dir='ltr'><strong>tam</strong></span> <span class='ocrx_word' id='word_1_355' title='bbox 1585 3197 1726 3296; x_wconf 83' lang='lat' dir='ltr'><strong>apud</strong></span> <span class='ocrx_word' id='word_1_356' title='bbox 1757 3197 1978 3280; x_wconf 67' lang='lat' dir='ltr'><strong>Graecos</strong></span> <span class='ocrx_word' id='word_1_357' title='bbox 2025 3239 2187 3296; x_wconf 88' lang='lat' dir='ltr'><strong>quam</strong></span> <span class='ocrx_word' id='word_1_358' title='bbox 2217 3197 2264 3262; x_wconf 64' lang='grc' dir='ltr'><strong>(ἶ</strong></span> 
     </span>
    </p>
   </div>
   <div class='ocr_carea' id='block_1_47' title="bbox 596 3311 2192 3384">
    <p class='ocr_par' dir='ltr' id='par_1_47' title="bbox 596 3311 2192 3384">
     <span class='ocr_line' id='line_1_47' title="bbox 596 3311 2192 3384; baseline 0.004 -19"><span class='ocrx_word' id='word_1_359' title='bbox 596 3311 738 3382; x_wconf 87' lang='lat' dir='ltr'><strong>apud</strong></span> <span class='ocrx_word' id='word_1_360' title='bbox 765 3312 1028 3368; x_wconf 88' lang='lat' dir='ltr'><strong>Latinos:</strong></span> <span class='ocrx_word' id='word_1_361' title='bbox 1079 3315 1207 3384; x_wconf 88' lang='lat' dir='ltr'><strong>quin</strong></span> <span class='ocrx_word' id='word_1_362' title='bbox 1249 3323 1304 3370; x_wconf 88' lang='lat' dir='ltr'><strong>et</strong></span> <span class='ocrx_word' id='word_1_363' title='bbox 1349 3314 1453 3370; x_wconf 88' lang='lat' dir='ltr'><strong>hoc</strong></span> <span class='ocrx_word' id='word_1_364' title='bbox 1491 3315 1638 3372; x_wconf 88' lang='lat' dir='ltr'><strong>idem</strong></span> <span class='ocrx_word' id='word_1_365' title='bbox 1689 3316 1932 3372; x_wconf 89' lang='lat' dir='ltr'><strong>indicare</strong></span> <span class='ocrx_word' id='word_1_366' title='bbox 1977 3315 2192 3371; x_wconf 87' lang='lat' dir='ltr'><strong>videtur</strong></span> 
     </span>
    </p>
   </div>
   <div class='ocr_carea' id='block_1_48' title="bbox 595 3405 2188 3478">
    <p class='ocr_par' dir='ltr' id='par_1_48' title="bbox 595 3405 2188 3478">
     <span class='ocr_line' id='line_1_48' title="bbox 595 3405 2188 3478; baseline 0.002 -18"><span class='ocrx_word' id='word_1_367' title='bbox 595 3405 940 3472; x_wconf 86' lang='lat' dir='ltr'><strong>Ambrosius,</strong></span> <span class='ocrx_word' id='word_1_368' title='bbox 967 3422 1088 3460; x_wconf 90' lang='lat' dir='ltr'><strong>cum</strong></span> <span class='ocrx_word' id='word_1_369' title='bbox 1117 3422 1284 3476; x_wconf 83' lang='lat' dir='ltr'><strong>agens</strong></span> <span class='ocrx_word' id='word_1_370' title='bbox 1313 3407 1382 3462; x_wconf 89' lang='lat' dir='ltr'><strong>de</strong></span> <span class='ocrx_word' id='word_1_371' title='bbox 1410 3406 1607 3463; x_wconf 86' lang='lat' dir='ltr'><strong>Felicis</strong></span> <span class='ocrx_word' id='word_1_372' title='bbox 1636 3407 1921 3464; x_wconf 87' lang='lat' dir='ltr'><strong>Comensis</strong></span> <span class='ocrx_word' id='word_1_373' title='bbox 1947 3407 2188 3478; x_wconf 65' lang='lat' dir='ltr'><strong>episcolii</strong></span> 
     </span>
    </p>
   </div>
   <div class='ocr_carea' id='block_1_49' title="bbox 595 3499 2192 3572">
    <p class='ocr_par' dir='ltr' id='par_1_49' title="bbox 595 3499 2192 3572">
     <span class='ocr_line' id='line_1_49' title="bbox 595 3499 2192 3572; baseline 0.001 -18"><span class='ocrx_word' id='word_1_374' title='bbox 595 3499 962 3566; x_wconf 86' lang='lat' dir='ltr'><strong>ordinatione,</strong></span> <span class='ocrx_word' id='word_1_375' title='bbox 991 3517 1108 3572; x_wconf 71' lang='lat' dir='ltr'><strong>qum</strong></span> <span class='ocrx_word' id='word_1_376' title='bbox 1133 3502 1188 3554; x_wconf 86' lang='lat' dir='ltr'><strong>in</strong></span> <span class='ocrx_word' id='word_1_377' title='bbox 1218 3501 1432 3556; x_wconf 73' lang='lat' dir='ltr'><strong>exordio</strong></span> <span class='ocrx_word' id='word_1_378' title='bbox 1454 3503 1566 3570; x_wconf 89' lang='lat' dir='ltr'><strong>ipso</strong></span> <span class='ocrx_word' id='word_1_379' title='bbox 1597 3500 1940 3556; x_wconf 79' lang='lat' dir='ltr'><strong>kalendarum</strong></span> <span class='ocrx_word' id='word_1_380' title='bbox 1965 3499 2192 3555; x_wconf 80' lang='lat' dir='ltr'><strong>Nouem-</strong></span> 
     </span>
    </p>
   </div>
   <div class='ocr_carea' id='block_1_50' title="bbox 595 3593 2194 3666">
    <p class='ocr_par' dir='ltr' id='par_1_50' title="bbox 595 3593 2194 3666">
     <span class='ocr_line' id='line_1_50' title="bbox 595 3593 2194 3666; baseline 0 -18"><span class='ocrx_word' id='word_1_381' title='bbox 595 3593 767 3648; x_wconf 84' lang='lat' dir='ltr'><strong>brium</strong></span> <span class='ocrx_word' id='word_1_382' title='bbox 811 3594 1044 3662; x_wconf 87' lang='lat' dir='ltr'><strong>redibat,</strong></span> <span class='ocrx_word' id='word_1_383' title='bbox 1087 3594 1163 3650; x_wconf 85' lang='lat' dir='ltr'><strong>sic</strong></span> <span class='ocrx_word' id='word_1_384' title='bbox 1207 3611 1330 3650; x_wconf 89' lang='lat' dir='ltr'><strong>eum</strong></span> <span class='ocrx_word' id='word_1_385' title='bbox 1377 3595 1707 3666; x_wconf 89' lang='lat' dir='ltr'><strong>alloquitur:</strong></span> <span class='ocrx_word' id='word_1_386' title='bbox 1759 3593 2005 3650; x_wconf 86' lang='lat' dir='ltr'><strong>Natalem</strong></span> <span class='ocrx_word' id='word_1_387' title='bbox 2047 3605 2194 3650; x_wconf 84' lang='lat' dir='ltr'><strong>tuum</strong></span> 
     </span>
    </p>
   </div>
   <div class='ocr_carea' id='block_1_51' title="bbox 595 3689 2192 3758">
    <p class='ocr_par' dir='ltr' id='par_1_51' title="bbox 595 3689 2192 3758">
     <span class='ocr_line' id='line_1_51' title="bbox 595 3689 2192 3758; baseline 0.003 -19"><span class='ocrx_word' id='word_1_388' title='bbox 595 3702 958 3758; x_wconf 83' lang='lat' dir='ltr'><strong>prosequemur</strong></span> <span class='ocrx_word' id='word_1_389' title='bbox 996 3689 1186 3743; x_wconf 85' lang='lat' dir='ltr'><strong>nostris</strong></span> <span class='ocrx_word' id='word_1_390' title='bbox 1235 3689 1586 3754; x_wconf 83' lang='lat' dir='ltr'><strong>orationibus,</strong></span> <span class='ocrx_word' id='word_1_391' title='bbox 1633 3699 1684 3744; x_wconf 92' lang='lat' dir='ltr'><strong>et</strong></span> <span class='ocrx_word' id='word_1_392' title='bbox 1719 3698 1773 3742; x_wconf 89' lang='lat' dir='ltr'><strong>tu</strong></span> <span class='ocrx_word' id='word_1_393' title='bbox 1803 3690 1966 3744; x_wconf 87' lang='lat' dir='ltr'><strong>nostri</strong></span> <span class='ocrx_word' id='word_1_394' title='bbox 2007 3689 2062 3743; x_wconf 87' lang='lat' dir='ltr'><strong>in</strong></span> <span class='ocrx_word' id='word_1_395' title='bbox 2093 3691 2192 3744; x_wconf 87' lang='lat' dir='ltr'><strong>tuis</strong></span> 
     </span>
    </p>
   </div>
   <div class='ocr_carea' id='block_1_52' title="bbox 595 3781 2193 3856">
    <p class='ocr_par' dir='ltr' id='par_1_52' title="bbox 595 3781 2193 3856">
     <span class='ocr_line' id='line_1_52' title="bbox 595 3781 2193 3856; baseline 0.004 -23"><span class='ocrx_word' id='word_1_396' title='bbox 595 3781 726 3835; x_wconf 82' lang='lat' dir='ltr'><strong>votis</strong></span> <span class='ocrx_word' id='word_1_397' title='bbox 769 3797 872 3836; x_wconf 87' lang='lat' dir='ltr'><strong>non</strong></span> <span class='ocrx_word' id='word_1_398' title='bbox 920 3781 1236 3838; x_wconf 82' lang='lat' dir='ltr'><strong>obliviscaris</strong></span> <span class='ocrx_word' id='word_1_399' title='bbox 1266 3782 1464 3856; x_wconf 84' lang='lat' dir='ltr'><strong>(Epist.</strong></span> <span class='ocrx_word' id='word_1_400' title='bbox 1494 3782 1550 3848; x_wconf 76' lang='grc'><strong>4,</strong></span> <span class='ocrx_word' id='word_1_401' title='bbox 1584 3800 1728 3838; x_wconf 83' lang='lat' dir='ltr'><strong>nam.</strong></span> <span class='ocrx_word' id='word_1_402' title='bbox 1756 3783 1840 3855; x_wconf 71' lang='grc' dir='ltr'><strong>Ξ).</strong></span> <span class='ocrx_word' id='word_1_403' title='bbox 1897 3783 2114 3846; x_wconf 84' lang='lat' dir='ltr'><strong>Etenim</strong></span> <span class='ocrx_word' id='word_1_404' title='bbox 2146 3783 2193 3840; x_wconf 89' lang='lat' dir='ltr'><strong>si</strong></span> 
     </span>
    </p>
   </div>
   <div class='ocr_carea' id='block_1_53' title="bbox 593 3873 2194 3949">
    <p class='ocr_par' dir='ltr' id='par_1_53' title="bbox 593 3873 2194 3949">
     <span class='ocr_line' id='line_1_53' title="bbox 593 3873 2194 3949; baseline 0.001 -19"><span class='ocrx_word' id='word_1_405' title='bbox 593 3873 760 3932; x_wconf 88' lang='lat' dir='ltr'><strong>dictio</strong></span> <span class='ocrx_word' id='word_1_406' title='bbox 783 3878 948 3932; x_wconf 84' lang='lat' dir='ltr'><strong>nostri</strong></span> <span class='ocrx_word' id='word_1_407' title='bbox 977 3877 1178 3935; x_wconf 78' lang='lat' dir='ltr'><strong>alliciat</strong></span> <span class='ocrx_word' id='word_1_408' title='bbox 1207 3895 1392 3934; x_wconf 90' lang='lat' dir='ltr'><strong>vocem</strong></span> <span class='ocrx_word' id='word_1_409' title='bbox 1427 3879 1640 3946; x_wconf 85' lang='lat' dir='ltr'><strong>natalis,</strong></span> <span class='ocrx_word' id='word_1_410' title='bbox 1675 3877 1965 3934; x_wconf 85' lang='lat' dir='ltr'><strong>admodum</strong></span> <span class='ocrx_word' id='word_1_411' title='bbox 1995 3879 2194 3949; x_wconf 87' lang='lat' dir='ltr'><strong>proba-</strong></span> 
     </span>
    </p>
   </div>
   <div class='ocr_carea' id='block_1_54' title="bbox 594 3968 2192 4030">
    <p class='ocr_par' dir='ltr' id='par_1_54' title="bbox 594 3968 2192 4030">
     <span class='ocr_line' id='line_1_54' title="bbox 594 3968 2192 4030; baseline 0.001 -5"><span class='ocrx_word' id='word_1_412' title='bbox 594 3968 704 4027; x_wconf 89' lang='lat' dir='ltr'><strong>bile</strong></span> <span class='ocrx_word' id='word_1_413' title='bbox 736 3971 894 4028; x_wconf 87' lang='lat' dir='ltr'><strong>fuerit</strong></span> <span class='ocrx_word' id='word_1_414' title='bbox 929 3973 1102 4029; x_wconf 89' lang='lat' dir='ltr'><strong>virum</strong></span> <span class='ocrx_word' id='word_1_415' title='bbox 1135 3983 1383 4030; x_wconf 91' lang='lat' dir='ltr'><strong>sanctum</strong></span> <span class='ocrx_word' id='word_1_416' title='bbox 1421 3989 1528 4030; x_wconf 90' lang='lat' dir='ltr'><strong>non</strong></span> <span class='ocrx_word' id='word_1_417' title='bbox 1561 3973 1780 4030; x_wconf 88' lang='lat' dir='ltr'><strong>aliunde</strong></span> <span class='ocrx_word' id='word_1_418' title='bbox 1814 3971 1880 4028; x_wconf 90' lang='lat' dir='ltr'><strong>ad</strong></span> <span class='ocrx_word' id='word_1_419' title='bbox 1911 3973 2028 4027; x_wconf 63' lang='lat' dir='ltr'><strong>haec</strong></span> <span class='ocrx_word' id='word_1_420' title='bbox 2055 3971 2192 4027; x_wconf 87' lang='lat' dir='ltr'><strong>scri—</strong></span> 
     </span>
    </p>
   </div>
   <div class='ocr_carea' id='block_1_55' title="bbox 594 4063 2188 4139">
    <p class='ocr_par' dir='ltr' id='par_1_55' title="bbox 594 4063 2188 4139">
     <span class='ocr_line' id='line_1_55' title="bbox 594 4063 2188 4139; baseline 0.001 -20"><span class='ocrx_word' id='word_1_421' title='bbox 594 4063 769 4120; x_wconf 91' lang='lat' dir='ltr'><strong>benda</strong></span> <span class='ocrx_word' id='word_1_422' title='bbox 815 4065 1093 4122; x_wconf 90' lang='lat' dir='ltr'><strong>inductum</strong></span> <span class='ocrx_word' id='word_1_423' title='bbox 1123 4084 1246 4124; x_wconf 85' lang='lat' dir='ltr'><strong>esse</strong></span> <span class='ocrx_word' id='word_1_424' title='bbox 1269 4109 1284 4136; x_wconf 95' lang='lat'><strong>,</strong></span> <span class='ocrx_word' id='word_1_425' title='bbox 1329 4067 1435 4124; x_wconf 90' lang='lat' dir='ltr'><strong>nisi</strong></span> <span class='ocrx_word' id='word_1_426' title='bbox 1464 4067 1588 4139; x_wconf 84' lang='lat' dir='ltr'><strong>quia</strong></span> <span class='ocrx_word' id='word_1_427' title='bbox 1619 4067 1732 4122; x_wconf 91' lang='lat' dir='ltr'><strong>initi</strong></span> <span class='ocrx_word' id='word_1_428' title='bbox 1761 4067 1858 4122; x_wconf 89' lang='lat' dir='ltr'><strong>abs</strong></span> <span class='ocrx_word' id='word_1_429' title='bbox 1886 4081 1944 4120; x_wconf 90' lang='lat' dir='ltr'><strong>se</strong></span> <span class='ocrx_word' id='word_1_430' title='bbox 1973 4067 2188 4136; x_wconf 87' lang='lat' dir='ltr'><strong>episco-</strong></span> 
     </span>
    </p>
   </div>
   <div class='ocr_carea' id='block_1_56' title="bbox 594 4159 2192 4232">
    <p class='ocr_par' dir='ltr' id='par_1_56' title="bbox 594 4159 2192 4232">
     <span class='ocr_line' id='line_1_56' title="bbox 594 4159 2192 4232; baseline 0.003 -23"><span class='ocrx_word' id='word_1_431' title='bbox 594 4167 748 4227; x_wconf 87' lang='lat' dir='ltr'><strong>patus</strong></span> <span class='ocrx_word' id='word_1_432' title='bbox 770 4159 1200 4216; x_wconf 87' lang='lat' dir='ltr'><strong>anniversarium</strong></span> <span class='ocrx_word' id='word_1_433' title='bbox 1231 4161 1503 4232; x_wconf 81' lang='lat' dir='ltr'><strong>cogitabat</strong></span> <span class='ocrx_word' id='word_1_434' title='bbox 1531 4161 1658 4216; x_wconf 68' lang='lat' dir='ltr'><strong>&quot;tunc</strong></span> <span class='ocrx_word' id='word_1_435' title='bbox 1685 4160 1992 4215; x_wconf 89' lang='lat' dir='ltr'><strong>imminere.</strong></span> <span class='ocrx_word' id='word_1_436' title='bbox 2025 4159 2192 4230; x_wconf 84' lang='lat' dir='ltr'><strong>Atqui</strong></span> 
     </span>
    </p>
   </div>
   <div class='ocr_carea' id='block_1_57' title="bbox 593 4250 2190 4332">
    <p class='ocr_par' dir='ltr' id='par_1_57' title="bbox 593 4250 2190 4332">
     <span class='ocr_line' id='line_1_57' title="bbox 593 4250 2190 4332; baseline 0.001 -26"><span class='ocrx_word' id='word_1_437' title='bbox 593 4265 892 4306; x_wconf 84' lang='lat' dir='ltr'><strong>consensus</strong></span> <span class='ocrx_word' id='word_1_438' title='bbox 926 4250 1450 4332; x_wconf 73' lang='lat' dir='ltr'><strong>chrpnologistarum</strong></span> <span class='ocrx_word' id='word_1_439' title='bbox 1486 4253 1554 4309; x_wconf 91' lang='lat' dir='ltr'><strong>de</strong></span> <span class='ocrx_word' id='word_1_440' title='bbox 1583 4268 1726 4308; x_wconf 91' lang='lat' dir='ltr'><strong>anno</strong></span> <span class='ocrx_word' id='word_1_441' title='bbox 1758 4251 2190 4308; x_wconf 87' lang='lat' dir='ltr'><strong>consecrationis</strong></span> 
     </span>
    </p>
   </div>
   <div class='ocr_carea' id='block_1_58' title="bbox 594 4343 2186 4415">
    <p class='ocr_par' dir='ltr' id='par_1_58' title="bbox 594 4343 2186 4415">
     <span class='ocr_line' id='line_1_58' title="bbox 594 4343 2186 4415; baseline 0 -17"><span class='ocrx_word' id='word_1_442' title='bbox 594 4343 838 4414; x_wconf 89' lang='lat' dir='ltr'><strong>ejusdem</strong></span> <span class='ocrx_word' id='word_1_443' title='bbox 885 4346 1058 4398; x_wconf 87' lang='lat' dir='ltr'><strong>sancti</strong></span> <span class='ocrx_word' id='word_1_444' title='bbox 1091 4345 1261 4400; x_wconf 91' lang='lat' dir='ltr'><strong>multo</strong></span> <span class='ocrx_word' id='word_1_445' title='bbox 1291 4345 1466 4415; x_wconf 85' lang='lat' dir='ltr'><strong>major</strong></span> <span class='ocrx_word' id='word_1_446' title='bbox 1491 4355 1611 4413; x_wconf 87' lang='lat' dir='ltr'><strong>est,</strong></span> <span class='ocrx_word' id='word_1_447' title='bbox 1646 4361 1834 4401; x_wconf 89' lang='lat' dir='ltr'><strong>eorum</strong></span> <span class='ocrx_word' id='word_1_448' title='bbox 1861 4343 2007 4400; x_wconf 90' lang='lat' dir='ltr'><strong>enim</strong></span> <span class='ocrx_word' id='word_1_449' title='bbox 2043 4345 2186 4414; x_wconf 85' lang='lat' dir='ltr'><strong>peri-</strong></span> 
     </span>
    </p>
   </div>
   <div class='ocr_carea' id='block_1_59' title="bbox 595 4437 2188 4510">
    <p class='ocr_par' dir='ltr' id='par_1_59' title="bbox 595 4437 2188 4510">
     <span class='ocr_line' id='line_1_59' title="bbox 595 4437 2188 4510; baseline -0.001 -16"><span class='ocrx_word' id='word_1_450' title='bbox 595 4438 790 4494; x_wconf 84' lang='lat' dir='ltr'><strong>tissimi</strong></span> <span class='ocrx_word' id='word_1_451' title='bbox 823 4453 968 4494; x_wconf 89' lang='lat' dir='ltr'><strong>anno</strong></span> <span class='ocrx_word' id='word_1_452' title='bbox 1007 4437 1114 4495; x_wconf 66' lang='lat'><strong>574</strong></span> <span class='ocrx_word' id='word_1_453' title='bbox 1151 4455 1269 4494; x_wconf 88' lang='lat' dir='ltr'><strong>eam</strong></span> <span class='ocrx_word' id='word_1_454' title='bbox 1319 4439 1592 4495; x_wconf 88' lang='lat' dir='ltr'><strong>collocant</strong></span> <span class='ocrx_word' id='word_1_455' title='bbox 1635 4455 1650 4504; x_wconf 92' lang='lat'><strong>;</strong></span> <span class='ocrx_word' id='word_1_456' title='bbox 1707 4453 2031 4510; x_wconf 90' lang='lat' dir='ltr'><strong>quamquam</strong></span> <span class='ocrx_word' id='word_1_457' title='bbox 2081 4453 2188 4494; x_wconf 90' lang='lat' dir='ltr'><strong>non</strong></span> 
     </span>
    </p>
   </div>
   <div class='ocr_carea' id='block_1_60' title="bbox 595 4532 2187 4604">
    <p class='ocr_par' dir='ltr' id='par_1_60' title="bbox 595 4532 2187 4604">
     <span class='ocr_line' id='line_1_60' title="bbox 595 4532 2187 4604; baseline 0 -16"><span class='ocrx_word' id='word_1_458' title='bbox 595 4532 774 4588; x_wconf 88' lang='lat' dir='ltr'><strong>desint</strong></span> <span class='ocrx_word' id='word_1_459' title='bbox 795 4573 810 4601; x_wconf 95' lang='lat'><strong>,</strong></span> <span class='ocrx_word' id='word_1_460' title='bbox 857 4533 948 4604; x_wconf 91' lang='lat' dir='ltr'><strong>qui</strong></span> <span class='ocrx_word' id='word_1_461' title='bbox 977 4532 1222 4588; x_wconf 87' lang='lat' dir='ltr'><strong>eamdem</strong></span> <span class='ocrx_word' id='word_1_462' title='bbox 1255 4537 1305 4588; x_wconf 93' lang='lat' dir='ltr'><strong>in</strong></span> <span class='ocrx_word' id='word_1_463' title='bbox 1329 4549 1526 4588; x_wconf 79' lang='lat' dir='ltr'><strong>annuat</strong></span> <span class='ocrx_word' id='word_1_464' title='bbox 1559 4533 1934 4603; x_wconf 88' lang='lat' dir='ltr'><strong>insequentem</strong></span> <span class='ocrx_word' id='word_1_465' title='bbox 1967 4532 2187 4588; x_wconf 76' lang='lat' dir='ltr'><strong>differre</strong></span> 
     </span>
    </p>
   </div>
   <div class='ocr_carea' id='block_1_61' title="bbox 2296 1901 3933 1974">
    <p class='ocr_par' dir='ltr' id='par_1_61' title="bbox 2296 1901 3933 1974">
     <span class='ocr_line' id='line_1_61' title="bbox 2296 1901 3933 1974; baseline 0 -18"><span class='ocrx_word' id='word_1_466' title='bbox 2296 1916 2486 1956; x_wconf 81' lang='lat' dir='ltr'><strong>verum</strong></span> <span class='ocrx_word' id='word_1_467' title='bbox 2527 1917 2590 1958; x_wconf 91' lang='lat' dir='ltr'><strong>ac</strong></span> <span class='ocrx_word' id='word_1_468' title='bbox 2637 1901 2854 1956; x_wconf 71' lang='lat' dir='ltr'><strong>familia:</strong></span> <span class='ocrx_word' id='word_1_469' title='bbox 2893 1902 3250 1958; x_wconf 88' lang='lat' dir='ltr'><strong>directionem</strong></span> <span class='ocrx_word' id='word_1_470' title='bbox 3293 1903 3346 1956; x_wconf 90' lang='lat' dir='ltr'><strong>in</strong></span> <span class='ocrx_word' id='word_1_471' title='bbox 3377 1901 3672 1974; x_wconf 88' lang='lat' dir='ltr'><strong>Satyrum</strong></span> <span class='ocrx_word' id='word_1_472' title='bbox 3725 1903 3933 1974; x_wconf 84' lang='lat' dir='ltr'><strong>rejecit.</strong></span> 
     </span>
    </p>
   </div>
   <div class='ocr_carea' id='block_1_62' title="bbox 2295 1989 3930 2052">
    <p class='ocr_par' dir='ltr' id='par_1_62' title="bbox 2295 1989 3930 2052">
     <span class='ocr_line' id='line_1_62' title="bbox 2295 1989 3930 2052; baseline -0.001 -2"><span class='ocrx_word' id='word_1_473' title='bbox 2295 1995 2488 2050; x_wconf 87' lang='lat' dir='ltr'><strong>Frater</strong></span> <span class='ocrx_word' id='word_1_474' title='bbox 2531 1995 2620 2050; x_wconf 90' lang='lat' dir='ltr'><strong>ille</strong></span> <span class='ocrx_word' id='word_1_475' title='bbox 2659 1995 3044 2050; x_wconf 88' lang='lat' dir='ltr'><strong>dilectissimus</strong></span> <span class='ocrx_word' id='word_1_476' title='bbox 3083 1993 3150 2048; x_wconf 87' lang='lat' dir='ltr'><strong>ad</strong></span> <span class='ocrx_word' id='word_1_477' title='bbox 3192 2009 3316 2049; x_wconf 89' lang='lat' dir='ltr'><strong>eum</strong></span> <span class='ocrx_word' id='word_1_478' title='bbox 3353 2005 3608 2050; x_wconf 86' lang='lat' dir='ltr'><strong>venerat</strong></span> <span class='ocrx_word' id='word_1_479' title='bbox 3659 1989 3930 2052; x_wconf 64' lang='lat' dir='ltr'><strong>Mediolac</strong></span> 
     </span>
    </p>
   </div>
   <div class='ocr_carea' id='block_1_63' title="bbox 2295 2085 3926 2154">
    <p class='ocr_par' dir='ltr' id='par_1_63' title="bbox 2295 2085 3926 2154">
     <span class='ocr_line' id='line_1_63' title="bbox 2295 2085 3926 2154; baseline -0.001 -12"><span class='ocrx_word' id='word_1_480' title='bbox 2295 2103 2449 2154; x_wconf 89' lang='lat' dir='ltr'><strong>num,</strong></span> <span class='ocrx_word' id='word_1_481' title='bbox 2479 2085 2615 2142; x_wconf 91' lang='lat' dir='ltr'><strong>adeo</strong></span> <span class='ocrx_word' id='word_1_482' title='bbox 2642 2087 2786 2142; x_wconf 89' lang='lat' dir='ltr'><strong>enim</strong></span> <span class='ocrx_word' id='word_1_483' title='bbox 2818 2086 2956 2142; x_wconf 87' lang='lat' dir='ltr'><strong>alter</strong></span> <span class='ocrx_word' id='word_1_484' title='bbox 2983 2087 3050 2140; x_wconf 90' lang='lat' dir='ltr'><strong>ab</strong></span> <span class='ocrx_word' id='word_1_485' title='bbox 3077 2087 3252 2141; x_wconf 90' lang='lat' dir='ltr'><strong>altero</strong></span> <span class='ocrx_word' id='word_1_486' title='bbox 3281 2086 3534 2143; x_wconf 79' lang='lat' dir='ltr'><strong>divulsus</strong></span> <span class='ocrx_word' id='word_1_487' title='bbox 3577 2089 3786 2146; x_wconf 85' lang='lat' dir='ltr'><strong>vivere</strong></span> <span class='ocrx_word' id='word_1_488' title='bbox 3829 2105 3926 2142; x_wconf 88' lang='lat' dir='ltr'><strong>non</strong></span> 
     </span>
    </p>
   </div>
   <div class='ocr_carea' id='block_1_64' title="bbox 2294 2181 3924 2253">
    <p class='ocr_par' dir='ltr' id='par_1_64' title="bbox 2294 2181 3924 2253">
     <span class='ocr_line' id='line_1_64' title="bbox 2294 2181 3924 2253; baseline 0.001 -17"><span class='ocrx_word' id='word_1_489' title='bbox 2294 2190 2529 2250; x_wconf 89' lang='lat' dir='ltr'><strong>poterat,</strong></span> <span class='ocrx_word' id='word_1_490' title='bbox 2555 2193 2612 2236; x_wconf 94' lang='lat' dir='ltr'><strong>ut</strong></span> <span class='ocrx_word' id='word_1_491' title='bbox 2633 2197 2694 2236; x_wconf 90' lang='lat' dir='ltr'><strong>ea</strong></span> <span class='ocrx_word' id='word_1_492' title='bbox 2719 2182 2786 2236; x_wconf 91' lang='lat' dir='ltr'><strong>de</strong></span> <span class='ocrx_word' id='word_1_493' title='bbox 2812 2197 2868 2236; x_wconf 89' lang='lat' dir='ltr'><strong>re</strong></span> <span class='ocrx_word' id='word_1_494' title='bbox 2881 2181 3204 2238; x_wconf 80' lang='lat' dir='ltr'><strong>Ambrosius</strong></span> <span class='ocrx_word' id='word_1_495' title='bbox 3229 2183 3304 2236; x_wconf 88' lang='lat' dir='ltr'><strong>ita</strong></span> <span class='ocrx_word' id='word_1_496' title='bbox 3333 2183 3642 2252; x_wconf 89' lang='lat' dir='ltr'><strong>loquatur:</strong></span> <span class='ocrx_word' id='word_1_497' title='bbox 3675 2185 3798 2239; x_wconf 79' lang='lat' dir='ltr'><strong>Nec</strong></span> <span class='ocrx_word' id='word_1_498' title='bbox 3817 2183 3924 2253; x_wconf 84' lang='lat' dir='ltr'><strong>ipsi,</strong></span> 
     </span>
    </p>
   </div>
   <div class='ocr_carea' id='block_1_65' title="bbox 2293 2275 3920 2350">
    <p class='ocr_par' dir='ltr' id='par_1_65' title="bbox 2293 2275 3920 2350">
     <span class='ocr_line' id='line_1_65' title="bbox 2293 2275 3920 2350; baseline 0.001 -22"><span class='ocrx_word' id='word_1_499' title='bbox 2293 2275 2390 2340; x_wconf 87' lang='lat' dir='ltr'><strong>ait,</strong></span> <span class='ocrx_word' id='word_1_500' title='bbox 2421 2293 2512 2330; x_wconf 88' lang='lat' dir='ltr'><strong>nos</strong></span> <span class='ocrx_word' id='word_1_501' title='bbox 2551 2275 2726 2330; x_wconf 78' lang='lat' dir='ltr'><strong>stecnli</strong></span> <span class='ocrx_word' id='word_1_502' title='bbox 2755 2275 2909 2346; x_wconf 81' lang='lat' dir='ltr'><strong>hujus</strong></span> <span class='ocrx_word' id='word_1_503' title='bbox 2947 2275 3270 2331; x_wconf 86' lang='lat' dir='ltr'><strong>delectabant</strong></span> <span class='ocrx_word' id='word_1_504' title='bbox 3305 2277 3560 2346; x_wconf 82' lang='lat' dir='ltr'><strong>honores,</strong></span> <span class='ocrx_word' id='word_1_505' title='bbox 3597 2281 3762 2350; x_wconf 80' lang='lat' dir='ltr'><strong>quod</strong></span> <span class='ocrx_word' id='word_1_506' title='bbox 3787 2294 3920 2334; x_wconf 84' lang='lat' dir='ltr'><strong>nosa</strong></span> 
     </span>
    </p>
   </div>
   <div class='ocr_carea' id='block_1_66' title="bbox 2295 2367 3916 2444">
    <p class='ocr_par' dir='ltr' id='par_1_66' title="bbox 2295 2367 3916 2444">
     <span class='ocr_line' id='line_1_66' title="bbox 2295 2367 3916 2444; baseline 0.002 -24"><span class='ocrx_word' id='word_1_507' title='bbox 2295 2367 2438 2424; x_wconf 86' lang='lat' dir='ltr'><strong>nobis</strong></span> <span class='ocrx_word' id='word_1_508' title='bbox 2469 2369 2682 2424; x_wconf 84' lang='lat' dir='ltr'><strong>invicem</strong></span> <span class='ocrx_word' id='word_1_509' title='bbox 2705 2369 2996 2424; x_wconf 81' lang='lat' dir='ltr'><strong>dividebant</strong></span> <span class='ocrx_word' id='word_1_510' title='bbox 3019 2367 3120 2440; x_wconf 90' lang='lat' dir='ltr'><strong>(De</strong></span> <span class='ocrx_word' id='word_1_511' title='bbox 3139 2368 3374 2424; x_wconf 72' lang='lat' dir='ltr'><strong>Excessit</strong></span> <span class='ocrx_word' id='word_1_512' title='bbox 3393 2369 3618 2444; x_wconf 82' lang='lat' dir='ltr'><strong>Satyri,</strong></span> <span class='ocrx_word' id='word_1_513' title='bbox 3637 2390 3792 2428; x_wconf 83' lang='lat' dir='ltr'><strong>num.</strong></span> <span class='ocrx_word' id='word_1_514' title='bbox 3813 2371 3916 2440; x_wconf 71' lang='lat'><strong>2.5).</strong></span> 
     </span>
    </p>
   </div>
   <div class='ocr_carea' id='block_1_67' title="bbox 2301 2463 3914 2533">
    <p class='ocr_par' dir='ltr' id='par_1_67' title="bbox 2301 2463 3914 2533">
     <span class='ocr_line' id='line_1_67' title="bbox 2301 2463 3914 2533; baseline 0.001 -15"><span class='ocrx_word' id='word_1_515' title='bbox 2301 2463 2470 2518; x_wconf 90' lang='lat' dir='ltr'><strong>Tanta</strong></span> <span class='ocrx_word' id='word_1_516' title='bbox 2501 2478 2635 2519; x_wconf 87' lang='lat' dir='ltr'><strong>vero</strong></span> <span class='ocrx_word' id='word_1_517' title='bbox 2665 2463 2950 2533; x_wconf 87' lang='lat' dir='ltr'><strong>prudentia</strong></span> <span class='ocrx_word' id='word_1_518' title='bbox 2984 2473 3040 2518; x_wconf 92' lang='lat' dir='ltr'><strong>et</strong></span> <span class='ocrx_word' id='word_1_519' title='bbox 3071 2464 3494 2522; x_wconf 87' lang='lat' dir='ltr'><strong>mansuetudine</strong></span> <span class='ocrx_word' id='word_1_520' title='bbox 3541 2466 3706 2522; x_wconf 87' lang='lat' dir='ltr'><strong>hanc</strong></span> <span class='ocrx_word' id='word_1_521' title='bbox 3757 2467 3914 2522; x_wconf 86' lang='lat' dir='ltr'><strong>admi-</strong></span> 
     </span>
    </p>
   </div>
   <div class='ocr_carea' id='block_1_68' title="bbox 2295 2556 3912 2629">
    <p class='ocr_par' dir='ltr' id='par_1_68' title="bbox 2295 2556 3912 2629">
     <span class='ocr_line' id='line_1_68' title="bbox 2295 2556 3912 2629; baseline -0.001 -15"><span class='ocrx_word' id='word_1_522' title='bbox 2295 2556 2672 2614; x_wconf 90' lang='lat' dir='ltr'><strong>nistrationem</strong></span> <span class='ocrx_word' id='word_1_523' title='bbox 2719 2557 2892 2612; x_wconf 90' lang='lat' dir='ltr'><strong>obivit</strong></span> <span class='ocrx_word' id='word_1_524' title='bbox 2939 2556 3197 2628; x_wconf 81' lang='lat' dir='ltr'><strong>Satyrus,</strong></span> <span class='ocrx_word' id='word_1_525' title='bbox 3251 2567 3310 2612; x_wconf 90' lang='lat' dir='ltr'><strong>ut</strong></span> <span class='ocrx_word' id='word_1_526' title='bbox 3355 2557 3458 2627; x_wconf 86' lang='lat' dir='ltr'><strong>ipsi</strong></span> <span class='ocrx_word' id='word_1_527' title='bbox 3507 2559 3640 2629; x_wconf 87' lang='lat' dir='ltr'><strong>jam</strong></span> <span class='ocrx_word' id='word_1_528' title='bbox 3703 2568 3912 2615; x_wconf 84' lang='lat' dir='ltr'><strong>mortuo</strong></span> 
     </span>
    </p>
   </div>
   <div class='ocr_carea' id='block_1_69' title="bbox 2297 2649 3906 2721">
    <p class='ocr_par' dir='ltr' id='par_1_69' title="bbox 2297 2649 3906 2721">
     <span class='ocr_line' id='line_1_69' title="bbox 2297 2649 3906 2721; baseline -0.001 -13"><span class='ocrx_word' id='word_1_529' title='bbox 2297 2650 2670 2708; x_wconf 89' lang='lat' dir='ltr'><strong>testimonium</strong></span> <span class='ocrx_word' id='word_1_530' title='bbox 2700 2651 2802 2706; x_wconf 89' lang='lat' dir='ltr'><strong>hoc</strong></span> <span class='ocrx_word' id='word_1_531' title='bbox 2829 2649 3022 2705; x_wconf 88' lang='lat' dir='ltr'><strong>reddat</strong></span> <span class='ocrx_word' id='word_1_532' title='bbox 3050 2661 3276 2706; x_wconf 88' lang='lat' dir='ltr'><strong>sanctus</strong></span> <span class='ocrx_word' id='word_1_533' title='bbox 3313 2651 3484 2708; x_wconf 80' lang='lat' dir='ltr'><strong>frater</strong></span> <span class='ocrx_word' id='word_1_534' title='bbox 3509 2670 3524 2707; x_wconf 91' lang='lat'>:</span> <span class='ocrx_word' id='word_1_535' title='bbox 3577 2655 3726 2710; x_wconf 80' lang='lat' dir='ltr'><strong>Siue</strong></span> <span class='ocrx_word' id='word_1_536' title='bbox 3757 2653 3906 2721; x_wconf 74' lang='lat' dir='ltr'><strong>offen-</strong></span> 
     </span>
    </p>
   </div>
   <div class='ocr_carea' id='block_1_70' title="bbox 2295 2745 3906 2820">
    <p class='ocr_par' dir='ltr' id='par_1_70' title="bbox 2295 2745 3906 2820">
     <span class='ocr_line' id='line_1_70' title="bbox 2295 2745 3906 2820; baseline -0.002 -17"><span class='ocrx_word' id='word_1_537' title='bbox 2295 2748 2438 2803; x_wconf 87' lang='lat' dir='ltr'><strong>sione</strong></span> <span class='ocrx_word' id='word_1_538' title='bbox 2459 2749 2567 2802; x_wconf 87' lang='lat' dir='ltr'><strong>ulla</strong></span> <span class='ocrx_word' id='word_1_539' title='bbox 2588 2757 2638 2801; x_wconf 90' lang='lat' dir='ltr'><strong>et</strong></span> <span class='ocrx_word' id='word_1_540' title='bbox 2663 2747 2958 2820; x_wconf 83' lang='lat' dir='ltr'><strong>gubernasti</strong></span> <span class='ocrx_word' id='word_1_541' title='bbox 2991 2747 3172 2817; x_wconf 87' lang='lat' dir='ltr'><strong>fratris</strong></span> <span class='ocrx_word' id='word_1_542' title='bbox 3195 2747 3424 2814; x_wconf 86' lang='lat' dir='ltr'><strong>domum,</strong></span> <span class='ocrx_word' id='word_1_543' title='bbox 3451 2757 3500 2802; x_wconf 85' lang='lat' dir='ltr'><strong>et</strong></span> <span class='ocrx_word' id='word_1_544' title='bbox 3523 2745 3906 2804; x_wconf 77' lang='lat' dir='ltr'><strong>cornnteudasti</strong></span> 
     </span>
    </p>
   </div>
   <div class='ocr_carea' id='block_1_71' title="bbox 2296 2837 3175 2910">
    <p class='ocr_par' dir='ltr' id='par_1_71' title="bbox 2296 2837 3175 2910">
     <span class='ocr_line' id='line_1_71' title="bbox 2296 2837 3175 2910; baseline -0.005 -14"><span class='ocrx_word' id='word_1_545' title='bbox 2296 2840 2638 2896; x_wconf 88' lang='lat' dir='ltr'><strong>sacerdotium</strong></span> <span class='ocrx_word' id='word_1_546' title='bbox 2669 2839 2860 2910; x_wconf 69' lang='lat' dir='ltr'><strong>(Ibid,</strong></span> <span class='ocrx_word' id='word_1_547' title='bbox 2893 2855 3036 2898; x_wconf 81' lang='lat' dir='ltr'><strong>num.</strong></span> <span class='ocrx_word' id='word_1_548' title='bbox 3059 2837 3175 2910; x_wconf 67' lang='grc' dir='ltr'><strong>ΞΟ).</strong></span> 
     </span>
    </p>
   </div>
   <div class='ocr_carea' id='block_1_72' title="bbox 2297 2937 3900 3010">
    <p class='ocr_par' dir='ltr' id='par_1_72' title="bbox 2297 2937 3900 3010">
     <span class='ocr_line' id='line_1_72' title="bbox 2297 2937 3900 3010; baseline -0.003 -15"><span class='ocrx_word' id='word_1_549' title='bbox 2297 2947 2340 3006; x_wconf 40' lang='grc' dir='ltr'><strong>ᾗ.</strong></span> <span class='ocrx_word' id='word_1_550' title='bbox 2373 2939 2462 2994; x_wconf 84' lang='grc'><strong>15.</strong></span> <span class='ocrx_word' id='word_1_551' title='bbox 2501 2938 2842 3010; x_wconf 85' lang='lat' dir='ltr'><strong>Quapropter</strong></span> <span class='ocrx_word' id='word_1_552' title='bbox 2861 2939 3146 3010; x_wconf 82' lang='lat' dir='ltr'><strong>expeditus</strong></span> <span class='ocrx_word' id='word_1_553' title='bbox 3169 2955 3233 2996; x_wconf 90' lang='lat' dir='ltr'><strong>ac</strong></span> <span class='ocrx_word' id='word_1_554' title='bbox 3259 2941 3396 2998; x_wconf 90' lang='lat' dir='ltr'><strong>liber</strong></span> <span class='ocrx_word' id='word_1_555' title='bbox 3415 2956 3448 2996; x_wconf 89' lang='lat' dir='ltr'><strong>a</strong></span> <span class='ocrx_word' id='word_1_556' title='bbox 3469 2943 3645 3000; x_wconf 90' lang='lat' dir='ltr'><strong>rebus</strong></span> <span class='ocrx_word' id='word_1_557' title='bbox 3681 2937 3900 2999; x_wconf 87' lang='lat' dir='ltr'><strong>terrenis</strong></span> 
     </span>
    </p>
   </div>
   <div class='ocr_carea' id='block_1_73' title="bbox 2297 3037 3896 3108">
    <p class='ocr_par' dir='ltr' id='par_1_73' title="bbox 2297 3037 3896 3108">
     <span class='ocr_line' id='line_1_73' title="bbox 2297 3037 3896 3108; baseline -0.003 -18"><span class='ocrx_word' id='word_1_558' title='bbox 2297 3051 2469 3091; x_wconf 89' lang='lat' dir='ltr'><strong>novus</strong></span> <span class='ocrx_word' id='word_1_559' title='bbox 2511 3037 2820 3106; x_wconf 90' lang='lat' dir='ltr'><strong>episcopus,</strong></span> <span class='ocrx_word' id='word_1_560' title='bbox 2849 3037 3151 3092; x_wconf 74' lang='lat' dir='ltr'><strong>caelestium</strong></span> <span class='ocrx_word' id='word_1_561' title='bbox 3183 3037 3532 3108; x_wconf 88' lang='lat' dir='ltr'><strong>acquisitioni</strong></span> <span class='ocrx_word' id='word_1_562' title='bbox 3577 3049 3734 3096; x_wconf 90' lang='lat' dir='ltr'><strong>totus</strong></span> <span class='ocrx_word' id='word_1_563' title='bbox 3761 3039 3896 3090; x_wconf 86' lang='lat' dir='ltr'><strong>incu-</strong></span> 
     </span>
    </p>
   </div>
   <div class='ocr_carea' id='block_1_74' title="bbox 2299 3131 3892 3205">
    <p class='ocr_par' dir='ltr' id='par_1_74' title="bbox 2299 3131 3892 3205">
     <span class='ocr_line' id='line_1_74' title="bbox 2299 3131 3892 3205; baseline -0.002 -18"><span class='ocrx_word' id='word_1_564' title='bbox 2299 3131 2416 3187; x_wconf 90' lang='lat' dir='ltr'><strong>buit</strong></span> <span class='ocrx_word' id='word_1_565' title='bbox 2446 3149 2460 3186; x_wconf 90' lang='lat'><strong>:</strong></span> <span class='ocrx_word' id='word_1_566' title='bbox 2493 3139 2548 3186; x_wconf 93' lang='lat' dir='ltr'><strong>et</strong></span> <span class='ocrx_word' id='word_1_567' title='bbox 2569 3132 2821 3202; x_wconf 84' lang='lat' dir='ltr'><strong>quamvis</strong></span> <span class='ocrx_word' id='word_1_568' title='bbox 2851 3139 2978 3188; x_wconf 85' lang='lat' dir='ltr'><strong>ante</strong></span> <span class='ocrx_word' id='word_1_569' title='bbox 3027 3141 3338 3202; x_wconf 90' lang='lat' dir='ltr'><strong>susceptum</strong></span> <span class='ocrx_word' id='word_1_570' title='bbox 3371 3148 3592 3188; x_wconf 86' lang='lat' dir='ltr'><strong>sacrum</strong></span> <span class='ocrx_word' id='word_1_571' title='bbox 3639 3132 3892 3205; x_wconf 81' lang='lat' dir='ltr'><strong>baptisma</strong></span> 
     </span>
    </p>
   </div>
   <div class='ocr_carea' id='block_1_75' title="bbox 2297 3222 3888 3294">
    <p class='ocr_par' dir='ltr' id='par_1_75' title="bbox 2297 3222 3888 3294">
     <span class='ocr_line' id='line_1_75' title="bbox 2297 3222 3888 3294; baseline -0.001 -16"><span class='ocrx_word' id='word_1_572' title='bbox 2297 3233 2406 3278; x_wconf 88' lang='lat' dir='ltr'><strong>tam</strong></span> <span class='ocrx_word' id='word_1_573' title='bbox 2435 3222 2665 3278; x_wconf 83' lang='lat' dir='ltr'><strong>honeste</strong></span> <span class='ocrx_word' id='word_1_574' title='bbox 2689 3231 2908 3294; x_wconf 89' lang='lat' dir='ltr'><strong>tamque</strong></span> <span class='ocrx_word' id='word_1_575' title='bbox 2931 3225 3230 3282; x_wconf 81' lang='lat' dir='ltr'><strong>cliristiane</strong></span> <span class='ocrx_word' id='word_1_576' title='bbox 3259 3227 3422 3282; x_wconf 88' lang='lat' dir='ltr'><strong>vitam</strong></span> <span class='ocrx_word' id='word_1_577' title='bbox 3455 3227 3812 3290; x_wconf 86' lang='lat' dir='ltr'><strong>instituisset,</strong></span> <span class='ocrx_word' id='word_1_578' title='bbox 3843 3228 3888 3275; x_wconf 89' lang='lat' dir='ltr'><strong>ut</strong></span> 
     </span>
    </p>
   </div>
   <div class='ocr_carea' id='block_1_76' title="bbox 2297 3315 3890 3392">
    <p class='ocr_par' dir='ltr' id='par_1_76' title="bbox 2297 3315 3890 3392">
     <span class='ocr_line' id='line_1_76' title="bbox 2297 3315 3890 3392; baseline 0 -22"><span class='ocrx_word' id='word_1_579' title='bbox 2297 3315 2390 3370; x_wconf 83' lang='lat' dir='ltr'><strong>vix</strong></span> <span class='ocrx_word' id='word_1_580' title='bbox 2431 3315 2576 3371; x_wconf 87' lang='lat' dir='ltr'><strong>aliud</strong></span> <span class='ocrx_word' id='word_1_581' title='bbox 2608 3317 2750 3386; x_wconf 90' lang='lat' dir='ltr'><strong>quod</strong></span> <span class='ocrx_word' id='word_1_582' title='bbox 2781 3317 3097 3382; x_wconf 90' lang='lat' dir='ltr'><strong>adderetur,</strong></span> <span class='ocrx_word' id='word_1_583' title='bbox 3127 3319 3382 3376; x_wconf 90' lang='lat' dir='ltr'><strong>culminis</strong></span> <span class='ocrx_word' id='word_1_584' title='bbox 3405 3320 3746 3392; x_wconf 88' lang='lat' dir='ltr'><strong>episcopalis</strong></span> <span class='ocrx_word' id='word_1_585' title='bbox 3783 3329 3890 3386; x_wconf 81' lang='lat' dir='ltr'><strong>per-</strong></span> 
     </span>
    </p>
   </div>
   <div class='ocr_carea' id='block_1_77' title="bbox 2296 3405 3884 3481">
    <p class='ocr_par' dir='ltr' id='par_1_77' title="bbox 2296 3405 3884 3481">
     <span class='ocr_line' id='line_1_77' title="bbox 2296 3405 3884 3481; baseline 0.001 -20"><span class='ocrx_word' id='word_1_586' title='bbox 2296 3405 2460 3462; x_wconf 87' lang='lat' dir='ltr'><strong>fectio</strong></span> <span class='ocrx_word' id='word_1_587' title='bbox 2493 3407 2766 3464; x_wconf 86' lang='lat' dir='ltr'><strong>videretur</strong></span> <span class='ocrx_word' id='word_1_588' title='bbox 2801 3413 3056 3481; x_wconf 80' lang='lat' dir='ltr'><strong>exigere;</strong></span> <span class='ocrx_word' id='word_1_589' title='bbox 3107 3411 3461 3466; x_wconf 86' lang='lat' dir='ltr'><strong>nihilominus</strong></span> <span class='ocrx_word' id='word_1_590' title='bbox 3514 3421 3707 3468; x_wconf 88' lang='lat' dir='ltr'><strong>tamen</strong></span> <span class='ocrx_word' id='word_1_591' title='bbox 3757 3417 3884 3462; x_wconf 76' lang='lat' dir='ltr'><strong>tanta</strong></span> 
     </span>
    </p>
   </div>
   <div class='ocr_carea' id='block_1_78' title="bbox 2297 3501 3880 3574">
    <p class='ocr_par' dir='ltr' id='par_1_78' title="bbox 2297 3501 3880 3574">
     <span class='ocr_line' id='line_1_78' title="bbox 2297 3501 3880 3574; baseline 0.006 -20"><span class='ocrx_word' id='word_1_592' title='bbox 2297 3501 2466 3556; x_wconf 87' lang='lat' dir='ltr'><strong>animi</strong></span> <span class='ocrx_word' id='word_1_593' title='bbox 2495 3504 2850 3560; x_wconf 86' lang='lat' dir='ltr'><strong>contentione</strong></span> <span class='ocrx_word' id='word_1_594' title='bbox 2871 3519 3094 3574; x_wconf 89' lang='lat' dir='ltr'><strong>operam</strong></span> <span class='ocrx_word' id='word_1_595' title='bbox 3122 3504 3274 3560; x_wconf 89' lang='lat' dir='ltr'><strong>dedit</strong></span> <span class='ocrx_word' id='word_1_596' title='bbox 3299 3505 3594 3563; x_wconf 85' lang='lat' dir='ltr'><strong>virtutibus</strong></span> <span class='ocrx_word' id='word_1_597' title='bbox 3621 3505 3880 3564; x_wconf 54' lang='lat' dir='ltr'><strong>omnibust</strong></span> 
     </span>
    </p>
   </div>
   <div class='ocr_carea' id='block_1_79' title="bbox 2297 3597 3877 3668">
    <p class='ocr_par' dir='ltr' id='par_1_79' title="bbox 2297 3597 3877 3668">
     <span class='ocr_line' id='line_1_79' title="bbox 2297 3597 3877 3668; baseline -0.003 -18"><span class='ocrx_word' id='word_1_598' title='bbox 2297 3607 2492 3666; x_wconf 85' lang='lat' dir='ltr'><strong>quanta</strong></span> <span class='ocrx_word' id='word_1_599' title='bbox 2543 3597 2588 3652; x_wconf 85' lang='lat' dir='ltr'><strong>si</strong></span> <span class='ocrx_word' id='word_1_600' title='bbox 2633 3597 2835 3652; x_wconf 89' lang='lat' dir='ltr'><strong>nullam</strong></span> <span class='ocrx_word' id='word_1_601' title='bbox 2877 3597 2980 3654; x_wconf 87' lang='lat' dir='ltr'><strong>sibi</strong></span> <span class='ocrx_word' id='word_1_602' title='bbox 3027 3597 3208 3654; x_wconf 89' lang='lat' dir='ltr'><strong>inesse</strong></span> <span class='ocrx_word' id='word_1_603' title='bbox 3233 3614 3552 3668; x_wconf 86' lang='lat' dir='ltr'><strong>persuasum</strong></span> <span class='ocrx_word' id='word_1_604' title='bbox 3593 3598 3877 3656; x_wconf 80' lang='lat' dir='ltr'><strong>habuisset.</strong></span> 
     </span>
    </p>
   </div>
   <div class='ocr_carea' id='block_1_80' title="bbox 2295 3689 3878 3764">
    <p class='ocr_par' dir='ltr' id='par_1_80' title="bbox 2295 3689 3878 3764">
     <span class='ocr_line' id='line_1_80' title="bbox 2295 3689 3878 3764; baseline -0.001 -20"><span class='ocrx_word' id='word_1_605' title='bbox 2295 3689 2408 3758; x_wconf 84' lang='lat' dir='ltr'><strong>Qua</strong></span> <span class='ocrx_word' id='word_1_606' title='bbox 2461 3689 2672 3746; x_wconf 89' lang='lat' dir='ltr'><strong>ratione</strong></span> <span class='ocrx_word' id='word_1_607' title='bbox 2722 3691 2846 3746; x_wconf 89' lang='lat' dir='ltr'><strong>talis</strong></span> <span class='ocrx_word' id='word_1_608' title='bbox 2891 3689 3149 3756; x_wconf 78' lang='lat' dir='ltr'><strong>effectus,</strong></span> <span class='ocrx_word' id='word_1_609' title='bbox 3189 3693 3404 3762; x_wconf 88' lang='lat' dir='ltr'><strong>qualem</strong></span> <span class='ocrx_word' id='word_1_610' title='bbox 3453 3697 3878 3764; x_wconf 79' lang='lat' dir='ltr'><strong>tuittmqucmquc</strong></span> 
     </span>
    </p>
   </div>
   <div class='ocr_carea' id='block_1_81' title="bbox 2294 3783 3876 3856">
    <p class='ocr_par' dir='ltr' id='par_1_81' title="bbox 2294 3783 3876 3856">
     <span class='ocr_line' id='line_1_81' title="bbox 2294 3783 3876 3856; baseline 0.001 -18"><span class='ocrx_word' id='word_1_611' title='bbox 2294 3783 2634 3840; x_wconf 84' lang='lat' dir='ltr'><strong>subditorum</strong></span> <span class='ocrx_word' id='word_1_612' title='bbox 2665 3799 2886 3840; x_wconf 91' lang='lat' dir='ltr'><strong>suorum</strong></span> <span class='ocrx_word' id='word_1_613' title='bbox 2915 3800 3040 3842; x_wconf 89' lang='lat' dir='ltr'><strong>esse</strong></span> <span class='ocrx_word' id='word_1_614' title='bbox 3065 3786 3400 3856; x_wconf 84' lang='lat' dir='ltr'><strong>pemptabat,</strong></span> <span class='ocrx_word' id='word_1_615' title='bbox 3425 3787 3634 3844; x_wconf 88' lang='lat' dir='ltr'><strong>eisdem</strong></span> <span class='ocrx_word' id='word_1_616' title='bbox 3660 3786 3728 3842; x_wconf 91' lang='lat' dir='ltr'><strong>ad</strong></span> <span class='ocrx_word' id='word_1_617' title='bbox 3755 3786 3876 3842; x_wconf 69' lang='lat' dir='ltr'><strong>ben:</strong></span> 
     </span>
    </p>
   </div>
   <div class='ocr_carea' id='block_1_82' title="bbox 2293 3874 3874 3951">
    <p class='ocr_par' dir='ltr' id='par_1_82' title="bbox 2293 3874 3874 3951">
     <span class='ocr_line' id='line_1_82' title="bbox 2293 3874 3874 3951; baseline -0.002 -20"><span class='ocrx_word' id='word_1_618' title='bbox 2293 3891 2460 3948; x_wconf 87' lang='lat' dir='ltr'><strong>opera</strong></span> <span class='ocrx_word' id='word_1_619' title='bbox 2510 3877 2682 3934; x_wconf 88' lang='lat' dir='ltr'><strong>facem</strong></span> <span class='ocrx_word' id='word_1_620' title='bbox 2726 3895 3018 3951; x_wconf 88' lang='lat' dir='ltr'><strong>numquam</strong></span> <span class='ocrx_word' id='word_1_621' title='bbox 3067 3895 3172 3935; x_wconf 90' lang='lat' dir='ltr'><strong>non</strong></span> <span class='ocrx_word' id='word_1_622' title='bbox 3221 3880 3566 3951; x_wconf 63' lang='lat' dir='ltr'><strong>praeferebat.</strong></span> <span class='ocrx_word' id='word_1_623' title='bbox 3605 3882 3664 3938; x_wconf 87' lang='lat' dir='ltr'><strong>In</strong></span> <span class='ocrx_word' id='word_1_624' title='bbox 3707 3874 3874 3951; x_wconf 77' lang='lat' dir='ltr'><strong>primis</strong></span> 
     </span>
    </p>
   </div>
   <div class='ocr_carea' id='block_1_83' title="bbox 2291 3971 3871 4043">
    <p class='ocr_par' dir='ltr' id='par_1_83' title="bbox 2291 3971 3871 4043">
     <span class='ocr_line' id='line_1_83' title="bbox 2291 3971 3871 4043; baseline -0.001 -18"><span class='ocrx_word' id='word_1_625' title='bbox 2291 3979 2472 4025; x_wconf 89' lang='lat' dir='ltr'><strong>autem</strong></span> <span class='ocrx_word' id='word_1_626' title='bbox 2507 3971 2580 4025; x_wconf 89' lang='lat' dir='ltr'><strong>ita</strong></span> <span class='ocrx_word' id='word_1_627' title='bbox 2625 3987 2684 4026; x_wconf 88' lang='lat' dir='ltr'><strong>se</strong></span> <span class='ocrx_word' id='word_1_628' title='bbox 2715 3973 3051 4043; x_wconf 85' lang='lat' dir='ltr'><strong>manciparat</strong></span> <span class='ocrx_word' id='word_1_629' title='bbox 3079 3973 3247 4029; x_wconf 88' lang='lat' dir='ltr'><strong>cultui</strong></span> <span class='ocrx_word' id='word_1_630' title='bbox 3295 3989 3576 4031; x_wconf 82' lang='lat' dir='ltr'><strong>sacrorum</strong></span> <span class='ocrx_word' id='word_1_631' title='bbox 3613 3974 3871 4035; x_wconf 85' lang='lat' dir='ltr'><strong>altarium,</strong></span> 
     </span>
    </p>
   </div>
   <div class='ocr_carea' id='block_1_84' title="bbox 2295 4063 3872 4137">
    <p class='ocr_par' dir='ltr' id='par_1_84' title="bbox 2295 4063 3872 4137">
     <span class='ocr_line' id='line_1_84' title="bbox 2295 4063 3872 4137; baseline 0.001 -19"><span class='ocrx_word' id='word_1_632' title='bbox 2295 4073 2352 4118; x_wconf 92' lang='lat' dir='ltr'><strong>ut</strong></span> <span class='ocrx_word' id='word_1_633' title='bbox 2378 4063 2544 4120; x_wconf 91' lang='lat' dir='ltr'><strong>nullis</strong></span> <span class='ocrx_word' id='word_1_634' title='bbox 2575 4065 2806 4136; x_wconf 88' lang='lat' dir='ltr'><strong>negotiis</strong></span> <span class='ocrx_word' id='word_1_635' title='bbox 2835 4081 2943 4136; x_wconf 92' lang='lat' dir='ltr'><strong>quo</strong></span> <span class='ocrx_word' id='word_1_636' title='bbox 2975 4067 3155 4122; x_wconf 86' lang='lat' dir='ltr'><strong>minus</strong></span> <span class='ocrx_word' id='word_1_637' title='bbox 3186 4068 3430 4137; x_wconf 89' lang='lat' dir='ltr'><strong>quotidie</strong></span> <span class='ocrx_word' id='word_1_638' title='bbox 3455 4068 3702 4125; x_wconf 88' lang='lat' dir='ltr'><strong>divinum</strong></span> <span class='ocrx_word' id='word_1_639' title='bbox 3731 4064 3872 4121; x_wconf 61' lang='lat' dir='ltr'><strong>offero</strong></span> 
     </span>
    </p>
   </div>
   <div class='ocr_carea' id='block_1_85' title="bbox 2291 4249 3866 4315">
    <p class='ocr_par' dir='ltr' id='par_1_85' title="bbox 2291 4249 3866 4315">
     <span class='ocr_line' id='line_1_85' title="bbox 2291 4249 3866 4315; baseline 0.003 -9"><span class='ocrx_word' id='word_1_640' title='bbox 2291 4249 2400 4306; x_wconf 90' lang='lat' dir='ltr'><strong>Sed</strong></span> <span class='ocrx_word' id='word_1_641' title='bbox 2427 4265 2552 4306; x_wconf 92' lang='lat' dir='ltr'><strong>cum</strong></span> <span class='ocrx_word' id='word_1_642' title='bbox 2579 4250 2840 4308; x_wconf 87' lang='lat' dir='ltr'><strong>Paulinus</strong></span> <span class='ocrx_word' id='word_1_643' title='bbox 2879 4253 3013 4309; x_wconf 89' lang='lat' dir='ltr'><strong>satis</strong></span> <span class='ocrx_word' id='word_1_644' title='bbox 3067 4265 3320 4311; x_wconf 89' lang='lat' dir='ltr'><strong>accurate</strong></span> <span class='ocrx_word' id='word_1_645' title='bbox 3351 4256 3740 4315; x_wconf 86' lang='lat' dir='ltr'><strong>Ambrosianas</strong></span> <span class='ocrx_word' id='word_1_646' title='bbox 3767 4254 3866 4310; x_wconf 86' lang='lat' dir='ltr'><strong>sin-</strong></span> 
     </span>
    </p>
   </div>
   <div class='ocr_carea' id='block_1_86' title="bbox 2290 4343 3870 4424">
    <p class='ocr_par' dir='ltr' id='par_1_86' title="bbox 2290 4343 3870 4424">
     <span class='ocr_line' id='line_1_86' title="bbox 2290 4343 3870 4424; baseline 0.004 -26"><span class='ocrx_word' id='word_1_647' title='bbox 2290 4343 2542 4416; x_wconf 83' lang='lat' dir='ltr'><strong>gulorum</strong></span> <span class='ocrx_word' id='word_1_648' title='bbox 2597 4345 2808 4402; x_wconf 90' lang='lat' dir='ltr'><strong>dierum</strong></span> <span class='ocrx_word' id='word_1_649' title='bbox 2861 4348 3284 4405; x_wconf 79' lang='lat' dir='ltr'><strong>exercitationes</strong></span> <span class='ocrx_word' id='word_1_650' title='bbox 3339 4354 3678 4408; x_wconf 87' lang='lat' dir='ltr'><strong>enarraverit</strong></span> <span class='ocrx_word' id='word_1_651' title='bbox 3727 4347 3870 4424; x_wconf 69' lang='grc' dir='ltr'><strong>(ΠΜ</strong></span> 
     </span>
    </p>
   </div>
   <div class='ocr_carea' id='block_1_87' title="bbox 2291 4437 3866 4514">
    <p class='ocr_par' dir='ltr' id='par_1_87' title="bbox 2291 4437 3866 4514">
     <span class='ocr_line' id='line_1_87' title="bbox 2291 4437 3866 4514; baseline 0 -20"><span class='ocrx_word' id='word_1_652' title='bbox 2291 4437 2556 4506; x_wconf 80' lang='lat' dir='ltr'><strong>Ambros.,</strong></span> <span class='ocrx_word' id='word_1_653' title='bbox 2599 4456 2744 4496; x_wconf 87' lang='lat' dir='ltr'><strong>num.</strong></span> <span class='ocrx_word' id='word_1_654' title='bbox 2801 4441 2870 4498; x_wconf 81' lang='lat'><strong>58</strong></span> <span class='ocrx_word' id='word_1_655' title='bbox 2897 4451 2947 4498; x_wconf 89' lang='lat' dir='ltr'><strong>et</strong></span> <span class='ocrx_word' id='word_1_656' title='bbox 3001 4443 3159 4514; x_wconf 86' lang='lat' dir='ltr'><strong>seq.),</strong></span> <span class='ocrx_word' id='word_1_657' title='bbox 3189 4451 3248 4498; x_wconf 90' lang='lat' dir='ltr'><strong>ut</strong></span> <span class='ocrx_word' id='word_1_658' title='bbox 3297 4459 3379 4500; x_wconf 76' lang='lat' dir='ltr'><strong>etc</strong></span> <span class='ocrx_word' id='word_1_659' title='bbox 3425 4445 3733 4502; x_wconf 89' lang='lat' dir='ltr'><strong>minutatim</strong></span> <span class='ocrx_word' id='word_1_660' title='bbox 3781 4441 3866 4496; x_wconf 86' lang='lat' dir='ltr'><strong>hoc</strong></span> 
     </span>
    </p>
   </div>
   <div class='ocr_carea' id='block_1_88' title="bbox 2293 4535 3868 4607">
    <p class='ocr_par' dir='ltr' id='par_1_88' title="bbox 2293 4535 3868 4607">
     <span class='ocr_line' id='line_1_88' title="bbox 2293 4535 3868 4607; baseline -0.002 -17"><span class='ocrx_word' id='word_1_661' title='bbox 2293 4535 2413 4592; x_wconf 89' lang='lat' dir='ltr'><strong>loco</strong></span> <span class='ocrx_word' id='word_1_662' title='bbox 2440 4546 2806 4607; x_wconf 74' lang='lat' dir='ltr'><strong>exponuntur,</strong></span> <span class='ocrx_word' id='word_1_663' title='bbox 2833 4537 2964 4593; x_wconf 88' lang='lat' dir='ltr'><strong>nihil</strong></span> <span class='ocrx_word' id='word_1_664' title='bbox 2983 4547 3068 4595; x_wconf 87' lang='lat' dir='ltr'><strong>est</strong></span> <span class='ocrx_word' id='word_1_665' title='bbox 3090 4553 3338 4596; x_wconf 89' lang='lat' dir='ltr'><strong>necesse.</strong></span> <span class='ocrx_word' id='word_1_666' title='bbox 3362 4538 3638 4596; x_wconf 73' lang='lat' dir='ltr'><strong>Cancrum</strong></span> <span class='ocrx_word' id='word_1_667' title='bbox 3669 4545 3868 4596; x_wconf 85' lang='lat' dir='ltr'><strong>sanctus</strong></span> 
     </span>
    </p>
   </div>
   <div class='ocr_carea' id='block_1_89' title="bbox 596 4601 3864 4703">
    <p class='ocr_par' dir='ltr' id='par_1_89' title="bbox 596 4601 3864 4703">
     <span class='ocr_line' id='line_1_89' title="bbox 596 4601 3864 4703; baseline -0.001 -22"><span class='ocrx_word' id='word_1_668' title='bbox 596 4601 904 4693; x_wconf 67' lang='lat' dir='ltr'><strong>voluerint,</strong></span> <span class='ocrx_word' id='word_1_669' title='bbox 959 4641 1066 4681; x_wconf 91' lang='lat' dir='ltr'><strong>non</strong></span> <span class='ocrx_word' id='word_1_670' title='bbox 1109 4627 1240 4681; x_wconf 90' lang='lat' dir='ltr'><strong>satis</strong></span> <span class='ocrx_word' id='word_1_671' title='bbox 1281 4627 1533 4681; x_wconf 89' lang='lat' dir='ltr'><strong>nimirum</strong></span> <span class='ocrx_word' id='word_1_672' title='bbox 1577 4601 1924 4683; x_wconf 85' lang='lat' dir='ltr'><strong>attendentes</strong></span> <span class='ocrx_word' id='word_1_673' title='bbox 1949 4625 2188 4682; x_wconf 84' lang='lat' dir='ltr'><strong>Valenti-</strong></span> <span class='ocrx_word' id='word_1_674' title='bbox 2211 4601 2267 4662; x_wconf 84' lang='grc' dir='ltr'>Ῑ)</span> <span class='ocrx_word' id='word_1_675' title='bbox 2293 4627 2498 4692; x_wconf 67' lang='lat' dir='ltr'><strong>Praesul</strong></span> <span class='ocrx_word' id='word_1_676' title='bbox 2537 4639 2744 4686; x_wconf 91' lang='lat' dir='ltr'><strong>attente</strong></span> <span class='ocrx_word' id='word_1_677' title='bbox 2771 4630 3128 4687; x_wconf 88' lang='lat' dir='ltr'><strong>considerans</strong></span> <span class='ocrx_word' id='word_1_678' title='bbox 3157 4631 3526 4703; x_wconf 83' lang='lat' dir='ltr'><strong>gubernacula</strong></span> <span class='ocrx_word' id='word_1_679' title='bbox 3555 4633 3674 4703; x_wconf 87' lang='lat' dir='ltr'><strong>ejus</strong></span> <span class='ocrx_word' id='word_1_680' title='bbox 3701 4626 3864 4686; x_wconf 81' lang='lat' dir='ltr'><strong>Eccle-</strong></span> 
     </span>
    </p>
   </div>
   <div class='ocr_carea' id='block_1_90' title="bbox 595 4717 2188 4791">
    <p class='ocr_par' dir='ltr' id='par_1_90' title="bbox 595 4717 2188 4791">
     <span class='ocr_line' id='line_1_90' title="bbox 595 4717 2188 4791; baseline 0.001 -17"><span class='ocrx_word' id='word_1_681' title='bbox 595 4717 767 4786; x_wconf 88' lang='lat' dir='ltr'><strong>niani,</strong></span> <span class='ocrx_word' id='word_1_682' title='bbox 799 4731 960 4789; x_wconf 91' lang='lat' dir='ltr'><strong>quem</strong></span> <span class='ocrx_word' id='word_1_683' title='bbox 991 4719 1340 4790; x_wconf 88' lang='lat' dir='ltr'><strong>superstitem</strong></span> <span class='ocrx_word' id='word_1_684' title='bbox 1375 4717 1538 4774; x_wconf 84' lang='lat' dir='ltr'><strong>fuisse</strong></span> <span class='ocrx_word' id='word_1_685' title='bbox 1569 4726 1783 4774; x_wconf 86' lang='lat' dir='ltr'><strong>constat</strong></span> <span class='ocrx_word' id='word_1_686' title='bbox 1811 4734 1918 4791; x_wconf 90' lang='lat' dir='ltr'><strong>quo</strong></span> <span class='ocrx_word' id='word_1_687' title='bbox 1946 4727 2188 4790; x_wconf 90' lang='lat' dir='ltr'><strong>tempore</strong></span> 
     </span>
    </p>
   </div>
   <div class='ocr_carea' id='block_1_91' title="bbox 593 4813 2186 4886">
    <p class='ocr_par' dir='ltr' id='par_1_91' title="bbox 593 4813 2186 4886">
     <span class='ocr_line' id='line_1_91' title="bbox 593 4813 2186 4886; baseline 0.002 -17"><span class='ocrx_word' id='word_1_688' title='bbox 593 4814 661 4870; x_wconf 88' lang='lat' dir='ltr'><strong>ad</strong></span> <span class='ocrx_word' id='word_1_689' title='bbox 702 4813 1071 4886; x_wconf 87' lang='lat' dir='ltr'><strong>episcopatum</strong></span> <span class='ocrx_word' id='word_1_690' title='bbox 1101 4815 1422 4870; x_wconf 86' lang='lat' dir='ltr'><strong>Ambrosius</strong></span> <span class='ocrx_word' id='word_1_691' title='bbox 1469 4823 1755 4886; x_wconf 90' lang='lat' dir='ltr'><strong>cooptatus</strong></span> <span class='ocrx_word' id='word_1_692' title='bbox 1800 4824 1925 4883; x_wconf 87' lang='lat' dir='ltr'><strong>est,</strong></span> <span class='ocrx_word' id='word_1_693' title='bbox 1979 4815 2186 4872; x_wconf 89' lang='lat' dir='ltr'><strong>obitum</strong></span> 
     </span>
    </p>
   </div>
   <div class='ocr_carea' id='block_1_92' title="bbox 593 4909 2186 4984">
    <p class='ocr_par' dir='ltr' id='par_1_92' title="bbox 593 4909 2186 4984">
     <span class='ocr_line' id='line_1_92' title="bbox 593 4909 2186 4984; baseline 0.001 -18"><span class='ocrx_word' id='word_1_694' title='bbox 593 4911 842 4966; x_wconf 89' lang='lat' dir='ltr'><strong>evenisse</strong></span> <span class='ocrx_word' id='word_1_695' title='bbox 873 4925 1015 4966; x_wconf 91' lang='lat' dir='ltr'><strong>anno</strong></span> <span class='ocrx_word' id='word_1_696' title='bbox 1040 4911 1171 4977; x_wconf 78' lang='lat'><strong>575,</strong></span> <span class='ocrx_word' id='word_1_697' title='bbox 1201 4924 1390 4966; x_wconf 90' lang='lat' dir='ltr'><strong>mense</strong></span> <span class='ocrx_word' id='word_1_698' title='bbox 1411 4909 1726 4967; x_wconf 84' lang='lat' dir='ltr'><strong>Novembri.</strong></span> <span class='ocrx_word' id='word_1_699' title='bbox 1775 4910 2186 4984; x_wconf 85' lang='lat' dir='ltr'><strong>Quamprimum</strong></span> 
     </span>
    </p>
   </div>
   <div class='ocr_carea' id='block_1_93' title="bbox 593 5005 2190 5080">
    <p class='ocr_par' dir='ltr' id='par_1_93' title="bbox 593 5005 2190 5080">
     <span class='ocr_line' id='line_1_93' title="bbox 593 5005 2190 5080; baseline 0.003 -20"><span class='ocrx_word' id='word_1_700' title='bbox 593 5020 722 5062; x_wconf 89' lang='lat' dir='ltr'><strong>vero</strong></span> <span class='ocrx_word' id='word_1_701' title='bbox 771 5013 993 5060; x_wconf 89' lang='lat' dir='ltr'><strong>sanctus</strong></span> <span class='ocrx_word' id='word_1_702' title='bbox 1041 5005 1283 5060; x_wconf 89' lang='lat' dir='ltr'><strong>Antistes</strong></span> <span class='ocrx_word' id='word_1_703' title='bbox 1331 5005 1660 5062; x_wconf 86' lang='lat' dir='ltr'><strong>electionem</strong></span> <span class='ocrx_word' id='word_1_704' title='bbox 1712 5021 1864 5062; x_wconf 90' lang='lat' dir='ltr'><strong>suam</strong></span> <span class='ocrx_word' id='word_1_705' title='bbox 1916 5007 2190 5080; x_wconf 88' lang='lat' dir='ltr'><strong>episcopis</strong></span> 
     </span>
    </p>
   </div>
   <div class='ocr_carea' id='block_1_94' title="bbox 591 5100 2186 5169">
    <p class='ocr_par' dir='ltr' id='par_1_94' title="bbox 591 5100 2186 5169">
     <span class='ocr_line' id='line_1_94' title="bbox 591 5100 2186 5169; baseline 0.002 -12"><span class='ocrx_word' id='word_1_706' title='bbox 591 5117 714 5157; x_wconf 90' lang='lat' dir='ltr'><strong>cum</strong></span> <span class='ocrx_word' id='word_1_707' title='bbox 743 5100 1026 5158; x_wconf 89' lang='lat' dir='ltr'><strong>orientalis</strong></span> <span class='ocrx_word' id='word_1_708' title='bbox 1055 5100 1318 5156; x_wconf 71' lang='lat' dir='ltr'><strong>Ecclesia:</strong></span> <span class='ocrx_word' id='word_1_709' title='bbox 1353 5110 1462 5156; x_wconf 92' lang='lat' dir='ltr'><strong>tum</strong></span> <span class='ocrx_word' id='word_1_710' title='bbox 1493 5102 1878 5169; x_wconf 86' lang='lat' dir='ltr'><strong>occidentalis,</strong></span> <span class='ocrx_word' id='word_1_711' title='bbox 1925 5112 1986 5159; x_wconf 90' lang='lat' dir='ltr'><strong>ut</strong></span> <span class='ocrx_word' id='word_1_712' title='bbox 2016 5105 2186 5160; x_wconf 91' lang='lat' dir='ltr'><strong>moris</strong></span> 
     </span>
    </p>
   </div>
   <div class='ocr_carea' id='block_1_95' title="bbox 592 5192 2188 5266">
    <p class='ocr_par' dir='ltr' id='par_1_95' title="bbox 592 5192 2188 5266">
     <span class='ocr_line' id='line_1_95' title="bbox 592 5192 2188 5266; baseline 0.002 -17"><span class='ocrx_word' id='word_1_713' title='bbox 592 5205 730 5262; x_wconf 90' lang='lat' dir='ltr'><strong>erat,</strong></span> <span class='ocrx_word' id='word_1_714' title='bbox 760 5192 1125 5266; x_wconf 83' lang='lat' dir='ltr'><strong>significavit;</strong></span> <span class='ocrx_word' id='word_1_715' title='bbox 1168 5200 1455 5265; x_wconf 78' lang='lat' dir='ltr'><strong>exstatque</strong></span> <span class='ocrx_word' id='word_1_716' title='bbox 1484 5195 1777 5250; x_wconf 89' lang='lat' dir='ltr'><strong>etiamnum</strong></span> <span class='ocrx_word' id='word_1_717' title='bbox 1808 5195 2040 5265; x_wconf 89' lang='lat' dir='ltr'><strong>epistola</strong></span> <span class='ocrx_word' id='word_1_718' title='bbox 2073 5213 2188 5252; x_wconf 88' lang='lat' dir='ltr'><strong>ma-</strong></span> 
     </span>
    </p>
   </div>
   <div class='ocr_carea' id='block_1_96' title="bbox 592 5286 2188 5358">
    <p class='ocr_par' dir='ltr' id='par_1_96' title="bbox 592 5286 2188 5358">
     <span class='ocr_line' id='line_1_96' title="bbox 592 5286 2188 5358; baseline 0.001 -16"><span class='ocrx_word' id='word_1_719' title='bbox 592 5289 681 5357; x_wconf 78' lang='lat' dir='ltr'><strong>gni</strong></span> <span class='ocrx_word' id='word_1_720' title='bbox 712 5286 896 5343; x_wconf 88' lang='lat' dir='ltr'><strong>Basilii</strong></span> <span class='ocrx_word' id='word_1_721' title='bbox 927 5301 1186 5358; x_wconf 89' lang='lat' dir='ltr'><strong>perquam</strong></span> <span class='ocrx_word' id='word_1_722' title='bbox 1217 5287 1432 5358; x_wconf 84' lang='lat' dir='ltr'><strong>egregia</strong></span> <span class='ocrx_word' id='word_1_723' title='bbox 1455 5329 1470 5353; x_wconf 96' lang='lat'><strong>,</strong></span> <span class='ocrx_word' id='word_1_724' title='bbox 1519 5303 1624 5358; x_wconf 90' lang='lat' dir='ltr'><strong>qna</strong></span> <span class='ocrx_word' id='word_1_725' title='bbox 1649 5287 1846 5344; x_wconf 89' lang='lat' dir='ltr'><strong>litteris</strong></span> <span class='ocrx_word' id='word_1_726' title='bbox 1874 5288 2188 5346; x_wconf 88' lang='lat' dir='ltr'><strong>Ambrosia-</strong></span> 
     </span>
    </p>
   </div>
   <div class='ocr_carea' id='block_1_97' title="bbox 594 5377 2185 5454">
    <p class='ocr_par' dir='ltr' id='par_1_97' title="bbox 594 5377 2185 5454">
     <span class='ocr_line' id='line_1_97' title="bbox 594 5377 2185 5454; baseline 0.004 -21"><span class='ocrx_word' id='word_1_727' title='bbox 594 5379 680 5434; x_wconf 89' lang='lat' dir='ltr'><strong>nis</strong></span> <span class='ocrx_word' id='word_1_728' title='bbox 706 5380 796 5436; x_wconf 93' lang='lat' dir='ltr'><strong>ille</strong></span> <span class='ocrx_word' id='word_1_729' title='bbox 823 5379 1118 5450; x_wconf 85' lang='lat' dir='ltr'><strong>reSpondet</strong></span> <span class='ocrx_word' id='word_1_730' title='bbox 1148 5377 1339 5449; x_wconf 86' lang='lat' dir='ltr'><strong>(Basil.</strong></span> <span class='ocrx_word' id='word_1_731' title='bbox 1369 5381 1520 5449; x_wconf 85' lang='lat' dir='ltr'><strong>epist.</strong></span> <span class='ocrx_word' id='word_1_732' title='bbox 1545 5381 1637 5452; x_wconf 81' lang='grc'><strong>55)</strong></span> <span class='ocrx_word' id='word_1_733' title='bbox 1657 5422 1672 5448; x_wconf 91' lang='grc'><em>,</em></span> <span class='ocrx_word' id='word_1_734' title='bbox 1707 5389 1762 5438; x_wconf 92' lang='lat' dir='ltr'><strong>et</strong></span> <span class='ocrx_word' id='word_1_735' title='bbox 1807 5383 1896 5453; x_wconf 91' lang='lat' dir='ltr'><strong>qui</strong></span> <span class='ocrx_word' id='word_1_736' title='bbox 1941 5383 2185 5454; x_wconf 75' lang='lat' dir='ltr'><strong>epistola:</strong></span> 
     </span>
    </p>
   </div>
   <div class='ocr_carea' id='block_1_98' title="bbox 593 5469 2182 5545">
    <p class='ocr_par' dir='ltr' id='par_1_98' title="bbox 593 5469 2182 5545">
     <span class='ocr_line' id='line_1_98' title="bbox 593 5469 2182 5545; baseline 0.005 -21"><span class='ocrx_word' id='word_1_737' title='bbox 593 5469 836 5544; x_wconf 86' lang='lat' dir='ltr'><strong>Dionysii</strong></span> <span class='ocrx_word' id='word_1_738' title='bbox 875 5487 1038 5544; x_wconf 90' lang='lat' dir='ltr'><strong>quem</strong></span> <span class='ocrx_word' id='word_1_739' title='bbox 1085 5472 1140 5528; x_wconf 89' lang='lat' dir='ltr'><strong>in</strong></span> <span class='ocrx_word' id='word_1_740' title='bbox 1196 5472 1512 5543; x_wconf 89' lang='lat' dir='ltr'><strong>episcopatu</strong></span> <span class='ocrx_word' id='word_1_741' title='bbox 1564 5473 1778 5545; x_wconf 81' lang='lat' dir='ltr'><strong>excepit</strong></span> <span class='ocrx_word' id='word_1_742' title='bbox 1827 5474 2182 5543; x_wconf 82' lang='lat' dir='ltr'><strong>Ambrosius,</strong></span> 
     </span>
    </p>
   </div>
   <div class='ocr_carea' id='block_1_99' title="bbox 593 5562 2187 5636">
    <p class='ocr_par' dir='ltr' id='par_1_99' title="bbox 593 5562 2187 5636">
     <span class='ocr_line' id='line_1_99' title="bbox 593 5562 2187 5636; baseline 0.005 -19"><span class='ocrx_word' id='word_1_743' title='bbox 593 5563 853 5634; x_wconf 87' lang='lat' dir='ltr'><strong>reliquias</strong></span> <span class='ocrx_word' id='word_1_744' title='bbox 880 5564 1162 5636; x_wconf 87' lang='lat' dir='ltr'><strong>adjunctas</strong></span> <span class='ocrx_word' id='word_1_745' title='bbox 1191 5562 1358 5622; x_wconf 90' lang='lat' dir='ltr'><strong>fuisse</strong></span> <span class='ocrx_word' id='word_1_746' title='bbox 1389 5566 1604 5636; x_wconf 89' lang='lat' dir='ltr'><strong>quidam</strong></span> <span class='ocrx_word' id='word_1_747' title='bbox 1649 5569 1988 5624; x_wconf 82' lang='lat' dir='ltr'><strong>existimant.</strong></span> <span class='ocrx_word' id='word_1_748' title='bbox 2045 5567 2187 5625; x_wconf 85' lang='lat' dir='ltr'><strong>Mor-</strong></span> 
     </span>
    </p>
   </div>
   <div class='ocr_carea' id='block_1_100' title="bbox 593 5658 2183 5735">
    <p class='ocr_par' dir='ltr' id='par_1_100' title="bbox 593 5658 2183 5735">
     <span class='ocr_line' id='line_1_100' title="bbox 593 5658 2183 5735; baseline 0.004 -24"><span class='ocrx_word' id='word_1_749' title='bbox 593 5662 716 5713; x_wconf 89' lang='lat' dir='ltr'><strong>tuus</strong></span> <span class='ocrx_word' id='word_1_750' title='bbox 741 5667 920 5715; x_wconf 90' lang='lat' dir='ltr'><strong>autem</strong></span> <span class='ocrx_word' id='word_1_751' title='bbox 947 5667 1032 5714; x_wconf 90' lang='lat' dir='ltr'><strong>est</strong></span> <span class='ocrx_word' id='word_1_752' title='bbox 1067 5658 1122 5715; x_wconf 90' lang='lat' dir='ltr'><strong>in</strong></span> <span class='ocrx_word' id='word_1_753' title='bbox 1154 5659 1349 5717; x_wconf 81' lang='lat' dir='ltr'><strong>exsilio</strong></span> <span class='ocrx_word' id='word_1_754' title='bbox 1376 5671 1596 5719; x_wconf 87' lang='lat' dir='ltr'><strong>sanctus</strong></span> <span class='ocrx_word' id='word_1_755' title='bbox 1626 5661 1914 5735; x_wconf 87' lang='lat' dir='ltr'><strong>Dionysius</strong></span> <span class='ocrx_word' id='word_1_756' title='bbox 1945 5677 2036 5718; x_wconf 86' lang='lat' dir='ltr'><strong>vnt</strong></span> <span class='ocrx_word' id='word_1_757' title='bbox 2071 5660 2183 5718; x_wconf 79' lang='lat' dir='ltr'><strong>kal.</strong></span> 
     </span>
    </p>
   </div>
   <div class='ocr_carea' id='block_1_101' title="bbox 592 5749 1416 5825">
    <p class='ocr_par' dir='ltr' id='par_1_101' title="bbox 592 5749 1416 5825">
     <span class='ocr_line' id='line_1_101' title="bbox 592 5749 1416 5825; baseline 0.011 -18"><span class='ocrx_word' id='word_1_758' title='bbox 592 5749 808 5822; x_wconf 86' lang='lat' dir='ltr'><strong>Apriles</strong></span> <span class='ocrx_word' id='word_1_759' title='bbox 845 5753 1092 5825; x_wconf 88' lang='lat' dir='ltr'><strong>ejusdem</strong></span> <span class='ocrx_word' id='word_1_760' title='bbox 1125 5758 1252 5814; x_wconf 91' lang='lat' dir='ltr'><strong>anni</strong></span> <span class='ocrx_word' id='word_1_761' title='bbox 1290 5759 1416 5816; x_wconf 78' lang='grc'><strong>574.</strong></span> 
     </span>
    </p>
   </div>
   <div class='ocr_carea' id='block_1_102' title="bbox 666 5845 2185 5932">
    <p class='ocr_par' dir='ltr' id='par_1_102' title="bbox 666 5845 2185 5932">
     <span class='ocr_line' id='line_1_102' title="bbox 666 5845 2185 5932; baseline 0.008 -28"><span class='ocrx_word' id='word_1_762' title='bbox 666 5845 757 5904; x_wconf 75' lang='grc'><strong>11.</strong></span> <span class='ocrx_word' id='word_1_763' title='bbox 796 5847 1066 5908; x_wconf 61' lang='lat' dir='ltr'><strong>Caeterum</strong></span> <span class='ocrx_word' id='word_1_764' title='bbox 1088 5850 1408 5912; x_wconf 79' lang='lat' dir='ltr'><strong>Ambrosius</strong></span> <span class='ocrx_word' id='word_1_765' title='bbox 1454 5865 1642 5915; x_wconf 86' lang='lat' dir='ltr'><strong>noster</strong></span> <span class='ocrx_word' id='word_1_766' title='bbox 1687 5853 1870 5914; x_wconf 86' lang='lat' dir='ltr'><strong>statim</strong></span> <span class='ocrx_word' id='word_1_767' title='bbox 1911 5862 2075 5932; x_wconf 86' lang='lat' dir='ltr'><strong>atque</strong></span> <span class='ocrx_word' id='word_1_768' title='bbox 2116 5853 2185 5916; x_wconf 86' lang='lat' dir='ltr'><strong>ad</strong></span> 
     </span>
    </p>
   </div>
   <div class='ocr_carea' id='block_1_103' title="bbox 2293 4715 3865 4795">
    <p class='ocr_par' dir='ltr' id='par_1_103' title="bbox 2293 4715 3865 4795">
     <span class='ocr_line' id='line_1_103' title="bbox 2293 4715 3865 4795; baseline -0.001 -15"><span class='ocrx_word' id='word_1_769' title='bbox 2293 4721 2389 4780; x_wconf 76' lang='lat' dir='ltr'><strong>site</strong></span> <span class='ocrx_word' id='word_1_770' title='bbox 2415 4723 2518 4778; x_wconf 90' lang='lat' dir='ltr'><strong>sibi</strong></span> <span class='ocrx_word' id='word_1_771' title='bbox 2544 4723 2773 4788; x_wconf 86' lang='lat' dir='ltr'><strong>credita,</strong></span> <span class='ocrx_word' id='word_1_772' title='bbox 2806 4739 2967 4794; x_wconf 86' lang='lat' dir='ltr'><strong>quam</strong></span> <span class='ocrx_word' id='word_1_773' title='bbox 3020 4725 3340 4790; x_wconf 76' lang='lat' dir='ltr'><strong>Auxentius,</strong></span> <span class='ocrx_word' id='word_1_774' title='bbox 3366 4724 3458 4795; x_wconf 87' lang='lat' dir='ltr'><strong>qui</strong></span> <span class='ocrx_word' id='word_1_775' title='bbox 3481 4740 3602 4781; x_wconf 88' lang='lat' dir='ltr'><strong>eam</strong></span> <span class='ocrx_word' id='word_1_776' title='bbox 3628 4733 3766 4782; x_wconf 89' lang='lat' dir='ltr'><strong>totos</strong></span> <span class='ocrx_word' id='word_1_777' title='bbox 3805 4715 3865 4772; x_wconf 75' lang='grc'><strong>20</strong></span> 
     </span>
    </p>
   </div>
   <div class='ocr_carea' id='block_1_104' title="bbox 2293 4817 3862 4890">
    <p class='ocr_par' dir='ltr' id='par_1_104' title="bbox 2293 4817 3862 4890">
     <span class='ocr_line' id='line_1_104' title="bbox 2293 4817 3862 4890; baseline -0.004 -18"><span class='ocrx_word' id='word_1_778' title='bbox 2293 4831 2464 4872; x_wconf 90' lang='lat' dir='ltr'><strong>annos</strong></span> <span class='ocrx_word' id='word_1_779' title='bbox 2507 4829 2888 4890; x_wconf 81' lang='lat' dir='ltr'><strong>occupaverat,</strong></span> <span class='ocrx_word' id='word_1_780' title='bbox 2943 4817 3272 4874; x_wconf 84' lang='lat' dir='ltr'><strong>Arianorum</strong></span> <span class='ocrx_word' id='word_1_781' title='bbox 3317 4817 3630 4889; x_wconf 84' lang='lat' dir='ltr'><strong>dogmatum</strong></span> <span class='ocrx_word' id='word_1_782' title='bbox 3677 4823 3862 4874; x_wconf 85' lang='lat' dir='ltr'><strong>veneno</strong></span> 
     </span>
    </p>
   </div>
   <div class='ocr_carea' id='block_1_105' title="bbox 2297 4909 3864 4981">
    <p class='ocr_par' dir='ltr' id='par_1_105' title="bbox 2297 4909 3864 4981">
     <span class='ocr_line' id='line_1_105' title="bbox 2297 4909 3864 4981; baseline -0.004 -16"><span class='ocrx_word' id='word_1_783' title='bbox 2297 4910 2523 4966; x_wconf 83' lang='lat' dir='ltr'><strong>inﬁcere</strong></span> <span class='ocrx_word' id='word_1_784' title='bbox 2573 4911 2722 4966; x_wconf 88' lang='lat' dir='ltr'><strong>omni</strong></span> <span class='ocrx_word' id='word_1_785' title='bbox 2751 4925 2855 4981; x_wconf 90' lang='lat' dir='ltr'><strong>ope</strong></span> <span class='ocrx_word' id='word_1_786' title='bbox 2883 4921 3110 4966; x_wconf 89' lang='lat' dir='ltr'><strong>conatus</strong></span> <span class='ocrx_word' id='word_1_787' title='bbox 3151 4909 3364 4976; x_wconf 86' lang='lat' dir='ltr'><strong>fuerat;</strong></span> <span class='ocrx_word' id='word_1_788' title='bbox 3406 4926 3437 4966; x_wconf 92' lang='lat' dir='ltr'><strong>e</strong></span> <span class='ocrx_word' id='word_1_789' title='bbox 3463 4913 3737 4967; x_wconf 91' lang='lat' dir='ltr'><strong>contrario</strong></span> <span class='ocrx_word' id='word_1_790' title='bbox 3765 4909 3864 4977; x_wconf 82' lang='lat' dir='ltr'><strong>ipse</strong></span> 
     </span>
    </p>
   </div>
   <div class='ocr_carea' id='block_1_106' title="bbox 2293 5002 3858 5062">
    <p class='ocr_par' dir='ltr' id='par_1_106' title="bbox 2293 5002 3858 5062">
     <span class='ocr_line' id='line_1_106' title="bbox 2293 5002 3858 5062; baseline -0.004 -5"><span class='ocrx_word' id='word_1_791' title='bbox 2293 5003 2588 5060; x_wconf 89' lang='lat' dir='ltr'><strong>arbitratus</strong></span> <span class='ocrx_word' id='word_1_792' title='bbox 2613 5014 2696 5061; x_wconf 89' lang='lat' dir='ltr'><strong>est</strong></span> <span class='ocrx_word' id='word_1_793' title='bbox 2717 5003 2818 5060; x_wconf 90' lang='lat' dir='ltr'><strong>sibi</strong></span> <span class='ocrx_word' id='word_1_794' title='bbox 2839 5005 3024 5060; x_wconf 90' lang='lat' dir='ltr'><strong>nervis</strong></span> <span class='ocrx_word' id='word_1_795' title='bbox 3055 5004 3307 5060; x_wconf 90' lang='lat' dir='ltr'><strong>omnibus</strong></span> <span class='ocrx_word' id='word_1_796' title='bbox 3331 5017 3454 5061; x_wconf 88' lang='lat' dir='ltr'><strong>esse</strong></span> <span class='ocrx_word' id='word_1_797' title='bbox 3473 5002 3858 5062; x_wconf 86' lang='lat' dir='ltr'><strong>connitendum,</strong></span> 
     </span>
    </p>
   </div>
   <div class='ocr_carea' id='block_1_107' title="bbox 2295 5096 3862 5168">
    <p class='ocr_par' dir='ltr' id='par_1_107' title="bbox 2295 5096 3862 5168">
     <span class='ocr_line' id='line_1_107' title="bbox 2295 5096 3862 5168; baseline -0.001 -18"><span class='ocrx_word' id='word_1_798' title='bbox 2295 5105 2350 5151; x_wconf 90' lang='lat' dir='ltr'><strong>nt</strong></span> <span class='ocrx_word' id='word_1_799' title='bbox 2379 5112 2488 5154; x_wconf 91' lang='lat' dir='ltr'><strong>non</strong></span> <span class='ocrx_word' id='word_1_800' title='bbox 2514 5097 2678 5154; x_wconf 89' lang='lat' dir='ltr'><strong>modo</strong></span> <span class='ocrx_word' id='word_1_801' title='bbox 2707 5096 2950 5168; x_wconf 89' lang='lat' dir='ltr'><strong>ejusdem</strong></span> <span class='ocrx_word' id='word_1_802' title='bbox 2974 5097 3192 5154; x_wconf 69' lang='lat' dir='ltr'><strong>Arianae</strong></span> <span class='ocrx_word' id='word_1_803' title='bbox 3223 5096 3533 5164; x_wconf 71' lang='lat' dir='ltr'><strong>dementiae,</strong></span> <span class='ocrx_word' id='word_1_804' title='bbox 3563 5098 3658 5154; x_wconf 90' lang='lat' dir='ltr'><strong>sed</strong></span> <span class='ocrx_word' id='word_1_805' title='bbox 3686 5107 3736 5153; x_wconf 92' lang='lat' dir='ltr'><strong>et</strong></span> <span class='ocrx_word' id='word_1_806' title='bbox 3759 5105 3862 5149; x_wconf 90' lang='lat' dir='ltr'><strong>om-</strong></span> 
     </span>
    </p>
   </div>
   <div class='ocr_carea' id='block_1_108' title="bbox 2291 5189 3858 5260">
    <p class='ocr_par' dir='ltr' id='par_1_108' title="bbox 2291 5189 3858 5260">
     <span class='ocr_line' id='line_1_108' title="bbox 2291 5189 3858 5260; baseline -0.004 -15"><span class='ocrx_word' id='word_1_807' title='bbox 2291 5189 2436 5246; x_wconf 90' lang='lat' dir='ltr'><strong>nium</strong></span> <span class='ocrx_word' id='word_1_808' title='bbox 2461 5190 2689 5246; x_wconf 86' lang='lat' dir='ltr'><strong>aliarum</strong></span> <span class='ocrx_word' id='word_1_809' title='bbox 2727 5190 3010 5244; x_wconf 67' lang='lat' dir='ltr'><strong>hmreseon</strong></span> <span class='ocrx_word' id='word_1_810' title='bbox 3062 5204 3222 5260; x_wconf 86' lang='lat' dir='ltr'><strong>prava</strong></span> <span class='ocrx_word' id='word_1_811' title='bbox 3249 5189 3494 5260; x_wconf 81' lang='lat' dir='ltr'><strong>germina</strong></span> <span class='ocrx_word' id='word_1_812' title='bbox 3525 5190 3767 5260; x_wconf 88' lang='lat' dir='ltr'><strong>stirpitus</strong></span> <span class='ocrx_word' id='word_1_813' title='bbox 3803 5193 3858 5238; x_wconf 77' lang='lat' dir='ltr'><strong>ex</strong></span> 
     </span>
    </p>
   </div>
   <div class='ocr_carea' id='block_1_109' title="bbox 2293 5274 3862 5356">
    <p class='ocr_par' dir='ltr' id='par_1_109' title="bbox 2293 5274 3862 5356">
     <span class='ocr_line' id='line_1_109' title="bbox 2293 5274 3862 5356; baseline -0.006 -16"><span class='ocrx_word' id='word_1_814' title='bbox 2293 5284 2616 5356; x_wconf 88' lang='lat' dir='ltr'><strong>populorum</strong></span> <span class='ocrx_word' id='word_1_815' title='bbox 2641 5283 2917 5340; x_wconf 86' lang='lat' dir='ltr'><strong>mentibus</strong></span> <span class='ocrx_word' id='word_1_816' title='bbox 2943 5283 3226 5339; x_wconf 86' lang='lat' dir='ltr'><strong>evelleret.</strong></span> <span class='ocrx_word' id='word_1_817' title='bbox 3260 5283 3556 5340; x_wconf 84' lang='lat' dir='ltr'><strong>Pastoralis</strong></span> <span class='ocrx_word' id='word_1_818' title='bbox 3593 5284 3749 5355; x_wconf 88' lang='lat' dir='ltr'><strong>hujus</strong></span> <span class='ocrx_word' id='word_1_819' title='bbox 3771 5274 3862 5334; x_wconf 84' lang='lat' dir='ltr'><strong>sol-</strong></span> 
     </span>
    </p>
   </div>
   <div class='ocr_carea' id='block_1_110' title="bbox 2291 5369 3858 5450">
    <p class='ocr_par' dir='ltr' id='par_1_110' title="bbox 2291 5369 3858 5450">
     <span class='ocr_line' id='line_1_110' title="bbox 2291 5369 3858 5450; baseline -0.004 -18"><span class='ocrx_word' id='word_1_820' title='bbox 2291 5376 2586 5433; x_wconf 89' lang='lat' dir='ltr'><strong>licitudinis</strong></span> <span class='ocrx_word' id='word_1_821' title='bbox 2608 5376 2862 5434; x_wconf 85' lang='lat' dir='ltr'><strong>ell‘eetum</strong></span> <span class='ocrx_word' id='word_1_822' title='bbox 2883 5375 3179 5432; x_wconf 87' lang='lat' dir='ltr'><strong>declaravit</strong></span> <span class='ocrx_word' id='word_1_823' title='bbox 3199 5387 3418 5434; x_wconf 88' lang='lat' dir='ltr'><strong>sanctus</strong></span> <span class='ocrx_word' id='word_1_824' title='bbox 3439 5377 3788 5450; x_wconf 84' lang='lat' dir='ltr'><strong>Hieronymus</strong></span> <span class='ocrx_word' id='word_1_825' title='bbox 3815 5369 3858 5424; x_wconf 89' lang='lat' dir='ltr'><strong>iu</strong></span> 
     </span>
    </p>
   </div>
   <div class='ocr_carea' id='block_1_111' title="bbox 2291 5459 3858 5543">
    <p class='ocr_par' dir='ltr' id='par_1_111' title="bbox 2291 5459 3858 5543">
     <span class='ocr_line' id='line_1_111' title="bbox 2291 5459 3858 5543; baseline -0.001 -17"><span class='ocrx_word' id='word_1_826' title='bbox 2291 5459 2402 5527; x_wconf 32' lang='lat' dir='ltr'><strong>illa.</strong></span> <span class='ocrx_word' id='word_1_827' title='bbox 2435 5472 2600 5528; x_wconf 88' lang='lat' dir='ltr'><strong>verba</strong></span> <span class='ocrx_word' id='word_1_828' title='bbox 2647 5489 2660 5526; x_wconf 92' lang='lat'><strong>:</strong></span> <span class='ocrx_word' id='word_1_829' title='bbox 2720 5469 2852 5527; x_wconf 87' lang='lat' dir='ltr'><strong>Post</strong></span> <span class='ocrx_word' id='word_1_830' title='bbox 2899 5470 3177 5538; x_wconf 72' lang='lat' dir='ltr'><strong>Auxentii,</strong></span> <span class='ocrx_word' id='word_1_831' title='bbox 3207 5471 3404 5543; x_wconf 90' lang='lat' dir='ltr'><strong>inquit,</strong></span> <span class='ocrx_word' id='word_1_832' title='bbox 3436 5489 3600 5528; x_wconf 88' lang='lat' dir='ltr'><strong>seram</strong></span> <span class='ocrx_word' id='word_1_833' title='bbox 3649 5477 3858 5526; x_wconf 75' lang='lat' dir='ltr'><strong>mortem.</strong></span> 
     </span>
    </p>
   </div>
   <div class='ocr_carea' id='block_1_112' title="bbox 2293 5565 3857 5634">
    <p class='ocr_par' dir='ltr' id='par_1_112' title="bbox 2293 5565 3857 5634">
     <span class='ocr_line' id='line_1_112' title="bbox 2293 5565 3857 5634; baseline -0.009 -13"><span class='ocrx_word' id='word_1_834' title='bbox 2293 5566 2578 5622; x_wconf 81' lang='lat' dir='ltr'><strong>Mediolani</strong></span> <span class='ocrx_word' id='word_1_835' title='bbox 2601 5565 2875 5622; x_wconf 86' lang='lat' dir='ltr'><strong>Ambrosio</strong></span> <span class='ocrx_word' id='word_1_836' title='bbox 2901 5565 3196 5632; x_wconf 83' lang='lat' dir='ltr'><strong>constituto,</strong></span> <span class='ocrx_word' id='word_1_837' title='bbox 3225 5567 3390 5622; x_wconf 87' lang='lat' dir='ltr'><strong>onmis</strong></span> <span class='ocrx_word' id='word_1_838' title='bbox 3418 5566 3487 5620; x_wconf 90' lang='lat' dir='ltr'><strong>ad</strong></span> <span class='ocrx_word' id='word_1_839' title='bbox 3515 5565 3670 5634; x_wconf 82' lang='lat' dir='ltr'><strong>ﬁdem</strong></span> <span class='ocrx_word' id='word_1_840' title='bbox 3693 5570 3857 5618; x_wconf 84' lang='lat' dir='ltr'><strong>rectam</strong></span> 
     </span>
    </p>
   </div>
   <div class='ocr_carea' id='block_1_113' title="bbox 2289 5656 3858 5732">
    <p class='ocr_par' dir='ltr' id='par_1_113' title="bbox 2289 5656 3858 5732">
     <span class='ocr_line' id='line_1_113' title="bbox 2289 5656 3858 5732; baseline -0.004 -16"><span class='ocrx_word' id='word_1_841' title='bbox 2289 5661 2455 5716; x_wconf 81' lang='lat' dir='ltr'><strong>Italia</strong></span> <span class='ocrx_word' id='word_1_842' title='bbox 2498 5661 2809 5716; x_wconf 76' lang='lat' dir='ltr'><strong>conuertitur</strong></span> <span class='ocrx_word' id='word_1_843' title='bbox 2833 5656 3078 5729; x_wconf 80' lang='lat' dir='ltr'><strong>(Hieron.</strong></span> <span class='ocrx_word' id='word_1_844' title='bbox 3110 5659 3164 5713; x_wconf 87' lang='lat' dir='ltr'><strong>in</strong></span> <span class='ocrx_word' id='word_1_845' title='bbox 3193 5658 3436 5732; x_wconf 66' lang='lat' dir='ltr'><strong>Claram).</strong></span> <span class='ocrx_word' id='word_1_846' title='bbox 3469 5658 3673 5716; x_wconf 85' lang='lat' dir='ltr'><strong>Tantus</strong></span> <span class='ocrx_word' id='word_1_847' title='bbox 3701 5664 3858 5714; x_wconf 87' lang='lat' dir='ltr'><strong>autem</strong></span> 
     </span>
    </p>
   </div>
   <div class='ocr_carea' id='block_1_114' title="bbox 2293 5741 3862 5822">
    <p class='ocr_par' dir='ltr' id='par_1_114' title="bbox 2293 5741 3862 5822">
     <span class='ocr_line' id='line_1_114' title="bbox 2293 5741 3862 5822; baseline -0.004 -12"><span class='ocrx_word' id='word_1_848' title='bbox 2293 5754 2387 5810; x_wconf 91' lang='lat' dir='ltr'><strong>ille</strong></span> <span class='ocrx_word' id='word_1_849' title='bbox 2409 5767 2696 5811; x_wconf 88' lang='lat' dir='ltr'><strong>successus</strong></span> <span class='ocrx_word' id='word_1_850' title='bbox 2719 5766 2786 5808; x_wconf 91' lang='lat' dir='ltr'><strong>eo</strong></span> <span class='ocrx_word' id='word_1_851' title='bbox 2810 5748 3026 5820; x_wconf 80' lang='lat' dir='ltr'><strong>dignior</strong></span> <span class='ocrx_word' id='word_1_852' title='bbox 3053 5759 3137 5806; x_wconf 90' lang='lat' dir='ltr'><strong>est</strong></span> <span class='ocrx_word' id='word_1_853' title='bbox 3172 5751 3550 5816; x_wconf 85' lang='lat' dir='ltr'><strong>admiratione,</strong></span> <span class='ocrx_word' id='word_1_854' title='bbox 3576 5767 3684 5822; x_wconf 91' lang='lat' dir='ltr'><strong>quo</strong></span> <span class='ocrx_word' id='word_1_855' title='bbox 3709 5749 3770 5806; x_wconf 90' lang='lat' dir='ltr'><strong>ad</strong></span> <span class='ocrx_word' id='word_1_856' title='bbox 3808 5741 3862 5798; x_wconf 79' lang='lat' dir='ltr'><strong>il-</strong></span> 
     </span>
    </p>
   </div>
   <div class='ocr_carea' id='block_1_115' title="bbox 4023 3403 4043 4096">
    <p class='ocr_par' dir='ltr' id='par_1_115' title="bbox 4023 3403 4043 4096">
     <span class='ocr_line' id='line_1_115' title="bbox 4023 3403 4043 3850; baseline 0 -88"><span class='ocrx_word' id='word_1_857' title='bbox 4023 3403 4043 3850; x_wconf 79' lang='lat' dir='ltr'><strong>l</strong></span> 
     </span>
     <span class='ocr_line' id='line_1_116' title="bbox 4023 3853 4036 4096; baseline 0 0"><span class='ocrx_word' id='word_1_858' title='bbox 4023 3853 4036 4096; x_wconf 79' lang='grc' dir='ltr'><strong>ι</strong></span> 
     </span>
    </p>
   </div>
   <div class='ocr_carea' id='block_1_116' title="bbox 2292 4115 4041 4906">
    <p class='ocr_par' dir='ltr' id='par_1_116' title="bbox 2292 4115 4036 4890">
     <span class='ocr_line' id='line_1_117' title="bbox 2302 4115 4036 4137; baseline 0.002 -19"><span class='ocrx_word' id='word_1_859' title='bbox 2302 4115 2351 4118; x_wconf 76' lang='lat'>__</span> <span class='ocrx_word' id='word_1_860' title='bbox 2378 4115 2541 4120; x_wconf 55' lang='grc' dir='ltr'><strong>π----</strong></span> <span class='ocrx_word' id='word_1_861' title='bbox 2575 4115 2803 4136; x_wconf 69' lang='lat'><strong>---,__,-__-_</strong></span> <span class='ocrx_word' id='word_1_862' title='bbox 2842 4115 2938 4136; x_wconf 57' lang='grc' dir='ltr'><strong>τ--</strong></span> <span class='ocrx_word' id='word_1_863' title='bbox 2975 4115 3152 4122; x_wconf 84' lang='lat'><strong>__-..___</strong></span> <span class='ocrx_word' id='word_1_864' title='bbox 3188 4115 3430 4137; x_wconf 54' lang='lat'><strong>_,-_-_._.-</strong></span> <span class='ocrx_word' id='word_1_865' title='bbox 3458 4115 3702 4125; x_wconf 84' lang='lat'><strong>_..-.__...</strong></span> <span class='ocrx_word' id='word_1_866' title='bbox 3736 4115 3840 4121; x_wconf 58' lang='grc' dir='ltr'><strong>.-π</strong></span> <span class='ocrx_word' id='word_1_867' title='bbox 4033 4115 4036 4118; x_wconf 97' lang='grc'><strong>.</strong></span> 
     </span>
     <span class='ocr_line' id='line_1_118' title="bbox 2292 4157 3868 4234; baseline -0.002 -22"><span class='ocrx_word' id='word_1_868' title='bbox 2292 4166 2378 4214; x_wconf 89' lang='lat' dir='ltr'><strong>ret</strong></span> <span class='ocrx_word' id='word_1_869' title='bbox 2425 4157 2752 4214; x_wconf 84' lang='lat' dir='ltr'><strong>sacrificium</strong></span> <span class='ocrx_word' id='word_1_870' title='bbox 2797 4157 2994 4232; x_wconf 84' lang='lat' dir='ltr'><strong>(Epist.</strong></span> <span class='ocrx_word' id='word_1_871' title='bbox 3051 4160 3144 4227; x_wconf 74' lang='lat'><strong>20,</strong></span> <span class='ocrx_word' id='word_1_872' title='bbox 3177 4177 3319 4215; x_wconf 89' lang='lat' dir='ltr'><strong>num.</strong></span> <span class='ocrx_word' id='word_1_873' title='bbox 3371 4163 3486 4234; x_wconf 83' lang='grc'><strong>15),</strong></span> <span class='ocrx_word' id='word_1_874' title='bbox 3541 4169 3868 4220; x_wconf 87' lang='lat' dir='ltr'><strong>avocaretur.</strong></span> 
     </span>
     <span class='ocr_line' id='line_1_119' title="bbox 2292 4249 3866 4315; baseline 0.003 -9"><span class='ocrx_word' id='word_1_875' title='bbox 2292 4249 2400 4306; x_wconf 90' lang='lat' dir='ltr'><strong>Sed</strong></span> <span class='ocrx_word' id='word_1_876' title='bbox 2427 4265 2552 4306; x_wconf 92' lang='lat' dir='ltr'><strong>cum</strong></span> <span class='ocrx_word' id='word_1_877' title='bbox 2579 4250 2840 4308; x_wconf 87' lang='lat' dir='ltr'><strong>Paulinus</strong></span> <span class='ocrx_word' id='word_1_878' title='bbox 2879 4253 3013 4309; x_wconf 89' lang='lat' dir='ltr'><strong>satis</strong></span> <span class='ocrx_word' id='word_1_879' title='bbox 3067 4265 3320 4311; x_wconf 89' lang='lat' dir='ltr'><strong>accurate</strong></span> <span class='ocrx_word' id='word_1_880' title='bbox 3351 4256 3740 4315; x_wconf 86' lang='lat' dir='ltr'><strong>Ambrosianas</strong></span> <span class='ocrx_word' id='word_1_881' title='bbox 3767 4254 3866 4310; x_wconf 86' lang='lat' dir='ltr'><strong>sin-</strong></span> 
     </span>
     <span class='ocr_line' id='line_1_120' title="bbox 2292 4343 3870 4424; baseline 0.004 -26"><span class='ocrx_word' id='word_1_882' title='bbox 2292 4343 2542 4416; x_wconf 82' lang='lat' dir='ltr'><strong>gulorum</strong></span> <span class='ocrx_word' id='word_1_883' title='bbox 2597 4345 2808 4402; x_wconf 90' lang='lat' dir='ltr'><strong>dierum</strong></span> <span class='ocrx_word' id='word_1_884' title='bbox 2861 4348 3284 4405; x_wconf 79' lang='lat' dir='ltr'><strong>exercitationes</strong></span> <span class='ocrx_word' id='word_1_885' title='bbox 3339 4354 3678 4408; x_wconf 87' lang='lat' dir='ltr'><strong>enarraverit</strong></span> <span class='ocrx_word' id='word_1_886' title='bbox 3727 4347 3870 4424; x_wconf 69' lang='grc' dir='ltr'><strong>(ΠΜ</strong></span> 
     </span>
     <span class='ocr_line' id='line_1_121' title="bbox 2292 4437 3866 4514; baseline 0 -20"><span class='ocrx_word' id='word_1_887' title='bbox 2292 4437 2556 4506; x_wconf 79' lang='lat' dir='ltr'><strong>Ambros.,</strong></span> <span class='ocrx_word' id='word_1_888' title='bbox 2599 4456 2744 4496; x_wconf 87' lang='lat' dir='ltr'><strong>num.</strong></span> <span class='ocrx_word' id='word_1_889' title='bbox 2801 4441 2870 4498; x_wconf 81' lang='lat'><strong>58</strong></span> <span class='ocrx_word' id='word_1_890' title='bbox 2897 4451 2947 4498; x_wconf 89' lang='lat' dir='ltr'><strong>et</strong></span> <span class='ocrx_word' id='word_1_891' title='bbox 3001 4443 3159 4514; x_wconf 86' lang='lat' dir='ltr'><strong>seq.),</strong></span> <span class='ocrx_word' id='word_1_892' title='bbox 3189 4451 3248 4498; x_wconf 90' lang='lat' dir='ltr'><strong>ut</strong></span> <span class='ocrx_word' id='word_1_893' title='bbox 3297 4459 3379 4500; x_wconf 76' lang='lat' dir='ltr'><strong>etc</strong></span> <span class='ocrx_word' id='word_1_894' title='bbox 3425 4445 3733 4502; x_wconf 89' lang='lat' dir='ltr'><strong>minutatim</strong></span> <span class='ocrx_word' id='word_1_895' title='bbox 3781 4441 3866 4496; x_wconf 86' lang='lat' dir='ltr'><strong>hoc</strong></span> 
     </span>
     <span class='ocr_line' id='line_1_122' title="bbox 2293 4535 3868 4607; baseline -0.002 -17"><span class='ocrx_word' id='word_1_896' title='bbox 2293 4535 2413 4592; x_wconf 89' lang='lat' dir='ltr'><strong>loco</strong></span> <span class='ocrx_word' id='word_1_897' title='bbox 2440 4546 2806 4607; x_wconf 74' lang='lat' dir='ltr'><strong>exponuntur,</strong></span> <span class='ocrx_word' id='word_1_898' title='bbox 2833 4537 2964 4593; x_wconf 89' lang='lat' dir='ltr'><strong>nihil</strong></span> <span class='ocrx_word' id='word_1_899' title='bbox 2983 4547 3068 4595; x_wconf 87' lang='lat' dir='ltr'><strong>est</strong></span> <span class='ocrx_word' id='word_1_900' title='bbox 3090 4553 3338 4596; x_wconf 89' lang='lat' dir='ltr'><strong>necesse.</strong></span> <span class='ocrx_word' id='word_1_901' title='bbox 3362 4538 3638 4596; x_wconf 73' lang='lat' dir='ltr'><strong>Cancrum</strong></span> <span class='ocrx_word' id='word_1_902' title='bbox 3669 4545 3868 4596; x_wconf 85' lang='lat' dir='ltr'><strong>sanctus</strong></span> 
     </span>
     <span class='ocr_line' id='line_1_123' title="bbox 2293 4626 3864 4703; baseline -0.003 -19"><span class='ocrx_word' id='word_1_903' title='bbox 2293 4627 2498 4692; x_wconf 70' lang='lat' dir='ltr'><strong>Prtesul</strong></span> <span class='ocrx_word' id='word_1_904' title='bbox 2537 4639 2744 4686; x_wconf 90' lang='lat' dir='ltr'><strong>attente</strong></span> <span class='ocrx_word' id='word_1_905' title='bbox 2771 4630 3128 4687; x_wconf 88' lang='lat' dir='ltr'><strong>considerans</strong></span> <span class='ocrx_word' id='word_1_906' title='bbox 3157 4631 3526 4703; x_wconf 84' lang='lat' dir='ltr'><strong>gubernacula</strong></span> <span class='ocrx_word' id='word_1_907' title='bbox 3555 4633 3674 4703; x_wconf 88' lang='lat' dir='ltr'><strong>ejus</strong></span> <span class='ocrx_word' id='word_1_908' title='bbox 3701 4626 3864 4686; x_wconf 81' lang='lat' dir='ltr'><strong>Eccle-</strong></span> 
     </span>
     <span class='ocr_line' id='line_1_124' title="bbox 2293 4715 3865 4795; baseline -0.001 -15"><span class='ocrx_word' id='word_1_909' title='bbox 2293 4721 2389 4780; x_wconf 73' lang='lat' dir='ltr'><strong>sia:</strong></span> <span class='ocrx_word' id='word_1_910' title='bbox 2415 4723 2518 4778; x_wconf 90' lang='lat' dir='ltr'><strong>sibi</strong></span> <span class='ocrx_word' id='word_1_911' title='bbox 2544 4723 2773 4788; x_wconf 86' lang='lat' dir='ltr'><strong>credita,</strong></span> <span class='ocrx_word' id='word_1_912' title='bbox 2806 4739 2967 4794; x_wconf 86' lang='lat' dir='ltr'><strong>quam</strong></span> <span class='ocrx_word' id='word_1_913' title='bbox 3020 4725 3340 4790; x_wconf 76' lang='lat' dir='ltr'><strong>Auxentius,</strong></span> <span class='ocrx_word' id='word_1_914' title='bbox 3366 4724 3458 4795; x_wconf 87' lang='lat' dir='ltr'><strong>qui</strong></span> <span class='ocrx_word' id='word_1_915' title='bbox 3481 4740 3602 4781; x_wconf 88' lang='lat' dir='ltr'><strong>eam</strong></span> <span class='ocrx_word' id='word_1_916' title='bbox 3628 4733 3766 4782; x_wconf 89' lang='lat' dir='ltr'><strong>totos</strong></span> <span class='ocrx_word' id='word_1_917' title='bbox 3805 4715 3865 4772; x_wconf 75' lang='grc'><strong>20</strong></span> 
     </span>
     <span class='ocr_line' id='line_1_125' title="bbox 2293 4817 3862 4890; baseline -0.004 -18"><span class='ocrx_word' id='word_1_918' title='bbox 2293 4831 2464 4872; x_wconf 90' lang='lat' dir='ltr'><strong>annos</strong></span> <span class='ocrx_word' id='word_1_919' title='bbox 2507 4829 2888 4890; x_wconf 81' lang='lat' dir='ltr'><strong>occupaverat,</strong></span> <span class='ocrx_word' id='word_1_920' title='bbox 2943 4817 3272 4874; x_wconf 84' lang='lat' dir='ltr'><strong>Arianorum</strong></span> <span class='ocrx_word' id='word_1_921' title='bbox 3317 4817 3630 4889; x_wconf 84' lang='lat' dir='ltr'><strong>dogmatum</strong></span> <span class='ocrx_word' id='word_1_922' title='bbox 3677 4823 3862 4874; x_wconf 85' lang='lat' dir='ltr'><strong>veneno</strong></span> 
     </span>
    </p>
   </div>
   <div class='ocr_carea' id='block_1_117' title="bbox 2295 4975 4041 6013">
    <p class='ocr_par' dir='ltr' id='par_1_117' title="bbox 2295 5002 4038 5920">
     <span class='ocr_line' id='line_1_126' title="bbox 2295 5002 3858 5062; baseline -0.004 -5"><span class='ocrx_word' id='word_1_923' title='bbox 2295 5003 2588 5060; x_wconf 89' lang='lat' dir='ltr'><strong>arbitratus</strong></span> <span class='ocrx_word' id='word_1_924' title='bbox 2613 5014 2696 5061; x_wconf 89' lang='lat' dir='ltr'><strong>est</strong></span> <span class='ocrx_word' id='word_1_925' title='bbox 2717 5003 2818 5060; x_wconf 90' lang='lat' dir='ltr'><strong>sibi</strong></span> <span class='ocrx_word' id='word_1_926' title='bbox 2839 5005 3024 5060; x_wconf 90' lang='lat' dir='ltr'><strong>nervis</strong></span> <span class='ocrx_word' id='word_1_927' title='bbox 3055 5004 3307 5060; x_wconf 90' lang='lat' dir='ltr'><strong>omnibus</strong></span> <span class='ocrx_word' id='word_1_928' title='bbox 3331 5017 3454 5061; x_wconf 88' lang='lat' dir='ltr'><strong>esse</strong></span> <span class='ocrx_word' id='word_1_929' title='bbox 3473 5002 3858 5062; x_wconf 86' lang='lat' dir='ltr'><strong>connitendum,</strong></span> 
     </span>
     <span class='ocr_line' id='line_1_127' title="bbox 2295 5096 3862 5168; baseline -0.001 -18"><span class='ocrx_word' id='word_1_930' title='bbox 2295 5105 2350 5151; x_wconf 90' lang='lat' dir='ltr'><strong>nt</strong></span> <span class='ocrx_word' id='word_1_931' title='bbox 2379 5112 2488 5154; x_wconf 91' lang='lat' dir='ltr'><strong>non</strong></span> <span class='ocrx_word' id='word_1_932' title='bbox 2514 5097 2678 5154; x_wconf 89' lang='lat' dir='ltr'><strong>modo</strong></span> <span class='ocrx_word' id='word_1_933' title='bbox 2707 5096 2950 5168; x_wconf 89' lang='lat' dir='ltr'><strong>ejusdem</strong></span> <span class='ocrx_word' id='word_1_934' title='bbox 2974 5097 3192 5154; x_wconf 69' lang='lat' dir='ltr'><strong>Arianae</strong></span> <span class='ocrx_word' id='word_1_935' title='bbox 3223 5096 3533 5164; x_wconf 71' lang='lat' dir='ltr'><strong>dementiae,</strong></span> <span class='ocrx_word' id='word_1_936' title='bbox 3563 5098 3658 5154; x_wconf 90' lang='lat' dir='ltr'><strong>sed</strong></span> <span class='ocrx_word' id='word_1_937' title='bbox 3686 5107 3736 5153; x_wconf 92' lang='lat' dir='ltr'><strong>et</strong></span> <span class='ocrx_word' id='word_1_938' title='bbox 3759 5105 3862 5149; x_wconf 90' lang='lat' dir='ltr'><strong>om-</strong></span> 
     </span>
     <span class='ocr_line' id='line_1_128' title="bbox 2295 5189 3858 5260; baseline -0.004 -15"><span class='ocrx_word' id='word_1_939' title='bbox 2295 5189 2436 5246; x_wconf 91' lang='lat' dir='ltr'><strong>nium</strong></span> <span class='ocrx_word' id='word_1_940' title='bbox 2461 5190 2689 5246; x_wconf 86' lang='lat' dir='ltr'><strong>aliarum</strong></span> <span class='ocrx_word' id='word_1_941' title='bbox 2727 5190 3010 5244; x_wconf 67' lang='lat' dir='ltr'><strong>hmreseon</strong></span> <span class='ocrx_word' id='word_1_942' title='bbox 3062 5204 3222 5260; x_wconf 86' lang='lat' dir='ltr'><strong>prava</strong></span> <span class='ocrx_word' id='word_1_943' title='bbox 3249 5189 3494 5260; x_wconf 81' lang='lat' dir='ltr'><strong>germina</strong></span> <span class='ocrx_word' id='word_1_944' title='bbox 3525 5190 3767 5260; x_wconf 88' lang='lat' dir='ltr'><strong>stirpitus</strong></span> <span class='ocrx_word' id='word_1_945' title='bbox 3803 5193 3858 5238; x_wconf 77' lang='lat' dir='ltr'><strong>ex</strong></span> 
     </span>
     <span class='ocr_line' id='line_1_129' title="bbox 2295 5274 3862 5356; baseline -0.006 -16"><span class='ocrx_word' id='word_1_946' title='bbox 2295 5284 2616 5356; x_wconf 88' lang='lat' dir='ltr'><strong>populorum</strong></span> <span class='ocrx_word' id='word_1_947' title='bbox 2641 5283 2917 5340; x_wconf 86' lang='lat' dir='ltr'><strong>mentibus</strong></span> <span class='ocrx_word' id='word_1_948' title='bbox 2943 5283 3226 5339; x_wconf 87' lang='lat' dir='ltr'><strong>evelleret.</strong></span> <span class='ocrx_word' id='word_1_949' title='bbox 3260 5283 3556 5340; x_wconf 84' lang='lat' dir='ltr'><strong>Pastoralis</strong></span> <span class='ocrx_word' id='word_1_950' title='bbox 3593 5284 3749 5355; x_wconf 88' lang='lat' dir='ltr'><strong>hujus</strong></span> <span class='ocrx_word' id='word_1_951' title='bbox 3771 5274 3862 5334; x_wconf 84' lang='lat' dir='ltr'><strong>sol-</strong></span> 
     </span>
     <span class='ocr_line' id='line_1_130' title="bbox 2295 5369 3858 5450; baseline -0.004 -18"><span class='ocrx_word' id='word_1_952' title='bbox 2295 5376 2586 5433; x_wconf 89' lang='lat' dir='ltr'><strong>licitudinis</strong></span> <span class='ocrx_word' id='word_1_953' title='bbox 2608 5376 2862 5434; x_wconf 85' lang='lat' dir='ltr'><strong>ell‘eetum</strong></span> <span class='ocrx_word' id='word_1_954' title='bbox 2883 5375 3179 5432; x_wconf 87' lang='lat' dir='ltr'><strong>declaravit</strong></span> <span class='ocrx_word' id='word_1_955' title='bbox 3199 5387 3418 5434; x_wconf 88' lang='lat' dir='ltr'><strong>sanctus</strong></span> <span class='ocrx_word' id='word_1_956' title='bbox 3439 5377 3788 5450; x_wconf 84' lang='lat' dir='ltr'><strong>Hieronymus</strong></span> <span class='ocrx_word' id='word_1_957' title='bbox 3815 5369 3858 5424; x_wconf 89' lang='lat' dir='ltr'><strong>iu</strong></span> 
     </span>
     <span class='ocr_line' id='line_1_131' title="bbox 2295 5459 3858 5543; baseline -0.001 -17"><span class='ocrx_word' id='word_1_958' title='bbox 2295 5459 2402 5527; x_wconf 32' lang='lat' dir='ltr'><strong>illa.</strong></span> <span class='ocrx_word' id='word_1_959' title='bbox 2435 5472 2600 5528; x_wconf 88' lang='lat' dir='ltr'><strong>verba</strong></span> <span class='ocrx_word' id='word_1_960' title='bbox 2647 5489 2660 5526; x_wconf 92' lang='lat'><strong>:</strong></span> <span class='ocrx_word' id='word_1_961' title='bbox 2720 5469 2852 5527; x_wconf 87' lang='lat' dir='ltr'><strong>Post</strong></span> <span class='ocrx_word' id='word_1_962' title='bbox 2899 5470 3177 5538; x_wconf 72' lang='lat' dir='ltr'><strong>Auxentii,</strong></span> <span class='ocrx_word' id='word_1_963' title='bbox 3207 5471 3404 5543; x_wconf 90' lang='lat' dir='ltr'><strong>inquit,</strong></span> <span class='ocrx_word' id='word_1_964' title='bbox 3436 5489 3600 5528; x_wconf 88' lang='lat' dir='ltr'><strong>seram</strong></span> <span class='ocrx_word' id='word_1_965' title='bbox 3649 5477 3858 5526; x_wconf 75' lang='lat' dir='ltr'><strong>mortem.</strong></span> 
     </span>
     <span class='ocr_line' id='line_1_132' title="bbox 2295 5565 3857 5634; baseline -0.009 -13"><span class='ocrx_word' id='word_1_966' title='bbox 2295 5566 2578 5622; x_wconf 81' lang='lat' dir='ltr'><strong>Mediolani</strong></span> <span class='ocrx_word' id='word_1_967' title='bbox 2601 5565 2875 5622; x_wconf 86' lang='lat' dir='ltr'><strong>Ambrosio</strong></span> <span class='ocrx_word' id='word_1_968' title='bbox 2901 5565 3196 5632; x_wconf 83' lang='lat' dir='ltr'><strong>constituto,</strong></span> <span class='ocrx_word' id='word_1_969' title='bbox 3225 5567 3390 5622; x_wconf 87' lang='lat' dir='ltr'><strong>onmis</strong></span> <span class='ocrx_word' id='word_1_970' title='bbox 3418 5566 3487 5620; x_wconf 90' lang='lat' dir='ltr'><strong>ad</strong></span> <span class='ocrx_word' id='word_1_971' title='bbox 3515 5565 3670 5634; x_wconf 82' lang='lat' dir='ltr'><strong>ﬁdem</strong></span> <span class='ocrx_word' id='word_1_972' title='bbox 3693 5570 3857 5618; x_wconf 84' lang='lat' dir='ltr'><strong>rectam</strong></span> 
     </span>
     <span class='ocr_line' id='line_1_133' title="bbox 2295 5656 3858 5732; baseline -0.004 -16"><span class='ocrx_word' id='word_1_973' title='bbox 2295 5661 2455 5716; x_wconf 83' lang='lat' dir='ltr'><strong>Italia</strong></span> <span class='ocrx_word' id='word_1_974' title='bbox 2498 5661 2809 5716; x_wconf 76' lang='lat' dir='ltr'><strong>conuertitur</strong></span> <span class='ocrx_word' id='word_1_975' title='bbox 2833 5656 3078 5729; x_wconf 80' lang='lat' dir='ltr'><strong>(Hieron.</strong></span> <span class='ocrx_word' id='word_1_976' title='bbox 3110 5659 3164 5713; x_wconf 87' lang='lat' dir='ltr'><strong>in</strong></span> <span class='ocrx_word' id='word_1_977' title='bbox 3193 5658 3436 5732; x_wconf 66' lang='lat' dir='ltr'><strong>Claram).</strong></span> <span class='ocrx_word' id='word_1_978' title='bbox 3469 5658 3673 5716; x_wconf 85' lang='lat' dir='ltr'><strong>Tantus</strong></span> <span class='ocrx_word' id='word_1_979' title='bbox 3701 5664 3858 5714; x_wconf 87' lang='lat' dir='ltr'><strong>autem</strong></span> 
     </span>
     <span class='ocr_line' id='line_1_134' title="bbox 2295 5741 3862 5822; baseline -0.004 -12"><span class='ocrx_word' id='word_1_980' title='bbox 2295 5754 2387 5810; x_wconf 92' lang='lat' dir='ltr'><strong>ille</strong></span> <span class='ocrx_word' id='word_1_981' title='bbox 2409 5767 2696 5811; x_wconf 89' lang='lat' dir='ltr'><strong>successus</strong></span> <span class='ocrx_word' id='word_1_982' title='bbox 2719 5766 2786 5808; x_wconf 91' lang='lat' dir='ltr'><strong>eo</strong></span> <span class='ocrx_word' id='word_1_983' title='bbox 2810 5748 3026 5820; x_wconf 87' lang='lat' dir='ltr'><strong>dignior</strong></span> <span class='ocrx_word' id='word_1_984' title='bbox 3053 5759 3137 5806; x_wconf 90' lang='lat' dir='ltr'><strong>est</strong></span> <span class='ocrx_word' id='word_1_985' title='bbox 3172 5751 3550 5816; x_wconf 85' lang='lat' dir='ltr'><strong>admiratione,</strong></span> <span class='ocrx_word' id='word_1_986' title='bbox 3576 5767 3684 5822; x_wconf 91' lang='lat' dir='ltr'><strong>quo</strong></span> <span class='ocrx_word' id='word_1_987' title='bbox 3709 5749 3770 5806; x_wconf 90' lang='lat' dir='ltr'><strong>ad</strong></span> <span class='ocrx_word' id='word_1_988' title='bbox 3808 5741 3862 5798; x_wconf 78' lang='lat' dir='ltr'><strong>il-</strong></span> 
     </span>
     <span class='ocr_line' id='line_1_135' title="bbox 2295 5835 4038 5920; baseline -0.008 -14"><span class='ocrx_word' id='word_1_989' title='bbox 2295 5849 2409 5906; x_wconf 89' lang='lat' dir='ltr'><strong>lum</strong></span> <span class='ocrx_word' id='word_1_990' title='bbox 2437 5845 2848 5920; x_wconf 86' lang='lat' dir='ltr'><strong>adipiscendum</strong></span> <span class='ocrx_word' id='word_1_991' title='bbox 2891 5843 3132 5902; x_wconf 87' lang='lat' dir='ltr'><strong>breviori</strong></span> <span class='ocrx_word' id='word_1_992' title='bbox 3181 5843 3357 5916; x_wconf 87' lang='lat' dir='ltr'><strong>spatio</strong></span> <span class='ocrx_word' id='word_1_993' title='bbox 3387 5844 3469 5901; x_wconf 91' lang='lat' dir='ltr'><strong>vir</strong></span> <span class='ocrx_word' id='word_1_994' title='bbox 3495 5850 3718 5901; x_wconf 88' lang='lat' dir='ltr'><strong>sanctus</strong></span> <span class='ocrx_word' id='word_1_995' title='bbox 3746 5835 3864 5898; x_wconf 83' lang='lat' dir='ltr'><strong>iudi-</strong></span> <span class='ocrx_word' id='word_1_996' title='bbox 4033 5849 4038 5894; x_wconf 86' lang='lat'><strong>&#39;.</strong></span> 
     </span>
    </p>
   </div>
  </div>
