4102 6360
205 274 278 328 75

1110 283 1202 340 EX
1241 283 1406 342 EJUS
1446 286 1862 346 POTISSIMUM
1901 288 2210 346 SCRIPTIS
2247 286 2631 344 COLLECTA.
3458 296 3527 353 74

202 392 354 461 guit;
391 393 516 463 ipse
544 395 814 468 siquidem
836 412 932 468 per
954 401 1165 455 Ariane
1189 403 1526 472 tempestatis
1549 413 1814 474 tempora,
1849 405 1902 464 Α
1927 404 2190 469 erudirct,
2217 404 2577 460 Mediolanum
2605 404 2841 470 misisse,
2882 405 3025 460 haud
3058 407 3189 462 satis
3218 408 3416 464 idoneo
3441 412 3528 466 ni-

204 480 260 536 id
293 493 400 548 est,
435 502 591 543 anno
623 489 728 545 585
758 500 850 545 aut
882 491 985 546 586
1012 493 1217 562 sicjam
1251 493 1526 550 scribebat
1563 514 1574 548 :
1607 495 1828 552 Prodire

205 577 272 632 de
312 579 534 637 Arianis
581 584 757 640 nullus
787 587 1039 651 audebat;
1087 589 1208 657 quia
1241 604 1332 642 nec
1361 590 1635 657 quisquam
1663 591 1725 644 de
1757 592 1829 644 ci-

205 675 356 730 vibus
373 689 511 746 erat,
531 682 688 749 pauci
710 681 773 736 de
797 682 998 752 familia
1025 684 1188 755 regia,
1214 684 1450 738 nonnulli
1469 684 1623 738 etiam
1670 683 1828 738 Gothi

212 768 418 839 (Epist.
453 773 551 839 2t),
584 791 725 829 num.
757 774 868 848 12).
904 774 1017 830 Hoc
1046 776 1297 832 similiter
1325 787 1571 849 tempore
1614 779 1828 848 Augus-

209 863 392 919 tinum
441 882 472 921 a
534 867 956 925 Manichaeorum
1005 870 1249 926 cassibus
1296 872 1547 928 liberavit
1601 883 1825 928 sanctus

210 955 463 1013 Antistes
497 976 509 1012 :
541 976 720 1032 neque
765 963 929 1028 etiam
984 963 1410 1020 dubitaverimus
1458 966 1641 1035 plures
1689 967 1825 1022 alios

213 1064 322 1103 non
391 1059 502 1105 tam
555 1055 867 1123 pervicaées
915 1072 1074 1126 quam
1123 1057 1826 1128 Augustinum,Ambrosio

205 1142 319 1212 jam
362 1159 495 1201 ante
551 1147 804 1203 debuisse
841 1149 999 1218 primi
1049 1150 1134 1204 sui
1188 1152 1390 1206 erroris
1425 1151 1821 1220 depulsionem.

288 1236 381 1292 16.
427 1239 636 1295 Verum
671 1252 851 1297 tamen
884 1242 1080 1300 uberes
1109 1243 1187 1298 illi
1236 1245 1443 1300 fructus
1485 1261 1682 1316 magno
1712 1257 1827 1301 stu-

211 1330 304 1386 dio
355 1334 657 1405 multisque
711 1336 989 1392 laboribus
1039 1339 1334 1394 constitere
1387 1356 1532 1394 novo
1576 1342 1826 1410 praesuli;

213 1441 342 1479 nam
373 1427 503 1482 licet
536 1444 565 1482 a
596 1429 753 1484 nobis
793 1432 1140 1486 observatum
1182 1435 1252 1486 sit
1304 1434 1624 1490 liberalibus
1675 1437 1826 1491 illum

212 1519 420 1575 litteris
485 1536 551 1576 ac
604 1523 906 1594 disciplinis
959 1524 1026 1578 ab
1078 1525 1450 1582 adolescentia
1504 1529 1828 1584 instructum

218 1611 417 1679 fuisse,
459 1615 891 1670 ecclesiasticam
924 1626 1106 1672 tamen
1132 1619 1455 1686 doctrinam,
1476 1635 1596 1675 cum
1621 1621 1687 1676 ad
1716 1623 1831 1689 epi-

217 1717 510 1778 scopatum
542 1720 830 1778 provectus
878 1710 994 1777 fuit,
1025 1712 1074 1767 ei
1118 1711 1356 1769 defuisse
1398 1715 1614 1784 negabit
1645 1731 1830 1770 nemo.

1932 495 2059 550 titur
2104 496 2494 558 fundamento;
2547 497 2692 569 quod
2734 499 2878 553 enim
2908 499 3230 555 Ambrosius
3257 516 3412 557 suam
3459 502 3530 556 ad

1930 587 2180 643 eumdem
2214 588 2622 658 Simplicianurn
2653 591 2940 661 epistolam
2970 590 3053 646 his
3087 592 3266 648 verbis
3305 596 3530 650 conclu—

1929 679 2098 732 serit:
2147 677 2260 733 Nos
2312 683 2538 749 parentis
2585 682 2776 749 aﬂ'ectu
2826 684 2985 756 dilige
3027 683 3230 754 (Epist.
3263 685 3395 752 65);
3468 697 3526 742 et

1929 767 2260 839 Augustinus
2304 771 2480 842 ipsum
2536 774 2786 829 vocitarit
2846 786 3045 845 patrem
3109 778 3166 831 in
3220 779 3531 849 accipienda

1882 886 1884 889 -
1928 863 2101 933 gratia
2132 873 2255 918 tunc
2278 866 2508 934 episcopi
2539 867 2822 936 Ambrosii,
2851 879 2897 922 et
2924 886 3075 937 quem
3103 885 3217 924 vere
3241 881 3297 924 ut
3328 881 3529 941 patrem

1929 953 2176 1026 diligebat
2216 957 2484 1028 (August.,
2515 957 2551 1011 ι.
2582 974 2673 1011 vui
2701 957 2881 1031 Conf.,
2925 980 3041 1034 cap.
3069 963 3127 1035 2)
3158 979 3172 1029 ;
3214 964 3266 1019 id
3307 965 3531 1020 aliunde

1929 1064 2038 1102 non
2065 1063 2187 1104 esse
2216 1050 2413 1104 factum
2456 1050 2563 1119 jam
2609 1051 2978 1118 ostendimus,
3021 1071 3181 1124 quam
3210 1057 3334 1124 quia
3374 1057 3529 1111 illum

1931 1141 2071 1196 idem
2112 1143 2396 1214 presbyter
2419 1143 2599 1199 adhuc
2629 1145 2886 1214 juvenem
2920 1146 3110 1215 primis
3147 1149 3378 1206 fortasse
3409 1150 3533 1205 reli-

1931 1235 2105 1306 gionis
2164 1237 2452 1291 elementis
2491 1236 2682 1292 Romae
2741 1237 3051 1306 imbuerat,
3114 1244 3200 1301 vel
3243 1244 3366 1312 quia
3405 1259 3528 1299 eunt

1930 1337 2056 1398 post
2101 1329 2425 1383 electionem
2473 1328 2542 1383 ad
2587 1340 2928 1385 sacramenta
2982 1335 3410 1400 regenerationis
3453 1353 3543 1392 or-

1932 1420 2334 1492 dinationisque
2371 1423 2716 1492 suscipienda
2763 1438 2956 1492 parare
3000 1424 3304 1481 studuerat.

2007 1515 2094 1569 17.
2133 1516 2259 1585 (An.
2284 1514 2437 1585 575.)
2461 1516 2782 1572 Ambrosius
2808 1519 3191 1587 comparanda:
3217 1535 3401 1575 rerum
3444 1536 3538 1575 ec-

1933 1607 2360 1663 clesiasticarum
2384 1650 2399 1675 ,
2442 1618 2496 1664 et
2523 1610 2929 1680 Scripturarnm
2974 1610 3535 1686 potissimum'cogui-

1936 1701 2068 1756 tioni
2113 1717 2219 1757 non
2266 1701 2376 1757 alio
2404 1703 2635 1758 consilio
2685 1703 3026 1771 desudabat,
3076 1705 3179 1761 nisi
3214 1715 3272 1760 ut
3312 1707 3541 1776 implere

217 1797 289 1856 Ut
322 1801 490 1871 igitur
523 1802 662 1857 hanc
705 1803 987 1858 scientiam
1018 1805 1118 1859 sibi
1166 1817 1529 1874 compararet,
1569 1807 1828 1878 quidquid
1858 1798 1908 1859 Β
1937 1805 2120 1867 P035et
2150 1798 2392 1852 ἀθείυτίδ
2418 1813 2639 1866 munus,
2673 1798 3128 1869 quemadmOdum
3157 1811 3344 1871 “pene
3373 1801 3544 1872 Signi-

219 1892 491 1960 temporis
523 1894 627 1947 sibi
655 1909 683 1947 a
717 1896 946 1965 negotiis
977 1897 1218 1952 muneris
1249 1899 1356 1962 sui,
1400 1909 1494 1954 aut
1522 1899 1829 1955 necessaria

219 1983 475 2052 corporis
504 1999 631 2039 cura
681 2001 910 2040 vacuum
952 1998 1102 2055 erat,
1156 1989 1461 2045 incredibili
1510 1991 1829 2048 assiduitate

220 2072 531 2142 Scriptura:
587 2091 755 2131 sacra:
822 2078 1160 2133 meditationi
1215 2089 1385 2135 totum
1450 2082 1825 2153 impendebat.

219 2168 447 2223 Testem
493 2168 754 2226 habemus
782 2171 1010 2242 hujusce
1045 2174 1121 2227 rei
1151 2191 1404 2242 rmgnum
1442 2175 1826 2247 Augustinum,

223 2260 384 2329 cujus
408 2261 528 2316 hmc
557 2263 722 2319 verba
747 2273 872 2319 sunt
897 2282 909 2316 :
949 2266 1352 2322 Secludentibus
1382 2285 1462 2324 me
1483 2311 1497 2334 ,
1529 2270 1733 2340 inquit,
1765 2271 1830 2326 ab

221 2357 340 2424 ejus
368 2368 495 2408 aure
523 2364 674 2426 atque
709 2373 797 2411 ore
846 2359 1065 2412 catervis
1118 2361 1500 2432 negotiosorum
1545 2362 1829 2430 hominum,

223 2463 454 2516 quorum
500 2437 890 2520 inﬁrmitatibus
935 2452 1221 2518 serviebat,
1270 2469 1384 2508 cum
1413 2454 1597 2522 quibus
1625 2456 1832 2524 quando

222 2555 326 2594 non
354 2550 488 2606 erat,
525 2542 662 2612 quod
691 2560 782 2614 per
809 2545 1056 2614 exiguum
1086 2547 1332 2613 temporis
1365 2554 1492 2612 erat,
1521 2555 1612 2600 aut
1643 2563 1831 2615 corpus

218 2636 487 2705 reﬁciebat
516 2639 816 2694 necessariis
843 2640 1225 2707 sustentaculis,
1249 2652 1338 2694 aut
1365 2642 1580 2696 lectione
1603 2642 1832 2695 animum

224 2727 483 2800 (Confess.
521 2732 558 2786 l.
590 2748 664 2798 vt,
695 2750 812 2803 cap.
843 2734 898 2799 ὅ,
931 2751 1075 2788 nam.
1109 2733 1187 2806 ὅ).
1214 2735 1321 2791 Sed
1354 2751 1453 2791 nec
1482 2734 1832 2792 fidelissimus

225 2821 317 2875 ille
348 2822 653 2892 discipulus
689 2825 1068 2896 negligendum
1094 2828 1450 2884 tacendnrnve
1480 2831 1830 2898 existimavit,

228 2928 392 2982 quam
421 2917 691 2971 rationem
721 2917 773 2970 in
807 2917 1038 2986 legendo
1073 2928 1283 2974 teneret
1312 2929 1619 2988 praeceptor
1663 2934 1831 2985 suus;

231 3005 428 3059 eodem
459 3006 604 3061 enim
642 3008 761 3062 loco
786 3009 888 3062 ista
933 3009 1247 3079 subiungit:
1301 3010 1406 3063 Sed
1449 3027 1564 3063 cum
1610 3011 1831 3082 legebat,

231 3098 339 3163 ait,
383 3099 523 3152 oculi
553 3099 869 3154 ducebantur
899 3117 990 3171 per
1019 3102 1241 3172 paginas
1265 3145 1278 3166 ,
1326 3111 1372 3155 et
1401 3118 1488 3154 cor
1517 3101 1836 3156 intellectum

1937 1889 2104 1944 ﬁcant
2129 1889 2246 1945 haec
2267 1890 2384 1957 ejus
2407 1890 2574 1945 verba
2615 1908 2626 1942 :
2662 1891 2768 1946 Sed
2807 1892 3160 1946 tantummodo
3207 1892 3539 1948 intentionem

1935 1993 1982 2036 et
2015 1982 2335 2054 diligentiam
2360 1983 2503 2036 circa
2527 1982 2827 2054 Scripturas
2855 1984 3053 2038 divinas
3082 1995 3202 2056 opto
3233 1973 3537 2055 assequi....

1935 2086 1981 2129 et
2009 2075 2145 2127 hanc
2171 2076 2336 2146 ipsam
2368 2085 2421 2128 ut
2445 2075 2676 2128 docentis
2698 2077 2870 2130 studio
2898 2079 3091 2147 possint
3115 2079 3314 2134 discere
3349 2078 3487 2151 (Lib.
3519 2095 3537 2135 ι

1933 2167 1997 2221 de
2027 2165 2213 2237 0fﬁc.,
2241 2183 2359 2236 cap.
2409 2168 2470 2232 1,
2518 2183 2662 2222 num.
2697 2166 2776 2238 5).
2810 2169 2960 2223 llanc
3004 2169 3074 2223 ob
3117 2187 3231 2226 rem
3282 2173 3464 2226 statim
3512 2187 3542 2226 a

1935 2262 2126 2342 primis
2158 2261 2449 2316 sacerdotii
2481 2262 2639 2317 annis
2669 2261 2943 2317 festinavit
2971 2263 3103 2318 illud
3138 2266 3396 2337 aggredi;
3434 2281 3545 2320 non

1933 2357 2079 2412 enim
2111 2357 2343 2413 obscure
2371 2358 2424 2413 id
2475 2360 2651 2430 ipsum
2703 2360 2984 2426 declarat,
3040 2362 3167 2417 dum
3219 2371 3366 2418 tanta
3415 2379 3540 2418 cum

1933 2448 2194 2504 modestia
2225 2461 2280 2505 et
2306 2450 2392 2504 sui
2427 2450 2759 2507 demissione
2788 2451 3072 2522 profitetur
3104 2452 3300 2508 factum
3331 2454 3498 2509 fuisse
3519 2495 3534 2522 ,

1933 2554 1988 2598 ut
2031 2544 2213 2611 prius,
2261 2543 2469 2614 inquit,
2517 2544 2702 2600 docere
2752 2547 3068 2616 inciperem,
3117 2562 3270 2616 quam
3323 2547 3542 2601 discere.

1935 2637 2250 2692 Discendum
2281 2639 2440 2709 igitur
2469 2638 2592 2692 mihi
2633 2639 2793 2694 simul
2840 2649 2886 2694 et
2932 2641 3254 2705 docendum,
3297 2641 3546 2711 quoniam

1934 2748 2036 2785 non
2059 2731 2255 2784 vacavit
2277 2740 2393 2785 ante
2418 2731 2615 2786 discere
2641 2730 2834 2802 (Ibid,
2868 2748 3009 2784 num.
3034 2729 3114 2802 4).
3141 2729 3336 2787 Clerici
3368 2746 3533 2802 porro

1934 2837 2071 2892 quos
2099 2822 2189 2876 hic
2220 2822 2518 2893 alloquitur
2541 2865 2555 2890 ,
2597 2839 2704 2878 non
2755 2823 2860 2878 soli
2891 2823 3260 2890 exstiterunt,
3309 2823 3376 2878 ad
3408 2838 3545 2894 quos

1935 2915 2129 2982 prima:
2173 2914 2319 2968 illius
2375 2930 2521 2969 cura:
2580 2916 2972 2983 pertinuerint;
3023 2915 3073 2968 in
3129 2916 3542 2971 catechumenis

1937 3004 2103 3057 etiam
2154 3002 2220 3056 ad
2269 3005 2524 3073 genitalia
2574 3016 2913 3060 sacramenta
2971 3007 3229 3075 parandis
3283 3007 3539 3063 erudien-
3633 3022 3640 3026 '

1938 3093 2131 3164 disque
2162 3094 2448 3162 plurimum
2475 3097 2776 3151 laborabat.
2812 3098 2878 3150 Et
2905 3106 2983 3152 tot
3013 3099 3130 3166 ejus
3160 3100 3284 3154 libri
3326 3117 3392 3156 ex
3424 3117 3542 3158 ser-

233 3191 558 3258 rimabatur,
611 3209 710 3247 υοας
760 3203 932 3247 autem
977 3205 1024 3248 ει
1070 3195 1252 3264 lingua
1305 3193 1833 3267 quiescebaqlbim),
1868 3177 1915 3242 C
1948 3191 2196 3247 monibus
2221 3193 2284 3246 ad
2328 3191 2547 3246 eosdem
2584 3192 2782 3246 habitis
2812 3194 3132 3262 compositi,
3165 3196 3378 3251 abunde
3417 3213 3545 3266 pro-

234 3281 425 3354 Neque
454 3299 586 3339 vero
623 3285 834 3340 diurna:
864 3286 1013 3342 lucis.
1028 3287 1357 3343 curriculum
1385 3289 1503 3358 ejus
1532 3288 1840 3345 sufficiebat

233 3376 481 3431 aviditati
508 3393 521 3442 ;
566 3376 662 3432 sed
694 3388 854 3434 nocte
882 3379 988 3433 diei
1033 3379 1135 3433 hoc
1167 3380 1220 3432 in
1249 3395 1416 3449 opere
1447 3380 1839 3450 prepeinodum

236 3471 576 3535 continuata,
608 3470 778 3526 redux
808 3487 850 3545 a_
869 3471 1040 3526 sacris
1065 3471 1286 3540 vigiliis,
1323 3473 1610 3528 lectionem
1647 3489 1837 3543 quam-

236 3564 473 3632 primum
499 3563 825 3630 resumebat,
853 3564 992 3619 sicut
1023 3565 1138 3634 ipse
1158 3563 1478 3620 charissimo
1504 3581 1601 3621 suo
1629 3566 1838 3624 Irenaeo

230 3656 473 3726 ingenue
499 3655 693 3712 fatetur
717 3657 820 3712 hoc
853 3659 1014 3713 modo
1048 3659 1294 3714 scribens
1321 3679 1333 3714 :
1364 3659 1512 3715 Inter
1541 3661 1837 3734 legendum,

235 3746 432 3817 inquit,
471 3764 588 3818 cum
619 3750 889 3820 paululum
918 3752 1273 3820 requievissem
1303 3754 1503 3819 animo,
1533 3755 1657 3823 quia
1688 3755 1838 3810 lucu-

237 3836 473 3892 bratione
519 3841 813 3895 destiteram
841 3883 856 3909 ,
908 3842 1222 3897 versiculum
1264 3844 1417 3899 illum
1463 3847 1596 3918 ccepi
1640 3865 1841 3902 mecum

236 3932 516 3998 revolvere,
547 3950 646 4004 quo
677 3935 872 4003 vesperi
914 3936 965 3988 in
994 3937 1184 4007 vigiliis
1211 3939 1290 3992 usi
1341 3939 1608 4008 fueramus
1640 3941 1835 4012 (Epist.

239 4025 335 4093 29,
369 4041 514 4079 num.
547 4027 620 4095 1).
672 4027 808 4094 Quin
856 4017 1038 4083 etiam.
1063 4038 1348 4100 postquam
1379 4040 1538 4087 aetate
1583 4034 1692 4102 jam
1724 4045 1841 4089 erat

240 4123 570 4192 provectior,
618 4122 684 4178 de
733 4131 841 4179 tam
888 4124 1134 4195 improbo
1179 4126 1358 4182 studio
1405 4127 1536 4182 nihil
1607 4129 1838 4194 remisit,

239 4216 698 4287 quemadmodum
721 4233 788 4274 ex
811 4233 914 4273 una
933 4218 1048 4288 ejus
1065 4219 1413 4288 epistolarum
1440 4220 1640 4276 Sabino
1668 4221 1841 4276 amico

239 4323 341 4363 suo
365 4319 420 4363 et
448 4307 698 4364 familiari
727 4311 924 4380 scripta
948 4325 1280 4381 cognoscere
1299 4323 1381 4368 est
1409 4330 1423 4380 ;
1468 4313 1520 4368 in
1548 4329 1612 4368 ca
1640 4314 1840 4384 quippe

239 4401 358 4456 haec
401 4402 568 4457 verba
614 4403 879 4472 legimus:
921 4405 1045 4458 Non
1088 4406 1224 4460 enim
1255 4406 1510 4461 dictamus
1553 4410 1760 4474 omnia,
1792 4418 1839 4463 et

239 4496 468 4549 maxime
497 4495 725 4550 noctibus
747 4537 762 4561 ,
809 4496 992 4566 quibus
1020 4499 1258 4553 uolumus
1289 4501 1407 4554 aliis
1438 4518 1619 4573 graves
1647 4518 1756 4555 esse
1782 4518 1843 4554 ac

1944 3285 2075 3340 bant
2099 3286 2186 3339 vix
2216 3284 2361 3340 aliud
2392 3286 2490 3356 ipsi
2514 3284 2682 3340 fuisse
2705 3285 3000 3357 antiquius,
3032 3303 3195 3358 quam
3225 3299 3282 3342 ut
3314 3289 3539 3345 idoneas

1946 3377 2199 3433 redderet
2244 3377 2409 3433 hasce
2438 3386 2654 3434 teneras
2702 3380 2912 3448 plantas
2936 3423 2950 3446 ,
2986 3396 3108 3450 quae
3153 3381 3370 3452 pietatis
3400 3383 3544 3438 radi-

1942 3471 2098 3524 cibus
2127 3471 2285 3525 altius
2312 3470 2447 3526 actis
2475 3512 2489 3536 ,
2517 3471 2720 3526 fructus
2752 3471 2949 3528 uberes
2988 3473 3282 3544 aliquando
3310 3474 3536 3533 ferrent.

1944 3560 2250 3616 Indefessus
2282 3571 2399 3616 erat
2436 3561 2488 3616 in
2518 3561 2621 3616 hoc
2655 3578 2884 3619 munere
2905 3605 2920 3629 ,
2959 3572 3015 3619 et
3041 3566 3265 3620 omnino
3310 3568 3364 3621 in
3391 3568 3540 3622 rebus

1943 3653 2130 3709 divinis
2151 3656 2452 3724 implendis,
2481 3656 2816 3710 utPaulinus
2835 3656 3181 3726 loquitanu
3215 3657 3333 3712 Vita
3361 3659 3542 3715 Ambr.

1943 3763 2086 3801 num.
2118 3747 2212 3818 38)
2235 3790 2249 3813 ,
2276 3748 2636 3818 "fortissimus,
2667 3749 2719 3803 in
2748 3759 2947 3804 tantum
2978 3761 3032 3804 ut
3052 3752 3188 3820 quod
3215 3753 3400 3806 solitus
3430 3765 3540 3808 erat

1944 3841 2081 3894 circa
2105 3841 2441 3911 baptizandos
2465 3843 2698 3910 implere,
2723 3844 2946 3912 quinque
2965 3855 3141 3915 postea
3162 3847 3393 3918 episc0pi
3412 3855 3538 3902 tem-

1945 3948 2068 4000 pore
2093 3948 2193 3999 quo
2223 3933 2462 4001 decessit,
2492 3934 2579 3986 vix
2597 3934 2893 4002 implerent.

2019 4023 2106 4078 18.
2153 4023 2444 4093 Superiora
2499 4023 2607 4078 duo
2661 4023 3030 4079 conditionum
3098 4040 3299 4096 genera
3349 4039 3538 4084 sancto

1945 4115 2202 4184 episcopo
2263 4116 2452 4186 populi
2507 4115 2841 4171 oblivionem
2890 4116 3032 4172 haud
3085 4119 3459 4176 induxerunt:
3493 4123 3537 4176 is

1889 4201 1893 4206 “
1944 4208 2090 4262 enim
2120 4207 2364 4262 sedulam
2395 4223 2614 4278 operam
2661 4207 2825 4264 dabat
2856 4225 2962 4264 non
2995 4210 3157 4266 modo
3188 4212 3336 4266 illius
3377 4215 3542 4269 mori-

1946 4302 2046 4358 bus
2080 4304 2335 4358 virtutum
2373 4302 2612 4356 omnium
2651 4315 2976 4358 ornamento
3001 4305 3319 4361 excolendis
3341 4321 3405 4362 ac
3439 4306 3540 4364 de-

1945 4396 2216 4459 corandis,
2251 4411 2436 4450 verum
2468 4396 2630 4451 etiam
2665 4395 2834 4466 ipsius
2872 4397 3068 4452 animis
3096 4406 3287 4454 contra
3317 4398 3542 4456 technas

1944 4504 2008 4543 ac
2047 4487 2323 4558 perfidiam
2355 4487 2738 4542 haereticorum
2773 4489 3217 4558 przemuniendis.
3268 4490 3380 4545 Hoc
3423 4493 3541 4563 ejus

240 4587 448 4639 molesti
472 4584 665 4658 (Epist.
689 4587 784 4654 47,
812 4606 956 4642 num.
986 4589 1064 4662 1).
1107 4594 1284 4661 Atque
1310 4593 1380 4646 ita
1404 4572 1493 4664 qui
1529 4593 1702 4649 labori
1745 4609 1837 4649 suo

1948 4582 2190 4635 noscitur
2211 4579 2383 4636 fuisse
2409 4580 2775 4651 propositum,
2808 4578 3024 4650 quando
3045 4581 3242 4636 librum
3279 4597 3433 4639 suum
3465 4584 3542 4638 De

241 4693 542 4749 numquam
597 4682 892 4749 parcebat,
937 4683 1193 4752 parcebat
1233 4685 1432 4741 alieno.
1499 4688 1844 4757 Quapropter

243 4788 364 4826 cum
396 4774 666 4829 acerrimo
701 4776 915 4846 ingenio
944 4775 1201 4846 prmditus
1237 4788 1382 4832 esset
1417 4787 1471 4834 et
1508 4779 1846 4835 humaniori-

245 4866 344 4922 bus
369 4867 571 4924 litteris
597 4871 840 4938 apprime
864 4870 1163 4936 institutus,
1193 4873 1428 4927 maxime
1469 4888 1598 4928 vero
1629 4872 1842 4942 grzecis,

249 4962 299 5015 in
333 4963 532 5032 quibus
561 4962 701 5018 inter
732 4964 954 5019 Latinos
989 4964 1178 5019 Patres
1223 4965 1312 5019 uni
1356 4965 1688 5038 Hieronymo
1737 4966 1844 5036 pri-

249 5069 364 5108 mas
394 5055 768 5121 concedebat;
813 5058 1010 5112 mirum
1045 5073 1150 5112 non
1192 5058 1495 5125 videbitur,
1537 5061 1580 5114 si
1624 5060 1845 5115 Patrum

250 5153 356 5201 tam
389 5148 730 5217 Graecorum,
759 5166 917 5220 quam
944 5151 1256 5206 Latinorum
1287 5151 1540 5222 operibus
1582 5153 1849 5208 indefessa

252 5253 413 5294 manu
443 5241 727 5297 volvendis
749 5285 764 5309 ,
809 5254 863 5297 et
899 5244 1070 5298 sacris
1109 5245 1388 5315 utriusque
1420 5244 1615 5315 lingua:
1646 5243 1848 5300 codici-
1880 5292 1890 5304 .

255 5331 352 5386 bus
397 5333 543 5386 inter
592 5349 651 5388 se
697 5333 1080 5400 conferendis,
1155 5346 1336 5391 tantos
1379 5352 1698 5406 progressus
1744 5347 1854 5392 tam

254 5423 401 5480 brevi
446 5425 718 5481 habuerit.
767 5426 904 5482 Nam
928 5430 1068 5498 quod
1099 5429 1380 5484 c0ntendit
1416 5445 1644 5500 magnus
1675 5431 1850 5486 cardi-

255 5517 392 5572 nalis
428 5517 521 5588 (lu
562 5514 680 5570 Vita
702 5518 878 5572 Ambr.
909 5529 954 5574 et
977 5522 1029 5574 iu
1058 5524 1198 5578 Ann.
1232 5522 1302 5576 ad
1332 5538 1421 5575 an.
1453 5523 1564 5577 575
1603 5535 1649 5576 et
1698 5523 1853 5595 585),

251 5609 548 5667 Damasum
587 5621 737 5682 pont.
766 5628 910 5668 max.
945 5616 1034 5671 ubi
1080 5617 1354 5687 comperit
1380 5619 1653 5673 Ambrosii
1683 5619 1862 5674 adhuc

257 5707 634 5762 catechumeni
684 5708 1024 5771 electionem,
1091 5709 1498 5780 Simplicianum
1531 5751 1544 5776 ,
1596 5713 1683 5782 qui
1738 5727 1862 5767 eum

262 5799 448 5868 primis
477 5800 823 5872 episcopatus
848 5801 927 5854 sui
957 5803 1113 5856 anuis
1139 5803 1192 5856 in
1225 5801 1592 5859 ecclesiaStica
1636 5804 1860 5861 scientia

674 5895 949 5957 Ρηιιοι..
1017 5893 1191 5958 XIV.

1951 4675 2230 4741 Paradiso,
2261 4689 2424 4745 quem
2462 4676 2564 4729 hoc
2593 4674 2711 4744 ipso
2752 4690 2896 4729 anno
2924 4674 3129 4730 editum
3162 4688 3413 4745 putamus
3435 4719 3450 4744 ,
3481 4693 3545 4734 ea

1947 4769 2017 4824 de
2041 4785 2100 4824 re
2132 4769 2183 4822 in
2218 4769 2396 4823 lucem
2429 4765 2646 4832 emisit;
2678 4783 2745 4822 ne
2772 4767 2976 4838 Apellis
3003 4767 3285 4840 discipuli,
3314 4779 3407 4824 aut
3436 4770 3548 4827 Ma-

1950 4861 2143 4916 nichazi
2170 4860 2350 4931 potius
2377 4858 2644 4928 simplices
2669 4869 2858 4912 mentes
2882 4901 2896 4925 ,
2924 4859 3099 4929 inquit
3123 4902 3137 4926 ,
3168 4862 3431 4916 malitiosa
3461 4864 3544 4916 in-

1951 4956 2310 5028 terpretatione
2327 4954 2598 5008 traducunt
2623 4951 2762 5022 (Lib.
2792 4953 2855 5005 de
2875 4951 3100 5020 Parad,
3131 4970 3246 5025 cap.
3274 4956 3327 5018 5,
3351 4971 3404 5008 η.
3427 4955 3545 5025 28).

1958 5050 2093 5105 Huic
2138 5049 2279 5104 libro
2316 5046 2455 5100 alios
2492 5044 2631 5100 duos
2680 5043 2914 5113 adjecit,
2955 5044 3047 5114 qui
3083 5045 3145 5097 de
3171 5042 3302 5098 Cain
3331 5053 3377 5098 et
3425 5043 3551 5098 Abel

1959 5143 2204 5214 inscripti
2234 5149 2393 5204 sunt,
2427 5141 2479 5194 in
2511 5138 2710 5208 quibus
2746 5137 2979 5192 faciliori
3014 5138 3191 5194 adhuc
3221 5139 3435 5208 negotio
3457 5137 3552 5194 de-

1959 5239 2372 5312 prehenduntur
2414 5237 2450 5290 ii
2497 5248 2782 5289 sermones
2806 5273 2819 5296 ,
2852 5232 2944 5304 qui
2979 5231 3274 5287 ChriSIiani
3318 5231 3556 5287 oratoris

1959 5349 2066 5388 non
2091 5332 2162 5386 ita
2193 5329 2389 5384 maturi
2418 5328 2694 5396 ingenium
2735 5325 3008 5388 referant,
3039 5323 3166 5376 licet
3201 5323 3252 5374 hi
3285 5322 3384 5391 ipsi
3418 5337 3557 5390 pree—

1902 5428 1909 5436 ’
1958 5428 2130 5496 ceptis
2160 5424 2228 5479 ad
2259 5422 2435 5477 bonos
2461 5434 2643 5474 mores
2677 5415 3100 5488 appositissimis
3142 5413 3340 5482 passim
3371 5428 3560 5484 asper-

1962 5530 2524 5666 8³1ἐὲἷῐκΑηιιποςιῑωι]
2553 5597 2784 5667 singulis
2821 5592 3010 5648 diebus
3038 5589 3331 5647 Dominicis
3372 5594 3438 5648 ad
3471 5609 3568 5664 po-

1973 5705 2156 5774 pulum
2188 5697 2356 5753 verha
2399 5697 2580 5751 facere
2620 5683 2968 5741 consuevisse
2997 5680 3150 5735 testis
3191 5693 3274 5737 est
3317 5686 3570 5753 Augusti-

1975 5771 2075 5853 nus
2095 5836 2108 5862 ,
2137 5805 2260 5849 cum
2292 5784 2616 5858 proﬁtetur:
2660 5775 2790 5830 Eum
2814 5771 3020 5842 quidem
3062 5771 3116 5824 in
3139 5775 3342 5921 ἔρρυιο
3367 5775 3578 5830 verba,"
