4102 6360
630 269 704 332 rs
1885 261 2046 320 Vl'l'A
2085 255 2339 332 sanari
2377 253 2698 316 Annnosu
3301 229 3312 242 '
3863 261 3910 317 ιι

623 385 856 446 ueritatis
885 383 1020 442 recte
1045 381 1348 442 tractantem
1383 379 1520 436 omni
1545 379 1628 436 die
1653 375 1924 436 Dominico
1947 377 2220 432 audiebam
2249 379 2298 438 Α
2329 373 2672 442 pertraxerit.
2717 369 2986 440 Quocirca
3033 367 3078 424 si
3123 367 3319 424 festum
3367 369 3551 426 beata:
3593 367 3812 443 Agnetis
3855 390 3906 428 ιιι

625 478 767 550 (Lib.
819 495 870 536 vt
903 475 1086 548 Con{.,
1117 493 1234 547 cap.
1265 477 1342 546 '5).
1375 473 1480 530 Sed
1515 473 1674 528 verba
1705 473 1796 528 illa
1843 487 1952 528 non
2001 469 2104 524 nisi
2149 469 2218 526 de
2329 463 2442 522 kal.
2475 465 2802 522 Februarius
2839 461 3254 528 celi-brabatur,
3307 473 3368 518 ut
3411 479 3564 518 nunc
3597 465 3766 520 moris
3805 477 3900 530 est,

627 573 976 628 sermonibus
1008 585 1105 642 per
1135 569 1260 626 anni
1288 582 1506 624 cursum
1543 581 1612 622 ex
1641 565 1914 622 communi
1947 579 2100 620 more
2129 561 2224 616 ha—
2329 555 2470 610 haud
2503 557 2622 610 sine
2651 569 2814 608 causa
2845 553 3238 612 crediderimus
3263 554 3594 610 eorumdem
3625 571 3900 610 sermonum

629 665 751 722 beri
781 665 954 724 solitis
977 662 1290 736 accipienda
1319 671 1474 726 sunt;
1509 661 1561 716 in
1591 659 1744 716 restis
1785 657 2178 714 celebrioribus
2205 699 2222 726 ,
2327 649 2562 720 primum
2597 651 2698 702 hoc
2723 647 2844 718 ipso
2873 663 3020 702 anno
3041 647 3094 700 in
3123 647 3288 700 natali
3317 647 3462 714 illius
3491 649 3774 719 martyris.
3795 649 3898 704 alios

629 773 736 816 nec
779 774 886 816 non
937 760 990 814 in
1047 758 1237 814 diebus
1276 753 1730 812 extraordinariis
1769 751 2014 824 quotidie
2037 795 2052 820 ,
2117 753 2226 808 imo
2323 758 2456 798 vero
2487 743 2610 798 aliis
2643 741 2834 798 diebus
2861 757 2928 796 ex
2957 739 3244 796 intervallo
3269 739 3448 796 dictos
3479 739 3684 796 fuisse.
3707 739 3812 798 Hoc
3832 759 3900 796 au-

625 865 762 910 vero
789 850 1058 908 interdum
1081 851 1248 908 etiam
1279 850 1446 906 semel
1469 857 1524 904 et
1545 849 1742 902 iterum
1769 847 1956 902 eodem
1975 845 2064 900 die
2095 859 2222 914 sug-
2329 845 2438 892 tem
2467 837 2790 892 Ambrosius
2821 843 2968 890 tanta
2995 851 3119 892 cum
3145 833 3392 890 facundia
3424 845 3480 892 et
3510 843 3714 896 ornatu
3733 877 3748 902 ,
3775 835 3897 892 simul

623 953 834 1014 gestum
864 942 1288 1006 conscendebat,
1314 943 1458 998 sicut
1487 956 1514 994 a
1543 939 1700 1004 nobis
1731 939 1844 994 suis
1867 939 2001 996 locis
2031 939 2220 1002 obscr—
2327 943 2461 984 vero
2493 939 2640 984 tanta
2667 944 2790 984 cum
2819 927 3190 992 vehementia,
3219 937 3272 984 et
3291 926 3546 983 ellicncia
3579 927 3896 1000 persuadendi

621 1043 802 1092 vatum
823 1043 910 1092 est
931 1030 1758 1103 (Admon.ittlib.deMyst.eliu
1787 1031 1874 1086 lib.
1908 1027 2218 1100 Hostiam).
2324 1024 2614 1098 praestitit;
2647 1033 2706 1080 ut
2745 1033 2800 1078 ct
2831 1023 3054 1082 nimiam
3099 1021 3366 1078 orationis
3395 1023 3675 1078 luxuriem
3707 1021 3894 1094 ipsemet

693 1126 784 1183 20.
825 1127 1024 1184 Primis
1051 1141 1270 1197 quoque
1305 1125 1652 1180 Ambrosiam
1685 1125 2028 1195 episcopatus
2059 1123 2218 1180 annis
2324 1129 2646 1188 excusaret,
2673 1129 2726 1176 et
2754 1127 2955 1174 matres
2989 1134 3058 1174 ne
3087 1117 3214 1172 lilia:
3235 1133 3350 1174 sua:
3375 1117 3514 1172 tanti
3547 1116 3786 1172 doctoris
3811 1115 3892 1170 elo-
3956 1133 3957 1197 ᾖ

609 1236 930 1292 generosam
961 1221 1112 1276 illam
1143 1220 1452 1282 libertatem
1475 1259 1489 1284 ,
1515 1234 1676 1288 quam
1705 1215 1964 1274 sacerdos
2010 1215 2214 1272 Christi
2311 1201 2540 1284 quentia
2563 1226 2856 1282 persnasm,
2880 1209 3250 1282 virginitatem
3273 1207 3492 1264 Christo
3517 1215 3888 1268 consecrarent.

606 1314 872 1370 adversus
937 1313 1215 1383 principes
1271 1321 1661 1382 magnatcsque
1712 1310 1897 1364 saeculi
1948 1308 2214 1364 adhibere
2323 1317 2416 1360 eas
2441 1305 2492 1360 in
2525 1303 2772 1358 conclavi
2815 1301 3004 1358 sedulo
3051 1301 3294 1358 inclusas
3323 1300 3390 1356 ad
3421 1317 3552 1358 eum
3601 1301 3886 1360 audiendum

608 1409 1010 1474 constituerat,
1064 1417 1324 1476 expertus
1379 1417 1464 1464 est
1513 1405 1924 1462 Valentinianus
1965 1405 2212 1474 Magnus.
2323 1399 2376 1454 in
2411 1399 2716 1456 Ecclesium
2745 1399 2934 1456 venire
2955 1413 3066 1468 non
3097 1407 3436 1470 paterentur.

608 1498 828 1556 Etenim
859 1509 920 1553 ut
949 1499 1096 1556 illam
1123 1499 1523 1558 enarrationem
1567 1498 1936 1564 Theodoreti,
1969 1498 2056 1552 cui
2087 1513 2210 1552 eam
2393 1495 2486 1548 ‘25.
2531 1493 2756 1572 Ariani,
2807 1509 2930 1548 cum
2979 1507 3176 1550 novum
3219 1493 3540 1550 Antistitem
3575 1491 3768 1547 haeresi
3805 1504 3882 1544 sua

611 1587 910 1654 debemus,
937 1591 1118 1654 verbis
1149 1589 1280 1660 ipsis
1315 1599 1772 1660 repraesentemus
1817 1608 1830 1642 :
1861 1587 2054 1646 Paucis
2097 1599 2212 1662 post
2325 1587 2528 1644 bellum
2559 1587 2843 1656 indixisse,
2871 1603 2934 1644 ac
2967 1587 3170 1646 nullam
3197 1603 3224 1642 a
3255 1588 3432 1660 primo
3455 1587 3548 1644 die
3581 1597 3800 1656 accepta
3819 1601 3880 1640 or-

609 1683 790 1748 diehsts
817 1725 832 1750 ,
871 1684 1126 1740 nimirum
1155 1684 1223 1746 ab
1253 1683 1634 1750 ordinatione,
1683 1699 1800 1740 cum
1833 1684 2040 1738 divinus
2079 1683 2210 1740 Am-
2316 1680 2612 1738 dinationis
2659 1683 3004 1746 occasionem
3051 1696 3239 1736 eorum
3279 1681 3638 1754 Oppugnandi
3684 1689 3872 1750 przcter-

611 1776 818 1848 brosius
859 1779 1026 1838 multa
1075 1794 1192 1832 cum
1229 1777 1462 1838 libertate
1504 1779 1863 1850 imperatorem
1897 1777 2166 1848 alloquens
2191 1819 2208 1846 ,
2247 1768 2293 1842 Β
2321 1777 2542 1842 mittere
2573 1777 2990 1846 conspicerent;
3021 1783 3306 1846 cmperunt
3337 1775 3486 1830 serio
3529 1773 3678 1830 inter
3705 1788 3758 1828 se
3781 1787 3876 1827 cono

605 1869 860 1930 nonnulla
901 1869 1346 1938 reprehendisset,
1395 1887 1510 1944 qum
1555 1890 1588 1928 a
1633 1871 2019 1943 magistratibus
2059 1871 2206 1928 haud
2314 1869 2534 1936 sulere,
2567 1869 2766 1940 quibus
2821 1869 3091 1926 machinis
3143 1869 3464 1924 adversario
3515 1869 3754 1940 partibus
3793 1865 3874 1920 suis

603 1973 738 2020 recte
761 1966 904 2032 facta
923 1977 1033 2018 esse
1055 1962 1382 2030 videbantur,
1407 1965 1670 2034 respondit
1695 1966 1979 2036 imperator
2009 1980 2026 2018 :
2053 1961 2203 2020 Hanc
2315 1963 2610 2034 perniciem
2639 1961 2940 2032 proximam
2971 1960 3244 2016 minitanti
3297 1976 3422 2018 sese
3453 1969 3797 2032 Opponerent.
3819 1955 3870 2010 E0

605 2065 747 2120 suam
791 2055 1074 2116 libertatem
1099 2061 1216 2130 jam
1245 2058 1447 2128 pridem
1495 2059 1754 2130 cognitam
1793 2058 2076 2122 habebam;
2113 2057 2205 2112 sed
2312 2057 2530 2120 animo,
2577 2063 2638 2110 ut
2673 2054 2894 2126 quidam
2927 2053 3222 2124 prudenter
3249 2053 3607 2120 existimant,
3637 2051 3868 2118 Valentem

607 2147 726 2204 licet
755 2165 865 2204 eam
899 2148 1065 2234 probe
1091 2166 1292 2206 nossem
1317 2191 1331 2214 ,
1367 2167 1470 2204 non
1511 2150 1680 2208 solum
1711 2167 1814 2204 non
1861 2149 2156 2204 contradixi
2184 2191 2200 2216 ,
2311 2149 2596 2220 elegerunt
2625 2149 2826 2204 [ureris
2857 2149 2938 2204 sui
2971 2149 3276 2204 ministrum
3303 2147 3569 2204 idoneum
3597 2188 3614 2216 ,
3643 2146 3726 2216 qui
3753 2144 3867 2200 Pela-

593 2241 698 2298 imo
731 2259 992 2306 assensum
1039 2244 1234 2311 prazbui
1273 2242 1590 2296 ordinationi
1629 2251 1749 2302 tura.
1813 2239 2042 2300 Proinde
2111 2241 2206 2298 de-
2313 2243 2479 2298 vione
2503 2285 2518 2310 ,
2550 2241 2710 2312 cujus
2741 2245 3000 2298 thronum
3044 2241 3410 2310 episcopalem
3433 2282 3448 2308 ,
3483 2241 3660 2312 ejecto
3699 2238 3864 2300 Marco,

603 2334 737 2390 lictis
765 2336 1055 2398 animarum
1079 2347 1376 2390 nostrarum
1419 2335 1728 2392 medicinam
1765 2335 1952 2388 adhibe
1975 2373 1992 2404 ,
2021 2351 2202 2404 quem-
2313 2350 2411 2414 per
2435 2337 2541 2396 vim
2570 2343 2897 2404 occuparat,
2931 2334 3162 2404 turpiter
3183 2335 3452 2404 eXpulsus
3475 2379 3490 2402 ,
3539 2335 3590 2390 in
3620 2333 3802 2388 Italiam
3821 2324 3863 2380 ad

604 2429 886 2502 admodum
907 2430 1082 2484 divina
1139 2430 1224 2484 lea:
1284 2429 1518 2500 praecipit
1563 2428 1703 2500 (Lib.
1761 2443 1814 2486 IV
1859 2427 1994 2482 Hist.
2033 2429 2159 2486 εδει.
2185 2471 2202 2498 ,
2311 2429 2710 2502 perturbandas
2743 2429 2890 2486 illius
2921 2427 3196 2484 Ecclesiae
3223 2443 3284 2484 se
3317 2427 3650 2484 contulerat.
3679 2423 3772 2482 Sed
3803 2435 3860 2474 re-

607 2495 826 2600 ‘aF-ﬁi-
2047 2559 2066 2568 ο
2187 2495 2197 2498 -
2311 2495 2498 2596 pressa
2528 2531 2610 2578 est
2631 2523 2748 2592 ejus
2790 2521 3024 2584 amentia
3049 2520 3298 2578 Gratiani
3339 2522 3700 2586 auctoritate;
3727 2518 3854 2586 legent

676 2617 772 2674 21.
815 2616 914 2686 Hic
940 2615 1238 2686 imperator
1263 2631 1333 2670 xv
1359 2615 1472 2672 Ital.
1503 2615 1833 2678 Decembres
1859 2615 2004 2674 diem
2034 2613 2204 2686 obiit,
2309 2617 2452 2672 enim
2478 2615 2738 2680 adversus
2767 2615 2922 2670 illum
2945 2615 3013 2669 ab
3039 2613 3237 2672 eodem
3273 2615 3530 2692 principe
3559 2616 3718 2668 fuisse
3741 2611 3857 2664 latam

601 2709 806 2766 relictis
851 2709 1063 2770 duobus
1097 2707 1224 2766 lilils
1247 2749 1262 2776 ,
1296 2708 1562 2772 Gratiano
1607 2709 1820 2766 scilicet
1861 2723 1924 2764 ac
1949 2707 2198 2764 Valenti-
2309 2727 2376 2784 ex
2409 2711 2596 2780 primis
2625 2711 2810 2766 verbis
2835 2710 2928 2766 lib.
2957 2724 3014 2764 tv
3047 2710 3111 2764 de
3141 2707 3336 2772 llwret.
3371 2708 3652 2764 discamus
3679 2705 3799 2761 licet.

595 2801 762 2860 niano
794 2818 808 2854 :
843 2815 1076 2872 quorum
1109 2801 1204 2860 ille
1229 2801 1379 2872 prior
1397 2801 1510 2872 jam
1541 2799 1866 2870 impleverat
1893 2817 2094 2866 annum
2123 2817 2206 2864 ιε-
2380 2802 2472 2860 24.
2509 2803 2637 2872 (Αη.
2669 2801 2823 2872 577.)
2867 2801 2986 2870 Jam
3015 2815 3180 2872 supra
3218 2801 3568 2856 narravimus
3609 2813 3752 2870 quam
3786 2793 3854 2846 ille

601 2893 730 2948 tatis
753 2908 904 2956 xvn,
933 2901 990 2950 et
1017 2892 1107 2948 die
1151 2908 1204 2946 ιιι
1244 2889 1351 2948 kal.
1397 2893 1752 2962 Septembres
1783 2894 1910 2954 anni
1941 2893 2048 2948 567
2089 2893 2204 2949 Δυ-
2312 2897 2800 2954 Ambrosianorum
2849 2895 2918 2950 de
2961 2894 3272 2966 virginitate
3323 2909 3640 2950 sermonum
3685 2890 3854 2948 famast

593 2993 788 3054 gustus
831 2985 1006 3038 luerat
1043 2984 1346 3050 salutatus;
1392 2961 1806 3040 Valentinianus
1845 3000 1978 3040 vero
2017 2984 2196 3040 adhuc
2310 2987 2636 3050 dill‘udisset.
2681 2985 2810 3044 lude
2841 2961 3162 3042 laetum-est
3187 2993 3244 3040 ut
3271 2985 3520 3054 virgines
3559 2988 3852 3048 sacranti"!ll
3945 2961 3954 3054 ξ

593 3077 914 3147 quadrimus
955 3085 1112 3140 sexto
1154 3075 1242 3136 die
1291 3085 1410 3146 post
1459 3078 1668 3134 obitum
1703 3085 1986 3146 paternum
2023 3078 2196 3148 impe—
2310 3091 2540 3152 propter
2585 3079 2830 3148 locorum
2860 3078 3176 3148 distantiam
3216 3077 3339 3132 illas
3379 3076 3774 3144 adhortationes
3793 3081 3852 3120 alt-

590 3179 743 3226 rator
787 3170 1094 3238 declaratus
1143 3180 1247 3226 est.
1291 3169 1592 3242 Utrumque
1635 3169 1835 3226 borum
1881 3169 2191 3240 principum
2221 3165 2268 3238 ﬂ
2313 3173 2463 3228 ribus
2489 3171 2708 3226 haurire
2749 3185 2856 3226 non
2887 3179 3178 3242 poterant,
3213 3185 3307 3226 eas
3347 3171 3550 3226 saltem
3579 3167 3762 3224 chartis
3783 3171 3851 3213 tri-

592 3278 807 3332 semper
847 3263 1168 3322 Ambrosius
1222 3271 1410 3316 tenero
1452 3265 1686 3332 quodam
1735 3271 1790 3316 et
1839 3245 1972 3316 vere
2023 3261 2196 3332 patrio
2309 3265 2453 3320 ditas
2494 3265 2674 3334 legere
2701 3272 3081 3334 percuperent.
3122 3261 3233 3318 Nec
3269 3261 3520 3334 profecto
3547 3256 3780 3318 credibile
3797 3257 3851 3304 951

591 3369 778 3410 amore
803 3358 1118 3424 complexus
1151 3361 1265 3419 est,
1301 3369 1462 3424 quem
1488 3364 1542 3408 ct
1569 3354 1645 3410 illi
1675 3353 1918 3408 vicissim
1951 3355 2194 3423 parentis
2277 3357 2681 3414 ~Marcellinam
2731 3355 3004 3411 Ambrosii
3033 3370 3282 3420 sororem
3307 3396 3322 3422 ,
3353 3366 3407 3412 et
3429 3365 3562 3424 ante
3593 3353 3849 3410 multosan-

594 3447 804 3518 proprii
845 3448 968 3502 loco
1015 3461 1306 3516 numquam
1354 3461 1461 3502 non
1490 3447 1808 3510 coluerunt;
1855 3445 2000 3516 quod
2049 3445 2194 3516 enim
2306 3465 2408 3505 nos
2439 3448 2490 3504 id
2517 3450 2640 3502 vita:
2667 3463 2843 3520 genus
2865 3447 3082 3520 publice
3115 3447 3442 3518 professum,
3477 3449 3622 3514 ferre
3643 3441 3844 3518 potuisse,

593 3541 697 3596 sub
720 3539 950 3608 iunioris
973 3539 1200 3608 imperio
1227 3538 1570 3596 vexationem
1599 3539 1997 3594 atrocissimam
2027 3537 2195 3592 susti-
2299 3551 2357 3600 ut
2385 3544 2455 3598 ab
2485 3543 2591 3598 alia
2621 3544 2676 3600 in
2709 3545 2810 3600 hoc
2839 3545 3146 3618 expetendo
3173 3554 3603 3618 prtcverterctur
3633 3561 3644 3596 :
3670 3544 3842 3596 sanctos

596 3633 716 3694 nuit
751 3641 975 3698 sanctus
1007 3630 1345 3699 Episcopus,
1381 3629 1515 3696 idin
1551 3628 1790 3686 furorem
1819 3629 2090 3686 haeretica:
2117 3630 2198 3686 le-
2297 3645 2482 3704 autem
2545 3637 2748 3692 Praesul
2797 3623 3178 3694 lubentissime
3225 3639 3530 3716 obsecutus
3575 3646 3655 3700 est
3703 3639 3840 3688 eorum

586 3728 788 3792 mium,
816 3740 938 3796 quae
983 3723 1174 3794 puerili
1207 3724 1300 3778 lilii
1341 3730 1502 3790 mtate
1537 3723 1866 3779 abutebatur
1901 3721 2080 3793 (Orat.
2133 3723 2196 3780 de

593 3818 734 3876 Obit.
769 3816 980 3888 Valeo.)
1005 3860 1019 3884 ,
1047 3815 1408 3888 reﬁciendum
1437 3823 1546 3872 est.

665 3913 756 3968 22.
788 3912 925 3984 (An.
976 3910 1140 3982 576.)
1171 3910 1684 3980 Quantumcmuque
1727 3923 1890 3982 porro
1937 3908 2196 3980 qumlibet

585 4005 712 4070 vita}
754 4005 890 4060 ratio
933 4004 1089 4060 beato
1121 4003 1344 4058 Prtesnli
1377 4017 1522 4056 cura:
1555 4001 1718 4058 luerit
1745 4043 1760 4068 ,
1793 4000 2002 4056 nullum
2039 4001 2196 4056 insti-

586 4104 760 4152 tutum
798 4093 1178 4158 sollicitudinis
1219 4109 1332 4150 sum
1362 4093 1643 4148 laboribus
1685 4093 1734 4148 ei
1771 4108 2038 4162 umquam
2073 4093 2193 4164 dig-

586 4187 710 4244 nius
731 4187 905 4250 visum
933 4196 1050 4251 εει,
1078 4202 1236 4256 quam
1258 4186 1583 4256 virgineum.
1625 4185 1744 4241 Jam
1777 4189 1902 4242 inde
1929 4188 1996 4244 ab
2023 4187 2184 4242 initio

588 4280 934 4349 episcopatus
957 4277 1364 4344 lucubrationes
1407 4292 1533 4332 suas
1576 4277 1782 4332 domini
1829 4279 1910 4330 sui
1963 4279 2188 4349 sponsis

589 4371 922 4434 devotandas
976 4371 1212 4441 putavit;
1260 4385 1384 4424 cum
1445 4385 1551 4426 non
1605 4369 1812 4440 tardius
1867 4369 1973 4428 hoc
2049 4387 2191 4428 anno

584 4465 808 4522 ineunte
831 4464 898 4519 ad
927 4479 1020 4520 eas
1043 4463 1210 4518 habiti
1235 4463 1523 4518 videantur
1550 4463 1938 4534 elegantissimi
1969 4465 2044 4520 illi
2073 4479 2190 4522 scr-

2301 3733 2476 3796 vmis;
2509 3733 2648 3802 quod
2673 3734 2792 3806 ipse
2820 3733 3112 3788 inanilesto
3141 3734 3210 3790 de
3241 3749 3300 3792 se
3327 3743 3578 3802 testatur,
3607 3733 3683 3790 his
3707 3722 3839 3784 verbis

2297 3825 2532 3898 loquens
2564 3845 2576 3882 :
2609 3828 2934 3898 Rogantibus
2959 3831 3244 3901 virginibus
3265 3847 3328 3886 ne
3369 3833 3470 3888 hoc
3497 3831 3688 3906 quidem
3715 3811 3840 3896 putati

2299 3919 2593 3990 negandum
2617 3920 2758 3992 (Lib.
2783 3922 2846 3975 de
2881 3921 3055 3993 Virg.,
3083 3939 3201 3992 cap.
3239 3923 3314 3995 l).
3351 3923 3450 3980 llla
3492 3924 3558 3980 de
3583 3931 3728 3980 causa
3752 3921 3834 3966 εοδ·

2299 4011 2420 4066 (Ιειη
2449 4026 2730 4070 sermones
2757 4013 2810 4070 in
2845 4024 2954 4070 tres
2995 4015 3163 4072 libros
3189 4015 3259 4072 de
3285 4017 3593 4088 Virginibus
3621 4014 3663 4068 is
3699 4015 3833 4064 trans-

2293 4100 2545 4158 formavit
2569 4105 2797 4160 nondum
2825 4107 3100 4162 triennalis
3131 4109 3375 4172 sacerdos
3399 4149 3418 4175 ,
3448 4117 3510 4176 ut
3542 4105 3649 4178 jam
3685 4099 3835 4156 dictum

2297 4207 2398 4252 est.
2430 4197 2757 4256 blarccllince
2783 4201 2956 4256 sorori
2987 4200 3087 4256 hoc
3109 4201 3249 4258 idem
3275 4201 3425 4276 qus
3463 4201 3754 4268 inscriptum
3775 4197 3834 4242 ιον

2297 4290 2424 4354 luit,
2453 4289 2506 4344 in
2538 4307 2644 4360 quo
2673 4300 2728 4352 et
2765 4293 3067 4354 orationem
3113 4294 3264 4352 illam
3291 4295 3478 4352 retulit
3529 4291 3766 4370 (Admota.
3799 4277 3833 4330 in

2295 4379 2385 4435 lib.
2433 4381 2495 4436 de
2533 4381 2743 4456 γίνῃ),
2787 4400 2948 4456 quam
2982 4385 3110 4442 dum
3163 4386 3238 4442 illi
3284 4382 3678 4450 sanctimoniali
3701 4374 3830 4432 velum

2295 4473 2638 4544 imponeret,
2677 4478 2865 4532 habuit
2897 4477 3172 4536 Liberius.

587 4545 820 4621 mones,
867 4573 932 4612 ex
980 4557 1177 4626 quibus
1223 4539 1350 4612 libri
1401 4557 1464 4618 de
1513 4555 1813 4626 Virginibus
1867 4559 2179 4628 eoneinnati
2211 4559 2268 4636 ξ
2365 4539 2457 4626 ΞΒ.
2501 4539 2714 4626 Non’ila
2745 4573 2915 4628 multo
2937 4582 3058 4644 post
3087 4573 3281 4628 librum
3313 4575 3377 4630 de
3408 4565 3832 4639 V'iduiszdmou.

583 4660 729 4716 sunt.
763 4649 1009 4717 Quantus
1052 4657 1230 4704 autem
1261 4647 1454 4702 horum
1481 4662 1606 4702 cum
1639 4649 1976 4716 pronuntiati
2007 4659 2137 4710 sunt
2167 4691 2182 4718 ,

585 4739 795 4798 fructus
817 4738 1086 4810 eruperit,
1118 4754 1181 4794 ex
1209 4753 1276 4794 eo
1309 4739 1440 4794 satis
1468 4739 1652 4810 colligi
1683 4739 1872 4807 datur,
1911 4741 2056 4810 quod
2109 4743 2188 4814 vir

585 4833 788 4901 alioqui
819 4831 1252 4898 modesli~sitnus
1284 4833 1430 4886 illum
1459 4847 1710 4902 premere
1737 4849 1844 4888 non
1891 4835 2130 4904 potuerit
2169 4855 2184 4892 :

583 4926 662 4982 De
697 4927 1018 4990 Placentino,
1055 4925 1254 4994 inquit,
1286 4927 1554 4980 sacranda:
1578 4929 1797 4998 uirgines
1839 4932 2051 4986 veniunt
2075 4972 2088 4992 ,
2123 4930 2188 4986 de

579 5019 896 5084 Bononiensi
925 5019 1159 5084 ueniunt,
1185 5018 1248 5070 de
1280 5016 1602 5086 Mauritania
1635 5020 1842 5076 veniunt
1864 5063 1880 5088 ,
1912 5031 1966 5078 ut
1991 5021 2078 5078 hic
2105 5039 2186 5078 ve-

579 5113 758 5184 lentur
789 5110 928 5182 (Lib.
957 5111 1019 5164 αθ
1051 5108 1225 5182 Yirg.,
1252 5127 1298 5164 c.
1335 5111 1402 5166 10
1431 5150 1446 5176 ,
1476 5127 1617 5182 nam.
1649 5112 1762 5181 57).
1797 5113 1926 5182 Quae
1965 5115 2183 5186 quidem

585 5210 748 5266 verba
779 5217 993 5278 tempus
1036 5203 1196 5276 ctiun
1227 5221 1332 5274 quo
1361 5204 1438 5258 illi
1463 5219 1745 5270 sermones
1774 5207 1942 5288 habiti
1987 5209 2140 5268 fuere
2167 5254 2182 5278 ,

581 5304 713 5359 satis
735 5303 998 5372 inquom;
1029 5315 1150 5370 cum
1185 5301 1330 5354 cnim
1361 5299 1682 5360 Ambrosius
1711 5301 1980 5360 triennalia
2013 5323 2186 5360 sacer-

579 5395 876 5468 das(lbid.,
903 5393 993 5450 lib.
1026 5409 1104 5458 IV,
1138 5409 1254 5460 cap.
1287 5391 1342 5458 6,
1376 5409 1427 5448 η.
1459 5393 1550 5461 59)
1578 5393 1799 5450 eosdem
1827 5397 2105 5466 redegerit
2128 5400 2178 5453 in

577 5489 838 5544 librorum
871 5489 1102 5544 formam
1131 5529 1144 5552 ,
1181 5486 1307 5541 hinc
1352 5486 1624 5556 intelligas
1669 5489 1828 5542 nnins
1855 5531 1870 5554 ,
1921 5499 1977 5544 ut
2017 5491 2178 5546 mini-

575 5598 746 5648 mum,
775 5582 900 5636 anni
929 5582 1104 5650 spatio
1125 5580 1293 5636 luisse
1321 5595 1477 5650 opus,
1511 5591 1568 5634 ut
1593 5581 1812 5648 illarum
1842 5586 2174 5643 concinnum

569 5673 714 5730 fama
745 5673 798 5729 in
832 5674 948 5730 loca
975 5683 1083 5740 tam
1112 5673 1326 5738 dissita,
1369 5681 1426 5730 et
1447 5673 1684 5732 maxime
1713 5675 1765 5730 in
1793 5675 2170 5736 Mauritaniam

567 5783 740 5842 usque
768 5767 1095 5846 pervadens,
1122 5768 1378 5838 velandas
1398 5767 1640 5840 virgines
1660 5768 2024 5844 Mediolanum
2047 5773 2172 5830 inde

2297 4661 2348 4716 in
2379 4662 2468 4716 lib.
2501 4663 2563 4718 de
2602 4662 2812 4734 Viduis)
2841 4705 2856 4730 ,
2903 4665 2992 4735 qui
3021 4665 3274 4722 similiter
3319 4675 3532 4724 constat
3570 4645 3832 4720 esermolli‘

2299 4757 2418 4823 bus,
2445 4758 2496 4814 in
2531 4757 2722 4827 vulgus
2753 4759 2944 4814 edidit.
2973 4759 3262 4816 Vidunrum
3287 4760 3699 4818 Christianarum
3723 4755 3832 4800 com'

2303 4849 2461 4904 moda
2493 4859 2544 4904 et
2567 4849 2760 4906 merita
2793 4850 2901 4906 illic
2949 4852 3234 4922 praedicnt,
3261 4867 3361 4908 nec
3389 4868 3496 4908 non
3545 4856 3710 4906 earum
3737 4846 3828 4890 con‘

2302 4943 2563 5000 ditionem
2598 4945 2840 5014 proxime
2869 4945 3142 5002 accedere
3187 4945 3254 5014 ad
3299 4944 3607 5016 virginalem
3637 4925 3830 5006 apposiie

2297 5035 2508 5106 prohat.
2557 5035 2794 5092 Dederat
2849 5045 3030 5092 autem
3081 5038 3256 5094 eidem
3302 5038 3493 5108 opella:
3541 5027 3826 5090 occasionem

2295 5127 2540 5196 quaedam
2575 5126 2732 5182 vidua
2758 5168 2774 5194 ,
2808 5143 2928 5198 quae
2973 5143 3098 5184 cum
3132 5129 3362 5188 haberet
3401 5146 3468 5186 ex
3498 5126 3696 5192 ﬁliabus
3726 5111 3827 5168 alias

2293 5230 2512 5290 nuptas,
2542 5219 2678 5284 alias
2707 5235 2836 5274 vero
2865 5221 3062 5290 nuptiis
3091 5231 3355 5290 maturas,
3385 5237 3508 5280 eum
3533 5205 3825 5290 consuluerat

2294 5325 2360 5366 an
2405 5309 2472 5366 ad
2503 5312 2798 5366 secundum
2837 5287 3144 5384 coniugium
3173 5287 3408 5372 transire
3433 5314 3532 5370 sibi
3561 5287 3826 5378 expedire”

2307 5461 2310 5464 Α
2363 5405 2454 5460 ‘26.
2497 5405 2634 5460 l-luic
2675 5407 2773 5476 ipsi
2819 5408 3050 5476 tempori
3081 5408 3280 5464 librum
3325 5410 3388 5464 de
3425 5406 3581 5464 Tobia
3618 5395 3709 5454 etsi
3743 5395 3823 5444 n0ll

2286 5501 2616 5570 argumentis
2649 5503 3002 5578 necessariis,
3033 5504 3409 5572 probabilibus
3457 5511 3625 5564 tame.n
3651 5483 3824 5554 conjec'

2283 5596 2418 5650 turis
2445 5595 2788 5654 attribnimus
2813 5591 3060 5668 (Admoti;
3089 5599 3142 5654 in
3171 5599 3263 5654 lib.
3292 5602 3353 5658 de
3379 5597 3574 5667 Tobia).
3597 5591 3664 5664 Ex
3687 5581 3821 5676 histor

2278 5685 2360 5744 ria
2407 5686 2596 5744 Tobiae
2625 5690 2693 5746 ab
2725 5706 2898 5764 eoque
2949 5701 3137 5758 mutuo
3187 5693 3328 5760 datae
3377 5688 3575 5750 Gabelo
3620 5674 3820 5764 9mm

2276 5792 2463 5838 ansam
2498 5781 2782 5856 arripiens,
2819 5763 2884 5842 in
2927 5799 3146 5844 usuram
3179 5783 3410 5858 insurgit
3452 5797 3513 5848 ea
3545 5763 3819 5854 ιεωρβδιθίθ
