4102 6360
160 299 248 360 77

1067 298 1164 358 EX
1201 296 1368 358 EJUS
1405 289 1814 360 POTISSIMUM
1855 288 2160 356 SCRIPTIS
2194 293 2579 356 COLLECTA.
3403 299 3474 361 73

164 417 485 475 immaniter
531 423 866 492 grassantem
894 457 907 482 ,
957 433 1116 492 quam
1158 415 1421 489 ejusmodi
1485 419 1768 472 rationum
1798 407 1851 470 Δ
1879 416 2155 481 lraverint,
2179 416 2634 489 quemadmodum
2662 423 2854 472 cuncta
2883 418 3203 486 miscuerint
3221 419 3465 476 caedibus

163 512 472 567 momentis
517 512 794 584 impugnat
835 519 888 568 et
915 511 1193 583 proﬂigat,
1222 510 1288 565 ad
1333 525 1452 581 quae
1493 509 1772 566 memoria:

166 614 384 659 nosine
416 603 664 659 homines
693 604 857 660 vitam
896 618 1224 674 componere
1255 602 1548 672 Optatnlum
1601 609 1770 655 esset.

259 695 348 748 27.
393 695 521 767 (An.
571 694 727 768 578.)
757 696 856 764 Qui
885 695 1130 751 libellum
1157 695 1220 749 de
1265 693 1573 764 Virgittitate
1605 692 1773 761 paulo

169 790 444 845 attentius
473 789 899 854 examinaverit,
945 788 1078 844 nihil
1125 785 1271 843 aliud
1311 802 1435 842 esse
1475 785 1778 855 comperiet

172 897 347 952 quam
373 881 834 938 continuationem
865 881 985 936 libri
1015 882 1078 934 de
1108 879 1290 934 Viduis
1322 877 1566 950 (Admon.
1599 879 1652 932 in
1683 877 1774 932 lib.

175 978 252 1031 de
290 977 486 1050 Virg),
511 987 742 1048 eumque
768 976 1021 1032 similiter
1043 974 1400 1045 compositum
1426 989 1547 1029 esse
1569 988 1634 1028 ex
1665 987 1780 1027 ser-

178 1069 462 1137 monibus,
490 1084 625 1140 quos
655 1079 710 1126 u-t
731 1080 1060 1124 commotam
1091 1077 1402 1124 memoratm
1427 1065 1598 1119 vidua:
1627 1078 1782 1118 men—

181 1171 299 1216 tem
325 1161 582 1234 placaret,
607 1162 935 1233 composuit.
967 1161 1165 1217 Verum
1192 1160 1500 1232 priusquam
1530 1156 1780 1212 eamdem

175 1253 405 1308 viduam
433 1252 819 1324 alloqueretur,
854 1252 968 1309 fuse
1005 1252 1244 1325 disputat
1285 1251 1353 1307 de
1398 1250 1644 1306 instituto
1676 1248 1785 1302 vir-

177 1345 434 1418 ginitatis
461 1388 475 1414 ,
508 1346 748 1414 illudque
780 1363 869 1412 nec
915 1347 1209 1415 improbum
1238 1361 1386 1413 esse,
1424 1361 1515 1398 nec
1561 1358 1780 1408 novum,

179 1458 284 1498 nec
315 1441 491 1503 inutile
517 1439 846 1512 argumentis
872 1440 1070 1495 evincit
1091 1437 1194 1511 (De
1228 1437 1375 1512 Virg.
1400 1454 1515 1507 cap.
1546 1435 1599 1502 6,
1629 1453 1682 1489 η.
1705 1433 1776 1488 27

183 1545 239 1591 et
269 1535 422 1608 δρψ).
455 1533 523 1589 Et
550 1534 649 1589 hac
683 1535 892 1588 ratione
923 1541 1030 1588 tam
1060 1530 1129 1588 de
1155 1531 1451 1604 virginibus
1474 1573 1487 1594 ,
1521 1544 1681 1602 quam
1713 1526 1780 1583 de

184 1627 376 1684 viduis
407 1628 516 1682 illic
537 1627 734 1702 agitur,
766 1627 999 1681 maxime
1023 1641 1153 1681 vero
1179 1625 1245 1680 de
1278 1624 1362 1680 his
1391 1622 1612 1677 ultimis.
1649 1620 1782 1676 Cum

188 1732 383 1778 autem
412 1721 548 1776 liber
575 1721 639 1776 de
673 1719 851 1784 Viduis
877 1719 1084 1776 absolvi
1115 1719 1217 1775 nisi
1251 1728 1491 1774 vertente
1518 1729 1662 1771 anno
1686 1731 1782 1770 su—

1874 521 2033 580 atque
2058 512 2344 581 incendiis,
2373 522 2627 584 quantum
2655 512 2888 584 denique
2908 517 3242 584 captivorum
3266 531 3456 572 nume-

1876 618 1994 658 rum
2023 601 2369 670 abduxerint,
2395 620 2531 674 quos
2557 607 2816 674 pecudum
2847 623 2995 663 more
3022 609 3222 678 passim
3248 609 3472 664 venales

1879 695 2238 764 exponebant.
2277 695 2418 752 Nota
2445 709 2561 752 sunt
2589 699 2696 754 haec
2721 701 2895 769 nimis,
2927 700 3100 770 inquit
3126 701 3471 769 Ambrosius,

1881 786 2082 860 Illyrici
2122 791 2358 846 vastitate
2401 800 2449 846 et
2495 791 2734 852 Thracia:
2763 813 2781 850 :
2825 797 3004 866 quanti
3046 795 3232 868 ubique
3279 799 3483 856 venales

1879 889 2025 936 erant
2052 889 2156 937 toto
2212 882 2400 951 captivi
2440 883 2559 936 orbe
2588 882 2741 955 (Lib.
2769 901 2806 940 tt
2849 885 3014 957 0/ﬁc.,
3055 905 3168 962 cap.
3202 890 3267 946 15
3287 931 3304 958 ,
3333 907 3478 946 num.

1884 975 2008 1046 70).
2045 976 2124 1038 Ex
2171 974 2254 1034 bis
2281 976 2592 1046 complures
2623 977 2933 1047 redemptos
2974 996 3096 1037 esse
3120 982 3188 1036 ab
3221 983 3481 1040 Ecclesiis

1884 1071 2025 1134 idem
2056 1070 2358 1142 significat:
2400 1069 2496 1126 sed
2540 1070 2659 1141 ipse
2692 1072 2937 1128 omnium
2967 1074 3287 1132 charitatem
3320 1090 3484 1145 supe-

1893 1165 2031 1220 ravit
2062 1163 2116 1220 in
2145 1165 2247 1220 hoc
2277 1163 2479 1229 officio,
2509 1166 2709 1235 quippe
2732 1165 2821 1234 qui
2852 1182 2957 1220 non
2987 1173 3247 1236 pecunias
3276 1178 3483 1225 tantum
3541 1210 3544 1213 -

1889 1257 1941 1314 in
1973 1256 2404 1328 redemptionem
2436 1258 2581 1314 illam
2615 1257 2806 1312 lubens
2840 1257 3192 1329 impenderit,
3239 1261 3334 1317 sed
3374 1263 3489 1334 ipsa

1888 1368 2104 1425 quoque
2130 1353 2390 1410 Ecclesiae
2417 1369 2545 1410 vasa
2573 1355 2976 1419 comminuerit.
3004 1356 3338 1428 flaveritque.
3370 1359 3489 1427 Qua

1889 1445 2106 1516 quidem
2137 1447 2189 1502 in
2219 1462 2277 1502 re
2301 1461 2425 1502 eum
2454 1448 2630 1518 primo
2665 1447 2894 1506 servatis
2924 1447 3134 1520 legibus
3165 1451 3491 1521 prudentiae,

1890 1556 2018 1598 vasa
2049 1557 2158 1597 non
2187 1542 2395 1598 initiata
2422 1542 2819 1614 confregisset,
2863 1545 3206 1614 postmodum
3238 1555 3416 1602 tamen
3444 1545 3492 1600 si

1894 1634 1980 1690 illa
2010 1650 2118 1690 non
2144 1635 2449 1704 potuissent
2481 1635 2753 1702 sulficere,
2787 1637 2950 1694 etiam
2981 1637 3206 1693 initiatis
3229 1651 3336 1692 non
3369 1651 3490 1706 par—

1897 1727 2128 1790 cendum
2153 1744 2274 1785 esse
2298 1729 2682 1788 arbitrabatur.
2708 1729 3140 1787 Pulcherrimum
3161 1732 3288 1788 illud
3308 1747 3494 1788 exem-

190 1815 416 1888 periore
462 1830 566 1882 non
601 1812 866 1885 poluerit.
910 1812 1037 1869 hinc
1084 1812 1307 1876 eVidehS
1337 1822 1419 1867 εει
1441 1827 1564 1890 eum
1596 1810 1791 1866 librum
1824 1790 1874 1854 Β
1901 1823 2046 1893 plum
2071 1832 2255 1892 postea
2273 1822 3045 1892 sanctusAugustinusaliique
3060 1823 3496 1893 praestantissimi

191 1909 392 1981 dequo
421 1909 624 1981 agimus
644 1949 659 1977 ,
687 1905 962 1964 conscribi
988 1915 1113 1962 ante
1143 1907 1288 1962 hunc
1327 1921 1527 1962 annum
1561 1902 1667 1961 non
1698 1919 1795 1977 po-

190 2001 388 2056 tuisse.

268 2093 360 2149 9.8.
399 2093 608 2150 Interea
633 2093 761 2150 dum
807 2093 1118 2150 Ambrosius
1169 2103 1276 2149 tam
1328 2093 1566 2151 feliciter
1595 2093 1791 2150 lnoresi

193 2185 534 2254 debellanda:
560 2229 572 2253 ,
606 2187 750 2242 vitiis
779 2185 1164 2254 exstirpandis,
1193 2201 1256 2242 ac
1284 2187 1590 2244 inserendis
1616 2187 1788 2242 virtu-

200 2279 348 2334 tibus
377 2293 593 2349 Operam
629 2281 875 2346 navabat,
899 2279 1100 2336 Valens
1126 2280 1444 2352 imperator,
1475 2282 1569 2353 qui
1600 2281 1791 2338 catho-

200 2375 342 2432 licos
373 2377 661 2434 afﬂictabat
710 2389 814 2436 tam
857 2381 1150 2446 atrociter,
1201 2383 1467 2439 maximas
1516 2397 1548 2440 a
1599 2379 1791 2438 Gothis

199 2470 386 2526 clades
417 2471 652 2540 pertulit.
691 2471 890 2528 Contra
920 2490 1049 2528 vero
1077 2473 1369 2532 Gratianus
1393 2474 1509 2546 ejus
1536 2489 1602 2530 ex
1627 2472 1795 2530 fratre

201 2579 399 2632 nepos,
428 2573 593 2619 recta:
633 2564 758 2621 fidei
790 2566 1053 2622 beneficio
1084 2567 1281 2638 ubique
1323 2566 1710 2636 triumphabat.
1741 2563 1794 2619 ls

202 2655 367 2725 igitur
391 2665 669 2728 comperto
698 2657 871 2728 patrui
903 2658 1176 2729 periculo,
1215 2660 1266 2712 in
1298 2657 1574 2714 Orientem
1617 2657 1794 2713 eidem

203 2747 419 2814 laturus
455 2750 709 2807 auxilium
732 2794 746 2819 ,
779 2755 1008 2809 transire
1049 2755 1350 2810 constituit.
1397 2755 1583 2827 Itaque
1614 2764 1670 2808 ut
1709 2752 1804 2807 ad-

205 2857 404 2898 versus
449 2845 692 2900 adeunda
739 2848 973 2918 pericula
1028 2849 1318 2920 potentiori
1371 2849 1627 2920 praesidio
1657 2863 1806 2903 com-

209 2935 449 2990 muniret
475 2951 554 3003 se,
582 2946 674 2992 aut
702 2940 984 3008 superiore
1009 2955 1151 2995 anno
1183 2952 1438 3007 exeunte,
1469 2951 1560 2996 aut
1588 2941 1804 2995 ineunte

209 3030 471 3098 pra~senti
499 3032 707 3101 rogavit
725 3033 1068 3088 Ambrosium
1091 3043 1149 3086 ut
1172 3033 1274 3088 sibi
1295 3035 1809 3088 commentationem

209 3119 462 3192 (Admon.
506 3123 559 3178 in
601 3123 690 3178 lib.
737 3124 799 3178 de
844 3123 1062 3197 Fide),
1100 3140 1205 3195 qua
1254 3124 1372 3179 Filii
1415 3125 1510 3178 Dei
1558 3123 1812 3179 divinitas

208 3222 574 3280 astruerctur,
611 3215 950 3281 lucubraret;
993 3232 1100 3287 quo
1129 3216 1333 3270 scilicet
1374 3217 1625 3288 regiones
1655 3214 1813 3269 Aria-

207 3322 410 3370 norum
448 3309 774 3378 contagione
805 3307 1030 3370 infectas
1060 3308 1306 3364 aditurus
1327 3349 1341 3374 ,
1371 3308 1812 3379 alexipharmaco

210 3415 322 3455 non
372 3400 696 3469 privaretur.
744 3400 1061 3458 Ambrosius
1106 3404 1319 3458 tametsi
1363 3405 1532 3474 magis
1570 3411 1814 3471 Optasset

211 3495 524 3549 cohortandi
552 3495 621 3548 ad
645 3495 798 3565 [idem
825 3495 992 3558 subire
1013 3496 1245 3568 ofﬁcium
1264 3537 1278 3563 ,
1307 3513 1460 3564 quam
1486 3495 1550 3549 de
1577 3496 1680 3566 [ide
1708 3495 1816 3549 dis-

214 3588 453 3655 ceptandi
485 3586 632 3659 (Lib.
662 3604 680 3642 ι
719 3589 783 3643 de
806 3586 969 3655 Fide,
1001 3605 1117 3662 cap.
1143 3589 1176 3644 6
1196 3630 1211 3656 ,
1240 3606 1379 3644 num.
1410 3592 1442 3644 4
1463 3587 1484 3662 )
1508 3631 1522 3653 ,
1557 3589 1814 3660 principis

214 3682 360 3736 votis
384 3695 559 3736 tamen
583 3682 987 3752 obtemperans,
1018 3683 1227 3753 priores
1245 3682 1380 3737 duos
1403 3683 1571 3738 libros
1593 3681 1656 3736 de
1680 3681 1816 3737 Fide

217 3774 286 3830 ad
316 3774 470 3829 illum
507 3775 674 3830 misit.
705 3777 824 3844 Quo
854 3777 1028 3842 facto,
1059 3792 1212 3832 suam
1245 3792 1462 3831 omnem
1492 3778 1817 3834 sollicitudi-

218 3883 344 3923 nem
375 3883 440 3923 eo
469 3868 766 3930 convertit.
819 3879 874 3923 ut
918 3868 1051 3924 fusis
1094 3869 1157 3924 ad
1206 3869 1495 3924 Dominum
1544 3871 1816 3926 continuis

221 3959 554 4030 fervidisque
599 3962 848 4030 precibus
891 3961 1066 4026 eidem
1113 3961 1340 4032 principi
1391 3961 1603 4017 fcliccm
1645 3963 1818 4032 impe-

227 4062 393 4108 traret
451 4053 892 4123 expeditionem;
951 4053 1407 4124 quemadmodum
1480 4054 1532 4112 in
1588 4056 1817 4127 epistola

227 4164 390 4219 snper
427 4148 546 4219 ejus
593 4147 768 4204 reditu
797 4147 862 4202 ad
905 4147 1054 4204 illum
1103 4148 1224 4204 data
1277 4149 1392 4220 ipse
1423 4157 1681 4217 testatur,
1730 4149 1818 4203 his

226 4242 408 4299 verbis
454 4240 742 4296 scribens:
792 4239 961 4296 Tuum
1009 4225 1364 4314 quotidianum
1409 4240 1507 4304 iter
1560 4240 1820 4313 legebant,

231 4346 373 4392 nocte
397 4352 458 4390 ac
484 4336 566 4388 die
593 4337 643 4389 in
670 4336 770 4390 tuis
793 4336 975 4392 castris
1003 4352 1127 4390 cura
1148 4344 1194 4389 et
1217 4351 1366 4389 sensu
1389 4335 1605 4397 locatus,
1631 4335 1815 4389 oratio-

233 4445 356 4484 num
384 4429 606 4484 excubiis
631 4428 1038 4502 prwtendebam;
1066 4429 1160 4483 etsi
1187 4429 1444 4486 invalidus
1481 4428 1663 4482 merito
1683 4469 1696 4494 ,
1733 4426 1826 4482 sed

235 4522 422 4592 a/fectu
445 4523 651 4578 sedulus
691 4522 886 4594 (Epist.
913 4524 966 4590 1,
991 4540 1135 4578 num.
1168 4523 1246 4594 1).

306 4617 395 4672 29.
438 4615 638 4672 Valens
663 4626 844 4672 autem
891 4630 1013 4672 cum
1055 4615 1336 4672 didicisset
1381 4615 1678 4672 secundum
1725 4614 1829 4670 Da-

238 4709 382 4778 nubii
411 4708 559 4779 ripas
587 4707 899 4764 Gratianum
929 4707 996 4763 ad
1035 4722 1094 4764 se
1121 4722 1443 4777 properare;
1477 4722 1544 4763 ne
1570 4707 1825 4777 juvenem

239 4803 388 4868 illum
437 4802 731 4872 principem
781 4802 937 4872 cujus
985 4801 1173 4856 virtuti
1225 4801 1458 4858 maxime
1510 4801 1824 4866 invidebat,

241 4897 441 4954 socium
485 4897 722 4952 victoriae
766 4895 1022 4962 haberet,
1075 4895 1353 4951 festinavit
1399 4896 1825 4952 funeStissimnm

242 4988 372 5044 illud
403 4989 740 5045 committere
765 4989 1010 5062 praelium
1031 5030 1046 5054 ,
1075 4988 1130 5044 in
1157 5004 1263 5057 quo
1290 5005 1394 5046 una
1423 5004 1544 5046 cum
1577 4990 1830 5042 omnibus

246 5082 518 5146 orientalis
563 5083 770 5152 imperii
808 5084 1014 5140 viribus
1045 5083 1355 5155 profligatus
1392 5092 1507 5149 est,
1548 5084 1663 5153 ipse
1704 5097 1836 5138 vero

245 5177 297 5236 in
336 5179 536 5249 agresti
576 5179 841 5250 tuguriolo
880 5177 968 5235 die
995 5194 1046 5235 tv
1081 5178 1191 5248 kal.
1221 5178 1448 5252 Augusti
1479 5177 1632 5233 vivus
1679 5191 1832 5233 com-

243 5271 450 5326 bustus.

315 5363 661 5422 {id-Barbari
694 5365 746 5420 in
774 5364 968 5438 quibus
1011 5373 1167 5434 erant
1212 5365 1474 5432 Taifales,
1509 5380 1631 5437 qute
1677 5363 1828 5420 natio

249 5471 355 5531 pra:
380 5457 592 5512 cmteris
618 5457 738 5512 aliis
764 5457 1110 5528 impudicitiae
1139 5458 1454 5529 turpitudini
1487 5457 1834 5528 mancipaba-

251 5562 355 5620 tur.
386 5554 466 5608 usi
512 5553 730 5608 victoria
775 5555 826 5608 in
860 5552 1120 5622 plurimas
1147 5553 1356 5622 imperii
1391 5551 1700 5622 provincias
1723 5564 1838 5604 ma—

251 5646 498 5718 ximeque
540 5646 592 5700 in
637 5643 920 5702 Thraciam
946 5657 999 5699 et
1047 5643 1282 5717 lllyriam
1331 5644 1466 5702 facta
1511 5643 1838 5716 irruptione,

252 5755 418 5812 usque
448 5739 515 5802 ad
563 5739 771 5800 radices
816 5738 1030 5805 Alpium
1058 5737 1392 5795 Julianarutn
1421 5739 1601 5793 omnia
1647 5753 1844 5812 perva-

254 5842 483 5890 starunt.
516 5831 784 5906 Explicari
815 5846 924 5890 non
960 5840 1136 5906 potest
1174 5841 1374 5904 quanta
1396 5830 1625 5888 crimina
1651 5846 1846 5903 perpe-

1899 1914 2188 1971 Antistites
2225 1930 2348 1972 cum
2393 1914 2555 1970 laude
2586 1923 2696 1970 tum
2740 1914 3040 1970 imitatione
3083 1917 3492 1987 approbavere:

1900 2006 1995 2064 sed
2041 2007 2232 2064 Ariani
2267 2022 2300 2063 θ
2343 2007 2622 2066 contrario
2662 2007 3038 2077 gravissimam
3071 2009 3195 2066 hinc
3241 2009 3498 2066 invidiam

1901 2101 2033 2157 Viro
2063 2111 2253 2156 sancto
2294 2117 2482 2158 creare
2506 2102 2689 2158 conati
2718 2113 2882 2158 sunt:
2931 2103 3043 2159 Nos
3078 2104 3390 2173 aliquando,
3421 2105 3506 2161 in-

1901 2197 2036 2267 quit,
2068 2197 2122 2250 in
2151 2196 2403 2252 inuidiam
2441 2194 2745 2264 incidimus,
2783 2195 2920 2266 quod
2947 2199 3350 2268 con/regerimus
3375 2215 3500 2255 vasa

1901 2289 2142 2359 mystica,
2169 2299 2224 2341 ut
2251 2292 2480 2358 captivos
2509 2287 2876 2346 redimeremus
2892 2304 2911 2342 :
2935 2291 3073 2359 quod
3093 2292 3299 2348 Arionis
3323 2293 3510 2361 displi-

1903 2398 2018 2437 cere
2043 2391 2317 2454 potuerat;
2349 2397 2440 2436 nec
2484 2391 2591 2438 tam
2633 2385 2828 2452 factum
2874 2383 3202 2452 displiceret,
3251 2403 3404 2456 quam
3450 2395 3506 2440 ut

1904 2485 2034 2532 esset
2061 2477 2196 2545 quod
2227 2476 2278 2530 in
2302 2475 2447 2530 nobis
2474 2475 2933 2545 reprehenderetur
2962 2474 3155 2547 (Ibid.,
3180 2493 3322 2532 num.
3351 2476 3501 2548 156).

1905 2569 2250 2640 Quapropter
2283 2568 2350 2623 ad
2396 2583 2584 2626 eorum
2628 2569 3067 2624 criminationem
3109 2559 3208 2628 alis
3236 2584 3296 2624 se
3323 2567 3512 2638 depel-

1909 2660 2147 2726 lendam,
2173 2674 2470 2716 conscenso
2502 2660 2763 2714 Ecclesia:
2791 2670 3042 2730 suggestu
3065 2703 3080 2727 ,
3113 2660 3187 2713 ita
3213 2661 3265 2714 in
3292 2661 3512 2732 populo,

1911 2755 2116 2824 inquit,
2151 2755 2408 2823 prosecuti
2451 2767 2666 2822 sumus,
2716 2760 2772 2808 ut
2817 2753 3205 2820 conﬁterentur,
3251 2751 3512 2821 multoque

1912 2848 2233 2904 commodius
2257 2857 2620 2914 astrueremus,
2645 2855 2700 2900 ut
2730 2848 2930 2902 animas
2959 2845 3187 2902 Domina
3215 2861 3372 2918 quam
3413 2861 3516 2902 att-

1911 2957 2026 2996 rum
2053 2957 2368 3008 servaremus
2397 2939 2597 3012 (lbid.,
2623 2957 2764 2995 num.
2792 2938 2940 3011 157).

1988 3034 2076 3088 51.
2122 3033 2233 3089 Sub
2263 3031 2465 3088 exitum
2509 3031 2732 3101 hujusce
2757 3033 2882 3094 anni
2915 3033 3141 3104 Satyrus
3171 3033 3428 3104 (Admoti.
3456 3031 3514 3089 in

1919 3127 2008 3182 lib.
2056 3128 2118 3182 de
2158 3126 2388 3182 Excessu
2435 3126 2686 3197 Satyri),
2732 3127 2821 3196 qui
2869 3143 3088 3184 omnem
3137 3127 3516 3184 Amhrnsiana‘.

1922 3219 2140 3274 familia:
2171 3217 2696 3273 administrationem
2733 3233 2760 3270 a
2793 3218 2951 3274 beato
2994 3218 3164 3274 fratre
3207 3217 3310 3273 sibi
3352 3217 3522 3274 tradi-

1924 3322 2032 3368 tam
2052 3321 2383 3382 susceperat,
2409 3310 2643 3382 hyemali
2668 3319 2986 3381 tempestate
3015 3310 3279 3386 negligens
3303 3311 3512 3382 frigoris

1925 3406 2196 3478 navigavit
2226 3405 2277 3460 in
2308 3403 2541 3460 Africam
2574 3405 2592 3476 (
2618 3401 2692 3457 De
2715 3403 2943 3460 Excessu
2973 3404 3175 3476 Satyri,
3200 3421 3343 3459 nunt.
3371 3404 3514 3472 50);

1923 3506 1981 3552 ut
2009 3497 2076 3552 ad
2113 3495 2432 3552 solvendum
2473 3494 2824 3564 compelleret
2852 3496 3177 3565 Prosperum
3208 3495 3516 3567 quemdam,

1923 3589 1991 3644 de
2019 3604 2122 3660 quo
2161 3587 2484 3644 Ambrosius
2513 3605 2525 3640 :
2556 3586 2847 3642 Plaudebat
2877 3589 3010 3654 sibi,
3037 3590 3142 3657 ait,
3187 3590 3326 3658 quod
3349 3604 3523 3643 sacer-

1924 3681 2055 3736 dotii
2084 3682 2184 3736 mei
2217 3681 2484 3736 occasione
2508 3681 2827 3736 redditurum
2849 3698 2904 3736 se
2928 3698 3041 3752 qua:
3066 3682 3346 3737 abstulerat
3367 3723 3381 3746 ,
3414 3697 3518 3736 non

1922 3775 2136 3848 putabat
2163 3776 2181 3847 (
2206 3771 2370 3841 Ibid.,
2395 3791 2537 3828 num.
2568 3774 2688 3845 24).
2717 3773 2863 3829 Nihil
2892 3778 3154 3831 omissum
3185 3785 3267 3851 est
3295 3777 3364 3832 ab
3396 3777 3523 3829 Ant-

1927 3865 2148 3933 brOsio,
2183 3874 2242 3921 ut
2278 3867 2344 3920 ab
2377 3867 2464 3921 illa
2494 3866 2839 3936 navigatione
2881 3868 3102 3920 fratrem
3133 3874 3439 3930 revocaret,
3471 3874 3531 3920 et

1927 3958 2019 4013 alii
2064 3958 2485 4013 demandarctur
2524 3973 2588 4013 ca
2634 3958 2915 4028 provincia
2962 3957 3172 4028 (lbid.,
3204 3973 3347 4012 num.
3373 3957 3526 4028 26);

1931 4050 2158 4123 Satyrus
2209 4061 2386 4106 tamen
2439 4066 2544 4105 non
2599 4051 2806 4108 destitit
2855 4067 2884 4105 a
2933 4052 3246 4122 proposito,
3279 4051 3372 4108 sed
3422 4067 3530 4124 quo

1932 4146 2163 4203 celerius
2195 4144 2537 4215 interjectum
2587 4161 2741 4202 mare
2789 4147 3214 4214 transmitteret,
3259 4148 3428 4204 veteri
3475 4154 3536 4204 et

1933 4241 2215 4298 settlinoso
2246 4240 2460 4312 navigio
2489 4240 2563 4296 uti
2607 4256 2712 4297 non
2743 4241 2918 4298 timuit
2955 4239 3170 4313 (Ibid).

2005 4333 2091 4390 32.
2133 4332 2344 4389 Interea
2376 4333 2428 4388 in
2458 4333 2705 4390 morbum
2734 4335 2924 4390 incidit
2949 4344 3167 4390 sanctus
3197 4334 3525 4406 Episcopus:

1936 4426 2168 4495 Denique
2206 4427 2467 4499 proxime,
2511 4426 2721 4497 inquit,
2754 4442 2871 4481 cum
2911 4427 3056 4498 gravi
3096 4426 3351 4494 quodam,
3382 4437 3533 4497 atque

1936 4522 2132 4576 utinam
2162 4537 2421 4589 supremo,
2467 4536 2674 4592 urgerer
2701 4536 2909 4584 occasu,
2943 4520 3039 4575 hoc
3079 4521 3248 4575 solum
3275 4519 3530 4585 dolebam,

1935 4617 2072 4687 quod
2093 4633 2193 4669 non
2216 4617 2324 4688 ipse
2346 4616 2606 4672 assistcres
2629 4613 2840 4679 lectulo,
2880 4630 2941 4668 ac
2970 4617 3192 4668 votivum
3218 4630 3333 4668 cum
3356 4623 3535 4670 sancta

1940 4727 2115 4768 sorore
2147 4712 2366 4782 partitus
2409 4709 2650 4780 oﬂicium,
2694 4709 2960 4764 morientis
2999 4709 3176 4765 oculos
3213 4710 3388 4782 digitis
3432 4709 3535 4763 tuis

1938 4805 2208 4861 clauderes
2246 4801 2442 4875 (Ibid.,
2483 4817 2624 4855 num.
2649 4801 2775 4873 56).
2823 4801 2901 4856 Ex
2938 4801 3135 4872 quibus
3165 4801 3343 4854 verbis
3371 4801 3534 4856 etiam

1939 4899 2212 4970 intelligas
2253 4912 2348 4968 per
2396 4897 2533 4952 hanc
2570 4895 2750 4968 Satyri
2788 4894 3278 4966 peregrinationem
3311 4893 3541 4950 Marcel-

1941 4994 2103 5049 linam
2131 4992 2511 5048 charissimum
2543 5006 2697 5046 suum
2742 5005 3061 5062 germanum
3096 4988 3395 5044 invisuram
3443 5003 3538 5044 ve-

1947 5085 2093 5140 nisse
2121 5082 2480 5139 Mediolanum
2503 5125 2518 5151 ,
2552 5091 2607 5138 et
2634 5081 2736 5152 ipsi
2767 5081 2822 5136 in
2868 5080 3169 5151 periculosa
3201 5079 3291 5134 illa
3335 5079 3541 5134 valetu-

1948 5175 2074 5230 dine
2107 5175 2295 5230 sedulo
2325 5176 2682 5230 ministrasse.

2019 5267 2108 5325 53.
2142 5269 2364 5339 Satyrus
2389 5275 2496 5321 tam
2527 5265 2720 5320 vitiosa
2745 5263 2866 5318 navi
2887 5275 3208 5325 conscensa,
3236 5273 3342 5314 non
3371 5257 3544 5314 multo

1949 5371 2072 5433 post
2100 5360 2433 5432 naufragium
2462 5358 2619 5423 fecit;
2661 5371 2783 5412 cum
2823 5355 2965 5412 enim
3001 5354 3054 5408 in
3082 5350 3269 5414 brevia
3303 5349 3546 5406 illisisset

1952 5454 2093 5510 idem
2123 5454 2391 5523 navigium
2415 5493 2430 5520 ,
2463 5449 2582 5521 ejus
2624 5461 2886 5516 compago
2917 5443 3094 5498 statim
3125 5439 3302 5494 soluta
3337 5452 3440 5496 est.
3487 5443 3548 5498 In

1955 5555 2108 5603 tanta
2153 5555 2366 5615 tamque
2413 5541 2665 5613 przrsenti
2701 5536 2941 5606 periculo
2976 5531 3044 5586 ab
3089 5530 3153 5582 iis
3190 5530 3280 5597 qui
3330 5535 3554 5600 genitali

1957 5655 2093 5712 aqua
2145 5637 2294 5692 tincti
2342 5617 2600 5701 fuerant(
2632 5627 2870 5684 nondum
2919 5624 3060 5678 enim
3086 5634 3379 5688 exceperat
3433 5641 3553 5682 eam

1958 5737 2188 5808 gratiam
2212 5734 2229 5803 )
2254 5730 2495 5784 Divinum
2526 5723 2758 5794 ﬁdelium
2783 5724 3162 5770 sacramentum
3192 5719 3430 5782 poposcit
3464 5758 3477 5771 .
3503 5757 3515 5771 .
3546 5763 3559 5774 .

1961 5804 2009 5884 et
2035 5827 2190 5900 ligari
2215 5823 2337 5896 fecit
2363 5823 2418 5894 in
2447 5819 2642 5882 orario,
2667 5819 2715 5868 et
2740 5806 2969 5864 orarium
2993 5804 3204 5864 involvit
3232 5806 3392 5877 collo,
3411 5818 3566 5880 atque
