4102 6360
616 293 686 354 79
1008 269 1013 277 ’
1873 283 2033 345 vm
2073 284 2318 344 SANCTI
2361 284 2688 346 AMBROSll

3904 283 3960 344 80

617 412 692 465 ita
721 425 778 465 sc
802 409 992 478 deiecit
1020 406 1075 462 in
1105 408 1247 461 mare
1269 444 1284 461 .
1314 445 1327 458 .
1353 445 1366 458 .
1400 405 1482 459 his
1508 420 1562 459 se
1592 414 1757 458 tutum
1786 416 1939 476 atque
1964 405 2220 460 munitum
2245 409 2300 468 Α
2324 407 2495 477 ipsius
2523 407 2718 463 anima!
2748 405 2925 461 solitis
2946 404 3196 478 precibus
3216 419 3279 460 ac
3308 403 3696 460 caeremoniis
3729 402 3957 459 divinum

618 505 746 559 satis
772 503 1009 568 credens,
1028 501 1146 557 "alia
1171 499 1371 555 auxilia
1401 516 1504 554 non
1538 499 1804 569 requisivit
1834 500 1851 571 (
1878 498 2042 564 lbid.,
2074 515 2214 552 num.

620 598 736 671 45).
770 597 837 652 Ει
863 611 983 652 eum
1010 610 1135 668 spes
1161 610 1256 650 sua
1282 594 1503 649 minime
1527 592 1752 658 fefellit,
1781 591 2218 664 quandoquidem

620 694 845 764 primus,
863 690 1252 747 utAmbrosius
1266 687 1605 755 testiﬁcatur,
1622 697 1856 741 servatus
1875 695 1949 741 est
1972 686 2218 741 exundis.

619 783 724 842 Ubi
762 785 996 855 primum
1040 792 1239 838 terram
1268 780 1463 851 attigit,
1501 793 1800 850 servosque
1831 779 2083 849 proprios
2112 776 2224 832 eri-

618 876 738 949 puit
761 892 793 932 e
824 874 1061 947 periculo
1082 917 1097 942 ,
1128 876 1242 945 jam
1281 888 1470 929 curam
1499 887 1717 927 omnem
1749 870 1815 925 ad
1844 869 2081 942 agendas
2110 870 2222 924 Deo

617 970 852 1041 gratias.
882 977 937 1024 et
981 967 1391 1039 suscipiendum
1432 981 1647 1021 sacrum
1694 965 1963 1036 baptisma
1992 962 2221 1021 festinus

615 1062 799 1118 vertit.
824 1058 958 1117 Cum
991 1075 1123 1117 vero
1152 1059 1450 1114 audivisset
1479 1057 1586 1113 loci
1612 1073 1717 1128 quo
1747 1058 2064 1128 appulerat,
2106 1057 2223 1127 epi-

615 1169 841 1225 scOpum
870 1154 1218 1211 Luciferiauo
1249 1152 1528 1209 schismati
1557 1151 1862 1218 adhaerere,
1891 1138 2221 1205 catholicum

615 1263 649 1303 a
678 1265 786 1320 quo
813 1248 1163 1314 ablueretur,
1197 1246 1489 1317 quassivit:
1536 1260 1600 1301 ac
1649 1254 1758 1299 tam
1805 1244 2025 1300 uberem
2053 1243 2109 1298 in
2156 1257 2223 1299 eo

614 1349 966 1396 sacramento
991 1339 1222 1410 gratiam
1252 1346 1337 1394 est
1364 1338 1593 1408 adeptus
1612 1379 1628 1404 ,
1659 1346 1718 1392 ut
1745 1351 1863 1392 eam
1885 1378 1898 1402 ,
1931 1335 2222 1391 Ambrosio

618 1442 777 1502 teste,
810 1441 1002 1504 postea
1028 1449 1323 1504 numquam
1356 1431 1600 1487 amiserit
1628 1430 1820 1504 (Ibid.,
1856 1447 2001 1485 num.
2032 1430 2145 1501 52).

691 1525 781 1582 54.
822 1525 1032 1582 Praeter
1069 1526 1173 1581 hoc
1201 1525 1568 1596 naufragium,
1605 1525 1797 1580 morbo
1832 1524 1973 1580 idem
2002 1537 2222 1595 quoque

617 1620 850 1692 Satyrus
873 1634 941 1674 eo
970 1618 1025 1674 in
1058 1620 1256 1675 itinere
1287 1618 1627 1675 conﬂictatus
1654 1628 1760 1682 est.
1792 1618 1946 1687 cujus
1970 1617 2220 1672 nuntium

617 1711 687 1767 ad
716 1711 1063 1767 Ambrosium
1096 1726 1159 1766 ac
1188 1711 1553 1766 Mareellinam
1581 1724 1702 1766 cum
1736 1710 2105 1780 pervenisset,
2138 1708 2221 1763 in-

2324 516 2523 556 numen
2568 500 2969 571 propitiaretur.
2999 498 3148 553 Tune
3180 506 3402 553 sanctus
3419 506 3647 553 noster
3660 497 3833 551 aliam
3856 513 3956 550 ora.

2325 596 2529 650 tionem
2561 593 2852 649 instituens
2876 633 2892 661 ,
2922 590 3319 647 admittendum
3352 590 3627 646 ostendit
3670 604 3805 646 esse
3834 591 3958 643 sola-

2326 687 2456 757 tium
2484 730 2499 754 ,
2532 702 2631 743 nec
2682 697 2912 759 mortem
2960 684 3388 756 propinquorum
3428 692 3543 737 aut
3595 681 3954 736 familiarium

2324 793 2634 838 nostrorum
2664 780 2955 837 immodice
2993 779 3319 850 lugendam;
3363 776 3612 847 quando
3649 775 3954 831 hominibus

2323 877 2571 932 omnibus
2601 875 2686 930 illa
2710 874 3013 929 communis
3039 882 3121 928 est
3158 914 3173 937 ,
3199 881 3253 928 et
3293 872 3411 927 sine
3440 871 3549 925 illa
3596 870 3729 924 erui
3756 885 3826 925 ex
3852 870 3955 923 vita:

2324 969 2485 1041 hujus
2499 969 2916 1036 calamitatibus,
2943 977 3108 1039 atque
3134 968 3199 1022 ad
3222 966 3435 1023 felicem
3464 965 3951 1023 resurrectionem

2324 1061 2560 1133 bonique
2590 1061 2784 1117 inﬁniti
2817 1060 3225 1132 possessionem
3250 1058 3553 1130 pervenire
3574 1059 3801 1115 nemini
3824 1058 3951 1113 licet.

2324 1154 2472 1210 Idem
2499 1155 2761 1221 Antistes,
2793 1154 2836 1208 si
2860 1169 2963 1224 qua
2981 1152 3211 1208 debetur
3235 1150 3370 1207 fides
3395 1150 3684 1222 Dungalo
3702 1193 3719 1218 ,
3747 1165 3950 1219 compo-

2324 1246 2431 1301 suit
2462 1245 2705 1315 germani
2736 1244 2820 1299 sui
2869 1244 3231 1315 epitaphium,
3261 1250 3316 1296 et
3344 1242 3462 1313 ejus
3493 1242 3742 1297 tumulo
3765 1241 3949 1296 inscul-

2324 1340 2560 1414 pcudum
2615 1339 2844 1395 curavit.
2877 1339 3149 1394 Caeterum
3199 1337 3345 1392 inter
3389 1336 3544 1392 duos
3571 1336 3733 1392 alios
3767 1334 3948 1391 fratres

2324 1452 2618 1508 numquam
2650 1445 2865 1506 reperta
2919 1443 3137 1490 estnon
3181 1432 3360 1489 solum
3406 1431 3754 1487 animorum
3818 1438 3945 1486 tanta

2323 1528 2637 1597 consensio,
2669 1544 2874 1584 svorum
2901 1528 3065 1583 etiam
3096 1542 3378 1594 corporea:
3400 1524 3846 1581 constitutionis
3888 1538 3939 1578 ac

2325 1620 2520 1677 frontis
2560 1634 2775 1691 quoque
2821 1616 3121 1675 similitudo
3153 1634 3167 1671 :
3198 1617 3564 1688 contingebat
3614 1617 3776 1674 enim
3808 1612 3938 1685 Saepe

2325 1716 2526 1785 sa‘pius
2566 1711 2758 1788 (Ibid.,
2787 1728 2929 1766 num.
2969 1710 3084 1781 36),
3127 1720 3185 1765 ut
3216 1710 3390 1765 altero
3442 1719 3780 1781 aegrotante
3825 1709 3941 1762 alter

617 1805 769 1876 genti
799 1803 988 1860 dolore
1011 1803 1138 1861 illos
1161 1804 1361 1860 an‘ecit.
1395 1803 1665 1859 Incertum
1698 1818 1861 1874 porro
1887 1803 2043 1859 nobis
2067 1802 2219 1858 vide-
2249 1790 2299 1851 Β
2327 1805 2637 1879 aegrotaret,
2669 1821 2967 1877 rursusque
3000 1804 3419 1861 convalescente
3467 1803 3933 1861 convalesceret;

622 1906 741 1965 tur,
775 1905 957 1952 utrum
998 1897 1054 1952 in
1084 1905 1388 1952 memorato
1419 1896 1726 1965 naufragio,
1772 1912 1841 1951 an
1884 1896 1937 1951 in
1966 1895 2070 1951 hoc
2102 1896 2221 1966 ipso

615 1990 811 2046 morbo
835 2001 957 2045 vota
989 2000 1179 2046 sancto
1210 1990 1506 2046 Laurentio
1535 1988 1967 2060 nuncupaverit,
2004 1989 2073 2044 de
2102 1989 2222 2058 qui-

616 2084 720 2141 bus
750 2086 805 2141 in
831 2084 975 2140 hunc
1001 2085 1218 2140 modum
1260 2085 1498 2157 loquitur
1522 2084 1843 2140 Ambrosius
1868 2101 1882 2137 :
1926 2082 2053 2138 Tuis
2091 2084 2223 2138 votis

614 2183 758 2252 apud
786 2190 1019 2236 sanctum
1057 2179 1405 2235 Laurentium
1445 2191 1725 2250 martyrem
1755 2179 2086 2249 impetratum
2113 2193 2223 2233 esse

614 2291 755 2329 nunc
774 2276 1131 2347 cognoscimus
1152 2276 1270 2330 vita:
1296 2282 1678 2336 commeatum;
1705 2281 1859 2341 atque
1891 2271 2090 2324 utinam
2118 2287 2223 2325 non

614 2369 784 2424 solum
818 2380 1179 2435 commeatum,
1223 2367 1314 2421 sed
1357 2369 1511 2423 etiam
1558 2364 1822 2434 prolixum
1861 2365 1980 2418 vita:
2022 2373 2222 2433 tempus

614 2461 892 2532 rogasses!
919 2460 1150 2515 Potuisti
1191 2475 1356 2515 annos
1398 2459 1652 2529 plurimos
1688 2460 1967 2529 impetrare
1996 2459 2217 2526 vivendi,

615 2557 706 2627 qui
750 2546 965 2626 potuisti
1011 2564 1350 2611 commeatum
1399 2553 1678 2625 impetrare
1724 2552 1961 2607 veniendi
2012 2551 2219 2624 (Ibid.,

560 2716 571 2727 ι
624 2664 769 2703 num.
799 2650 887 2703 17.
1552 2691 1559 2701 .

701 2741 791 2797 55.
830 2738 1092 2797 Confecto
1121 2740 1418 2811 prudenter
1454 2740 1607 2811 juxta
1636 2754 1700 2795 ac
1722 2738 2031 2807 efficaciter
2056 2754 2223 2811 nego-

626 2834 725 2900 tio,
756 2834 911 2904 cujus
940 2849 1102 2891 causa
1129 2835 1354 2907 Satyrus
1385 2834 1438 2890 in
1479 2834 1714 2890 Africam
1747 2837 2125 2906 navigaverat,
2168 2836 2222 2892 in

623 2926 800 2983 reditu
826 2926 1056 2983 Romam
1081 2928 1184 2982 iter
1206 2927 1414 2983 habuit.
1434 2927 1688 2984 Tametsi
1714 2937 1894 2985 autem
1924 2946 1956 2983 a
1979 2930 2225 3001 Symma-

624 3018 720 3073 cho
751 3022 862 3093 ejus
889 3030 1103 3089 parente
1128 3018 1319 3090 (Ibid.,
1345 3038 1485 3076 num.
1512 3021 1602 3089 5'2)
1623 3062 1639 3086 ,
1670 3029 1730 3076 ut
1755 3037 1875 3076 eum
1905 3021 2129 3077 honoris
2159 3036 2224 3078 ac

620 3114 764 3171 forte
791 3116 952 3171 etiam
984 3114 1268 3185 patrocinii
1297 3104 1470 3188 gratia
1493 3114 1815 3170 Ambrosius
1845 3116 2068 3182 voeitat,
2093 3116 2222 3171 reti-

621 3218 870 3275 neretur,
904 3225 973 3265 ne
1017 3208 1282 3265 incideret
1323 3211 1375 3264 in
1424 3224 1615 3264 manus
1646 3208 2037 3276 barbarorum,
2083 3207 2222 3279 quod
2250 3180 2293 3243 (ί

619 3301 804 3356 ardere
828 3300 964 3355 bello
996 3300 1160 3354 Italia
1185 3300 1473 3366 diceretur;
1505 3299 1861 3354 nihilominus
1890 3309 2069 3353 tamen
2096 3300 2220 3353 nul-

617 3393 731 3449 lum
762 3394 1060 3463 perieulum
1092 3393 1364 3455 revisendi
1386 3393 1689 3448 charissimi
1726 3394 1913 3449 fratris
1954 3394 2221 3463 cupidita-

625 3494 734 3567 tem
746 3483 915 3539 valuit
928 3483 1230 3539 retardare.
1249 3483 1449 3539 Verum
1474 3484 1759 3539 Mediolani
1782 3484 1874 3538 vix
1900 3484 2070 3539 redux
2082 3494 2219 3551 erat,

625 3591 749 3632 cum
784 3575 1000 3631 soutico
1027 3588 1322 3646 oppressus
1350 3577 1764 3646 morbo,paucis
1783 3576 1973 3631 diebus
1998 3578 2105 3632 vita
2134 3594 2229 3633 ex-

625 3668 812 3724 cessit.
846 3665 935 3721 Ita
965 3668 1121 3734 enim,
1168 3667 1243 3722 ait
1279 3677 1497 3722 sanctus
1543 3672 1738 3737 frater,
1784 3678 1987 3723 mature
2024 3680 2227 3742 ereptus

621 3767 721 3824 est,
751 3770 1023 3832 postquam
1048 3760 1211 3829 venit,
1237 3760 1388 3832 quasi
1414 3771 1625 3832 prapter
1651 3762 1748 3816 hoc
1770 3763 1941 3815 solum
1968 3762 2229 3817 videretur

622 3873 734 3913 esse
754 3857 970 3925 dilatus,
995 3866 1048 3909 ut
1073 3857 1142 3911 ad
1161 3858 1350 3929 fratres
1375 3856 1565 3911 rediret
1593 3854 1786 3929 (Ibid.,
1808 3872 1948 3911 num.
1969 3856 2079 3928 l7).
2105 3856 2229 3912 Am-

622 3953 839 4010 brosius
879 3968 945 4009 ac
980 3952 1298 4009 Marcellina
1338 3952 1653 4009 tristissimo
1685 3953 1779 4007 illo
1812 3953 1967 4024 potiti
2012 3955 2230 4010 fuerunt

628 4047 902 4113 solatiolo,
931 4046 1075 4115 quod
1102 4044 1257 4101 fratri
1286 4054 1397 4100 tam
1426 4054 1615 4102 tenere
1640 4046 1840 4102 dilecto
1863 4047 2043 4103 omnia
2070 4049 2231 4103 mitti-

630 4136 785 4192 sterii
814 4150 879 4189 ac
903 4135 1207 4191 sedulitatis
1237 4137 1500 4206 obsequia
1529 4146 1584 4192 et
1611 4139 1897 4209 {egrotanti
1929 4150 1983 4196 et
2012 4140 2223 4196 demur.

631 4235 723 4284 tuo
750 4227 1144 4284 exhibuerunt.
1175 4229 1357 4300 Satyri
1394 4245 1596 4299 corpus
1622 4247 1743 4288 cum
1782 4235 1984 4305 ingenti
2031 4250 2229 4308 pompa

631 4319 684 4373 in
716 4318 1014 4374 Ecclesiam
1042 4319 1243 4374 elatum
1269 4360 1283 4385 ,
1316 4328 1371 4375 et
1395 4336 1426 4375 e
1456 4322 1679 4391 regione
1710 4324 1963 4380 umbonis
1994 4327 2230 4393 positum

632 4410 733 4465 fuit
755 4410 998 4465 revelata
1023 4409 1162 4465 faeie
1186 4427 1201 4465 :
1241 4421 1461 4466 sanctus
1489 4428 1621 4468 vero
1643 4413 1881 4483 Prassul,
1910 4418 1962 4470 vi
1991 4417 2229 4475 adhibita

633 4500 810 4557 dolori
838 4516 956 4566 suo,
990 4516 1172 4557 coram
1195 4503 1396 4574 ingenti
1420 4503 1698 4560 hominum
1726 4518 1894 4574 ctetu,
1920 4510 2138 4567 fratrem
2166 4529 2228 4569 ea

2324 1910 2380 1958 ct
2406 1900 2646 1972 plerique
2693 1900 2857 1953 etiam
2887 1897 3044 1954 alteri
3081 1912 3139 1952 se
3170 1895 3318 1968 loqui
3365 1895 3804 1963 existimarent,
3831 1907 3931 1949 cum

2327 2001 2506 2049 tamen
2534 1994 2761 2048 alterum
2786 1992 3210 2062 alloqucrentur.

2395 2086 2488 2141 58.
2517 2086 2645 2156 (Au.
2675 2086 2829 2157 579.)
2858 2085 2936 2139 Ex
2961 2084 3199 2156 hyberna
3228 2081 3406 2154 Satyri
3432 2083 3801 2154 profectione
3820 2095 3928 2137 con-

2319 2179 2584 2251 jecturam
2623 2177 2785 2233 valde
2832 2167 3164 2249 probabilem
3195 2175 3397 2230 ducere
3437 2176 3578 2232 licet
3630 2176 3814 2247 ipsum
3841 2186 3926 2227 non

2325 2274 2428 2330 nisi
2455 2274 2559 2331 hoc
2588 2288 2734 2328 anno
2764 2274 2964 2329 abiisse
3000 2272 3065 2328 ad
3097 2286 3322 2342 superos
3344 2313 3359 2337 ,
3396 2286 3497 2325 nec
3539 2287 3661 2325 non
3697 2268 3927 2324 funebres

2323 2367 2441 2439 ejus
2469 2368 2759 2423 Orationes
2789 2366 3002 2421 habitas
3033 2380 3175 2421 esse.
3205 2363 3472 2420 Eumdem
3505 2372 3711 2420 autem
3738 2370 3925 2419 sancto-

2324 2477 2440 2516 rum
2470 2460 2592 2515 albo
2622 2458 3182 2530 inscripsitEcclesia,
3234 2456 3388 2528 cujus
3435 2457 3694 2513 natalem
3750 2466 3924 2511 renutu

2326 2559 2424 2609 tiat
2456 2570 2543 2608 xtv
2564 2551 2675 2607 kal.
2710 2554 2913 2607 mensis
2943 2551 3215 2606 Octobris.

2394 2647 2482 2704 59.
2511 2648 2622 2705 lloe
2651 2648 2768 2717 ipso
2796 2661 2942 2701 anno
2977 2645 3267 2702 Gratianus
3294 2643 3503 2713 Cmsar,
3566 2646 3645 2702 de
3702 2641 3919 2701 cladibus

2323 2742 2477 2813 queis
2504 2741 2573 2795 ob
2597 2742 2864 2796 funestam
2910 2739 3154 2795 Valentis
3183 2754 3374 2795 necem
3404 2740 3682 2795 Romana:
3719 2735 3913 2809 provin-

2324 2836 2421 2889 cia:
2448 2834 2847 2901 lacerabantur,
2885 2834 3253 2890 resarciendis
3303 2833 3609 2889 admodum
3652 2830 3914 2890 sollicitus.

2325 2926 2692 2984 Theodosium
2726 2927 2936 2997 imperii
2968 2935 3279 2982 consortem
3311 2925 3456 2982 fecit.
3483 2926 3605 2983 Hac
3649 2924 3913 2993 adoptione

2323 3035 2425 3089 qua
2451 3018 2721 3074 salubrius
2750 3019 2965 3089 imperii
3006 3019 3169 3073 saluti
3190 3018 3321 3073 nihil
3361 3019 3476 3074 ﬁeri
3513 3019 3723 3089 potuit,
3750 3014 3914 3073 Oricu-

2326 3112 2394 3165 tis
2421 3109 2733 3180 provincias,
2762 3110 2955 3181 quibus
2981 3110 3202 3181 insuper
3230 3122 3587 3166 accesserunt
3617 3103 3909 3165 Macedonia

2326 3213 2488 3274 atque.
2516 3203 2746 3272 Graecia,
2767 3204 3075 3260 Theodosio
3096 3204 3374 3261 attributa:
3395 3215 3544 3261 sunt.
3577 3200 3827 3262 Gratiani
3844 3198 3911 3267 ju-

2326 3297 2523 3353 dicium
2577 3298 2907 3369 Augustinus
2941 3298 3079 3371 (Lib.
3109 3315 3140 3353 v
3170 3299 3233 3353 de
3262 3296 3374 3353 Civ.
3407 3298 3527 3365 Dei,
3554 3316 3682 3371 cap.
3697 3295 3791 3367 25)
3810 3289 3904 3347 alii-

2326 3406 2431 3462 que
2453 3392 2747 3462 seriptores
2789 3392 3031 3461 impense
3060 3390 3281 3446 laudant
3312 3408 3324 3444 :
3354 3391 3448 3446 sed
3473 3392 3666 3446 nullus
3692 3386 3907 3443 omnium

2327 3501 2393 3540 eo
2426 3486 2597 3555 magis
2633 3486 2934 3541 delectatus
2961 3494 3079 3554 est,
3110 3501 3271 3557 quam
3326 3486 3660 3543 Ambrosius
3693 3502 3709 3552 ;
3740 3481 3907 3553 quipl'e

2329 3578 2418 3649 qui
2439 3579 2832 3633 etGratianum
2863 3594 3076 3635 summe
3122 3578 3375 3647 diligeret
3408 3620 3423 3645 ,
3459 3587 3516 3634 et
3568 3573 3907 3634 Theodosium

2330 3681 2550 3741 propter
2570 3672 2798 3727 eximias
2823 3672 2940 3743 ejus
2970 3672 3200 3729 virtutes
3242 3673 3478 3728 maximo
3509 3671 3745 3729 haberet
3765 3669 3815 3724 in
3829 3677 3906 3719 nu-

2330 3779 2504 3820 mero.

2402 3856 2489 3913 40.
2529 3857 2819 3930 Postquam
2847 3859 3188 3917 Theodosius
3229 3859 3469 3918 Orientis
3508 3863 3804 3933 imperator
3829 3850 3901 3907 de-

2332 3938 2571 4006 claratus
2597 3964 2701 4018 est,
2742 3953 2884 4022 quod
2918 3963 3194 4023 peractum
3218 3954 3400 4010 Sirmii
3428 3970 3521 4009 xiv
3557 3953 3672 4009 kal.
3696 3946 3903 4007 Februa-

2329 4042 2439 4098 rias
2468 4042 2690 4112 hujusce
2712 4044 2868 4110 anui;
2899 4044 3189 4101 Gratianus
3209 4046 3260 4099 in
3285 4044 3513 4112 Gallias,
3538 4059 3595 4100 ut
3624 4056 3765 4100 easa
3793 4028 3901 4093 Gel“

2332 4151 2615 4192 manormn
2640 4136 3091 4207 populationibus
3110 4137 3453 4207 defenderet,
3501 4139 3673 4193 venit.
3714 4134 3768 4189 In
3808 4130 3901 4197 ἱρεο

2331 4231 2529 4286 itinere
2572 4229 2817 4285 Antistiti
2842 4243 3027 4287 nostro
3054 4230 3512 4286 officiosissimam
3552 4228 3772 4301 scripsit
3813 4215 3903 4288 ΕΜ·

2333 4323 2551 4389 stolam,
2582 4339 2687 4393 qua
2708 4324 2882 4393 ipsum
2906 4334 2966 4379 ut
2996 4339 3055 4380 se
3086 4324 3370 4395 inviseret,
3400 4324 3706 4395 iterumque
3734 4314 3903 4389 primos

2336 4413 2474 4471 duos
2503 4415 2673 4471 libros
2692 4416 2756 4473 de
2784 4415 2923 4471 Fide
2969 4416 3073 4472 sibi
3106 4417 3345 4472 traderet
3375 4415 3573 4488 (Epist.
3608 4415 3679 4469 ad
3728 4405 3901 4466 Arnim.

2336 4517 2463 4563 tom.
2488 4524 2548 4577 ιι,
2581 4527 2702 4582 pag.
2733 4509 2885 4581 751),
2911 4510 3305 4575 obtestabatur,
3336 4524 3399 4565 ac
3421 4509 3586 4564 simul
3614 4506 3798 4563 iisdem
3824 4493 3904 4550 ad;

634 4595 873 4653 laudavit
900 4595 1180 4662 Oratione,
1213 4613 1316 4667 qua
1346 4598 1479 4653 nihil
1512 4601 1750 4656 tenerius
1782 4603 1952 4672 possit
1981 4607 2227 4675 cogitari,
2257 4576 2529 4673 1)jiceret
2559 4576 2623 4657 de
2649 4576 2858 4676 Spiritu
2897 4613 3078 4657 sancto
3104 4603 3309 4673 ﬁdelem
3338 4602 3763 4675 disputationem,
3808 4600 3904 4660 quae

632 4691 1087 4762 quemadmodum
1113 4708 1181 4749 ex
1202 4692 1436 4750 lectione
1461 4694 1579 4764 ejus
1601 4694 1873 4769 hodieque
1899 4714 2231 4770 cognoscere

637 4793 741 4841 est.
1170 4800 1181 4812 '

705 4879 797 4936 36.
829 4866 1235 4938 Testamentum
1262 4881 1474 4938 nullum
1502 4883 1744 4939 condidit
1763 4885 2008 4957 Satyrus,
2036 4892 2230 4943 ctiam-

636 4971 682 5027 si
707 4973 1030 5029 Ambrosius
1049 4988 1113 5029 ac
1133 4973 1443 5030 Marcellina
1466 4976 1753 5032 instantius
1764 4977 1831 5033 ab
1850 4979 1981 5035 eoid
2004 4989 2230 5036 conten-

636 5064 845 5122 dissent
874 5082 888 5120 :
920 5065 1024 5122 sed
1038 5067 1319 5123 facultates
1342 5083 1467 5125 suas
1488 5069 1770 5142 utriusque
1796 5073 2042 5143 permisit
2080 5074 2229 5131 arbi-

639 5162 765 5217 trio.
795 5161 926 5217 Erat
955 5159 1061 5216 hoc
1090 5160 1310 5231 quidem
1331 5162 1451 5218 illas
1483 5165 1809 5235 pauperibus
1836 5168 2233 5241 nobilioriqua-
2262 5174 2267 5177 ’

632 5253 757 5310 dam
795 5253 1005 5310 ratione
1034 5260 1091 5309 et
1133 5253 1359 5309 vanitati
1389 5254 1611 5311 minime
1639 5255 1873 5313 obnoxia
1919 5260 2232 5332 relinquere

635 5356 796 5418 atque
816 5346 1037 5417 legare;
1069 5355 1297 5401 sanctus
1320 5347 1466 5402 enim
1496 5346 1798 5420 Episcopus
1829 5367 1935 5406 non
1981 5368 2138 5409 secus
2169 5371 2233 5412 ac

635 5436 874 5505 ipsorum
903 5454 1060 5494 soror
1084 5439 1157 5494 ita
1191 5437 1310 5509 ejus
1334 5438 1668 5495 voluntatem
1694 5442 2029 5514 interpretati
2066 5455 2226 5514 sunt,

642 5538 699 5584 ut
726 5531 1125 5603 dispensatores,
1159 5549 1265 5588 non
1317 5533 1545 5588 ha'redes
1592 5551 1651 5591 se
1702 5537 1977 5594 institutos
2007 5541 2236 5597 arbitra-

640 5630 863 5690 rentur,
896 5623 1079 5695 sicque
1125 5624 1193 5683 ad
1239 5624 1492 5698 Satyrum
1522 5626 1673 5683 illius
1724 5628 1805 5685 rei
1851 5630 2012 5686 rediit
2058 5634 2237 5691 omnis

641 5723 873 5768 merces.

711 5805 804 5863 37.
833 5805 1076 5880 Septimo
1094 5811 1183 5869 die
1204 5812 1437 5871 reditum
1462 5822 1549 5873 est
1567 5815 1634 5875 ad
1656 5816 1841 5890 Satyri
1871 5820 2152 5892 tumulum,
2180 5829 2239 5880 ut

2340 4695 2672 4753 divinitatem
2728 4698 2847 4768 ejus
2885 4696 3305 4752 demonstraret.
3358 4697 3440 4751 Ad
3491 4695 3610 4752 hmc
3653 4678 3904 4756 rescripSit

2340 4788 2658 4845 Ambrosius
2685 4800 2893 4859 noster,
2929 4805 3094 4861 seque
3116 4790 3261 4860 quod
3287 4798 3394 4843 tam
3442 4789 3554 4844 cito
3581 4800 3705 4844 eum
3736 4786 3903 4837 eom'e‘

2339 4882 2457 4937 nire
2494 4899 2598 4937 non
2625 4893 2836 4953 posset,
2861 4884 2934 4947 ita
2966 4882 3249 4939 excusavit
3275 4925 3289 4948 ,
3324 4891 3383 4936 ut
3413 4882 3586 4951 prima
3616 4879 3738 4936 data
3767 4879 3901 4941 opm"

2341 4976 2589 5042 tunitate,
2618 4977 3022 5032 satisfacturum
3050 4991 3111 5031 se
3140 4977 3410 5031 voluntati
3458 4975 3577 5048 ejus
3623 4972 3903 5044 polliceatur

2343 5065 2539 5139 (Epist.
2572 5068 2645 5139 i).
2678 5070 2895 5125 Interim
2929 5069 3125 5139 petitos
3148 5068 3216 5123 ab
3238 5083 3306 5125 eo
3322 5068 3491 5123 libros
3513 5068 3576 5123 de
3603 5067 3653 5122 F
3654 5067 3734 5122 ide
3758 5057 3817 5116 ad
3838 5056 3900 5123 il"

2340 5178 2460 5219 sum
2492 5166 2668 5231 misit;
2701 5165 2844 5236 quod
2870 5180 3000 5222 vero
3023 5164 3089 5220 ad
3115 5163 3633 5220 commentationem
3646 5163 3707 5217 de
3728 5151 3901 5227 Spiritu

2338 5268 2535 5322 sancta,
2566 5257 2635 5312 ad
2661 5256 2766 5313 hoc
2785 5258 2887 5312 sibi
2909 5256 3026 5313 dari
3055 5271 3260 5312 moram
3289 5254 3461 5327 petiit.

2414 5351 2501 5406 All.
2527 5350 2643 5406 Non
2672 5351 2955 5422 ignorabat
2983 5358 3203 5407 sanctus
3244 5348 3332 5404 hic
3347 5348 3549 5404 Doctor
3571 5349 3639 5404 ab
3665 5329 3901 5401 haereticis

2343 5444 2684 5516 quihusdam,
2720 5444 2958 5508 Palladio
3011 5443 3244 5498 fortasse
3290 5456 3355 5498 ac
3396 5441 3759 5503 Secundiauo,
3785 5440 3898 5486 ηοιι·

2341 5543 2488 5598 nulla
2517 5554 2706 5599 contra
2748 5544 2920 5598 libros
2968 5556 3093 5595 suos
3126 5538 3191 5593 de
3222 5538 3355 5592 Fide
3394 5537 3567 5592 fuisse
3594 5536 3815 5606 objecta.
3848 5524 3895 5575 ει

2340 5650 2460 5691 eam
2485 5635 2552 5689 ab
2579 5634 2664 5691 his
2689 5634 3118 5691 criminationem
3144 5631 3245 5688 sibi
3274 5628 3501 5697 intendi,
3529 5628 3673 5700 quod
3697 5616 3896 5681 brevita—

2342 5738 2449 5784 tem
2473 5728 2654 5784 detlita
2677 5744 2840 5800 opera
2869 5726 3256 5791 affectavisset,
3286 5739 3355 5780 ne
3379 5724 3618 5794 ipsorum
3647 5723 3899 5791 argumen-

2341 5824 2412 5881 tis
2434 5822 2767 5894 respondere
2798 5834 3086 5880 necessum
3113 5816 3360 5876 haberet.
3413 5814 3711 5886 Pr0pterea
3752 5803 3896 5880 prius-
