4102 6360
194 359 258 419 8|
1105 362 1198 418 EX
1240 361 1403 419 EJUS
1445 361 1868 421 POTISSIMUM
1903 361 2213 422 SCRIPTIS
2249 361 2630 423 COLLECTA.
3445 372 3516 430 82

193 495 362 552 quam
404 481 683 538 scriberet
717 482 782 536 de
810 480 1011 552 Spiritu
1044 490 1220 534 sancto
1252 521 1266 544 ,
1301 481 1618 534 memoratis
1683 479 1816 534 duo—
1844 477 1898 539 Α
1922 476 2067 542 dam,
2101 479 2191 547 qui
2229 493 2470 535 sororem
2513 483 2629 550 ejus
2669 481 2900 539 habebat
2939 483 2990 538 in
3035 485 3418 553 matrimonio;
3461 496 3519 543 et

194 572 298 628 bus
334 571 494 628 libris
520 575 586 628 de
610 573 742 627 Fide
769 582 878 626 tres
898 572 1031 626 alios
1051 572 1252 626 addere
1275 571 1376 626 sibi
1401 570 1682 640 pmposuit
1705 581 1810 625 tam

193 678 322 737 apte
337 669 698 735 compositos,
719 677 773 722 ut
793 681 980 722 Omnes
1001 667 1161 720 simul
1183 667 1233 720 in
1259 683 1420 721 unum
1439 682 1574 734 Opus
1598 667 1814 722 coales-

193 768 409 814 cerent.
444 759 580 813 Tam
602 774 856 830 prospere
887 759 1049 814 cessit
1076 761 1122 812 ei
1149 758 1438 814 consilium
1469 758 1726 820 (Admou.
1761 760 1813 813 in

195 851 287 906 lib.
317 851 383 904 de
409 850 590 918 Fide),
624 863 679 906 ut
705 854 792 922 qui
821 867 923 906 non
953 853 1173 905 omnino
1197 853 1248 905 in
1276 852 1498 920 perﬁdia
1539 851 1816 906 induruis-

195 955 323 1000 sent
352 958 755 1002 revocarentur
788 948 992 1010 ,auimi
1025 957 1350 1016 paearentur
1371 947 1761 1002 catholicorum
1795 988 1811 1014 ,

196 1037 568 1095 ctGratianus
594 1041 672 1096 eis
698 1040 995 1095 Ecclesiam
1027 1055 1188 1095 unam
1220 1041 1621 1111 reddijoberet,
1651 1057 1812 1112 quam

195 1133 540 1202 sequestrari
569 1133 892 1189 Arianorum
926 1149 1113 1204 preces
1141 1132 1400 1205 improbae
1420 1136 1490 1191 ab
1512 1135 1606 1204 illo
1635 1143 1816 1190 extor-

192 1234 404 1282 serant.

263 1317 356 1371 42.
405 1317 522 1372 Sub
587 1319 797 1374 initium
854 1319 1282 1390 quadragesima:
1335 1320 1461 1373 anni
1534 1319 1815 1388 prtesentis

196 1413 534 1469 Ambrosius
561 1414 629 1469 ad
667 1415 1044 1470 Constantium
1078 1415 1375 1486 episcopali
1405 1415 1815 1470 consecratione

197 1522 306 1562 non
344 1509 564 1578 pridem
588 1510 966 1577 inauguratum
991 1509 1137 1564 dedit
1164 1511 1474 1579 epistolam,
1506 1524 1608 1579 qua
1635 1509 1702 1562 de
1728 1507 1812 1562 of-

109 1646 118 1647 η
202 1600 342 1654 ﬁciis
374 1601 785 1670 episcoporum,
820 1601 994 1671 deque
1021 1603 1258 1670 ipsorum
1291 1602 1532 1658 doctrina
1564 1601 1676 1654 fuse
1703 1600 1818 1654 dis-

202 1701 381 1762 putat.
409 1691 489 1745 Ibi
521 1703 702 1749 autem
728 1694 843 1749 ha-c
865 1695 939 1748 illi
965 1695 1153 1750 scribit
1181 1696 1318 1750 inter
1341 1695 1474 1750 alia:
1500 1693 1812 1747 Commendo

201 1785 497 1841 Ecclesiam
517 1804 633 1857 qua:
657 1797 728 1842 est
752 1788 821 1841 ad
849 1786 1042 1842 Forum
1067 1788 1312 1855 Cornelii,
1345 1806 1444 1858 quo
1466 1805 1578 1842 eam
1605 1788 1669 1841 de
1692 1803 1814 1858 pro-

1920 568 2064 622 nulla
2089 567 2367 624 afﬁnitatis
2394 573 2601 627 ratione
2628 573 2830 639 habita,
2864 576 3016 629 malis
3043 575 3250 631 artibus
3277 593 3340 632 ac
3363 587 3516 633 sute-

1923 662 1989 716 lis
2012 662 2124 715 suis
2157 671 2360 714 tantum
2389 663 2680 731 effecerat,
2713 676 2771 720 ut
2803 667 3157 723 obstetricum
3187 668 3517 738 inspectioni

1919 753 2280 809 addiceretur.
2311 754 2625 812 Provocavit
2649 759 2848 814 Indicia
2873 761 2939 816 ad
2963 760 3194 816 tribunal
3217 762 3516 830 Ambrosii,

1917 847 1984 899 ad
2017 862 2174 915 quem
2207 846 2368 900 etiam
2389 849 2733 905 scribendum
2760 855 2966 921 putavit
2990 855 3266 924 Syagrius,
3292 864 3349 910 ut
3371 854 3518 925 judi-

1918 938 2058 992 cium
2091 938 2194 991 hoc
2225 953 2379 992 suum
2413 939 2752 995 defenderet.
2781 946 3099 1000 Ambrosius
3127 947 3265 1002 hanc
3295 961 3514 1002 causam

1920 1045 2020 1083 una
2052 1045 2172 1083 cum
2203 1030 2322 1084 aliis
2351 1031 2554 1102 aliquot
2581 1034 2851 1102 episeOpis
2871 1039 3224 1106 examinavit,
3255 1051 3309 1096 et
3334 1041 3514 1112 agnita

1921 1123 2134 1178 lndicim
2186 1125 2494 1179 innocentia
2545 1125 2876 1180 Veronensis
2913 1132 3150 1200 episcopi
3190 1134 3515 1188 sententiam

1919 1218 2123 1272 irritam
2152 1217 2299 1282 fecit,
2325 1231 2387 1270 ac
2413 1227 2671 1287 praeterea
2700 1219 2918 1288 virginis
2939 1221 3358 1279 calumniatores
3384 1225 3516 1280 affe-

1917 1315 1988 1365 cit
2021 1312 2100 1365 eis
2133 1311 2322 1380 ptenis,
2349 1327 2480 1381 quas
2510 1313 2763 1382 exigebat
2792 1311 3034 1369 criminis
3057 1318 3335 1371 atrocitas.
3358 1319 3514 1386 Quod

1920 1405 1970 1458 in
2005 1405 2102 1459 hac
2127 1420 2289 1459 causa
2317 1415 2576 1460 statutum
2603 1407 2698 1460 abs
2724 1422 2782 1461 se
2812 1407 3016 1474 fuerat,
3049 1409 3276 1480 Syagrio
3303 1411 3511 1481 signifi-

1917 1500 2060 1553 cavit
2109 1515 2204 1569 per
2249 1499 2528 1568 epistolam
2570 1499 2764 1571 (Epist.
2800 1499 2880 1573 5),
2929 1517 3031 1571 qna
3071 1503 3315 1558 defectus
3351 1515 3516 1574 atque

1922 1590 2046 1643 vitia
2099 1593 2381 1646 sententiae
2427 1592 2493 1646 ab
2533 1607 2598 1646 eo
2646 1593 2767 1647 latae
2817 1595 3246 1663 exponebantur.
3300 1596 3518 1652 Veritus

1920 1693 2097 1738 tamen
2131 1700 2197 1738 ne
2239 1686 2388 1739 illum
2416 1685 2728 1756 episcopum
2760 1687 3146 1756 abalienaSset,
3180 1690 3365 1760 paucis
3393 1702 3519 1760 post

1917 1775 2108 1830 diebus
2135 1776 2292 1829 aliam
2325 1777 2608 1847 epistolam
2639 1778 2704 1831 ad
2736 1793 2857 1833 eum
2886 1779 3033 1834 misit
3062 1779 3256 1851 (Epist.
3291 1782 3381 1855 6).,
3407 1800 3514 1853 qua

199 1881 343 1933 :rimo
371 1881 647 1935 intercisos
673 1882 1010 1952 frequentius.
1042 1881 1334 1951 Occupatus
1363 1881 1540 1934 diebus
1563 1881 1810 1952 ingruen-
1843 1874 1891 1934 B
1919 1871 1994 1925 ῙΗῘ
2038 1886 2157 1926 Cum
2203 1872 2489 1942 singularis
2519 1873 2910 1930 δεηῡνοιθηῑὶἱῐξ
2944 1877 3324 1934 testiﬁcatione
3363 1882 3516 1950 ponit

206 1973 341 2025 tibus
371 1975 786 2046 quadragesimw
806 2016 820 2040 ,
853 1985 955 2028 tant
987 1976 1136 2046 longe
1162 1992 1260 2029 nou
1286 1991 1494 2044 possunt
1521 1989 1808 2028 excurrere.

209 2063 380 2117 Habes
419 2066 530 2118 illic
569 2066 785 2138 Illyrios
826 2066 888 2119 de
922 2067 1154 2136 improba
1213 2068 1447 2121 doctrina
1476 2067 1809 2129 Arianorum,

203 2171 327 2208 cave
375 2173 554 2209 eorum
600 2158 872 2212 zizania...
921 2158 1199 2211 Atlrcrtant
1243 2159 1366 2228 quid
1417 2167 1623 2227 propter
1665 2173 1812 2210 suout

204 2247 484 2317 per/idiom
528 2249 770 2303 acciderit
818 2250 914 2304 silvi
958 2251 1221 2323 (intellige
1251 2251 1494 2306 Valentis
1537 2249 1808 2321 exitium),

201 2339 494 2406 quiescant,
531 2353 577 2394 et
607 2359 776 2396 veram
797 2343 952 2412 ﬁdem
980 2355 1254 2414 sequantur
1275 2343 1472 2418 (Epist.
1506 2345 1582 2410 ‘2).

270 2431 366 2484 45.
417 2432 498 2486 De
523 2434 712 2489 iisdem
733 2435 842 2513 illis
862 2436 1258 2492 ealatnitatibus
1279 2453 1398 2508 quae
1421 2438 1487 2492 ad
1511 2437 1810 2492 Ecclesiam

194 2530 359 2593 atque
391 2526 690 2596 imperium
732 2545 796 2583 ex
830 2530 1052 2584 interitu
1087 2531 1315 2586 infelicis
1345 2533 1488 2585 illius
1523 2533 1812 2601 imperato-

195 2617 272 2671 ris
303 2617 561 2683 rediere,
603 2621 850 2688 queritur
898 2632 1119 2676 sanctus
1148 2622 1348 2676 Praesul
1375 2624 1536 2677 etiam
1582 2623 1633 2677 in
1673 2623 1812 2678 libro

102 2700 115 2712 ’
199 2708 262 2761 tle
289 2707 401 2763 Noe
426 2720 472 2763 et
509 2712 643 2766 Area
671 2711 755 2782 (C.
785 2729 822 2774 ι.
856 2730 906 2767 tt.
942 2715 995 2778 5,
1025 2722 1071 2767 et
1093 2713 1316 2768 Admon.
1343 2715 1395 2768 in
1422 2715 1554 2768 hunc
1577 2715 1714 2783 lib.).
1747 2716 1814 2770 Et

201 2815 268 2854 ex
292 2802 393 2856 hoc
413 2804 902 2875 superioribusque
924 2808 1142 2874 scriptis
1164 2809 1540 2876 cognoscimus
1559 2808 1810 2862 eumdem

207 2894 403 2948 librum
448 2896 581 2952 huic
621 2900 722 2968 ipsi
753 2915 894 2953 anno
926 2901 1270 2955 tribuendum
1301 2917 1444 2968 esse,
1477 2916 1539 2955 ac
1569 2903 1812 2956 sedulum

212 2986 506 3042 Doctorem
529 2979 824 3045 indefessis
847 2991 1126 3046 laboribus
1149 3001 1261 3046 tum
1288 2991 1606 3046 adhibendae
1629 2993 1815 3046 ortho-

209 3081 480 3136 doxorum
524 3083 759 3138 miseriis
785 3085 1145 3139 consolationi
1172 3126 1185 3150 ,
1217 3093 1325 3138 tum
1355 3085 1688 3154 depellendis
1721 3085 1815 3139 he-

214 3175 604 3232 terodoxorum
662 3178 944 3233 erroribus
999 3177 1351 3232 incubuisse:
1407 3164 1513 3232 imo
1550 3193 1679 3231 vero
1717 3177 1814 3232 Ju-

1915 1963 1986 2018 ob
2028 1964 2234 2024 oculos,
2281 1975 2533 2034 quantam
2568 1965 2819 2036 injuriam
2847 1967 3104 2022 universo
3130 1970 3394 2040 virginum
3426 1986 3515 2027 sa-

1913 2072 2130 2111 crarum
2157 2057 2332 2111 ordini
2365 2058 2624 2114 voluisset
2658 2059 2934 2126 inflictam,
2959 2077 3080 2117 cum
3114 2062 3370 2119 Indicium
3404 2074 3514 2120 tam

1915 2151 2261 2219 propudiosa:
2294 2153 2642 2222 inspectionis
2675 2170 2835 2224 pmna
2865 2155 3194 2212 damnasset.

1985 2242 2073 2296 46.
2120 2244 2234 2297 Alia
2286 2261 2497 2316 quoque
2545 2249 2918 2302 controversia
2959 2265 3293 2321 nequaquam
3341 2253 3514 2310 levior

1913 2335 2198 2403 superiore
2239 2338 2582 2393 Ambrosium
2622 2340 2758 2394 inter
2798 2350 2960 2415 atque
2994 2341 3261 2398 Justinam
3291 2356 3516 2415 propter

1915 2430 2202 2486 Anemimn
2235 2432 2431 2502 agitata
2462 2443 2563 2489 est.
2596 2434 2835 2490 Vacabat
2855 2451 2920 2491 eo
2947 2414 3188 2508 tempore
3219 2414 3369 2494 urbis
3397 2441 3514 2496 Sir-

1915 2523 2030 2588 mii,
2065 2538 2185 2592 quae
2220 2525 2385 2578 totius
2413 2534 2498 2579 est
2531 2511 2948 2598 lllyrize'capot,
2977 2529 3304 2599 episcopalis
3328 2530 3510 2597 sedes,

1914 2632 2075 2687 quam
2104 2617 2307 2671 diutius
2332 2617 2591 2673 Photinus
2622 2630 2674 2673 et
2701 2618 3013 2675 Germinius
3054 2620 3241 2676 Ariani
3271 2621 3514 2692 episcopi

1914 2717 2337 2777 occupaverant.
2371 2709 2684 2778 lmperatrix
2717 2721 2862 2777 tunc,
2894 2723 2950 2766 ut
2981 2712 3215 2779 videtur,
3245 2713 3356 2768 illic
3378 2699 3513 2768 insi-

1915 2800 2066 2864 dens,
2101 2816 2315 2855 onmem
2342 2801 2573 2872 lapidem
2605 2803 2873 2867 movebat.
2902 2813 2958 2859 ut
2987 2804 3197 2859 futurus
3225 2806 3513 2874 epiSCOpus

1917 2909 1982 2948 ex
2012 2895 2231 2948 Arianis
2252 2906 2624 2967 cooptaretur.
2651 2898 2939 2954 Advolavit
2957 2915 3022 2954 eo
3044 2909 3263 2957 sanctus
3284 2900 3515 2956 Ambro-

1918 2989 2030 3042 sius
2062 3030 2075 3052 ,
2125 2997 2179 3042 et
2229 2993 2473 3056 quamvis
2517 2991 2723 3048 Justina
2773 2994 3046 3048 hteretica:
3091 2995 3510 3064 conspirationis

1918 3089 2066 3147 septa
2102 3081 2365 3148 pravsidiis
2401 3092 2590 3137 contra
2615 3083 3003 3150 obluctaretur,
3041 3096 3098 3139 ut
3144 3097 3321 3142 tamen
3362 3103 3516 3143 assu-

1923 3183 2160 3228 meretur
2204 3178 2398 3245 praesnl
2435 3179 2762 3244 catholicus,
2795 3179 3096 3236 constantia
3125 3184 3372 3250 pervicit.
3405 3183 3516 3237 llu-

212 3267 346 3323 dccis
388 3270 520 3338 ipsis
567 3269 634 3324 ad
675 3270 979 3325 Ecclesiam
1028 3269 1443 3340 compelle-udis,
1494 3270 1587 3324 sed
1631 3270 1685 3324 in
1729 3270 1810 3325 his
1839 3253 1884 3314 Ο
1911 3267 2002 3337 jus
2029 3268 2312 3324 electionis
2341 3269 2596 3339 modum,
2627 3271 2763 3326 sicut
2791 3283 2848 3327 et
2875 3281 3142 3342 patratum
3179 3275 3231 3329 in
3260 3291 3324 3331 ea
3348 3275 3514 3330 mira-

213 3377 435 3431 Operam
465 3378 618 3418 suam
643 3375 865 3434 propter
895 3379 1083 3419 eorum
1112 3364 1506 3419 contumaciam
1539 3365 1808 3419 incassum

216 3456 476 3512 recidisse
498 3457 689 3512 dolens
723 3467 970 3513 testatur.

288 3548 381 3604 44.
425 3551 549 3618 (Αη.
581 3551 735 3621 580.)
766 3550 916 3606 Felix
957 3551 1309 3608 Comensium
1360 3551 1563 3620 primus
1603 3551 1813 3622 episco-

216 3658 321 3714 pus
371 3645 437 3697 ab
474 3646 765 3700 Ambrosio
795 3654 982 3700 nostro
1012 3654 1331 3710 susceperat
1358 3661 1610 3700 manuum
1640 3646 1814 3715 impo-

219 3736 508 3801 sitiouem;
541 3747 703 3806 atque
732 3738 871 3792 adeo
898 3737 1092 3792 mirum
1123 3752 1229 3791 non
1273 3737 1470 3802 fuerit,
1500 3737 1641 3806 quod
1675 3738 1814 3792 inter

221 3827 342 3883 illos
386 3838 590 3882 tantum
633 3828 1012 3884 familiaritatis
1075 3830 1462 3884 intercesserit.
1513 3828 1810 3897 Epistolam

222 3934 326 3988 qua
347 3931 564 3974 sanctus
592 3931 778 3975 noster
796 3934 1021 3990 accepta
1045 3922 1112 3974 ab
1136 3921 1227 3974 illo
1255 3922 1433 3974 tubera
1454 3920 1598 3973 mira:
1617 3920 1814 3990 magni-

223 4013 415 4065 tudinis
455 4011 647 4085 (Epist.
703 4015 762 4083 5)
815 4014 992 4083 lepide
1023 4024 1184 4082 atque
1216 4013 1420 4067 urbane
1450 4011 1666 4078 laudat,
1709 4011 1816 4064 hoc

224 4103 344 4172 ipso
369 4118 534 4169 anno,
561 4105 604 4158 si
635 4105 763 4174 quid
796 4105 917 4159 fidei
945 4105 1182 4175 Ughello
1213 4105 1518 4160 habendum
1543 4113 1624 4157 est
1659 4102 1808 4170 (Ital.

220 4211 354 4249 sacr.
380 4205 505 4250 tom.
533 4195 612 4266 2),
638 4195 892 4265 scriptam
916 4198 1180 4252 dicemus.
1206 4199 1403 4252 Eadem
1421 4209 1597 4252 autem
1619 4200 1672 4254 in
1697 4203 1813 4272 cpi-

221 4289 354 4342 stola
371 4305 494 4371 cum
517 4290 812 4357 peramieas
825 4291 964 4362 quod
980 4291 1045 4344 ad
1065 4307 1123 4345 se
1138 4291 1285 4346 Felix
1303 4299 1538 4346 nondum
1555 4296 1814 4360 venisset,

222 4383 467 4453 querelas
491 4382 812 4440 Ambrosius
837 4387 1169 4452 inseruisset,
1191 4387 1278 4442 ille
1299 4387 1438 4442 datis
1459 4389 1648 4444 litteris
1676 4389 1818 4460 apud

223 4489 342 4529 eum
383 4493 505 4532 sese
527 4481 824 4533 excusavit.
854 4481 1191 4548 Ambrosius,
1224 4497 1347 4536 cum
1377 4483 1476 4537 sibi
1511 4484 1714 4539 reddita
1733 4494 1818 4540 est

227 4563 344 4620 hac
366 4569 670 4637 respOnsio,
691 4569 1001 4626 inﬁrmitate
1015 4571 1379 4639 detinebatur,
1400 4583 1586 4628 etcum
1603 4575 1815 4630 Bassia-

1915 3361 2095 3416 culum
2125 3371 2310 3416 narrat
2363 3363 2620 3418 Paulinus
2651 3363 2758 3437 (In
2796 3365 2903 3420 Vit.
2937 3368 3136 3434 Ambr.,
3166 3387 3219 3423 η.
3255 3369 3316 3424 ll
3342 3369 3382 3439 ),
3419 3373 3508 3440 qui

1914 3468 2060 3508 novo
2074 3455 2333 3523 episcopo
2349 3455 2575 3510 Anemio
2587 3471 2785 3512 nomen
2810 3457 2973 3513 fuisse
2987 3460 3323 3515 testificatur.
3341 3460 3515 3517 Porro

1914 3559 2036 3600 cum
2063 3545 2202 3599 idem
2233 3545 2322 3600 hic
2350 3546 2609 3602 Anemius
2641 3551 2888 3620 sequenti
2923 3566 3064 3605 anno
3090 3553 3320 3608 concilio
3346 3552 3513 3623 Aqui-

1915 3640 2104 3695 leiensi
2132 3655 2371 3710 prresens
2395 3642 2556 3697 fuerit
2580 3684 2595 3708 ,
2635 3644 2752 3712 ejus
2779 3645 2976 3699 electio
3007 3639 3340 3714 probabilius
3374 3647 3512 3703 assi-

1915 3735 2064 3805 gnari
2097 3750 2202 3789 non
2232 3743 2448 3804 potest,
2479 3750 2637 3804 quam
2670 3739 2924 3807 prtescnti
2952 3753 3114 3792 anno.

1985 3827 2078 3882 47.
2122 3827 2364 3883 Concilio
2388 3829 2722 3898 Aquileiensi
2750 3846 2872 3884 cum
2896 3831 3124 3885 Anemio
3150 3833 3312 3887 etiam
3342 3833 3511 3888 inter-

1916 3920 2012 3974 fuit
2038 3920 2226 3975 Justus
2263 3921 2666 3988 Lugdunensis,
2701 3923 2789 3976 cui
2818 3924 3046 3976 antistiti
3075 3938 3196 3978 cum
3223 3924 3510 3978 Ambrosio

1919 4013 2284 4068 intercedebat
2311 4013 2561 4066 amicitiae
2592 4027 2803 4067 summa
2843 4015 3172 4083 conjunctio.
3219 4015 3508 4084 Postquam

1918 4105 2126 4159 solutus
2168 4113 2250 4158 est
2297 4103 2517 4158 Patrum
2569 4103 2910 4172 conventus,
2949 4107 3001 4160 in
3041 4105 3286 4178 Egyptii
3325 4107 3514 4162 solitu—

1919 4195 2074 4250 dines
2108 4194 2293 4249 JuStus
2332 4196 2574 4250 recessit.
2626 4195 2755 4250 lude
2792 4199 3133 4268 cognoscitur
3168 4199 3511 4256 Ambrosium

1920 4298 2165 4342 nostrum
2189 4328 2204 4353 ,
2234 4289 2544 4358 priusquam
2570 4289 2658 4344 ille
2683 4289 2948 4358 Logduno
2974 4291 3077 4345 iter
3104 4302 3418 4362 capesceret
3444 4291 3518 4348 ad.

1922 4381 2060 4436 hanc
2111 4381 2430 4453 Synodum,
2487 4381 2660 4436 eidem
2710 4383 2995 4452 scripsisse
3040 4383 3187 4439 illam
3226 4384 3510 4454 epistolam

1923 4475 2118 4544 (Epist.
2153 4475 2230 4545 7),
2260 4491 2362 4544 qua
2397 4475 2568 4529 Exodi
2597 4476 2772 4531 locum
2797 4480 2864 4545 de
2886 4492 2994 4547 quo
3027 4477 3096 4531 ab
3124 4493 3191 4534 eo
3229 4481 3512 4534 consultus

1924 4567 2120 4633 fuerat,
2155 4568 2397 4636 exponit.
2448 4567 2563 4622 Non
2593 4568 2663 4622 ita
2699 4569 2869 4623 multo
2899 4577 3021 4638 post
3058 4569 3163 4623 alia
3191 4571 3418 4637 epistola
3449 4571 3518 4626 ad

227 4673 294 4712 no
322 4660 594 4716 Laudeusi
627 4663 884 4733 episeopo
916 4664 1006 4733 qui
1041 4672 1166 4718 tunc
1190 4666 1450 4735 temporis
1465 4667 1816 4734 seinviserat,
1844 4627 1898 4689 υ
1927 4662 2078 4717 illum
2125 4659 2249 4714 data
2275 4705 2289 4728 ,
2353 4659 2547 4715 iterum
2603 4660 2794 4732 (Epist.
2827 4660 2881 4732 8)
2923 4661 3202 4731 respondit
3242 4661 3366 4716 huic
3397 4663 3515 4730 ejus

223 4753 290 4806 de
321 4753 506 4809 Felice
533 4756 963 4826 colloqoebatur.
998 4757 1180 4827 Itaque
1208 4757 1443 4813 secunda
1475 4775 1569 4814 sua
1596 4759 1661 4814 ad
1695 4776 1819 4816 eum

223 4847 455 4916 epistola
490 4847 702 4920 (Epist.
730 4851 837 4921 4),
869 4861 922 4905 et
954 4851 1070 4905 hazc
1098 4851 1172 4904 illi
1202 4851 1527 4921 signiﬁcavit
1551 4893 1564 4917 ,
1603 4861 1658 4907 et
1685 4870 1822 4922 pra:-

227 4947 369 4992 Ierea
409 4939 578 4994 etiam
617 4940 821 4994 addidit
850 4957 908 4996 se
936 4942 1289 5010 spopondisse
1327 4942 1476 4996 illum
1503 4943 1818 4998 adfuturum

227 5031 467 5088 basilica:
506 5049 624 5103 qtne
654 5049 680 5086 a
715 5033 973 5088 Bassiano
1011 5043 1318 5089 constructa
1348 5034 1557 5100 fuerat,
1589 5036 1821 5090 dedica-

207 5125 355 5180 'tioni
383 5144 396 5191 ;
434 5125 769 5197 proindeqne
792 5127 1036 5181 ablatum
1072 5126 1171 5195 ipsi
1198 5126 1308 5196 jam
1338 5127 1516 5182 locum
1544 5141 1670 5181 esse
1701 5141 1825 5197 pro-

230 5220 586 5275 crastinandi.

300 5313 386 5368 45.
436 5310 592 5367 Circa
634 5312 773 5366 idem
813 5321 1023 5382 tempus
1062 5311 1250 5366 incidit
1287 5310 1575 5365 Ambrosio
1613 5311 1831 5379 gravius

233 5406 465 5475 quodam
498 5421 619 5459 cum
662 5407 889 5475 Syagrio
922 5405 1219 5459 Veronensi
1253 5404 1482 5472 praesule
1513 5401 1784 5472 negotium
1810 5443 1825 5467 ,

237 5499 286 5552 in
314 5516 421 5570 quo
453 5497 762 5565 exemplum
793 5498 960 5550 moris
990 5495 1286 5566 antiquitus
1315 5497 1364 5547 in
1399 5493 1614 5561 judiciis
1644 5490 1826 5545 crimi-

238 5607 359 5646 num
401 5592 474 5646 ab
503 5589 746 5644 Ecclesia
773 5590 976 5644 servari
1009 5589 1150 5643 soliti
1184 5588 1478 5641 etiamnum
1505 5594 1691 5648 restat,
1721 5600 1828 5653 quo

241 5685 324 5739 vix
359 5684 492 5741 alibi
533 5691 790 5737 occurrat
824 5681 1183 5750 prmstantius.
1225 5681 1425 5734 Indicia
1454 5680 1600 5748 virgo
1634 5694 1830 5733 conse-

250 5784 389 5830 erata
424 5775 565 5844 apud
583 5773 870 5843 Syagrium
890 5771 1104 5825 violatae
1131 5771 1450 5841 virginitatis
1480 5769 1836 5838 exstinctique

247 5850 380 5923 fetus
413 5865 722 5920 insimulata
754 5864 947 5918 fuerat.
979 5860 1107 5916 Eam
1130 5861 1392 5916 detulerat
1413 5857 1695 5926 Marcellus
1717 5853 1835 5928 qui-

1929 4753 2245 4824 quaestioni,
2278 4768 2405 4806 num
2446 4767 2513 4807 ex
2553 4752 2683 4809 artis
2718 4751 3006 4808 rhetoricae
3047 4752 3253 4823 legibus
3277 4753 3518 4810 scribere

1930 4855 2211 4902 curassent
2237 4855 2486 4900 auctores
2511 4847 2668 4900 sacri.

2000 4937 2090 4992 48.
2127 4937 2254 5006 (An.
2288 4935 2439 5008 581.)
2486 4937 2724 4992 Diximus
2752 4936 3096 4991 Ambrosium
3127 4935 3382 4992 Gratiano
3409 4937 3525 5006 pol-

1932 5031 2136 5086 licitum
2182 5030 2345 5086 fuisse
2373 5030 2710 5085 divinitatem
2752 5030 2922 5084 sancti
2962 5029 3196 5098 Spiritus
3235 5030 3382 5085 edito
3414 5038 3523 5083 tra-

1925 5132 2071 5178 Ctatu
2125 5137 2184 5177 se
2231 5122 2604 5193 probaturum.
2652 5121 2837 5176 Fidem
2883 5135 3034 5174 suam
3067 5121 3167 5176 hac
3197 5123 3250 5175 in
3289 5136 3349 5174 re
3389 5118 3526 5171 libe-

1928 5217 2066 5271 ravit
2144 5217 2365 5270 ineunte
2425 5213 2529 5268 hoc
2565 5228 2705 5266 anno
2738 5212 2985 5284 (Admon.
3016 5213 3069 5265 in
3110 5211 3200 5264 lib.
3232 5211 3296 5263 de
3318 5206 3526 5276 Spiritu

1929 5303 2163 5374 sancto),
2215 5313 2430 5373 tresque
2461 5318 2589 5356 suos
2617 5302 2783 5355 libros
2814 5301 2878 5352 de
2905 5299 3108 5367 Spiritu
3136 5306 3313 5352 sancto
3335 5335 3350 5360 ,
3389 5306 3527 5362 quos

1936 5397 2265 5453 Athanarico
2287 5396 2584 5451 Gothorum
2610 5409 2736 5462 rege
2764 5388 3228 5456 Constantinopoli
3273 5401 3367 5441 vut
3417 5384 3529 5438 kal.

1937 5489 2099 5544 Febr.
2126 5490 2234 5543 vita
2269 5486 2541 5547 defuncto,
2575 5484 2769 5553 publici
2796 5479 2935 5550 juris
2957 5477 3101 5540 fecit,
3134 5478 3334 5532 Caesari
3363 5476 3534 5530 misit.

1938 5582 1994 5637 ln
2029 5583 2111 5636 his
2138 5589 2315 5636 autem
2348 5575 2730 5632 elucubrandis
2777 5571 3002 5624 feliciter
3033 5581 3162 5619 usus
3191 5578 3274 5623 est
3312 5566 3536 5635 scriptis

1946 5675 2159 5746 Didymi
2194 5687 2256 5726 ac
2294 5669 2514 5733 Basilii,
2580 5681 2684 5719 non
2712 5661 2927 5730 quidem
2973 5664 3032 5709 ut
3059 5657 3299 5730 Escpim
3354 5655 3541 5714 comi.

1945 5769 2082 5822 culte
2111 5767 2287 5820 instar
2309 5761 2503 5814 alienis
2532 5755 2728 5825 plumis
2756 5766 2814 5803 se
2843 5755 3162 5824 ostentaret,
3195 5752 3291 5807 sed
3314 5750 3434 5821 apis
3460 5746 3546 5800 in.

1954 5851 2177 5911 duStrize
2213 5865 2278 5904 ex
2311 5839 2533 5904 floribus
2559 5829 2784 5895 diversis
2806 5840 2953 5914 favos
2976 5839 3237 5896 condiret;
