4156 6370
519 409 590 466 ss
1741 395 1903 457 VITA
1943 379 2190 457 ssnon
2231 385 2548 458 AMBROSII
3754 402 3824 456 ei

595 523 687 580 49.
729 522 986 592 Quamvis
1033 525 1292 592 appareat
1340 517 1657 575 Gratianum
1706 517 1890 574 Sirmii
1943 513 2123 573 adhuc
2148 501 2205 580 Α
2227 531 2348 572 cum
2375 531 2535 574 nemo
2562 531 2682 573 esse
2709 518 2908 584 vellet;
2941 516 3282 586 Ambrosius,
3314 523 3371 573 ut
3391 517 3482 573 ille
3510 515 3698 587 refert,
3728 533 3825 589 per

523 625 951 674 commorantem
970 614 1207 670 Palladio
1225 621 1278 670 et
1293 611 1859 669 SecundianoArianaz
1873 611 2125 667 factionis

524 709 796 779 episcopis
842 705 945 776 ipsi
989 703 1372 768 molestissime
1419 701 1844 759 obtundentibus
1894 701 2120 757 invitam

523 801 898 867 concessisse,
948 808 1006 854 ut
1060 797 1325 868 Aquileia:
1371 796 1610 869 synodus
1657 806 1983 866 cogeretur;
2016 803 2122 851 non

527 904 710 951 tamen
761 907 880 950 eam
925 897 1052 948 ante
1093 903 1340 947 mensem
1378 889 1755 961 Septembrem
1800 889 1959 944 istius
1995 888 2125 945 anni

526 986 853 1044 celebratam
891 999 1014 1041 esse
1053 984 1279 1040 concedi
1321 989 1519 1054 potest.
1567 981 1833 1038 Volabant
1863 981 1938 1037 illi
1979 997 2128 1038 cecu-

525 1082 796 1139 menicum
821 1093 944 1135 esse
967 1078 1068 1134 hoc
1091 1078 1404 1143 concilium,
1428 1078 1821 1148 universosque
1844 1075 2128 1147 episcopos

527 1177 760 1234 desertis
787 1174 902 1230 suis
929 1173 1184 1246 gregibus
1214 1189 1280 1229 eo
1305 1174 1602 1229 convenire
1632 1193 1645 1228 :
1678 1170 1773 1227 sed
1795 1185 1919 1226 cum
1941 1184 2129 1240 super-

525 1270 695 1326 ﬂuum
742 1267 858 1323 fore
897 1275 1108 1322 tantum
1141 1263 1382 1322 laborem
1422 1261 1742 1320 Ambrosius
1771 1264 2132 1336 persuasisset

522 1361 863 1433 imperatori,
893 1373 958 1416 es
983 1361 1100 1430 ejus
1128 1357 1358 1415 consilio
1392 1357 1534 1414 idem
1565 1357 1858 1414 Gratianus
1883 1357 2131 1412 seniores

528 1456 815 1524 episcopos
842 1461 936 1508 aut
963 1451 1255 1508 debiliores
1274 1451 1342 1506 ab
1369 1451 1472 1506 hac
1500 1449 1782 1507 subeunda
1819 1447 2132 1520 fatigatione

530 1549 804 1604 immunes
829 1544 975 1601 fecit.
1019 1545 1085 1600 Et
1112 1544 1240 1600 illuc
1271 1551 1459 1600 revera
1513 1543 1707 1614 exiguo
1735 1555 1961 1597 numero
1985 1555 2130 1610 prae-

526 1646 674 1702 sules
698 1649 1023 1709 convenere,
1071 1639 1166 1696 sed
1213 1643 1338 1695 vita:
1377 1638 1574 1695 merito
1605 1648 1662 1694 et
1704 1636 1966 1693 doctrinas
1994 1650 2130 1706 prte-

530 1739 727 1796 stantia
755 1737 1021 1793 celebres.
1054 1731 1285 1790 Abunde
1311 1749 1341 1789 a
1369 1733 1528 1788 nobis
1555 1731 1675 1788 loco
1714 1745 1812 1786 suo
1843 1741 2023 1786 actum
2051 1733 2134 1784 est

530 1834 599 1890 de
643 1833 744 1886 hoc
794 1842 1066 1886 conventu
1115 1829 1361 1900 (Admon.
1396 1827 1450 1882 in
1481 1825 1784 1898 epistolas);
1834 1821 1964 1880 illud
2002 1837 2132 1894 ergo

2229 621 2495 668 secretam
2531 609 2749 683 januam
2792 611 2858 666 ad
2902 610 3218 669 Gratianum
3267 623 3577 684 penetrans,
3621 612 3825 670 misero

2229 717 2436 775 pagano
2467 703 2649 759 delicti
2674 703 2900 772 gratiam
2928 705 3252 773 impetravit.

2301 797 2390 853 52.
2426 796 2540 852 Hoc
2561 797 2722 853 etiam
2750 813 2893 853 anno
2922 800 3146 870 contigit
3175 807 3230 853 ut
3254 797 3362 853 duo
3382 798 3699 854 cubicularii
3727 799 3830 854 im-

2231 891 2497 962 peratoris
2521 890 2705 961 (Paul.
2741 893 2792 947 in
2840 890 2960 947 Vita
2986 892 3189 957 Ambr.,
3219 909 3361 946 num.
3394 891 3483 958 18,
3516 902 3563 946 et
3591 892 3642 945 in
3670 887 3826 952 Adin.

2230 987 2286 1040 in
2311 985 2398 1040 lib.
2434 985 2496 1040 de
2527 983 2680 1040 Dom.
2712 981 2931 1040 Incarn.
2963 983 3148 1059 sacr.),
3181 986 3268 1056 qui
3292 985 3635 1042 sectabantur
3651 995 3836 1056 partes

2229 1080 2554 1136 Arianorum
2579 1120 2594 1146 ,
2630 1090 2873 1134 sanctum
2911 1077 3193 1135 Doctorem
3225 1078 3291 1134 ad
3324 1077 3590 1148 publicam
3617 1075 3686 1135 de
3712 1095 3834 1152 my-

2231 1172 2396 1228 sterio
2421 1171 2818 1228 Incarnationis
2839 1171 3284 1243 disceptationem
3317 1181 3694 1243 provocarent.
3725 1172 3836 1228 Re-

2232 1272 2455 1335 ceperat
2481 1264 2571 1320 ille
2599 1265 2651 1319 in
2684 1264 2933 1320 Portiana
2958 1265 3181 1321 basilica
3215 1265 3316 1322 hoc
3343 1282 3404 1322 se
3430 1251 3718 1334 facturum,
3743 1266 3840 1323 cui

2233 1358 2501 1428 promisso
2520 1400 2534 1423 ,
2556 1367 2613 1413 ut
2631 1357 2940 1414 condictum
2968 1357 3159 1426 fuerat,
3185 1360 3405 1415 minimc
3429 1355 3617 1416 defuit.
3636 1359 3842 1417 Verum

2234 1457 2356 1508 cuni
2385 1452 2470 1506 isti
2503 1463 2567 1507 ex
2615 1452 2770 1524 equis
2816 1461 3133 1510 corrncntes
3167 1451 3352 1509 fractis
3392 1449 3697 1510 cervicibus
3723 1456 3844 1508 ani-

2233 1557 2377 1598 mam
2418 1541 2794 1610 exbalassent,
2839 1539 3162 1600 Ambrosius
3208 1543 3468 1601 terribilis
3505 1543 3647 1600 illius
3681 1557 3844 1602 casus

2235 1636 2474 1694 nondum
2500 1637 2720 1702 certior,
2762 1651 2886 1692 eum
2913 1652 3218 1693 sermonem
3250 1637 3314 1692 ad
3345 1635 3597 1708 populum
3627 1635 3839 1706 habuit,

2239 1727 2382 1782 unde
2410 1725 2626 1783 libellus
2671 1725 2750 1782 De
2781 1727 3168 1784 Incartiationis
3208 1728 3497 1784 Dominicw
3523 1739 3842 1785 sacramento

2235 1819 2592 1874 concinnatus
2619 1828 2724 1875 est.
2753 1817 3005 1875 Attamen
3028 1820 3206 1876 eidem
3237 1829 3557 1891 argumento
3583 1836 3836 1878 accesse-

530 1932 739 1980 tantntn
794 1924 882 1978 hic
911 1895 1216 1993 .adjicimus
1259 1920 1456 1977 ibidem
1506 1895 1855 1974 Ambrosium
1911 1915 2132 1971 Patrum
2163 1895 2213 1966 Β
2241 1917 2366 1966 runt
2394 1910 2621 1966 duarum
2661 1911 3036 1968 difficultatum
3063 1954 3078 1978 ,
3123 1926 3257 1984 quas
3286 1912 3470 1969 Ariani
3501 1930 3596 1982 per
3623 1912 3839 1968 Gratia-

534 2017 765 2072 aliornm
787 2021 956 2085 prope
982 2014 1220 2069 omnium
1248 2028 1370 2068 cum
1395 2013 1446 2067 in
1477 2007 2133 2080 diSpntandocontradic-

534 2117 624 2165 tos
649 2109 936 2164 btereticos
965 2149 979 2172 ,
1017 2115 1128 2161 tum
1158 2105 1212 2161 in
1251 2119 1439 2162 eorum
1468 2104 1816 2160 damnatione
1846 2117 1942 2171 per
1967 2115 2134 2172 syno-

535 2201 686 2258 dicas
735 2199 992 2270 epistolas
1021 2197 1336 2254 absentibus
1367 2196 1638 2269 episcopis
1665 2202 1758 2252 aut
1803 2193 2138 2266 principibus

538 2289 903 2348 denuntianda
932 2291 1079 2345 vices
1105 2288 1362 2345 oblvisse.

611 2388 700 2443 50.
745 2383 874 2457 (An.
905 2380 1062 2453 582.)
1101 2381 1402 2452 Opinantur
1424 2379 1670 2435 nonnulli
1705 2377 1770 2434 ad
1803 2377 1942 2433 idem
1971 2377 2140 2446 Aqui-

541 2479 746 2536 leiense
767 2477 1056 2532 concilium
1085 2475 1357 2545 pertinere
1380 2473 1525 2528 illam
1557 2471 1838 2544 epistolam
1869 2467 1995 2542 (Ep.
2027 2464 2139 2539 i3),

541 2587 665 2642 qute
721 2572 800 2625 sic
855 2568 1202 2624 inscribitur:
1255 2566 1556 2622 Ambrosius
1603 2571 1652 2620 et
1701 2567 1870 2618 caeteri
1914 2563 2144 2636 episcopi

542 2663 757 2729 Italia;
800 2661 896 2716 sed
940 2661 1276 2716 contendunt
1305 2659 1396 2714 alii
1424 2671 1543 2715 eam
1583 2656 1987 2714 attribuendam
2019 2669 2142 2712 esse

542 2755 703 2812 alteri
733 2753 967 2810 concilio
990 2796 1006 2822 ,
1056 2752 1198 2824 quod
1231 2751 1285 2807 in
1326 2753 1578 2822 quapiam
1606 2750 1814 2806 urbium
1849 2745 2013 2805 Italiae
2044 2749 2145 2806 sub

546 2834 1018 2916 initium'hujnsce
1055 2847 1183 2900 anni
1210 2845 1545 2901 celebratum
1577 2849 1680 2900 est.
1727 2843 1929 2916 Synodi
1959 2843 2146 2899 Patres

548 2942 617 2997 ad
645 2935 1008 2996 Theodosium
1031 2938 1279 2994 detulere
1307 2937 1556 3008 querelas
1585 2951 1735 3003 snas,
1765 2931 1907 3007 quod
1931 2945 2146 2990 mortuo

552 3033 791 3096 Meletio,
824 3045 1109 3086 successor
1135 3029 1188 3085 in
1217 3032 1334 3100 ejus
1355 3029 1532 3084 locum
1555 3027 1814 3083 suffectus
1835 3035 2001 3094 esset,
2024 3041 2146 3081 cum

549 3141 619 3183 ex
650 3125 778 3181 inita
803 3125 1170 3180 conventione
1195 3120 1354 3180 sedes
1381 3121 1717 3179 Antiocliena
1740 3121 2027 3178 deberetur
2055 3122 2147 3176 uni

545 3218 800 3276 Paulino.
844 3219 1134 3288 Conquesti
1165 3227 1291 3273 sunt
1317 3218 1482 3272 etiam
1521 3217 1590 3272 de
1620 3215 1854 3272 Nectarii
1882 3217 2148 3272 electione

2240 2021 2367 2060 num
2419 2006 2593 2077 ipsum
2641 2006 2754 2062 viro
2795 2016 2983 2062 sancto
3032 2013 3464 2078 preposuerant,
3514 2003 3835 2064 solutiones.

2243 2097 2480 2165 Quarum
2512 2097 2731 2168 quidem
2766 2097 3138 2154 difficultatum
3178 2099 3323 2170 prior
3361 2102 3416 2154 in
3447 2099 3668 2154 vocibus
3697 2100 3841 2171 geni-

2244 2195 2326 2242 tus
2353 2198 2512 2258 atque
2541 2187 2801 2260 ingenitus
2830 2189 3001 2259 posita
3034 2197 3153 2244 erat
3171 2231 3184 2256 ,
3216 2189 3483 2257 posterior
3511 2191 3654 2244 circa
3684 2188 3842 2244 Chri-

2245 2278 2314 2334 sti
2341 2278 2785 2348 omnipotentiam
2810 2278 3148 2334 versabatur.
3185 2277 3240 2333 lo
3265 2279 3365 2335 hoc
3388 2295 3549 2350 porro
3572 2279 3843 2338 Ambrosii

2245 2372 2443 2428 mirum
2486 2372 2540 2426 in
2588 2370 2806 2426 modum
2849 2373 3027 2428 elucet
3063 2369 3361 2440 modestia,
3407 2372 3549 2444 quod
3580 2389 3702 2429 cum
3733 2391 3840 2431 non

2249 2463 2488 2534 potuerit
2515 2472 2872 2519 memoratum
2900 2476 3158 2520 eventum
3184 2481 3290 2521 non
3317 2480 3666 2536 cognoscere,
3691 2477 3845 2524 ante—

2251 2567 2411 2626 quam
2442 2554 2619 2610 eidem
2651 2555 2889 2612 sermoni
2923 2571 3022 2612 suo
3051 2555 3172 2612 libri
3212 2556 3438 2612 formam
3471 2559 3844 2616 accommoda-

2246 2661 2330 2708 ret
2355 2668 2370 2718 ;
2398 2651 2586 2707 mortis
2616 2659 2798 2706 tamen
2833 2649 3125 2707 infelicium
3152 2651 3340 2708 horum
3359 2651 3614 2724 juvenum
3638 2652 3841 2712 nullam

2249 2744 2470 2800 omnino
2495 2743 2682 2799 fecerit
2703 2743 3052 2799 mentionem.

2323 2841 2412 2898 55.
2452 2837 2714 2896 Vertente
2738 2839 2839 2894 hoc
2864 2851 3005 2892 anno
3030 2835 3348 2893 Ambrosius
3375 2837 3600 2892 Romam
3630 2851 3688 2893 se
3713 2852 3846 2894 con-

2253 2937 2375 2993 tulit
2401 2978 2415 3003 ,
2451 2946 2509 2992 ut
2550 2945 2743 3006 magno
2773 2933 3003 3008 concilio
3033 2933 3176 3004 quod
3211 2918 3320 2987 iltle
3350 2927 3588 2987 habitum
3611 2935 3727 3000 est,
3763 2933 3846 2988 in-

2253 3038 2503 3086 teresset.
2541 3027 2676 3083 Dum
2713 3025 2911 3083 ibidem
2942 3033 3160 3097 ageret,
3193 3025 3382 3082 morbo
3411 3038 3693 3097 correptus
3723 3037 3804 3082 est
3826 3069 3842 3097 ,

2253 3123 2308 3178 in
2339 3137 2445 3193 quo
2473 3131 2597 3176 eum
2637 3129 2855 3175 sanctus
2882 3118 3176 3184 Acholius,
3219 3126 3376 3188 qnem
3409 3117 3461 3173 in
3489 3117 3687 3174 Urbem
3718 3134 3851 3173 evo-

2255 3225 2470 3272 caverat
2514 3213 2701 3270 eadem
2753 3225 2939 3278 causa,
2988 3212 3223 3267 invisere
3273 3211 3582 3280 neutiquam
3622 3211 3845 3267 omisit:

545 3311 614 3367 ad
668 3311 1332 3382 Constantinopolitanum
1377 3311 1746 3380 episcopatum
1776 3320 1790 3374 ;
1837 3319 1960 3364 cum
2002 3310 2146 3364 enim
2175 3296 2220 3360 C
2254 3307 2406 3378 cujus
2433 3315 2782 3378 congressum
2811 3303 3030 3359 maximi
3061 3301 3305 3359 beneficii
3334 3303 3452 3358 luco
3478 3303 3712 3376 ponebat
3738 3303 3851 3359 An-

549 3406 818 3461 Maximns
852 3405 995 3459 Petri
1026 3403 1376 3459 Alexandrini
1405 3401 1612 3457 litteras
1638 3401 1703 3455 ad
1733 3417 1828 3456 eos
1855 3401 2150 3469 attulisset,

551 3499 730 3568 ipsunt
779 3511 906 3552 vere
952 3501 1010 3551 et
1047 3509 1112 3550 es
1153 3495 1448 3549 canonlbns
1485 3493 1717 3548 electam
1761 3503 1880 3548 esse
1923 3493 2154 3548 arbitra-

552 3589 771 3644 bantur.
817 3583 1210 3642 Humanlssime
1248 3586 1480 3640 concilio
1522 3585 1798 3654 rescripsit
1835 3583 2151 3654 imperator,

553 3681 713 3750 eique
744 3677 957 3732 Maximi
979 3674 1167 3747 Cynici
1193 3675 1404 3730 fraudes
1432 3675 1663 3744 aperuit.
1691 3674 1952 3743 Quocirca
1974 3675 2153 3731 eidem

555 3770 786 3842 principi
829 3769 990 3823 aliam
1021 3769 1303 3839 epistolam
1335 3767 1576 3840 synodus
1612 3765 1759 3822 misit
1798 3767 1994 3840 (Epist.
2038 3767 2151 3840 14),

555 3860 744 3930 illique
776 3859 1008 3932 primum
1041 3861 1307 3914 rationem
1340 3857 1609 3924 reddidit,
1652 3865 1749 3914 cni‘
1774 3869 1896 3914 enm
1923 3860 2155 3915 Maximo

557 3964 614 4010 et
638 3952 888 4009 Nectarii»
937 3953 1007 4006 ita
1054 3965 1113 4006 se
1137 3953 1434 4032 gessisset:
1486 3962 1598 4006 tum
1654 3960 1915 4022 praeterea
1956 3955 2155 4023 gratias

557 4047 671 4118 egit
689 4087 704 4112 ,
730 4044 873 4116 quod
906 4045 1073 4116 ipsius
1101 4044 1366 4100 beneficio
1397 4042 1661 4100 Ecclesia:
1689 4044 1981 4100 orientales
2012 4047 2158 4100 oeci-

557 4138 916 4207 dentslesque
953 4149 1110 4204 ~paee
1165 4136 1508 4192 fruerentur:
1561 4143 1837 4206 postremo
1887 4137 2157 4194 fautorem

556 4230 845 4300 quemdam
884 4225 1393 4297 Apollinaristarnm
1438 4223 1583 4298 justa
1631 4229 1978 4286 damnatione
2023 4239 2054 4284 a‘
2099 4244 2159 4286 se

561 4323 858 4380 coercitum
901 4335 1024 4376 esse
1073 4319 1362 4376 nuntiavit.

632 4413 724 4469 5t.
766 4415 903 4470 Huic
951 4427 1095 4468 sono
1141 4414 1307 4468 etiam
1355 4411 1629 4479 tribuitur,
1676 4413 1818 4484 quod
1865 4421 1897 4468 α
1933 4403 2160 4471 Paulino

560 4519 898 4568 memoratur
923 4507 1202 4563 accedenti
1232 4508 1298 4562 ad
1321 4508 1575 4578 palatium
1607 4519 1795 4564 sancto
1822 4508 2068 4578 Prassnli,
2101 4517 2162 4565 ut

559 4604 776 4660 cuidam
799 4617 828 4656 a
851 4601 1109 4657 Gratiano
1131 4601 1341 4656 veniam
1367 4602 1687 4671 postularet,
1713 4611 1964 4672 negatum
1991 4601 2160 4660 fuisse

2256 3401 2410 3456 tistes
2439 3408 2642 3454 noster.
2680 3395 3048 3466 Quorumdam
3074 3403 3252 3451 autem
3275 3391 3460 3467 Opinio
3487 3407 3567 3451 est
3595 3395 3850 3454 eumdem

2254 3495 2600 3550 Ambrosium
2623 3493 2850 3548 Romam
2885 3502 2995 3546 tum
3025 3491 3256 3562 primum
3289 3507 3354 3548 ex
3381 3501 3489 3562 qno
3526 3483 3768 3564 (corpore
3797 3495 3850 3548 in

2256 3587 2568 3657 episcopum
2601 3583 2805 3640 electus
2838 3581 3046 3647 fuerat,
3096 3579 3396 3653 profectum
3430 3593 3573 3640 esse.
3619 3579 3772 3652 Quod
3804 3587 3853 3641 si

2255 3692 2441 3734 Verum
2466 3685 2568 3743 est,
2602 3677 2725 3732 huic
2747 3675 2928 3732 itineri
2957 3675 3235 3732 tribuenda
3266 3685 3444 3742 erunt,
3471 3689 3589 3748 qua:
3612 3687 3726 3749 post
3753 3697 3851 3732 an-

2258 3786 2351 3824 nos
2372 3771 2565 3839 aliquot
2587 3767 2928 3823 ordinationis
2953 3784 3080 3836 suae,
3115 3777 3169 3822 ut
3198 3767 3456 3824 Paulinus
3473 3779 3738 3825 memorat
3762 3767 3854 3841 (lu

2269 3861 2386 3918 Vita
2403 3859 2601 3927 Διώνη
2631 3877 2683 3913 η.
2712 3859 2745 3915 9
2766 3871 2812 3914 et
2837 3859 2946 3931 l0),
3003 3861 3101 3929 ipsi
3126 3853 3490 3931 ccutigerunt.
3523 3861 3746 3916 Matrem
3795 3867 3850 3918 in

2257 3955 2394 4008 vivis
2423 3953 2542 4022 ipse
2570 3965 2676 4006 non
2700 3952 2925 4022 reperit,
2951 3949 3046 4007 sed
3070 3953 3142 4006 ibi
3167 3949 3300 4006 vidit
3320 3951 3466 4008 illam
3489 3953 3742 4022 puellam,
3767 3954 3856 4010 cui

2259 4061 2476 4102 manum
2513 4044 2642 4100 olim
2685 4044 2960 4116 porrigere
3001 4053 3358 4099 consueverat
3391 4045 3808 4101 exosculandam
3835 4085 3853 4110 ,

2260 4154 2324 4195 ac
2353 4137 2576 4194 tandem
2618 4136 2829 4194 mulieri
2873 4135 3182 4208 paralyticae
3227 4133 3457 4192 restituit
3487 4138 3854 4195 membrorum

2261 4247 2440 4288 usum.
2475 4231 2571 4286 llis
2600 4231 2749 4286 addit
2772 4229 3033 4285 Baronius
3063 4239 3306 4285 sanctum
3331 4231 3643 4302 episcOpum
3671 4232 3857 4288 stabu-

2265 4326 2415 4382 laria:
2461 4325 2674 4380 cuidam
2723 4325 2791 4380 ob
2847 4339 3136 4395 prosperos
3181 4339 3464 4380 successus
3507 4327 3856 4383 insolescenti

2265 4419 2440 4475 diram
2477 4413 2762 4474 imminere
2799 4417 3090 4473 vindictam
3123 4421 3551 4490 praenuntiasse:
3595 4421 3690 4476 sed
3734 4421 3859 4476 huic

2269 4511 2549 4568 traditioni
2582 4512 2726 4566 nulla
2753 4509 3036 4582 scriptoris
3064 4513 3264 4567 veteris
3290 4512 3580 4568 auctoritas
3599 4513 3859 4585 astipula—

2266 4612 2371 4660 tur.
2419 4603 2630 4672 Quanta
2674 4617 2804 4658 vero
2849 4617 2971 4657 cum
3016 4601 3292 4673 Voluptate
3331 4603 3636 4662 charissimi
3679 4606 3858 4663 fratris

561 4696 766 4752 aditum
796 4709 828 4749 a
862 4693 1175 4750 Macedonio
1208 4694 1468 4764 magistro
1493 4693 1815 4762 officiordm,
1845 4695 2001 4767 eique
2029 4699 2161 4753 Atn-
2185 4675 2238 4744 Ῑ)
2265 4701 2562 4767 conspectu
2583 4707 2635 4751 et
2658 4694 2931 4766 colloquio
2957 4681 3268 4750 Marcelline
3296 4696 3461 4767 potita
3483 4696 3645 4753 fuerit
3666 4714 3856 4768 quam-

559 4789 802 4847 brosium
831 4789 1067 4844 divinam
1099 4787 1360 4843 ultionetn
1389 4787 1461 4842 ita
1491 4787 1805 4857 przedixisse
1830 4807 1841 4842 :
1871 4787 1937 4844 Et
1967 4799 2020 4844 tu
2047 4792 2156 4862 quiv

564 4885 682 4938 dem
707 4885 871 4936 venies
899 4882 968 4935 ad
995 4880 1286 4935 Ecclesium
1305 4922 1320 4946 ,
1353 4897 1463 4948 nec,
1493 4881 1685 4936 clausis
1703 4883 1907 4952 janttis,
1937 4883 2163 4939 invenies

562 4991 665 5048 quo
684 4974 997 5046 ingrediaris
1022 4973 1261 5046 (Paulin.
1287 4975 1340 5027 in
1362 4972 1478 5029 Vita
1501 4973 1859 5042 Ambr.,num.
1875 4971 1991 5050 57).
2008 4971 2162 5044 Quod

562 5069 651 5125 rei
660 5079 750 5138 psa
761 5065 1323 5132 Gratiannesstincto,
1341 5066 1430 5121 ille
1451 5073 1711 5136 expertus
1726 5073 1829 5122 est.
1845 5066 1903 5122 Si
1919 5075 2166 5138 propter-

564 5175 629 5217 ea
653 5159 771 5215 haec
789 5157 1058 5215 Ambrosii
1079 5159 1427 5214 comminatio
1450 5160 1551 5214 hoc
1576 5171 1719 5215 anno
1757 5160 1992 5230 ponitur,
2018 5159 2164 5232 quod

564 5267 689 5310 cum
721 5250 864 5307 facta
894 5257 997 5315 est,
1027 5249 1315 5306 Gratianus
1341 5258 1650 5306 versaretur
1673 5252 2005 5319 Mediolani;
2041 5265 2161 5308 cuin

567 5344 779 5400 duobus
800 5343 958 5398 annis
982 5343 1354 5414 superioribus
1381 5344 1580 5400 ibidem
1610 5344 1773 5399 etiam
1799 5351 2165 5401 commoratus

569 5439 662 5500 sit.
695 5437 886 5493 eodem
927 5435 1049 5508 jure
1081 5437 1134 5490 in
1169 5436 1403 5492 alterum
1448 5449 1514 5493 ex
1558 5437 1662 5492 illis
1693 5446 1868 5507 potest
1898 5431 2162 5495 revocari.

570 5529 916 5600 Proindeque
943 5531 996 5584 in
1024 5527 1164 5584 illius
1190 5535 1434 5600 tempore
1463 5529 1598 5585 certi
1639 5531 1771 5584 nihil
1802 5535 1907 5585 est.
1939 5529 2166 5587 Videtur

575 5630 756 5678 autem
797 5635 927 5678 vero
965 5621 1185 5694 propius
1227 5622 1378 5676 illum
1420 5631 1575 5677 reum
1611 5621 1860 5698 eumdem
1895 5635 2037 5691 esse,
2075 5618 2169 5694 qui

575 5713 878 5771 Sozomeno
905 5723 1062 5782 teste,
1095 5727 1219 5770 cum
1247 5721 1391 5769 esset
1426 5723 1686 5784 paganus,
1718 5712 2020 5769 Gratianum
2047 5731 2171 5771 con-

2265 4804 2371 4861 qne
2413 4789 2644 4843 sollicite
2691 4787 3077 4842 ministraverit
3113 4786 3235 4842 huic
3275 4791 3582 4859 aegrotanti,
3616 4805 3735 4844 cum
3767 4805 3862 4845 ex-

2266 4883 2467 4954 plicato
2490 4881 2678 4936 inUtile
2699 4882 2952 4937 Paulinus
2971 4881 3207 4949 duxerit,
3242 4897 3341 4938 nos
3361 4895 3574 4955 quoque
3597 4885 3859 4940 lectorum

2265 4973 2623 5043 relinquimus
2653 4975 2986 5045 cogitationi.

2338 5064 2428 5120 δι.
2471 5065 2740 5122 Przeterea
2775 5068 2933 5145 hujus
2962 5067 3091 5125 anni
3137 5079 3223 5128 est
3262 5075 3408 5142 pium
3439 5069 3570 5126 illud
3611 5069 3859 5128 Gratiani

2270 5158 2530 5226 edictum,
2563 5173 2671 5229 quo
2698 5161 2940 5216 victoria:
2996 5169 3145 5218 aram
3175 5179 3241 5218 ex
3280 5169 3494 5229 senatu,
3545 5163 3689 5219 unde
3714 5163 3862 5218 illam

2269 5249 2622 5305 Constantius
2647 5251 2758 5320 jam
2787 5264 3112 5321 removerat,
3147 5266 3465 5324 reposuerat
3488 5262 3667 5308 autem
3697 5251 3869 5308 Julia-

2271 5357 2372 5398 nus
2391 5347 2657 5413 apostata,
2688 5342 2800 5398 tolli
2828 5341 3075 5414 jllliebal.
3107 5341 3405 5401 Anferebat
3435 5348 3658 5416 insuper
3687 5357 3868 5401 vesta-

2269 5435 2402 5492 lium
2436 5436 2712 5507 privilegia
2736 5477 2750 5502 ,
2799 5435 3228 5494 sacrificulorum
3269 5439 3579 5505 commoda,
3611 5447 3666 5494 et
3703 5456 3868 5511 pecu-

2271 5529 2388 5584 nias
2437 5526 2822 5582 sacrificiorum
2863 5527 3166 5597 sumptibus
3201 5529 3518 5587 destinatas.
3562 5529 3870 5588 ldololatrm

2271 5627 2332 5676 ut
2385 5619 2490 5675 hoc
2520 5621 2840 5690 ltnperatum
2892 5629 3283 5687 revocaretur,
3337 5620 3473 5678 nihil
3527 5621 3868 5692 omiserunt;

2274 5725 2445 5784 eaque
2465 5713 2532 5767 de
2560 5721 2723 5767 causa
2747 5719 2843 5781 per
2863 5708 3244 5782 Symmachum
3269 5710 3664 5770 nobilissimum
3694 5716 3869 5771 virum

585 5807 732 5863 vidis
762 5807 1099 5873 facsraurat,
1127 5815 1174 5860 et
1203 5817 1348 5878 patre
1374 5805 1643 5876 indignum
1676 5807 2021 5877 appellaverat
2047 5806 2175 5879 (So-
2276 5811 2332 5861 et
2381 5811 2653 5858 oratorem
2732 5802 3177 5860 facundiSsimum
3241 5806 3582 5890 imperatorl'
3627 5803 3873 5865 libellum

584 5921 719 5963 sam.
740 5906 830 5962 lib.
855 5921 948 5976 vn,
973 5924 1022 5965 ε.
1041 5908 1160 5980 25).
1183 5907 1349 5982 Cujus
1368 5911 1686 5984 deprecator
1707 5910 1849 5986 apud
1874 5914 2173 5988 principem

2277 5900 2543 5963 obtulere.
2575 5901 2646 5963 At
2677 5911 2894 5961 sanctus
2916 5915 3102 5964 noster
3131 5904 3284 5976 cujus
3302 5903 3530 5964 consilio
3575 5902 3872 5976 imperato-

4127 2555 4129 2702 Ὺ
