4156 6370
340 386 414 446 ss
1241 379 1335 436 ex
1377 377 1541 437 EJUS
1579 369 1999 436 Portssutmt
2035 359 2348 432 scatens
2385 363 2768 434 COLLECTA.
3581 379 3652 438 ss

337 514 462 556 rem
485 491 604 553 bzec
651 487 961 552 decrevisse
1011 485 1299 565 probabile
1328 497 1412 547 est
1440 532 1454 557 ,
1507 489 1596 546 ubi
1649 503 1679 544 a
1714 490 1943 548 Damaso
1969 477 2023 553 Α
2051 502 2180 560 pere
2211 499 2308 543 sua
2339 493 2500 545 causa
2549 489 2802 557 dolebat,
2861 493 3022 562 quatit
3055 491 3346 563 Ecclesiae,
3393 493 3513 565 quae
3555 493 3657 550 im-

337 591 588 648 Romano
618 587 874 662 pontiilce
899 581 1661 643 christianorum’senatorum
1691 584 1935 640 libellum

335 684 549 754 accepit
596 681 803 756 (Epist.
836 673 942 748 l7,
992 695 1136 733 num.
1166 677 1289 747 10),
1336 685 1442 732 tam
1491 675 1784 732 efﬁcaciter
1829 677 1938 747 egit

334 776 478 848 apud
505 773 803 840 Caesarem,
832 779 894 828 ut
922 769 1166 843 ejusdem
1198 771 1466 840 rescripto
1493 769 1572 824 vis
1599 783 1698 824 sua
1729 770 1935 840 integra

333 875 668 934 servaretur,
724 873 780 922 et
825 863 1043 920 libellus
1102 861 1552 934 Symmachianus
1601 875 1670 916 ne
1715 861 1933 933 quidem

333 960 608 1032 legeretur
631 974 658 1012 a
688 957 974 1023 Gratiano,
1017 965 1074 1012 ut
1101 971 1207 1011 non
1238 965 1444 1010 temere
1488 955 1686 1025 conjici
1735 963 1929 1025 potest.

405 1049 497 1108 55.
541 1050 690 1124 (An.
736 1048 904 1120 585.)
976 1048 1088 1105 lloc
1148 1063 1294 1103 anno
1351 1047 1540 1104 vitam,
1580 1049 1934 1119 temporalem

329 1151 532 1201 aeterna
563 1141 790 1198 mutavit
817 1151 1040 1196 sanctus
1070 1139 1352 1196 Acholius.
1389 1140 1519 1210 Ejus
1551 1139 1758 1195 obitum
1811 1141 1931 1214 epi-

328 1237 480 1308 scopi
511 1231 841 1312 Macedonim
891 1243 945 1290 et
970 1235 1153 1291 clerus
1201 1234 1348 1289 urbis
1389 1234 1793 1290 Thessalonicae
1835 1250 1933 1306 per

325 1331 540 1386 litteras
588 1329 748 1386 beato
806 1328 1122 1395 Ambrosio,
1172 1328 1263 1399 qui
1318 1328 1637 1383 mirabiliori
1696 1328 1928 1400 quadam

327 1423 542 1478 ratione
568 1421 718 1476 illum
736 1421 848 1492 jam
880 1429 1128 1484 noverat,
1159 1421 1556 1492 significarent.
1589 1421 1928 1493 ReSpOttsum

323 1514 391 1570 ad
423 1530 520 1571 eos
549 1515 696 1569 misit
740 1525 962 1570 sanctus
992 1514 1221 1580 Prmsul,
1254 1515 1307 1569 itt
1335 1531 1441 1586 quo
1471 1521 1752 1586 postquam
1798 1517 1927 1571 inti-

321 1623 474 1662 mum
513 1619 671 1663 suum
727 1606 794 1662 de
837 1619 1010 1663 morte
1041 1607 1176 1663 tanti
1199 1609 1464 1664 antistitis
1495 1609 1739 1665 dolorem
1771 1619 1926 1680 pate-

323 1695 453 1754 fecit
506 1698 710 1770 (Epist.
745 1698 868 1771 15),
930 1707 988 1756 et
1033 1701 1279 1772 egregias
1323 1700 1440 1771 ejus
1493 1702 1720 1757 virtutes
1763 1703 1926 1772 justis

321 1791 573 1847 laudibus
606 1801 925 1862 prosecutus
945 1799 1050 1859 est,
1081 1795 1317 1849 lanatum
1347 1807 1405 1849 se
1426 1807 1548 1850 esse
1580 1797 1921 1861 testilicatur,

2043 581 2187 637 mani
2209 582 2431 638 vulnere
2458 582 2805 639 sauciabatur
2833 583 3040 640 crudeli
3079 586 3232 642 Caede
3257 586 3417 656 hujus
3449 587 3650 659 princis

2042 679 2127 748 pis
2147 719 2160 742 ,
2190 692 2349 747 quem
2385 693 2455 732 ex
2500 677 2680 734 indole
2729 679 2898 749 ipsius
2927 687 3088 751 atque
3115 682 3316 736 virtute
3341 681 3642 736 mximum

2039 769 2143 826 sibi
2172 769 2514 825 delensorem
2547 770 2663 826 fore
2685 783 3001 842 speraverat
3028 772 3222 845 (lbid.,
3281 781 3425 829 nam.
3459 773 3540 844 6).

2112 861 2202 932 58.
2243 862 2513 918 Cteterum
2548 877 2654 918 non
2692 863 2823 918 solis
2853 864 3034 921 verbis
3065 881 3174 937 prae
3201 881 3262 922 se
3285 866 3407 921 tulit
3428 873 3648 921 sanctus

2039 956 2328 1027 episc0pus
2351 963 2610 1027 quantum
2655 956 2756 1011 sibi
2775 957 2980 1013 doloris
3015 959 3318 1029 peperisset
3343 971 3489 1015 mors
3511 957 3649 1014 Gra-

2038 1052 2193 1118 tiani,
2225 1068 2412 1108 verum
2445 1060 2499 1107 et
2517 1051 2671 1106 lactis
2693 1067 2852 1121 quam
2880 1051 3041 1106 chara
3072 1054 3173 1107 sibi
3199 1065 3342 1110 esset
3371 1055 3516 1114 illius
3531 1065 3644 1116 me-

2037 1149 2241 1212 moria,
2276 1147 2556 1202 declarare
2607 1146 2798 1201 voluit.
2841 1145 3058 1201 Etenim
3113 1147 3494 1206 Valentiniano
3517 1167 3644 1223 ger-

2035 1253 2196 1293 mano
2217 1239 2333 1308 ejus
2360 1239 2626 1310 puerilem
2657 1248 2871 1293 aetatem
2899 1239 3138 1294 nondum
3171 1255 3415 1312 egresso,
3464 1255 3646 1313 pater-

2035 1347 2163 1386 nunt
2190 1334 2428 1386 animum
2491 1347 2552 1387 ac
2604 1330 2963 1402 patrocinium
2997 1332 3218 1386 omnino
3256 1333 3532 1404 exhibuit,
3584 1343 3643 1392 ut

2033 1423 2149 1495 ipse
2183 1433 2409 1479 testatur
2442 1425 2493 1479 in
2516 1424 2606 1478 illa
2637 1421 2800 1478 verba
2831 1441 2847 1479 2
2879 1421 3068 1496 Ego_te
3118 1425 3319 1494 suscepi
3344 1427 3638 1498 parvulum,

2032 1533 2148 1571 cum
2191 1518 2388 1588 legatus
2419 1515 2486 1570 ad
2542 1514 2736 1571 hostem
2768 1525 2910 1571 tuum
2952 1533 3249 1590 pergerem;
3301 1535 3394 1589 ego
3414 1517 3640 1576 Iustine

2032 1611 2276 1664 maternis
2304 1611 2548 1664 traditum
2587 1609 2822 1664 manibus
2868 1612 3142 1680 amplexus
3187 1625 3304 1664 sum
3343 1609 3446 1684 (De
3481 1611 3637 1666 Obitu

2041 1698 2240 1754 Valent.
2286 1702 2404 1770 ‘28).
2449 1701 2658 1756 Justina
2707 1701 2961 1757 videlicet
2996 1715 3120 1757 cum
3164 1699 3461 1773 improvisa
3501 1703 3638 1760 Gra-

2031 1790 2162 1846 tiatti
2208 1797 2386 1847 morte
2405 1791 2588 1847 omnia
2637 1791 2858 1847 confusa
2902 1803 2956 1847 et
2978 1793 3318 1863 perturbata,
3375 1805 3541 1864 seque
3569 1809 3634 1852 ac

320 1883 469 1954 quod
499 1883 552 1939 in
580 1884 698 1954 ejus
728 1885 906 1941 locum
934 1887 1167 1959 Anysius
1218 1886 1464 1956 ejusdem
1511 1887 1683 1941 sancti
1727 1888 1922 1958 dignus
1952 1887 2001 1959 ﬁ
2028 1883 2195 1938 illium
2246 1886 2300 1939 in
2327 1901 2540 1940 summo
2594 1886 2834 1955 periculo
2875 1900 2998 1941 esse
3028 1886 3400 1956 conspiceret,
3431 1887 3625 1942 confu-

319 1977 654 2049 discipulus,
695 1987 844 2036 esset
883 1981 1112 2037 locatus.
1168 1983 1341 2038 Aliam
1379 1989 1596 2052 quoque
1636 1983 1922 2053 epistolam

318 2071 528 2144 Auysio
549 2075 770 2143 scripsit
797 2073 992 2148 (Epist.
1026 2073 1137 2146 16),
1191 2077 1247 2131 in
1292 2091 1396 2146 qua
1442 2084 1565 2148 post
1600 2086 1922 2134 consuetum

317 2165 701 2238 gratulationis
729 2170 965 2223 cilicium
995 2183 1118 2224 eum
1151 2169 1420 2236 hortatur,
1473 2177 1534 2225 ut
1573 2172 1922 2242 praeceptoris

316 2260 402 2315 sui
431 2274 494 2314 ac
520 2258 829 2316 decessoris
862 2262 1101 2317 imitetur
1128 2263 1378 2320 virtutes.

390 2353 483 2411 56.
526 2353 624 2410 Hic
668 2355 830 2410 etiam
877 2372 1050 2413 anuus
1112 2356 1312 2413 famem
1360 2373 1551 2429 passus
1602 2369 1707 2430 est,
1759 2376 1918 2432 quam

316 2443 675 2514 subsequenti
727 2461 871 2502 anno
919 2463 1254 2504 memoratus
1295 2449 1655 2522 Symmachus
1704 2449 1916 2524 (Relat.

317 2540 389 2596 ad
440 2539 666 2604 Valent,
725 2559 848 2612 pag.
882 2540 1010 2609 851,
1058 2559 1112 2597 n.
1149 2541 1240 2615 14)
1267 2545 1555 2615 imputavit
1593 2543 1919 2600 Christianae

317 2631 591 2702 religioni,
617 2632 758 2702 quod
805 2631 1092 2699 videlicet,
1127 2636 1320 2705 puellis
1357 2635 1534 2691 Vesta:
1557 2643 1718 2706 atque
1747 2636 1920 2692 idolo-

317 2738 438 2779 rum
471 2725 845 2780 sacerdotibus
892 2725 1168 2798 privilegia
1202 2743 1298 2783 sua
1347 2737 1533 2784 essent
1560 2729 1763 2784 ablata.
1807 2730 1918 2786 Sed

317 2814 642 2870 Ambrosius
686 2828 1003 2888 argumenta
1057 2819 1172 2890 ejus
1223 2819 1393 2876 iutilia
1425 2836 1546 2878 esse
1578 2819 1800 2892 pulchre
1823 2824 1915 2880 dc-

319 2909 676 2976 monstravit;
732 2910 986 2976 illamque
1031 2911 1191 2968 tritici
1240 2913 1524 2982 peuuriatn
1554 2917 1913 2972 universalem

321 3013 428 3054 non
452 3002 749 3067 exstitisse,
782 3004 1052 3074 plerasque
1094 3007 1236 3060 enim
1292 3008 1578 3079 propincias
1601 3009 1917 3065 redundasse

317 3092 596 3160 frumento,
630 3106 682 3148 et
705 3095 950 3164 proxime
992 3097 1240 3167 sequenti
1270 3113 1410 3152 anno
1460 3115 1671 3158 messem
1702 3104 1910 3171 fenera-

314 3191 420 3236 tam
467 3191 515 3238 et
580 3185 886 3242 liberalioris
953 3189 1224 3246 vindemiae
1280 3192 1525 3263 beneﬁcia
1580 3195 1912 3254 successisse

311 3272 510 3346 (Epist.
533 3276 623 3344 18,
653 3293 795 3334 num.
828 3279 892 3334 17
913 3291 962 3335 et
987 3281 1140 3354 seq.)
1351 3276 1362 3282 ”

383 3366 476 3422 57.
517 3367 732 3424 Maximi
765 3371 1060 3428 rebellione
1087 3375 1270 3431 clades
1294 3377 1466 3432 multo
1490 3378 1710 3448 gravior
1741 3381 1910 3452 impe-

308 3459 395 3514 rio
442 3458 589 3514 illata
627 3469 712 3516 est
754 3477 912 3534 quam
953 3465 1136 3537 inopia
1192 3467 1563 3524 frumentaria.
1622 3471 1907 3544 Tyrannus

307 3551 400 3608 ille
430 3552 481 3606 itt
505 3553 696 3625 Anglia
727 3557 880 3612 malis
909 3559 1118 3616 artibus
1147 3561 1441 3630 imperator
1466 3562 1770 3620 declaratus
1800 3577 1901 3635 est;

308 3645 598 3701 simulabat
625 3657 800 3704 tamen
829 3663 1119 3721 purpuram
1149 3669 1178 3708 a
1207 3669 1267 3710 se
1289 3671 1394 3710 non
1437 3665 1775 3727 usurpatam,
1808 3661 1902 3716 sed

306 3741 580 3796 recusanti
617 3749 780 3812 atque
833 3745 1000 3801 invito
1039 3747 1316 3804 obtrusam
1348 3764 1489 3806 esse.
1546 3750 1678 3807 Cum
1707 3768 1902 3824 magno

305 3833 546 3890 exercitu
575 3836 871 3893 transmisit
898 3839 949 3894 itt
978 3840 1216 3908 Gallias;
1247 3858 1310 3898 ac
1340 3844 1628 3903 Gratianus
1647 3847 1737 3904 ubi
1769 3865 1897 3919 pro-

303 3926 475 3982 ditum
497 3943 556 3984 se
575 3929 966 3988 acdestitutum
980 3949 1006 3986 a
1022 3935 1135 3991 suis
1162 3935 1314 4002 vidit,
1341 3952 1528 3994 versus
1543 3941 1704 4010 Alpes
1717 3941 1896 4014 fugam

303 4022 548 4077 tentavit.
600 4021 800 4079 Verum
850 4025 940 4080 ubi
966 4026 1286 4098 Lugdunum
1320 4044 1479 4085 cursu
1516 4031 1724 4088 delatus
1774 4045 1893 4104 est,

301 4111 520 4167 immani
552 4114 759 4170 scelere
775 4127 997 4172 necatus
1025 4121 1121 4174 luit
1147 4119 1235 4176 die
1263 4136 1352 4176 vtu
1381 4120 1490 4176 Ital.
1523 4124 1891 4194 Septembres,

299 4216 444 4259 anno
466 4204 588 4261 vitm
612 4219 756 4276 xxiv,
786 4207 999 4279 imperii
1018 4217 1196 4267 autem
1221 4225 1292 4267 vtt
1320 4223 1373 4269 et
1396 4228 1582 4270 mense
1608 4229 1684 4270 ix.
1705 4215 1894 4271 infelix

299 4299 552 4370 princeps
581 4301 635 4354 in
659 4300 888 4356 hostium
920 4317 1140 4360 euorum
1183 4314 1447 4376 potestate
1485 4305 1757 4378 detentus,
1815 4311 1896 4365 ni-

297 4389 377 4445 hil
401 4391 738 4463 frequentius
757 4395 1086 4466 cogitatione
1106 4407 1268 4468 atque
1285 4414 1382 4455 ore
1403 4401 1686 4466 versabat,
1729 4418 1890 4472 quam

295 4483 574 4540 Ambrosii
607 4487 846 4555 parentis
874 4503 1092 4544 nomen.
1128 4488 1204 4544 Tu
1229 4505 1330 4555 me,
1377 4491 1451 4545 ait
1497 4502 1714 4548 sanctus
1739 4492 1894 4549 Anti-

295 4581 434 4640 stes,
466 4576 598 4630 inter
627 4586 717 4629 tua
745 4577 976 4647 pericula
1008 4579 1323 4649 requirebas,
1347 4591 1402 4636 tu
1442 4583 1496 4636 in
1526 4585 1624 4637 tuis
1655 4588 1891 4640 extremis

2025 1991 2155 2048 gere
2195 1976 2260 2030 ad
2299 1977 2649 2033 Ambrosium
2691 1977 3037 2048 quantumvis
3080 1979 3181 2058 ipsi
3231 1978 3441 2036 infensa
3459 1990 3627 2047 esset,

2026 2085 2212 2129 coacta
2241 2073 2358 2129 fuit.
2389 2071 2502 2129 Illis
2535 2075 2698 2144 igitur
2745 2073 3087 2144 temporibus
3125 2071 3461 2129 difﬁcillimis
3498 2075 3627 2130 Am-

2024 2168 2237 2224 brosius
2291 2167 2648 2238 periculosam
2694 2166 2761 2221 ad
2813 2165 3105 2222 Maximum
3150 2165 3472 2236 legationem
3514 2181 3621 2222 non

2021 2259 2362 2328 detrectavit,
2395 2269 2450 2315 et
2475 2259 2617 2331 apud
2636 2260 2787 2315 illum
2809 2259 3041 2313 Victoris
3091 2258 3302 2314 comitis
3321 2259 3387 2315 ad
3417 2257 3618 2314 Veien-

2025 2353 2284 2410 tiuianum
2313 2355 2380 2410 ab
2406 2356 2594 2410 eodem
2628 2363 2855 2426 tyranno
2898 2353 3048 2408 missi
3077 2352 3305 2409 reditum
3331 2352 3585 2424 aperiens
3604 2395 3620 2421 ,

2025 2461 2124 2516 per
2175 2453 2342 2502 totam
2391 2447 2642 2519 ltyemetn
2698 2455 3064 2502 commoratus
3117 2453 3200 2500 est
3253 2442 3459 2516 (Epist.
3515 2445 3616 2512 24,

2023 2555 2166 2592 num.
2191 2537 2267 2612 7).
2291 2539 2626 2610 Quamquam
2669 2547 2848 2594 autem
2896 2538 3077 2592 omnia
3126 2541 3254 2592 tunc
3275 2547 3429 2592 erant
3459 2535 3622 2606 plena

2021 2631 2373 2698 discriminis,
2424 2648 2532 2686 non
2565 2639 2741 2687 tamen
2770 2631 3089 2701 dignitatem
3117 2641 3268 2684 suam
3298 2630 3503 2698 putavit
3522 2629 3620 2684 tim

2016 2723 2341 2795 jiciendam;
2391 2724 2486 2780 sed
2536 2725 2700 2779 simul
2755 2723 3198 2795 magnanimitate
3237 2737 3302 2775 ac
3332 2722 3616 2792 prudentia

2021 2831 2172 2883 usus,
2205 2821 2276 2870 ita
2303 2833 2422 2872 cum
2453 2828 2682 2889 tyranno
2705 2817 2835 2886 egit,
2865 2826 2922 2870 ut
2960 2814 3231 2870 obtineret
3256 2814 3326 2869 ab
3347 2809 3414 2869 eo
3436 2823 3622 2884 postu-

2020 2909 2146 2964 lata.
2203 2908 2347 2966 Sane
2376 2910 2518 2966 hanc
2567 2911 2684 2981 ejus
2715 2909 3038 2978 legationem
3085 2923 3242 2964 nemo
3271 2907 3479 2977 luitqui
3508 2924 3615 2962 non

2021 3003 2312 3074 probaret,
2356 3013 2553 3074 praeter
2577 3002 2891 3058 Maximum.
2934 3000 2984 3055 ls
3017 3000 3430 3070 cnimsequenti
3474 3013 3619 3054 anno

2016 3099 2300 3170 deceptum
2329 3115 2388 3155 se
2417 3100 2487 3155 ab
2515 3115 2580 3156 eo
2609 3114 2732 3155 esse
2754 3098 3040 3169 quiritatus
3067 3107 3165 3153 est.
3218 3097 3457 3152 Antistes
3481 3111 3614 3152 vero

2017 3191 2142 3248 licet
2165 3181 2268 3247 has
2290 3193 2538 3263 querelas
2568 3192 2667 3247 sibi
2699 3192 2962 3262 gloriosas
3003 3191 3380 3255 arbitraretur,
3412 3189 3608 3259 injuria

1935 3279 1982 3353 α
2016 3295 2193 3343 tamen
2222 3301 2314 3343 eas
2341 3287 2523 3343 haberi
2560 3286 2870 3356 planissime
2891 3283 3487 3357 ostendit(lbid.,num.
3517 3283 3599 3358 5).

2085 3380 2176 3436 59.
2208 3379 2276 3435 Et
2296 3379 2412 3435 haec
2434 3379 2649 3451 quidem
2687 3393 2753 3434 ex
2774 3375 3062 3436 Ambrosio
3093 3379 3212 3448 ipso
3230 3377 3490 3433 discimus
3514 3394 3526 3430 :
3552 3379 3606 3432 at

2010 3480 2294 3544 praeterea,
2319 3484 2376 3527 ut
2393 3473 2649 3529 Paulinus
2669 3472 2872 3528 Auctor
2888 3481 2993 3536 est,
3019 3470 3311 3526 Maximum
3331 3487 3360 3523 a
3377 3483 3606 3524 canimus

2009 3572 2176 3624 nianis
2206 3569 2464 3623 consortio
2486 3567 2856 3642 segregandam
2885 3567 3100 3636 putavit,
3139 3567 3418 3620 admonens
3445 3576 3500 3619 ut
3527 3567 3606 3635 ef-

2005 3665 2109 3735 fusi
2123 3665 2387 3735 sanguinis
2404 3665 2596 3720 domini
2617 3665 2718 3730 sui,
2741 3664 2942 3734 etquod
2959 3673 3035 3719 est
3053 3665 3283 3735 gravius,
3299 3662 3603 3730 innocentis,

2004 3765 2174 3825 ageret
2196 3758 2538 3828 paenitentiam
2586 3756 2825 3830 (Paulin.
2857 3759 2910 3811 in
2943 3756 3062 3811 Vita
3097 3757 3245 3811 Amb.
3298 3771 3441 3810 num.
3485 3755 3598 3828 i9).

2004 3849 2202 3904 Verum
2221 3866 2341 3906 cum
2359 3865 2576 3907 sanetus
2600 3851 2803 3907 Prtesul
2819 3852 2986 3906 semel
3009 3851 3278 3906 aciterum
3299 3852 3505 3921 legatus
3530 3850 3595 3906 ad

2002 3941 2298 3998 Maximum
2340 3944 2614 4013 profectus
2664 3943 2846 4009 fuerit,
2875 3953 2930 3998 et
2954 3945 3118 3998 hasce
3145 3945 3281 3998 duas
3307 3945 3602 4013 legationes

2001 4055 2107 4095 non
2138 4041 2430 4111 distinguat
2460 4041 2547 4096 hic
2579 4041 2718 4096 idem
2752 4050 2968 4106 auctor;
3007 4056 3076 4094 ex
3096 4042 3237 4096 serie
3273 4039 3598 4095 narrationis

2001 4131 2335 4203 probabilius
2357 4141 2439 4188 est
2487 4133 2707 4189 citatum
2753 4135 2926 4191 locum
2967 4133 3248 4204 posteriori
3273 4132 3445 4203 magis
3467 4145 3598 4202 quae

1998 4223 2174 4281 drare.
2209 4226 2459 4282 Attamen
2489 4241 2593 4280 nou
2627 4225 2838 4283 videtur
2864 4227 3204 4290 Ambrosius,
3234 4226 3497 4302 siquidem
3542 4226 3596 4281 in

1995 4317 2165 4388 prima
2187 4317 2450 4388 legatione
2476 4320 2930 4375 communicasset
2964 4335 3083 4375 cum
3110 4319 3362 4384 Maximo,
3387 4325 3509 4374 etim
3543 4319 3599 4374 in

1997 4410 2228 4466 secunda
2245 4414 2952 4481 separareacomtttunionis
2983 4427 3082 4467 usu
3109 4412 3303 4467 merito
3330 4411 3597 4482 potuisse;

1995 4514 2156 4575 atque
2194 4505 2332 4562 adeo
2379 4505 2723 4562 verisimilius
2750 4517 2832 4563 est
2856 4517 3099 4562 sanetum
3147 4505 3444 4562 Praesulcm
3501 4511 3600 4562 nec

1995 4597 2172 4652 cidem
2203 4607 2431 4671 tyranno
2464 4597 2515 4652 in
2545 4597 2713 4654 sacris
2743 4611 2995 4670 nmquam
3009 4607 3314 4654 consortem
3342 4597 3480 4666 ﬁeri,
3501 4611 3601 4654 nec

291 4683 378 4761 me
421 4667 756 4761 appellabas,
808 4683 976 4726 meum
1023 4673 1087 4727 de
1159 4685 1205 4729 te
1252 4677 1368 4746 plus
1420 4679 1628 4732 dolebas
1667 4679 1893 4734 dolorem

2013 4689 2182 4760 aliquo
2215 4691 2472 4746 adversus
2491 4707 2614 4747 eum
2654 4697 3080 4761 temperamento
3108 4691 3184 4745 uti
3207 4690 3462 4745 voluisse.

291 4755 414 4831 (De
459 4759 615 4815 Obitu
657 4760 892 4829 Valent.,
924 4779 1065 4819 num.
1110 4763 1233 4838 79).
1267 4768 1426 4824 Certe
1469 4770 1684 4840 quidem
1721 4775 1892 4830 sancti

289 4851 454 4922 hujus
481 4867 681 4911 maeror
699 4865 932 4927 quantus
961 4857 1125 4914 fuerit
1144 4901 1158 4924 ,
1199 4861 1368 4916 cuivis
1392 4863 1636 4934 judicare
1676 4867 1894 4937 expedi-

288 4953 405 4999 tum
431 4956 545 5012 est;
570 4946 688 5017 ipse
705 4956 880 5005 tamen
912 4947 1078 5006 variis
1101 4952 1234 5007 locis
1265 4968 1385 5008 eam
1413 4958 1716 5024 expromit,
1767 4967 1894 5030 puta

287 5034 348 5090 in
378 5038 512 5106 psal.
552 5051 642 5094 ιιι
701 5043 1067 5111 expositione,
1131 5045 1184 5098 in
1206 5059 1310 5115 qua
1359 5048 1581 5102 virtutes
1629 5050 1895 5106 interfecti

287 5128 551 5199 principis
566 5142 811 5188 amanter
836 5135 1036 5203 laudat,
1065 5135 1426 5193 interfectoris
1456 5155 1586 5196 vero
1612 5142 1890 5212 perfidiam

284 5224 493 5276 acriter
520 5223 806 5292 vituperat.
856 5226 963 5283 Sed
986 5230 1256 5284 exstincto
1288 5241 1473 5300 postea
1505 5235 1666 5288 etiam
1701 5233 1895 5290 Valen-

285 5312 530 5379 tiniano,
578 5313 783 5371 doloris
838 5319 1054 5374 modum
1089 5320 1198 5389 jam
1246 5322 1333 5376 vix
1386 5321 1594 5379 habuit.
1649 5325 1895 5397 Namque

287 5406 346 5460 in
377 5409 659 5476 questibus
688 5417 977 5482 utrumque
999 5429 1314 5484 germanum
1343 5417 1506 5472 simul
1531 5419 1890 5490 conjungens,

287 5498 345 5552 in
376 5498 442 5553 iis
466 5501 654 5556 oculos
678 5503 826 5558 velut
854 5505 958 5560 sibi
986 5507 1213 5562 eiTossos
1242 5523 1364 5566 esse
1403 5509 1657 5580 deﬂebat,
1699 5527 1763 5568 ac
1790 5514 1894 5569 iia-

287 5593 430 5648 vidis
476 5609 627 5652 more
659 5597 727 5650 ita
759 5600 1127 5668 querebatur:
1159 5599 1372 5658 Utinam
1394 5645 1407 5668 ,
1453 5606 1550 5676 ﬁlii
1571 5645 1585 5670 ,
1632 5623 1726 5679 pro
1753 5610 1894 5663 vobis

291 5687 522 5741 licuisset
552 5688 692 5742 hunc
720 5691 959 5759 spiritum
991 5693 1250 5763 fundere!
1279 5697 1653 5770 Compendium
1700 5701 1895 5755 doloris

292 5779 588 5833 inuenerem
611 5819 628 5844 ,
663 5790 710 5835 et
739 5783 1016 5853 gloriosius
1055 5789 1182 5842 mihi
1223 5793 1390 5860 fuerat
1440 5809 1534 5860 pro
1575 5795 1732 5850 tantis
1759 5796 1899 5850 obire

292 5871 595 5943 pignoribus
622 5871 813 5946 (lbid.,
853 5889 994 5934 nam.
1017 5878 1133 5952 59).
1164 5879 1365 5939 Verum
1394 5894 1569 5942 tamen
1591 5901 1700 5944 non
1724 5895 1900 5947 tanto-

2071 4782 2164 4838 60.
2207 4781 2530 4838 Ambrosius
2561 4782 2846 4839 Mediolani
2874 4783 3073 4849 redux,
3118 4781 3444 4853 episcopalia
3478 4795 3600 4836 mu-

2000 4873 2088 4930 nia
2135 4874 2350 4944 repetiit
2389 4877 2787 4946 :egregiosque
2817 4875 2936 4931 illos
2967 4891 3249 4931 sermones
3287 4890 3351 4930 ex
3402 4874 3599 4946 quibus

2000 4965 2121 5020 libri
2162 4965 2226 5020 de
2255 4964 2683 5036 Interpellatione
2709 4966 2809 5021 Job
2852 4976 2900 5021 et
2932 4967 3099 5021 Dauid
3129 4967 3416 5036 compositi
3447 4974 3593 5038 sunt,

2002 5057 2070 5111 ab
2088 5071 2153 5112 eo
2176 5061 2552 5128 pronuntiatus
2575 5060 2976 5116 existimamus.
3007 5060 3380 5116 Conveniebat
3407 5061 3598 5115 iisdem

2003 5153 2338 5223 temporibus
2370 5154 2473 5210 hoc
2499 5164 2912 5223 argumentum;
2957 5154 3030 5209 ibi
3060 5154 3310 5228 (Admon.
3358 5155 3412 5208 in
3453 5154 3598 5207 eosd.

2003 5244 2124 5317 lib.)
2157 5247 2356 5316 quippe
2405 5247 2580 5317 agitur
2606 5247 2674 5302 de
2732 5248 3111 5318 querimoniis,
3156 5248 3349 5317 quibus
3379 5253 3605 5316 uterque

2003 5337 2192 5394 horum
2221 5350 2527 5395 sanctorum
2558 5341 2677 5395 vitm
2705 5339 2960 5395 humanm
2985 5339 3318 5396 calamitates
3350 5345 3456 5391 tam
3479 5352 3602 5393 cor-

2000 5447 2194 5502 poreas
2221 5449 2378 5505 quam
2422 5435 2693 5505 spiritales
2721 5436 3175 5491 lamentabantur.
3211 5431 3409 5486 Ibidem
3440 5432 3603 5488 etiam

2001 5523 2364 5582 discutiuntur
2393 5528 2499 5582 illm
2531 5530 2766 5600 querelae
2786 5573 2800 5598 ,
2829 5544 2962 5599 quas
2990 5535 3044 5582 et
3074 5519 3443 5595 improhoi'um
3477 5541 3606 5596 pro-

2002 5621 2234 5688 speritas
2257 5627 2312 5674 et
2337 5619 2640 5676 adversitas
2671 5622 2935 5676 bonorum
2975 5619 3149 5674 solent
3176 5616 3396 5674 elicere.
3438 5619 3603 5675 Trac~

2003 5711 2178 5765 tanda!
2210 5727 2375 5782 porro
2405 5715 2843 5784 exorttanda-que
2882 5712 3006 5767 huic
3034 5716 3273 5766 materiae
3307 5710 3606 5783 pulcherri-

2002 5819 2122 5859 mos
2153 5819 2400 5877 quosque
2427 5809 2571 5863 locos
2596 5807 2714 5860 libri
2738 5805 2838 5861 Job
2851 5806 3130 5875 eleganter
3142 5807 3384 5876 exponit,
3400 5819 3497 5858 nec
3509 5803 3612 5858 nti-

1998 5905 2104 5954 ttus
2133 5906 2322 5969 argute
2367 5913 2452 5970 ps.
2486 5911 2598 5968 xu,
2641 5913 2749 5955 xm
2779 5907 2832 5956 et
2852 5913 2999 5956 um
3031 5905 3326 5956 enarratet
3352 5896 3610 5954 illustrat.
