4156 6370
513 335 582 392 87
1737 329 1894 386 VITA
1935 325 2180 384 SANCTI
2219 325 2544 386 AMBROSII
3743 331 3814 388 88

587 447 680 506 61.
703 449 812 522 (An
839 445 992 520 584.)
1019 445 1246 502 Videtur
1275 445 1529 502 similiter
1551 451 1772 500 sanctus
1809 437 2108 514 Episcopus
2131 443 2190 504 A
2211 443 2440 500 studiose
2453 445 2722 500 audiebam
2743 447 3088 518 disputante»:
3105 447 3158 502 in
3173 447 3388 522 papula,
3411 463 3514 504 non
3535 449 3814 506 intentione

517 545 764 600 dolorem
797 557 952 600 suum
975 539 1046 597 de
1071 541 1312 598 Gratiani
1339 539 1490 594 caede
1513 540 1568 594 in
1599 537 1702 594 illis
1741 537 2108 604 sermonibus,

517 653 590 694 ex
621 635 818 708 quibus
839 639 1052 688 constat
1075 631 1322 704 (Admeti.
1353 631 1406 684 in
1429 631 1562 684 hunc
1583 627 1698 698 lib.)
1725 627 1976 700 Apologia
1995 643 2116 700 pro—

517 729 684 800 phetat
713 727 884 782 David
901 769 916 794 ,
967 725 1290 798 patefecisse
1313 767 1328 790 ,
1359 723 1486 778 licet
1515 721 1764 778 eumdem
1797 721 2112 778 Gratianum

521 837 790 892 nusquam
817 819 928 874 illic
959 817 1342 874 nominaverit.
1391 815 1462 872 Ut
1505 821 1688 868 autem
1713 813 1780 868 de
1807 813 1912 868 hoc
1955 829 2116 884 argu-

519 923 706 972 mento
739 913 902 970 verba
929 913 1148 978 faceret,
1169 927 1232 968 ea
1255 925 1314 966 re
1345 909 1614 978 ittlpulstts
1639 915 1742 972 est,
1773 905 1914 977 quod
1945 907 2116 977 gemi—

523 1023 652 1062 num
701 1007 918 1061 Davidis
953 1005 1184 1068 crimen,
1233 1001 1560 1058 adulterium
1593 1015 1787 1072 nempe
1813 1011 1974 1070 atque
2017 999 2114 1054 ho-

523 1099 842 1162 micidium,
891 1097 1152 1168 quosdam
1209 1093 1520 1160 offendebat
1569 1093 1728 1162 longe
1773 1091 2114 1162 gravissime.

525 1191 724 1246 Probat
769 1191 932 1262 igitur
971 1191 1168 1244 mirum
1213 1203 1322 1242 non
1371 1201 1514 1252 esse,
1543 1185 1686 1256 quod
1721 1187 1882 1240 homo
1917 1185 2118 1256 fragilis

521 1283 778 1340 inciderit
807 1285 856 1336 in
887 1281 1006 1338 haec
1031 1281 1248 1346 delicta,
1275 1279 1368 1336 sed
1395 1279 1808 1336 admirationem
1841 1277 1974 1334 illud
2007 1293 2120 1333 tne-

519 1377 628 1432 reri
658 1419 674 1444 ,
701 1375 846 1446 quod
897 1383 1076 1430 tantus
1115 1373 1368 1444 princeps
1411 1383 1518 1428 tam
1553 1381 1854 1444 promptam
1903 1383 2120 1442 tamque

521 1467 782 1524 humilem
835 1467 1060 1524 admissi
1099 1465 1346 1522 criminis
1387 1463 1792 1520 confessionem
1825 1463 1986 1518 edere
2021 1479 2118 1518 va-

523 1561 708 1628 luerit,
739 1569 796 1616 et
835 1559 980 1616 idem
1007 1559 1182 1630 ipsum
1211 1573 1332 1612 cum
1363 1557 1590 1628 longiori
1623 1555 1996 1626 asperiorique
2039 1553 2120 1608 di-

521 1657 676 1712 luere
721 1655 1080 1726 ptenitentia,
1127 1663 1238 1708 tum
1281 1651 1544 1706 continuo
1589 1651 1854 1703 bonorum
1895 1661 2118 1716 operum

525 1749 788 1806 exercitio
819 1759 1018 1816 tegere.
1049 1745 1202 1800 llunc
1227 1759 1390 1814 porro
1413 1743 1608 1798 librum
1637 1743 1680 1796 si
1709 1739 2119 1812 antiquissimo-

2217 555 2320 607 qua
2347 537 2518 602 debui,
2551 539 2642 594 sed
2665 541 2812 610 quasi
2839 541 3112 612 explorans
3141 541 3462 612 facundiam,
3489 551 3664 596 utrunt
3693 559 3818 597 cou-

2219 631 2410 684 veniret
2433 633 2588 701 fante:
2617 647 2746 698 sum,
2773 649 2842 686 an
2879 637 3048 706 major
3087 635 3312 688 minarve
3333 635 3632 704 profluerct,
3661 651 3816 704 quant

2219 721 2628 790 praedicabatur;
2655 735 2702 776 et
2731 723 2894 778 verbis
2937 725 3046 796 ejus
3073 725 3416 794 suspendebar
3455 727 3702 792 intentus,
3733 743 3816 780 re-

2221 829 2332 866 rum
2365 825 2536 868 autent
2567 817 2860 870 incuriosus
2909 825 2958 870 et
2989 827 3302 888 contemptor
3343 817 3612 882 astabant;
3653 827 3698 872 et
3725 819 3816 872 dc-

2221 909 2448 962 lectabar
2495 911 2744 966 suavitate
2787 913 3038 966 sermonis
3065 955 3078 976 ,
3129 929 3432 984 quamquam
3481 915 3814 982 eruditioris,

2219 1001 2390 1056 minus
2415 1009 2584 1056 tamen
2609 1003 2964 1060 hilaresceutis
2985 1015 3134 1076 atque
3149 1009 3438 1074 mulcentia,
3457 1023 3608 1078 quam
3631 1007 3818 1062 Fausti

2221 1103 2350 1160 erat,
2381 1095 2520 1164 quod
2553 1097 2732 1150 attinet
2759 1097 2828 1150 ad
2853 1099 3060 1152 modum
3087 1115 3106 1154 :
3133 1111 3368 1154 eratet-um
3397 1117 3562 1154 rerum
3585 1101 3818 1178 ipsarum

2223 1185 2366 1240 nulla
2417 1191 2770 1256 comparatio;
2821 1207 2938 1244 nam
2971 1193 3060 1246 ille
3089 1209 3180 1264 per
3209 1191 3526 1248 Manis-lunas
3577 1195 3818 1264 fallacias

2221 1281 2514 1344 aberrabat,
2547 1285 2640 1338 iste
2663 1293 2834 1338 autent
2863 1285 3199 1340 saluberrime
3223 1287 3432 1342 docebat
3459 1287 3672 1342 salutent
3701 1287 3814 1356 (lib.

2223 1389 2256 1428 ν
2287 1373 2522 1444 Confess.
2581 1393 2696 1448 mp.
2729 1375 2848 1448 93).
2899 1377 3172 1434 [lactentis
3203 1379 3556 1450 AuguStiuus,
3589 1379 3678 1450 qui
3715 1379 3818 1434 hac

2225 1469 2536 1524 narratione
2561 1471 2720 1524 nobis
2741 1473 2916 1542 aperit
2943 1489 3048 1528 non
3083 1473 3254 1528 solum
3277 1489 3436 1540 quam
3461 1473 3572 1528 alto
3593 1474 3820 1530 consilio

2223 1563 2376 1632 quasi
2411 1579 2572 1618 manu
2599 1563 2794 1620 ductus
2843 1563 2914 1618 sit
2941 1565 3006 1620 ad
3035 1563 3404 1632 Ambrosium,
3433 1577 3490 1620 ut
3533 1579 3822 1622 revocare-

2227 1665 2314 1712 tur
2349 1659 2418 1712 ab
2463 1657 2772 1724 erroribus;
2815 1675 3002 1714 rerum
3047 1659 3210 1714 etiam
3253 1671 3452 1730 quanta
3483 1671 3628 1716 esset
3679 1659 3820 1732 apud

2227 1753 2476 1808 homines
2513 1753 2764 1808 Prmsulis
2795 1755 2966 1810 nostri
3009 1753 3364 1822 existimatio,
3395 1769 3630 1824 quamve
3657 1754 3824 1810 ratio-

525 1837 648 1898 runi
675 1840 884 1910 aliquot
927 1838 1420 1908 manuscriptorum
1469 1835 1808 1906 inscriptioni
1839 1835 1998 1890 fidem
2027 1833 2122 1888 ha-

2237 1863 2350 1902 uem
2383 1857 2438 1902 et
2461 1847 2512 1902 in
2545 1845 2880 1918 excipiendis
2901 1847 3120 1910 extet-is,
3147 1849 3275 1902 etin
3305 1847 3514 1918 populis
3541 1847 3824 1902 instituen-

527 1935 774 2002 beamus,
807 1931 1120 1988 Theodosio
1163 1939 1350 2001 postea
1389 1929 1536 1984 misit
1563 1929 1802 1984 Antistes
1831 1935 2040 1996 noster,
2063 1935 2124 1982 ut

527 2041 724 2096 nempe
753 2023 906 2080 illum
947 2023 1016 2078 ad
1041 2023 1388 2094 expiandam,
1441 2019 1656 2076 Davidis
1677 2019 1870 2084 instar,
1919 2019 2124 2074 caedem

527 2117 932 2174 Thessalonica:
963 2117 1112 2172 urbis
1139 2117 1208 2170 ab
1229 2131 1296 2170 eo
1319 2115 1526 2186 jussam
1559 2113 1958 2170 exstimularet.

599 2213 690 2266 62.
723 2211 1082 2284 Symmachus
1111 2211 1214 2266 hoc
1241 2225 1386 2264 anno
1431 2191 1808 2280 praefecturam
1845 2205 2006 2262 Urbis
2033 2207 2128 2260 ad-

533 2305 878 2362 ministrabat
913 2321 926 2358 :
969 2303 1016 2358 is
1047 2303 1426 2358 confusionem
1455 2315 1730 2358 rerum-ac
1763 2299 2130 2356 Valentiniani

533 2399 684 2468 pueri
731 2399 1030 2466 matrisque
1071 2395 1300 2452 Justinus
1331 2393 1750 2464 trepidationem
1783 2391 2128 2448 commodam

533 2499 706 2554 ratus,
737 2491 934 2544 iterum
979 2487 1326 2558 profanarum
1359 2487 1704 2558 religionum,
1729 2487 1916 2540 altaris
1951 2483 2130 2538 Victo-

531 2585 652 2648 rias,
675 2599 738 2639 ac
757 2583 1164 2654 privilegiorum
1189 2583 1588 2640 restitutionem
1617 2593 1802 2652 petere
1825 2579 2128 2636 constituit.

531 2681 896 2750 Quamobrem
931 2681 1244 2752 imperatori
1271 2679 1516 2736 libellum
1545 2679 1742 2734 obtulit
1763 2679 2018 2734 omnibus
2043 2691 2134 2732 ca—

537 2777 798 2832 lamistris
827 2777 1150 2848 eloquentiae
1177 2783 1452 2846 comptum
1483 2785 1536 2828 et
1565 2773 1844 2830 excultum
1871 2771 2046 2842 (Tom.
2071 2787 2130 2836 it,

537 2891 658 2946 pag.
711 2871 864 2946 828).
927 2873 996 2928 Et
1041 2873 1258 2943 quidem
1307 2871 1614 2926 clanculum
1659 2885 1772 2926 rem
1829 2875 2134 2926 tentaverat

541 2973 728 3020 orator
753 2965 884 3032 ille;
917 2965 1014 3022 sed
1043 2965 1262 3022 efficere
1309 2967 1622 3038 neutiquam
1661 2963 1858 3036 potuit,
1891 2979 1958 3018 ue
1987 2963 2136 3018 reni—

537 3067 622 3114 ret
651 3059 706 3114 in
731 3057 1004 3114 Ambrosii
1033 3059 1420 3130 cognitionem.
1457 3061 1552 3114 llic
1579 3075 1710 3132 ergo
1739 3060 1896 3114 istius
1921 3057 2136 3112 consilii

541 3153 714 3210 factus
744 3153 968 3218 certior,
1003 3151 1246 3208 libellum
1273 3153 1472 3226 (Epist.
1511 3153 1600 3226 l7)
1657 3163 1714 3208 et
1761 3153 1874 3224 ipse
1903 3151 1988 3208 vel
2023 3151 2138 3222 epi-

2226 1941 2308 1996 dis
2337 1941 2424 1996 ille
2453 1949 2792 2010 sequeretur.
2823 1939 3028 1996 Deinde
3055 1941 3288 2010 explicat
3317 1939 3458 1994 idem
3483 1937 3818 2008 Augustinus

2227 2035 2424 2106 quibus
2449 2033 2710 2104 gradibus
2739 2031 3096 2088 Ambrosiana
3125 2035 3284 2086 verba
3319 2031 3552 2102 primum
3581 2031 3634 2084 in
3661 2045 3818 2086 meu-

2231 2139 2336 2186 tem
2365 2143 2516 2182 suam
2549 2125 2796 2182 veritatis
2823 2113 3002 2180 lu‘men
3037 2125 3340 2188 intuli-rint,
3381 2139 3444 2178 ac
3473 2123 3692 2178 demum
3721 2125 3824 2178 int-

2229 2221 2560 2278 mutaverint
2601 2219 2954 2276 voluntatem.
3001 2219 3090 2274 Sic
3117 2229 3296 2274 autem
3329 2217 3396 2272 de
3425 2217 3524 2272 ltoc
3551 2217 3826 2282 loquitur:

2233 2315 2298 2372 Et
2341 2317 2460 2370 dum
2491 2331 2582 2370 cor
2611 2315 2864 2386 aperirem
2887 2355 2902 2380 ,
2948 2313 3142 2384 inquit,
3189 2313 3260 2366 ad
3289 2313 3646 2384 excipiendum
3675 2329 3830 2382 quant

2233 2409 2424 2464 diserte
2467 2408 2680 2474 diceret,
2719 2407 2914 2478 pariter
2943 2415 2988 2460 et
3013 2405 3238 2460 intrabat
3261 2421 3416 2476 quam
3455 2421 3570 2462 rere
3597 2405 3830 2472 diceret,

2231 2499 2488 2570 gradatio:
2513 2497 2716 2570 quidem
2751 2495 2940 2570 (Ibid.,
2963 2514 3078 2566 cap.
3107 2497 3222 2570 24).

2311 2593 2404 2650 64.
2439 2593 2608 2664 Hujus
2633 2609 2850 2664 quoque
2879 2595 3004 2648 anui
3049 2609 3168 2650 esse
3221 2603 3474 2664 putamus
3497 2595 3636 2650 duos
3663 2587 3836 2650 libros

2237 2689 2300 2742 de
2337 2687 2644 2742 l’amitentia
2665 2687 2912 2760 (Admon.
2937 2688 2988 2740 in
3017 2687 3156 2742 eosd.
3191 2685 3330 2760 lib.),
3355 2703 3490 2758 quos
3513 2687 3836 2744 Ambrosius

2237 2781 2458 2851 scripsit
2495 2789 2682 2834 contra
2727 2779 3076 2834 Novatianos.
3111 2779 3166 2832 lu
3213 2779 3294 2834 eis
3327 2779 3516 2834 borum
3547 2777 3836 2834 ha'retiro-

2241 2889 2362 2930 rum
2397 2873 2600 2930 deliras
2627 2872 2788 2928 simul
2815 2881 2978 2942 atque
3007 2871 3258 2928 crudeles
3281 2873 3564 2940 Opiniones
3595 2871 3838 2928 funditus

2239 2965 2464 3030 evertit,
2493 2979 2594 3020 nec
2619 2979 2724 3020 non
2753 2965 3134 3018 auctoritatem
3159 2963 3464 3020 dimittendi
3497 2975 3716 3034 peccata
3739 2963 3842 3020 Ec-

2241 3059 2424 3116 clesiae
2449 3073 2480 3112 a
2505 3057 2724 3112 Christo
2765 3057 2944 3112 datam
2989 3057 3190 3112 invicte
3219 3057 3430 3126 probat.
3463 3055 3616 3124 Quod
3657 3065 3840 3112 autem

2245 3151 2366 3208 lSIic
2399 3153 2654 3224 leguntur
2679 3167 2744 3208 ea
2796 3149 2962 3206 verba
2997 3169 3010 3206 :
3057 3149 3168 3223 Ego
3208 3151 3428 3222 aliquem
3473 3149 3696 3204 laborem
3745 3165 3840 3218 pro

543 3245 736 3302 stolam
767 3247 1094 3318 episcopalis
1119 3247 1324 3318 vigoris
1351 3247 1566 3316 plenam
1601 3245 1984 3302 Valentiniano
2005 3261 2136 3300 con—
2160 3231 2210 3294 C
2241 3255 2420 3302 sancta
2449 3245 2684 3300 Ecclesia
2711 3245 2914 3318 suscepi
2947 3245 3080 3318 (lib.
3111 3261 3168 3310 ii,
3209 3261 3256 3300 c.
3289 3249 3340 3310 8,
3369 3261 3510 3298 num.
3537 3243 3604 3298 75
3625 3241 3676 3316 );
3731 3243 3844 3300 illis

541 3339 720 3394 festim
749 3339 900 3394 dedit
925 3381 940 3402 ,
971 3355 1078 3410 qua
1115 3339 1284 3396 libelli
1323 3339 1726 3412 Symmachiani
1773 3339 1878 3394 sibi
1923 3339 2134 3408 capiam

541 3429 656 3486 fieri
685 3431 1016 3500 postulabat,
1045 3441 1104 3486 ut
1133 3433 1182 3488 ei
1217 3433 1576 3502 responderet
1601 3433 1924 3488 accuratius.
1957 3433 2140 3504 itaque

549 3539 674 3580 mox
709 3535 766 3580 ut
795 3541 824 3578 a
855 3525 1066 3582 Caesare
1097 3525 1200 3582 hoc
1223 3527 1480 3596 scriptum
1511 3525 1766 3590 obtinuit,
1799 3535 1908 3580 tam
1939 3527 2140 3596 perspi-

541 3631 644 3672 cue
687 3625 906 3688 tamque
961 3615 1142 3672 valide
1185 3617 1396 3688 singula
1427 3617 1594 3686 ipsius
1647 3615 1822 3686 capita
1870 3615 2028 3670 diluit
2075 3631 2140 3670 ae

543 3709 844 3766 confutavit
887 3709 1084 3782 (Epist.
1117 3711 1244 3780 l8),
1291 3719 1350 3764 ut
1399 3709 1728 3782 Symmacho
1771 3709 2138 3764 necessarium

545 3819 708 3874 super
737 3819 800 3860 ea
829 3819 992 3860 causa
1035 3803 1314 3860 silentium
1367 3805 1694 3874 imponeret.
1745 3803 1896 3858 lianc
1943 3817 2144 3858 secuit—

547 3899 672 3954 dum
701 3897 946 3954 libellum
973 3905 1094 3962 post
1115 3895 1468 3950 vindemiales
1497 3895 1656 3950 ferias
1677 3895 1938 3966 scriptum
1973 3895 2140 3964 impe-

545 3991 710 4046 ratori
737 3991 1054 4046 Ambrosius
1083 3999 1276 4046 uoster
1303 3987 1444 4044 tradi
1469 3987 1705 4056 curavit,
1733 4001 1892 4056 quem
1923 3985 2140 4054 quidem

543 4083 784 4138 libellum
813 4085 952 4136 sicut
982 4081 1240 4152 priorem,
1271 4083 1470 4136 lectum
1505 4081 1556 4134 iu
1585 4079 1854 4152 frequenti
1875 4079 2144 4136 consisto-

549 4173 630 4228 rio
655 4215 672 4240 ,
713 4189 836 4244 quin
885 4175 1246 4244 petebantur,
1289 4183 1598 4230 assecutum
1639 4189 1762 4228 esse
1807 4189 1874 4228 ex
1915 4173 2142 4242 epistola

547 4267 720 4322 sancti
749 4265 1006 4322 Prtesulis
1031 4267 1098 4322 ad
1127 4267 1424 4336 Eugenium
1457 4267 1732 4320 discamus
1755 4267 1902 4320 licet.

621 4359 710 4414 6⁸5.
753 4357 900 4412 Ideni
943 4359 1304 4430 Symmachus
1335 4373 1432 4428 per
1459 4373 1608 4412 suam
1653 4357 2032 4428 praefecturam
2077 4357 2146 4414 de

547 4451 842 4508 christiana
873 4451 1138 4520 religione
1169 4451 1359 4506 melius
1381 4461 1464 4504 est
1495 4451 1722 4506 meritus
1759 4465 1916 4520 quam
1943 4451 2146 4522 cogita-

545 4529 700 4598 verat
725 4561 742 4610 ;
769 4543 1214 4614 quandoquidem
1257 4541 1640 4608 Mediolanum,
1665 4543 1823 4612 cujus
1849 4543 1994 4598 cives
2031 4559 2144 4597 ma-

2243 3339 2430 3402 utique
2461 3339 2506 3394 si
2549 3337 2704 3392 labor
2747 3339 3000 3392 innitatur
3027 3347 3218 3392 contra
3249 3337 3634 3408 Symmachum
3679 3347 3844 3406 atque

2245 3429 2494 3486 ethnicos
2523 3430 2594 3482 ab
2641 3431 2932 3486 Ambrosio
2957 3439 3264 3500 susceptus,
3317 3427 3536 3484 eosdem
3583 3429 3754 3482 libros
3773 3429 3846 3484 ab

2247 3523 2352 3580 hoc
2399 3525 2516 3594 ipso
2545 3537 2690 3578 anno
2719 3523 2946 3578 multum
2989 3521 3356 3578 removendos
3383 3521 3626 3578 censebit
3657 3535 3844 3576 nemo.

2319 3617 2408 3670 65.
2441 3615 2570 3688 (An.
2611 3613 2764 3686 585.)
2795 3615 3008 3670 Monica
3045 3613 3212 3668 filium
3245 3623 3380 3668 terra
3411 3615 3642 3684 marique
3663 3653 3680 3678 ,
3709 3621 3758 3668 et
3789 3613 3846 3666 in

2247 3709 2494 3782 periculis
2525 3707 2758 3762 omnibus
2785 3719 2996 3772 secuta,
3027 3723 3132 3762 non
3159 3707 3330 3762 multo
3359 3717 3480 3778 post
3507 3707 3574 3762 ad
3605 3723 3726 3762 eum
3752 3723 3848 3762 ve-

2245 3803 2328 3856 nit
2355 3801 2738 3856 Mediolanum.
2769 3799 2904 3856 Eam
2935 3801 3186 3872 dignatus
3225 3811 3310 3856 est
3341 3813 3564 3856 sanctus
3607 3799 3844 3856 Ambro-

2245 3897 2360 3950 sius
2388 3894 2576 3950 eadem
2607 3895 2864 3950 comitate
2885 3909 2948 3949 ac
2977 3893 3382 3956 benevolentia,
3411 3909 3572 3965 quam
3591 3893 3702 3964 jam
3733 3894 3848 3948 Λιι-

2243 3991 2462 4062 gustino
2517 3989 2842 4044 exhibuerat
2893 3989 3028 4056 (lib.
3087 4005 3136 4040 vr
3203 3985 3484 4056 Confess.,
3557 3977 3672 4056 cap.
3751 3987 3840 4056 l).

2245 4083 2604 4152 Augustinum
2619 4097 2748 4136 vero
2777 4099 2804 4134 a
2837 4081 3260 4136 Manichmorum
3283 4073 3610 4136 commentis
3631 4095 3692 4136 ac
3715 4095 3844 4152 pro-

2249 4177 2360 4232 bris
2393 4179 2758 4234 abalienatum
2781 4175 3006 4232 oll'endit
3033 4185 3226 4240 mater,
3251 4175 3488 4232 nondum
3515 4183 3690 4230 tamen
3715 4189 3844 4244 erga

2247 4273 2532 4328 veritatem
2605 4271 2870 4326 doctrina:
2937 4271 3216 4326 catholica:
3287 4271 3420 4324 satis
3489 4285 3842 4340 propensum.

2247 4367 2466 4422 Summa
2501 4365 2688 4420 ltetitia
2723 4365 2966 4420 eamdem
2991 4363 3168 4420 affecit
3197 4361 3290 4418 ﬁlii
3339 4363 3592 4434 agitatio;
3639 4355 3844 4418 certant

2247 4457 2392 4512 enim
2425 4471 2574 4526 spem
2607 4455 2732 4510 inde
2757 4455 3006 4526 capiebat
3027 4455 3440 4512 conversionem
3471 4455 3588 4524 ejus
3611 4455 3844 4510 vicinam

2251 4563 2394 4616 esse.
2425 4547 2768 4618 Quaprotiter
2801 4557 2862 4604 ut
2891 4563 3010 4602 eam
3039 4563 3068 4602 a
3101 4547 3280 4602 divina
3311 4547 3598 4602 clementia
3645 4561 3844 4602 conse-

545 4637 774 4708 gistrum
801 4635 1110 4692 Rhetorica:
1149 4636 1218 4690 ab
1259 4649 1326 4690 eo
1365 4635 1658 4706 petierant,
1689 4635 2046 4706 Augustinum
2077 4653 2138 4692 ea
2171 4613 2228 4676 D
2253 4651 2536 4710 queretur,
2563 4641 2852 4712 geminatis
2875 4643 3146 4712 precibus,
3201 4643 3366 4712 coepit
3395 4651 3442 4695 et
3469 4641 3752 4696 studiosius
3777 4641 3846 4694 ad

545 4731 716 4802 gratia
741 4745 966 4802 pergere
993 4729 1184 4784 voluit.
1209 4727 1380 4797 Quam
1405 4727 1582 4784 amice
1607 4739 1786 4784 autem
1811 4731 2142 4802 Augustinus

545 4839 614 4880 eo
645 4825 870 4880 veniens
917 4823 986 4880 ab
1025 4823 1320 4878 Ambrosio
1359 4829 1618 4892 exceptus
1645 4823 1826 4890 fuerit,
1865 4825 2142 4894 eleganter

548 4923 666 4990 ipse
695 4919 976 4982 describit,
1019 4919 1174 4988 cujus
1207 4917 1432 4988 proinde
1477 4932 1574 4972 nos
1605 4933 1708 4972 non
1746 4919 1950 4988 pigebit
1981 4921 2142 4976 verba

547 5013 782 5070 mutuari
815 5026 828 5070 :
863 5011 928 5066 Et
957 5011 1090 5072 ueni,
1137 5011 1210 5066 ait
1239 5051 1256 5078 ,
1311 5009 1666 5066 Mediolanum
1717 5013 1788 5064 ad
1817 5011 2140 5070 Ambrosium

545 5107 844 5178 episcopum
867 5107 922 5160 in
949 5105 1156 5174 aptimis
1187 5115 1362 5158 notum
1387 5105 1498 5160 orbi
1525 5113 1694 5170 (errat,
1721 5109 1862 5174 pium
1895 5107 2144 5162 cultorem

547 5209 714 5262 tuum,
747 5201 898 5270 cujus
929 5205 1050 5250 tunc
1077 5197 1278 5266 eloquia
1307 5207 1514 5252 strenue
1543 5199 1908 5254 ministrabant
1937 5201 2144 5270 adipem

546 5291 790 5360 frumenti
811 5291 904 5355 tui,
919 5299 966 5344 et
995 5291 1226 5344 la'titiam
1263 5291 1386 5356 olei,
1401 5299 1447 5344 et
1467 5289 1694 5344 sobriam
1719 5291 1826 5345 uini
1849 5293 2144 5348 ebrietatem

543 5385 738 5456 populo
763 5393 872 5438 tuo.
907 5383 988 5436 Ad
1013 5399 1130 5438 eum
1151 5393 1320 5436 autem
1350 5383 1576 5436 ducebar
1595 5383 1688 5438 abs
1716 5393 1764 5438 te
1795 5385 2024 5440 nesciens
2049 5403 2068 5450 ;
2093 5395 2144 5440 ut

545 5493 638 5546 per
665 5491 780 5528 eum
811 5475 878 5529 ad
909 5483 956 5528 te
977 5475 1144 5530 sciens
1175 5475 1410 5530 ducerer.
1443 5473 1682 5544 Suscepit
1715 5491 1792 5528 me
1821 5485 2032 5544 paterae
2053 5477 2140 5530 ille

545 5569 696 5622 homo
723 5565 842 5634 Dei,
877 5577 924 5622 et
953 5567 1410 5640 peregrinationem
1435 5581 1598 5620 ineant
1637 5567 1762 5620 satis
1785 5567 2144 5640 episcOpaliter

541 5663 743 5718 dilexit.
781 5661 846 5716 Et
875 5679 990 5716 eum
1019 5679 1192 5716 amare
1223 5661 1350 5734 coepi
1379 5703 1393 5726 ,
1433 5662 1600 5732 primo
1627 5663 1832 5732 quidem
1877 5681 1980 5718 non
2009 5675 2142 5720 tam-

543 5771 698 5824 quant
725 5757 982 5810 doctorem
1013 5755 1136 5818 ueri,
1181 5752 1320 5824 quod
1361 5755 1414 5828 in
1447 5751 1682 5836 Ecclesia
1705 5763 1792 5806 tua
1821 5771 2031 5824 prorsus
2059 5759 2144 5812 de~
2169 5793 2176 5802 -

547 5847 836 5908 sperabam.
861 5845 950 5900 sed
981 5857 1240 5912 tamquam
1279 5845 1534 5902 hominem
1559 5845 1830 5918 benignum
1857 5847 1910 5900 in
1940 5865 2036 5906 me.
2077 5849 2142 5904 Et

2253 4733 2538 4790 Ecclesium
2563 4751 2788 4800 currere,
2819 4735 2940 4790 etin
2971 4733 3226 4788 Ambrosii
3253 4751 3344 4788 ora
3369 4733 3616 4810 suspendi
3639 4735 3710 4788 ad
3729 4737 3848 4804 fon-

2251 4839 2350 4882 tem
2379 4827 2606 4882 salientis
2635 4843 2778 4896 aqua:
2821 4829 2874 4880 in
2905 4827 3058 4880 vitam
3093 4835 3356 4882 cateruam.
3391 4825 3652 4896 Diligebat
3677 4835 3846 4880 autent

2251 4923 2398 4976 illum
2427 4923 2588 4976 virum
2615 4923 2748 4976 sicut
2787 4919 3028 4992 angelum
3053 4917 3174 4988 Dei,
3197 4919 3333 4990 quod
3353 4937 3444 4991 per
3475 4919 3624 4972 illuni
3655 4935 3846 4988 cogno-

2251 5025 2390 5070 verat
2417 5031 2496 5068 me
2525 5015 2728 5068 interim
2761 5013 2830 5066 ad
2855 5013 3002 5066 illam
3027 5011 3298 5080 ancipitem
3323 5011 3706 5082 ﬂuctuationem
3729 5013 3846 5084 jam

2249 5125 2356 5164 esse
2391 5107 2712 5178 perductum.
2751 5103 2944 5180 (Ibid

2321 5201 2410 5254 66.
2455 5199 2572 5268 Qua
2635 5213 2798 5268 porro
2845 5197 3198 5252 veneratione
3239 5205 3488 5252 sanctum
3531 5197 3846 5253 Antistitem

2251 5303 2678 5366 presequeretur
2699 5293 2784 5362 pia
2807 5291 2894 5346 illa
2921 5291 3102 5354 vidua,
3123 5291 3206 5344 vel
3231 5289 3358 5344 hinc
3381 5291 3674 5360 intelligas,
3699 5289 3844 5360 quod

2251 5405 2364 5442 cum
2395 5389 2462 5442 ad
2493 5387 2764 5440 memorias
2787 5393 3100 5446 sanctorum,
3129 5383 3300 5452 inquit
3325 5383 3678 5452 Augustinus,
3713 5383 3847 5439 sicut

2251 5483 2302 5534 in
2333 5483 2512 5550 Africa
2537 5475 2750 5544 solebat,
2775 5479 2942 5550 pultes
2973 5487 3020 5530 et
3061 5493 3242 5550 panem
3283 5487 3330 5530 et
3361 5493 3558 5532 merum
3593 5479 3846 5532 attulisset

2249 5575 2438 5650 (lbid.,
2469 5587 2592 5644 cap.”
2613 5573 2716 5646 9.);
2747 5571 2838 5626 ubi
2865 5569 3068 5624 audivit
3089 5585 3118 5622 a
3143 5569 3382 5640 ianitore
3403 5581 3626 5640 propter
3645 5571 3846 5626 abusus

2247 5669 2508 5742 quosdam
2555 5669 2700 5722 hunc
2729 5681 2934 5722 morem
2975 5663 3043 5718 ab
3073 5663 3332 5734 episeoiio
3379 5663 3548 5720 fuisse
3591 5663 3850 5720 interdic—

2251 5771 2390 5830 tum,
2419 5769 2524 5814 tam
2565 5761 2648 5832 pie
2677 5769 2826 5828 atque
2855 5755 3144 5810 obedienter
3163 5799 3178 5822 ,
3213 5755 3390 5826 pergit
3417 5753 3560 5810 idem
3593 5755 3704 5816 ille.
3727 5773 3846 5810 am-

2249 5855 2400 5918 plexa
2421 5863 2514 5914 est,
2539 5863 2592 5906 ut
2621 5853 2730 5920 ipse
2755 5851 2970 5906 mirarer
2997 5865 3148 5918 quam
3179 5849 3332 5916 facile
3351 5851 3644 5902 accusatrix
3671 5847 3844 5922 potius
