4102 6360
146 336 232 394 89

1142 339 1236 396 EX
1276 339 1442 399 EJUS
1480 339 1896 400 POTISSIMUM
1936 341 2248 403 SCRIPTIS
2285 342 2666 403 COLLECTA.
2879 289 2885 295 θ
3473 342 3547 402 90

146 458 627 515 consuetudinis
652 475 779 527 suae,
793 474 950 534 quam
963 459 1299 530 disceptatrix
1320 460 1463 513 illius
1485 459 1848 528 prohibitionis
1874 462 1928 525 A
1956 463 1990 517 ti
2020 464 2200 519 animo
2229 472 2484 535 negasset
2512 473 2731 521 sanctus
2758 463 2961 520 Praesul
2983 506 2998 531 ,
3028 460 3343 534 imperatrix
3369 476 3436 518 ex
3475 476 3544 519 eo

149 546 377 615 effecta
413 551 497 606 sit
526 551 754 625 (Ibid.).

244 642 359 697 67.
402 643 664 701 Interim
699 645 1029 716 Augustinus
1060 644 1114 699 in
1145 643 1387 700 veritatis
1419 642 1614 700 itinere
1631 658 1849 714 semper

156 733 444 791 ulterius
478 738 962 810 progrediebatur,
995 736 1064 792 de
1093 735 1386 792 Ambrosio
1413 745 1594 807 autem
1627 736 1697 790 ita
1723 752 1848 791 seu-

160 828 375 885 ticbal
408 849 424 886 :
456 832 823 893 Ambrosium,
851 833 1041 903 inquit,
1071 833 1268 904 felicem
1290 831 1561 902 quemdam
1589 830 1847 884 [continent

164 923 510 977 secundum
547 925 803 980 saxulum
824 924 1097 997 apinabar,
1126 940 1275 996 quem
1302 924 1375 978 sic
1398 932 1553 977 tanta:
1576 932 1846 991 potestates

168 1014 595 1083 honorarent;
626 1018 888 1073 cmlibatus
916 1026 1112 1071 tantum
1143 1020 1253 1091 ejus
1280 1015 1406 1070 mihi
1434 1016 1721 1071 laboriosus
1768 1017 1847 1069 vi-

169 1107 431 1164 debatur
468 1109 679 1181 (Ibid.,
706 1129 824 1184 cap.
846 1110 929 1184 ὅ).
952 1111 1184 1182 Optabat
1214 1127 1322 1166 non
1352 1111 1702 1169 mediocriter
1724 1110 1845 1165 lon-

168 1200 314 1270 gius
347 1216 500 1257 cum
536 1218 609 1258 co
640 1204 778 1258 inire
807 1203 1162 1284 colloquium,
1198 1211 1259 1258 ut
1279 1203 1327 1257 ei
1355 1203 1552 1257 mentis
1575 1217 1688 1258 sum
1727 1216 1845 1257 mo-

170 1302 277 1349 tus
309 1304 504 1367 atque
575 1298 899 1369 agitationes
955 1299 1214 1368 aperiret.
1262 1296 1504 1353 Subinde
1549 1297 1617 1351 ad
1665 1296 1842 1369 ipsum

174 1388 481 1460 pergebat
519 1391 678 1446 illam
704 1391 775 1447 ob
804 1407 1048 1457 causam,
1075 1408 1305 1462 cumque
1332 1391 1478 1447 mdes
1502 1392 1842 1461 episcopales

176 1483 419 1538 nemini
461 1500 587 1540 non
621 1495 890 1555 paterent,
942 1486 1084 1543 facili
1116 1488 1337 1558 negotio
1369 1486 1435 1542 ad
1478 1487 1652 1557 ipsum
1681 1501 1827 1543 accc,

180 1574 402 1631 debat.
443 1576 663 1632 Verum
695 1563 822 1650 q'uia
853 1588 1073 1635 sanctus
1101 1581 1345 1636 Antistes
1375 1591 1466 1635 aut
1501 1581 1838 1637 diversorum

187 1666 523 1723 hominum
554 1672 836 1726 serviebat
863 1673 1286 1740 inﬁrmitatibus,
1316 1685 1407 1729 aut
1433 1674 1838 1744 Scripturarum

189 1760 598 1819 meditatione
624 1775 924 1835 occupatus
951 1774 1087 1829 erat,
1114 1766 1418 1835 Augustino
1445 1767 1586 1821 nulla
1611 1767 1840 1823 dabatur

1952 554 2174 612 eﬁ‘erata
2197 598 2212 622 ,
2244 555 2338 611 ﬁlii
2370 558 2588 613 nomine
2616 573 2679 614 ac
2707 566 2913 614 terrore
2935 556 3150 627 objecto
3168 597 3184 624 ,
3211 571 3325 611 rem
3354 563 3542 611 extor-

1951 664 2116 719 quere
2146 660 2342 704 conata
2374 657 2478 704 est.
2531 652 2871 722 Quapropter
2900 649 3033 705 feria
3071 658 3224 706 sexta
3275 656 3401 704 ante
3437 647 3546 702 Do-

1951 743 2203 799 minicam
2234 759 2353 814 quae
2383 744 2581 799 dicitur
2611 743 3181 816 Palmarumhveniunt
3208 743 3541 814 ipsiusjussu

1947 838 2175 892 comites
2204 836 2422 907 quidam
2450 837 2852 907 consistoriaui,
2885 839 2975 909 qui
3004 838 3278 895 basilicam
3320 849 3536 900 novam,

1948 930 2050 985 hoc
2075 940 2179 998 est,
2212 932 2655 998 intramuranam,
2683 923 2809 1003 quae
2847 933 3112 1003 superiori
3140 940 3267 987 erat.
3282 930 3538 1001 amplior,

1948 1034 2236 1094 poscerent
2266 1024 2335 1079 ab
2375 1024 2565 1079 eodem
2598 1022 2888 1081 Ambrosio
2940 1024 3157 1098 (.Ibid.).
3206 1024 3303 1080 llic
3354 1032 3536 1082 autem

1944 1134 2134 1174 rursus
2166 1119 2413 1174 modeste
2443 1118 2637 1183 simul,
2669 1133 2731 1174 ac
2759 1133 3025 1188 generose
3076 1119 3318 1189 reposuit
3346 1159 3361 1184 ,
3411 1126 3541 1171 tem-

1946 1211 2088 1279 plum
2116 1209 2215 1266 Dei
2245 1227 2277 1264 a
2302 1211 2569 1266 sacerdote
2590 1210 2726 1264 tradi
2755 1227 2857 1264 non
2886 1226 3036 1283 posse
3063 1209 3245 1281 (lbid.,
3278 1226 3420 1264 nam.
3452 1208 3535 1281 2).

1945 1302 2211 1358 Postridie
2237 1301 2528 1372 prml‘ectns
2556 1303 2671 1371 ipse
2702 1302 2956 1358 convenit
2980 1311 3225 1355 sanctum
3258 1301 3454 1369 virum,
3480 1308 3540 1355 ιιι

1943 1397 2029 1453 vel
2078 1397 2329 1453 Portiana
2386 1396 2604 1451 basilica
2656 1394 3069 1451 concederetur.
3131 1394 3359 1450 Maxima
3412 1410 3539 1449 cum

1942 1492 2141 1563 pietate
2167 1506 2229 1547 ac
2257 1491 2563 1549 constantia
2613 1489 2841 1559 populus
2872 1487 3210 1553 reclamavit,
3241 1486 3383 1556 quod
3413 1500 3539 1541 cum

1940 1592 2193 1641 cerneret
2225 1584 2373 1639 idem
2398 1583 2704 1654 praefectus,
2739 1582 2803 1638 ad
2853 1582 3110 1651 palatium
3144 1580 3338 1647 rediit,
3369 1583 3540 1651 impc-

1944 1681 2111 1735 ratori
2140 1695 2260 1749 qua:
2300 1686 2450 1750 gesta
2492 1681 2729 1744 fuerant,
2760 1679 3120 1733 nuntiaturus.
3155 1676 3384 1733 Sanctus
3428 1675 3542 1730 An-

1941 1773 2095 1827 tistes
2141 1770 2448 1842 bnjusmodi
2496 1773 2671 1826 turbis
2723 1787 2830 1826 non
2875 1770 3208 1835 deterritus,
3258 1767 3537 1823 Dominica

185 1855 368 1925 copia
406 1856 783 1923 sciscitandi,
824 1873 944 1928 quae
974 1858 1246 1929 cupiebat.
1300 1859 1439 1914 Eum
1484 1868 1663 1935 tamen
1695 1860 1830 1915 allo-

1940 1866 2243 1923 Palmarum
2271 1867 2445 1921 sacris
2473 1867 2748 1921 consuetis
2762 1866 2861 1921 rite
2890 1872 3146 1934 operatus
3172 1870 3275 1918 εει.
3308 1861 3540 1917 Verum-

189 1947 504 2018 quebatur
538 1949 810 2021 interdum
845 1950 1190 2018 Ambrosius,
1221 1940 1378 2022 eique
1401 1960 1624 2022 propter
1646 1962 1838 2008 mater.

192 2056 334 2096 nam
372 2041 653 2112 pietatem
685 2043 1079 2114 gratulabatur.

276 2136 381 2192 68.
430 2137 553 2192 Sed
605 2137 942 2209 Augustinus
973 2121 1273 2211 congressu
1321 2149 1427 2194 tam
1470 2138 1835 2210 perinaetorio

195 2229 453 2284 minime
488 2240 805 2298 contentus,
838 2242 896 2287 ut
921 2248 1023 2303 qua
1068 2232 1291 2297 licebat.
1324 2232 1597 2287 desiderio
1624 2231 1838 2287 satisfa-

201 2331 371 2377 ceret
402 2338 534 2392 sno,
562 2325 716 2380 illum
744 2327 798 2381 in
822 2328 1016 2399 populo
1037 2328 1241 2381 verbum
1282 2327 1508 2381 veritatis
1536 2336 1670 2382 recte
1696 2335 1832 2380 trac~

206 2428 418 2475 tantem
452 2422 600 2475 omni
630 2423 714 2477 die
742 2423 998 2478 dominico
1032 2423 1271 2478 audiebat
1299 2422 1513 2496 (lbid.).
1558 2422 1650 2477 llis
1704 2436 1834 2477 con-

203 2517 487 2572 cionibus
520 2517 695 2573 nubes
721 2519 916 2590 quibus
947 2519 1173 2575 interior
1202 2519 1318 2589 ejus
1348 2518 1568 2573 obtutus
1590 2518 1832 2574 obcaeca-

194 2607 417 2674 batur,
505 2609 794 2680 dissipatm
845 2620 1006 2676 sunt;
1062 2612 1284 2680 ipseque
1353 2610 1636 2665 catholica:
1706 2609 1834 2665 ﬁdei

195 2700 504 2756 veritatem
549 2716 872 2773 agnoscere,
896 2718 960 2758 ac
981 2702 1398 2757 Manicha-orum
1422 2716 1637 2757 errores
1662 2701 1837 2756 maxi-

200 2809 295 2849 me
316 2795 470 2849 circa
494 2798 671 2865 prisci
694 2797 913 2852 fmderis
940 2808 1318 2854 testamentum
1347 2793 1628 2868 despicere
1649 2799 1832 2869 coepit.

208 2886 374 2955 Saepe
402 2887 460 2940 in
491 2888 843 2959 papttlaribus
878 2892 1197 2944 sermonibus
1227 2893 1332 2944 suis
1364 2932 1378 2954 ,
1411 2889 1621 2960 inquit,
1651 2889 1837 2943 docen-

208 2986 314 3031 tem
362 2976 707 3033 Ambrosium
761 2980 949 3049 stepius
986 2980 1258 3037 audiebam
1305 2995 1323 3033 :
1367 2978 1567 3032 Littera
1610 2979 1835 3043 occidit,

225 3071 452 3143 spiritus
480 3082 662 3124 autem
693 3071 915 3139 viviﬁcat
942 3113 958 3136 ,
1011 3087 1126 3126 cum
1151 3088 1207 3125 ea
1234 3088 1346 3140 qtae
1371 3072 1439 3124 ad
1465 3072 1683 3125 litteram
1726 3084 1839 3142 per-

212 3164 522 3218 versitatem
551 3164 735 3218 docere
756 3163 1082 3228 videbantur,
1096 3174 1286 3218 remoto
1308 3164 1520 3235 mystico
1535 3164 1835 3230 velamento,

1942 1968 2122 2014 tamen
2167 1958 2294 2012 dum
2350 1957 2784 2027 competentibus
2840 1955 3077 2011 traderet
3127 1954 3470 2026 symbolum,
3502 1968 3537 2008 a

1938 2052 2260 2123 quibusdam
2291 2052 2519 2118 audivit,
2562 2051 2699 2119 quod
2728 2051 2796 2105 ad
2827 2050 3131 2105 Portiauam
3175 2049 3442 2104 basilicam
3471 2046 3539 2102 de

1938 2144 2129 2215 palatio
2153 2144 2465 2199 decumanos
2484 2144 2761 2209 misissent;
2775 2153 2820 2195 ct
2836 2140 3325 2210 velasuspeuderent
3342 2137 3505 2213 (Ibid.
3518 2178 3534 2203 ,

1937 2256 2080 2294 num.
2112 2236 2205 2309 4);
2233 2247 2292 2292 ut
2315 2236 2569 2293 videlicet
2596 2252 2627 2289 a
2652 2235 3049 2301 Valentiniano,
3085 2234 3223 2288 hane
3244 2232 3534 2288 ecclesiam
3564 2248 3573 2260 ο

1938 2331 2191 2399 occupari
2232 2328 2606 2398 vindicarique
2654 2326 3044 2398 signiﬁcarent.
3105 2324 3426 2381 Ambrosius
3467 2321 3538 2378 ab

1938 2422 2219 2480 oﬁerendo
2248 2421 2516 2478 sacriﬁcio
2549 2436 2655 2476 non
2685 2420 3005 2486 obsistebat,
3054 2434 3177 2475 eum
3227 2419 3537 2473 nuntiatum

1938 2526 2022 2571 est
2074 2516 2448 2588 presbyterum
2498 2513 2787 2585 quemdam
2828 2515 3157 2567 Arianorum
3187 2552 3202 2577 ,
3255 2509 3536 2565 Castulum

1938 2609 2177 2671 nomine.
2206 2622 2235 2661 a
2268 2607 2467 2678 populo
2499 2606 2663 2661 fuisse
2694 2613 2930 2675 captum.
2976 2603 3032 2658 Id
3078 2602 3382 2673 Episcopus
3410 2616 3538 2672 grao

1938 2703 2078 2755 viter
2110 2701 2250 2763 tulit,
2283 2712 2445 2767 atque
2473 2698 2750 2769 extemplo
2794 2696 3141 2769 presbyteros
3185 2710 3249 2751 ac
3276 2694 3540 2751 diaconos

1939 2796 2046 2854 huc
2069 2794 2361 2851 destinavit
2400 2792 2587 2865 (Ibid.,
2624 2810 2765 2848 num.
2799 2793 2830 2847 5
2853 2800 2898 2846 et
2944 2792 3075 2862 seq.)
3101 2832 3115 2856 ,
3148 2804 3178 2843 a
3210 2789 3405 2859 quibus
3442 2802 3537 2842 sa-

1938 2890 2213 2947 criﬁculus
2249 2874 2594 2945 liberaretur.
2646 2886 2855 2943 Justina
2888 2897 3063 2941 tamen
3098 2882 3382 2939 seditionis
3415 2881 3540 2937 loco

1940 2981 2073 3036 illud
2088 2981 2380 3051 accipiens,
2403 2982 2601 3036 multos
2622 2982 2819 3039 civium
2849 2980 3085 3049 conjecit
3114 2978 3167 3032 in
3189 2977 3424 3039 vincula,
3446 2987 3541 3044 pa-

1943 3074 2076 3130 latio
2101 3077 2372 3143 justitiam
2400 3074 2615 3142 indixit,
2654 3088 2986 3145 magnaSque
3023 3073 3196 3128 minas
3248 3068 3538 3125 intentavit

1942 3168 2316 3238 optimatibus.
2357 3172 2605 3223 Attamen
2636 3167 2816 3223 denuo
2845 3167 2993 3220 missi
3021 3172 3147 3218 sunt
3189 3163 3256 3217 ad
3302 3161 3536 3219 Ambro-

214 3256 537 3327 spiritaliter
564 3256 787 3327 aperiret
812 3256 832 3329 (
854 3256 1016 3324 lbid.,
1044 3274 1163 3326 cap.
1197 3257 1230 3311 4
1254 3257 1293 3324 ).
1329 3257 1445 3311 Non
1475 3266 1558 3312 est
1586 3272 1714 3327 ergo
1743 3272 1839 3312 cur
1862 3237 1908 3303 (ἶ
1942 3260 2082 3315 sium
2112 3259 2311 3315 tribuni
2332 3272 2396 3316 ει
2422 3260 2671 3326 comites,
2694 3260 2784 3331 qui
2817 3275 2939 3313 emn
2972 3258 3041 3313 de
3062 3255 3302 3311 cedenda
3337 3270 3443 3309 una
3471 3270 3538 3311 ex

217 3347 423 3418 aliquis
454 3349 711 3414 miretur,
734 3348 875 3419 quod
893 3348 1215 3404 Ambrosius
1242 3358 1521 3418 tantopere
1553 3349 1837 3418 mysticum

220 3448 455 3511 urgeret
486 3439 823 3497 intellectum
878 3442 927 3495 in
972 3441 1320 3496 sermonibus
1364 3441 1467 3496 hoc
1497 3451 1550 3496 et
1594 3443 1841 3508 sequenti

220 3546 370 3588 anno
402 3532 472 3589 de
501 3542 755 3604 suggestu
784 3533 1010 3600 habitis,
1056 3550 1286 3603 quorum
1318 3534 1563 3603 plerique
1593 3532 1646 3587 in
1673 3533 1841 3590 libros

226 3626 435 3683 redacti
468 3637 617 3683 sunt.
650 3629 758 3684 llos
786 3639 939 3685 certe
969 3628 1137 3683 libros
1168 3628 1431 3682 fastidiosi
1463 3626 1682 3698 quidam
1723 3640 1837 3681 ma-

220 3718 331 3790 jnri
358 3721 624 3778 haberent
654 3724 704 3776 in
729 3725 925 3794 pretio,
948 3721 996 3777 si
1030 3732 1336 3792 temporum
1358 3721 1571 3776 illorum
1597 3718 1838 3775 necessi.

228 3820 423 3881 tatem,
453 3822 510 3868 ct
538 3829 851 3884 expressam
885 3816 1125 3883 ipsorum
1156 3812 1398 3868 efﬁcacia
1422 3813 1601 3882 magni
1628 3810 1841 3882 Augus-

229 3906 326 3959 tini
354 3908 764 3961 conversionem
794 3908 1056 3978 tantisper
1078 3906 1441 3963 attenderem.

307 3996 401 4053 69.
447 3998 771 4053 Ambrosius
806 4000 898 4070 qui
929 4000 1069 4054 ultra
1117 3999 1537 4055 Mediolanensis
1577 3998 1838 4055 Ecclesia:

231 4090 434 4146 limites
471 4091 896 4147 sollicitudinem
938 4107 1090 4146 suam
1121 4092 1488 4156 extendebat,
1541 4099 1763 4160 rogatus
1805 4103 1836 4145 a

235 4181 433 4253 Vigilio
448 4182 515 4237 ad
539 4183 918 4239 Tridentinam
942 4184 1125 4239 sedem
1141 4200 1315 4255 nuper
1333 4195 1547 4249 cvecto,
1563 4184 1836 4254 praecipua

235 4278 561 4349 episcopalis
590 4276 871 4349 dignitatis
902 4294 1128 4335 munera
1165 4295 1261 4349 per
1289 4278 1575 4348 epistolam
1605 4278 1704 4348 ipsi
1733 4292 1834 4331 ex-

234 4370 412 4438 posuit
442 4370 644 4441 (Epist.
673 4371 785 4442 l9).
821 4371 941 4426 Prae
972 4372 1187 4426 caeteris
1227 4382 1407 4426 autem
1452 4371 1603 4426 illum
1648 4368 1833 4424 admo-

234 4463 416 4529 nebat,
472 4472 535 4519 ut
580 4480 648 4519 ne
700 4465 973 4520 connubia
1010 4466 1149 4519 inter
1197 4464 1348 4519 cultu
1397 4463 1643 4534 dispares
1684 4463 1835 4518 coire

235 4560 599 4625 permitteret,
649 4558 749 4613 hoc
776 4568 860 4614 est
884 4600 898 4624 ,
930 4558 1073 4613 inter
1101 4555 1444 4612 Christianos
1471 4565 1525 4611 et
1559 4555 1825 4610 inﬁdeles.

238 4648 400 4720 Cujus
424 4650 814 4706 admonitionis
862 4649 1164 4705 necessitas
1191 4648 1471 4703 oriebatur
1500 4662 1565 4702 ex
1596 4646 1829 4701 Idolola-

239 4753 435 4799 lrarum
468 4744 817 4801 multitudine
836 4786 852 4811 ,
880 4760 999 4815 quae
1036 4744 1087 4798 in
1116 4742 1448 4798 Tridentinis
1476 4741 1673 4796 ﬁnibus
1704 4750 1831 4795 tunc

241 4845 379 4892 tanta
404 4846 547 4901 erat.
583 4845 641 4892 ut
666 4835 806 4892 idem
834 4835 1059 4906 Vigilins
1084 4849 1214 4889 cum
1247 4848 1343 4888 eos
1378 4833 1642 4887 niteretur
1663 4831 1831 4886 addu-

240 4944 359 4984 cere
378 4930 440 4985 ad
463 4930 672 4985 Christi
700 4931 1091 5000 cognitionem,
1116 4928 1185 4983 ab
1222 4928 1354 4998 ipsis
1385 4927 1645 4998 martyrio
1671 4926 1831 4981 allec-

246 5028 325 5076 tus
354 5033 704 5099 memoretur.
1584 5084 1595 5091 ,
1738 5024 1747 5035 ”

309 5116 393 5171 70.
438 5117 545 5174 Ubi
587 5116 818 5187 primum
865 5113 1076 5171 Justina
1122 5129 1309 5185 pacem
1364 5128 1393 5168 a
1444 5113 1684 5167 Maximo
1727 5110 1829 5166 sibi

244 5221 551 5265 concessam
579 5207 734 5274 vidit,
760 5223 820 5264 ea
841 5208 1248 5278 Opportunitate
1262 5205 1544 5261 constituit
1570 5205 1742 5270 abuti,
1773 5215 1829 5260 ut

239 5301 530 5357 Ambrosio
558 5300 759 5356 bellmn
791 5299 1086 5364 indiceret;
1124 5308 1239 5353 rata
1276 5299 1421 5353 enim
1451 5298 1827 5355 auctoritatem

241 5392 325 5449 ﬁlii
350 5396 467 5463 jaun
495 5395 629 5448 satis
653 5408 775 5449 esse
805 5392 1207 5457 conﬁrmatam,
1250 5390 1430 5446 omnia
1464 5391 1519 5446 in
1568 5406 1628 5446 se
1667 5399 1829 5460 atque

243 5487 293 5543 in
340 5489 627 5563 imperium
676 5488 849 5543 sancti
896 5486 1007 5542 Viri
1052 5486 1241 5542 merita
1291 5484 1565 5541 oblivione
1610 5483 1827 5538 delevit.

248 5580 591 5638 Occasionem
622 5579 723 5649 ipsi
766 5578 1049 5645 exhibuit,
1096 5577 1240 5648 quod
1293 5577 1345 5632 in
1393 5576 1643 5648 proximo
1671 5583 1829 5643 erat,

252 5673 658 5733 resurrectionis
702 5662 997 5727 Dominicis:
1025 5662 1257 5738 festum;
1284 5680 1341 5727 ut
1375 5669 1445 5725 ad
1486 5668 1828 5724 Ambrosium

255 5750 475 5841 mitteret
523 5766 721 5837 (Epist.
746 5763 841 5835 20)
862 5805 876 5828 ,
914 5766 1005 5835 qui
1035 5764 1338 5821 Portianam
1370 5763 1644 5821 basilicam
1668 5803 1682 5827 ,
1733 5762 1832 5815 hoc

254 5848 346 5923 itala
373 5871 811 5929 estramuraaam
843 5844 1093 5925 peterent
1134 5852 1366 5913 Arionis.
1397 5846 1455 5912 id
1486 5848 1615 5912 cum
1647 5855 1833 5930 ingens

1941 3354 2181 3411 basilicis
2204 3352 2595 3424 compellarent
2611 3351 2798 3421 (Ibid.,
2819 3369 2871 3405 ιι.
2889 3352 2981 3406 Set
3002 3366 3087 3419 seq
3115 3352 3154 3420 ).
3173 3347 3390 3404 Interim
3408 3361 3540 3403 vero

1936 3452 2073 3521 jussi
2103 3460 2231 3506 sunt
2252 3450 2454 3506 milites
2479 3450 2545 3505 ad
2576 3465 2694 3506 eam
2719 3448 3086 3517 occupandam
3117 3461 3239 3503 sese
3266 3446 3539 3501 conferre.

1938 3541 2044 3599 Sed
2071 3558 2195 3598 cum
2225 3558 2320 3598 eos
2349 3544 2540 3599 beatus
2567 3541 2809 3598 Antistes
2826 3550 2974 3597 esset
3003 3540 3291 3601 allocutus,
3322 3535 3539 3594 confes-

1942 3636 2034 3689 tim
2062 3634 2129 3690 ad
2168 3637 2455 3691 stationem
2502 3650 2654 3689 suam
2693 3635 2988 3689 redierunt.
3034 3631 3359 3687 Ambrosius
3408 3643 3538 3684 vero

1941 3726 2131 3783 feriam
2149 3729 2358 3783 tertiam
2379 3728 2431 3783 in
2450 3727 2686 3783 Ecclesia
2708 3727 2970 3797 integram
2987 3724 3167 3794 exegit
3188 3742 3200 3777 :
3221 3722 3538 3778 imminente

1939 3827 2119 3875 autem
2145 3820 2319 3875 noctis
2349 3830 2614 3888 tempore,
2637 3819 2802 3873 rediit
2829 3820 2881 3871 in
2907 3816 3050 3871 aedes
3076 3815 3414 3886 episcopales
3439 3830 3454 3873 :
3479 3822 3539 3868 ut

1939 3913 1983 3968 si
2016 3928 2139 3967 eum
2185 3912 2239 3967 in
2272 3912 2521 3967 exsiliunt
2550 3911 2750 3981 pellere
2790 3907 3018 3971 vellent,
3055 3916 3301 3977 paratum
3334 3905 3540 3959 inveni—

1940 4017 2057 4061 rent
2090 4004 2277 4079 (lbid.,
2313 4021 2456 4057 ιιιιηι.
2483 4003 2595 4074 10).
2638 4002 2909 4055 Postridie
2935 3999 3051 4068 ejus
3080 3998 3183 4052 diei
3215 3996 3536 4050 antelucana

1939 4098 2070 4153 hora
2095 4098 2258 4153 domo
2283 4110 2555 4167 egressus,
2580 4095 2813 4149 cinctam
2852 4092 3109 4148 militibus
3133 4088 3335 4158 reperit
3355 4086 3540 4143 Eccle-

1938 4191 2096 4256 siam,
2133 4191 2185 4245 in
2217 4205 2320 4259 qua
2345 4189 2702 4244 nihilominus
2728 4186 2989 4242 lectiones
3026 4190 3300 4240 consueta:
3345 4183 3539 4237 recita—

1936 4284 2154 4340 bantur.
2189 4284 2477 4354 lmperasit
2512 4281 2811 4351 Episcopus
2841 4279 3043 4333 milites
3078 4292 3248 4332 saera:
3294 4289 3539 4330 commu-

1938 4377 2112 4431 nionis
2139 4376 2262 4445 jure
2292 4374 2563 4441 interdici,
2598 4388 2705 4444 quo
2736 4372 2812 4427 illi
2835 4370 3104 4434 deterriti,
3137 4369 3205 4423 ad
3227 4365 3538 4423 Catholica-

1933 4486 2051 4526 rnm
2082 4478 2261 4540 partes
2288 4475 2659 4523 accesserunt.
2694 4466 2845 4519 Tune
2874 4464 2963 4517 ille
2993 4462 3275 4516 umbonem
3304 4459 3539 4514 basilica:

1934 4562 2334 4628 conscendens,
2363 4576 2429 4615 ex
2468 4559 2609 4615 libro
2630 4557 2733 4613 Job
2759 4573 2917 4627 quem
2954 4563 3081 4609 tunc
3128 4553 3231 4622 legi
3270 4551 3535 4621 contigit,

1936 4654 2002 4709 ad
2034 4655 2289 4724 populum
2321 4652 2677 4707 concinnatus
2708 4658 2790 4705 est
2811 4650 2829 4721 (
2853 4647 3017 4711 Ibid,
3048 4662 3190 4700 num.
3219 4645 3285 4699 14
3306 4653 3354 4699 et
3379 4642 3535 4713 seq.).

1940 4747 2078 4801 Dum
2127 4760 2435 4800 sermonem
2474 4758 2630 4798 suum
2665 4744 2829 4795 rebus
2871 4738 3225 4810 praesentibus
3246 4737 3382 4792 scite
3410 4735 3540 4790 ada-

1947 4848 2143 4910 ptaret,
2168 4853 2294 4894 cum
2324 4836 2695 4906 interpellant,
2738 4836 2855 4888 vela
2887 4828 3161 4887 removeri
3201 4844 3263 4883 ex
3316 4825 3537 4882 basilica

1936 4933 2334 5003 signiﬁcantes.
2359 4930 2502 5000 quod
2535 4928 2916 4998 imperatorem
2942 4933 3123 4993 coepto
3149 4921 3418 4977 desistere
3457 4920 3537 4973 ιη.

1937 5024 2080 5097 dicio
2107 5032 2249 5077 erat.
2281 5021 2726 5090 Prosequcbatur
2750 5016 3073 5073 concionem
3103 5028 3254 5069 suam
3296 5013 3539 5066 Antistes

1937 5128 2148 5183 noster,
2178 5131 2300 5172 cum
2327 5129 2456 5171 ecce
2481 5114 2574 5168 tibi
2595 5112 2844 5168 Notarius
2874 5109 2942 5164 ab
2974 5109 3298 5176 imperatore
3324 5103 3389 5158 ad
3412 5117 3534 5157 eum

1936 5210 2106 5276 venit,
2134 5209 2227 5280 qui
2253 5217 2308 5263 et
2332 5215 2622 5278 tyrannum
2651 5205 2826 5275 ipsum
2854 5197 3156 5270 appellavit
3176 5196 3367 5267 (Ibid,
3389 5208 3533 5247 nunt.

1933 5302 2065 5374 εει),
2116 5310 2171 5356 et
2224 5299 2408 5355 verbis
2465 5297 2717 5352 tractavit
2773 5289 3228 5357 injurinsissimis.
3296 5284 3538 5340 Modesto

1937 5394 2155 5465 quidem
2184 5393 2278 5447 ille
2309 5390 2616 5460 r05p0ndit,
2649 5387 2743 5442 sed
2776 5385 2909 5439 nihil
2947 5379 3155 5434 remisit
3191 5378 3258 5431 de
3287 5386 3540 5431 constan-

1937 5486 2032 5541 tia.
2065 5485 2179 5540 Non
2210 5484 2511 5556 permissus
2544 5488 2631 5535 est
2674 5494 2739 5533 eo
2769 5477 2859 5531 die
2898 5473 3120 5525 domum
3168 5465 3413 5536 regredi,
3441 5469 3539 5524 sed

1936 5594 2057 5632 cum
2091 5578 2339 5649 fratribus
2380 5575 2437 5626 in
2490 5570 2704 5624 basilica
2753 5566 2950 5620 minore
2998 5556 3260 5611 canendis
3318 5557 3541 5629 psalmis

1936 5648 2130 5728 clunes
2155 5674 2570 5742 pernoctarunt.
2592 5658 2850 5731 Sequenti
2874 5653 2987 5742 die,
3013 5648 3064 5702 id
3081 5661 3186 5715 εει,
3205 5651 3332 5706 feria
3352 5654 3539 5722 quinta

1935 5764 2161 5834 majoris
2204 5758 2602 5818 hebdomadas,
2633 5752 2784 5806 Jona-
2834 5741 3117 5832 prophetia
3172 5760 3325 5800 more
3377 5746 3540 5836 solito

1936 5832 2164 5915 recitata
2191 5861 2297 5920 est,
2321 5862 2484 5922 quam
2508 5836 2737 5901 dicendo
2759 5846 3037 5906 exponere
3065 5832 3287 5904 incOepit
3308 5832 3539 5927 Ambros
