  <div class='ocr_page' id='page_1' title='image "/cluster/home/n/w/nwhite01/storage/ocr_20150623/14/hvd.32044015471303/051.png"; bbox 0 0 4156 6370; ppageno 0'>
   <div class='ocr_carea' id='block_1_1' title="bbox 554 343 3854 420">
    <p class='ocr_par' dir='ltr' id='par_1_1' title="bbox 554 343 3854 420">
     <span class='ocr_line' id='line_1_1' title="bbox 554 343 3854 420; baseline -0.001 -1"><span class='ocrx_word' id='word_1_1' title='bbox 554 363 619 420; x_wconf 80' lang='grc' dir='ltr'><strong>9ι</strong></span> <span class='ocrx_word' id='word_1_2' title='bbox 1773 345 1936 416; x_wconf 80' lang='lat' dir='ltr'><strong>V&#39;t&#39;tA</strong></span> <span class='ocrx_word' id='word_1_3' title='bbox 1973 343 2220 416; x_wconf 80' lang='lat' dir='ltr'><strong>SANC’I‘l</strong></span> <span class='ocrx_word' id='word_1_4' title='bbox 2253 343 2581 418; x_wconf 63' lang='lat' dir='ltr'><strong>aitsuostt</strong></span> <span class='ocrx_word' id='word_1_5' title='bbox 3785 361 3854 416; x_wconf 76' lang='lat' dir='ltr'><strong>se</strong></span> 
     </span>
    </p>
   </div>
   <div class='ocr_carea' id='block_1_2' title="bbox 560 461 3851 548">
    <p class='ocr_par' dir='ltr' id='par_1_2' title="bbox 560 461 3851 548">
     <span class='ocr_line' id='line_1_2' title="bbox 560 461 3851 548; baseline -0.001 -13"><span class='ocrx_word' id='word_1_6' title='bbox 560 478 674 535; x_wconf 85' lang='lat' dir='ltr'><strong>sius</strong></span> <span class='ocrx_word' id='word_1_7' title='bbox 729 466 927 548; x_wconf 81' lang='lat' dir='ltr'><strong>(Ibid.,</strong></span> <span class='ocrx_word' id='word_1_8' title='bbox 953 479 1095 530; x_wconf 84' lang='lat' dir='ltr'><strong>nunt.</strong></span> <span class='ocrx_word' id='word_1_9' title='bbox 1151 471 1269 547; x_wconf 78' lang='lat'><strong>9.5).</strong></span> <span class='ocrx_word' id='word_1_10' title='bbox 1319 469 1474 531; x_wconf 80' lang='lat' dir='ltr'><strong>Haud</strong></span> <span class='ocrx_word' id='word_1_11' title='bbox 1529 461 1758 531; x_wconf 85' lang='lat' dir='ltr'><strong>multum</strong></span> <span class='ocrx_word' id='word_1_12' title='bbox 1807 482 2149 548; x_wconf 75' lang='lat' dir='ltr'><strong>processerat</strong></span> <span class='ocrx_word' id='word_1_13' title='bbox 2171 465 2226 538; x_wconf 73' lang='grc' dir='ltr'>Α</span> <span class='ocrx_word' id='word_1_14' title='bbox 2251 489 2372 532; x_wconf 91' lang='lat' dir='ltr'><strong>cum</strong></span> <span class='ocrx_word' id='word_1_15' title='bbox 2401 475 2641 531; x_wconf 89' lang='lat' dir='ltr'><strong>venisset</strong></span> <span class='ocrx_word' id='word_1_16' title='bbox 2667 469 3052 542; x_wconf 80' lang='lat' dir='ltr'><strong>Mediolanum,</strong></span> <span class='ocrx_word' id='word_1_17' title='bbox 3085 473 3262 547; x_wconf 87' lang='lat' dir='ltr'><strong>posito</strong></span> <span class='ocrx_word' id='word_1_18' title='bbox 3291 471 3582 532; x_wconf 66' lang='lat' dir='ltr'><strong>MerCut‘ini</strong></span> <span class='ocrx_word' id='word_1_19' title='bbox 3613 477 3851 545; x_wconf 78' lang='lat' dir='ltr'><strong>nemine,</strong></span> 
     </span>
    </p>
   </div>
   <div class='ocr_carea' id='block_1_3' title="bbox 560 566 2152 639">
    <p class='ocr_par' dir='ltr' id='par_1_3' title="bbox 560 566 2152 639">
     <span class='ocr_line' id='line_1_3' title="bbox 560 566 2152 639; baseline -0.002 -12"><span class='ocrx_word' id='word_1_20' title='bbox 560 571 615 627; x_wconf 91' lang='lat' dir='ltr'><strong>in</strong></span> <span class='ocrx_word' id='word_1_21' title='bbox 649 570 900 626; x_wconf 89' lang='lat' dir='ltr'><strong>instituto</strong></span> <span class='ocrx_word' id='word_1_22' title='bbox 926 573 1202 635; x_wconf 86' lang='lat' dir='ltr'><strong>sermone,</strong></span> <span class='ocrx_word' id='word_1_23' title='bbox 1233 575 1354 624; x_wconf 79' lang='lat' dir='ltr'><strong>eum</strong></span> <span class='ocrx_word' id='word_1_24' title='bbox 1386 575 1414 622; x_wconf 84' lang='lat' dir='ltr'><strong>a</strong></span> <span class='ocrx_word' id='word_1_25' title='bbox 1460 566 1782 639; x_wconf 72' lang='lat' dir='ltr'><strong>Quibusdam</strong></span> <span class='ocrx_word' id='word_1_26' title='bbox 1829 569 1878 626; x_wconf 92' lang='lat' dir='ltr'><strong>ei</strong></span> <span class='ocrx_word' id='word_1_27' title='bbox 1919 567 2152 624; x_wconf 77' lang='lat' dir='ltr'><strong>refertur</strong></span> 
     </span>
    </p>
   </div>
   <div class='ocr_carea' id='block_1_4' title="bbox 555 663 2154 738">
    <p class='ocr_par' dir='ltr' id='par_1_4' title="bbox 555 663 2154 738">
     <span class='ocr_line' id='line_1_4' title="bbox 555 663 2154 738; baseline -0.002 -16"><span class='ocrx_word' id='word_1_28' title='bbox 555 669 884 738; x_wconf 66' lang='lat' dir='ltr'><strong>praecepisse</strong></span> <span class='ocrx_word' id='word_1_29' title='bbox 912 665 1352 724; x_wconf 76' lang='lat' dir='ltr'><strong>Valentinianum</strong></span> <span class='ocrx_word' id='word_1_30' title='bbox 1394 673 1450 721; x_wconf 93' lang='lat' dir='ltr'><strong>ut</strong></span> <span class='ocrx_word' id='word_1_31' title='bbox 1491 665 1810 722; x_wconf 83' lang='lat' dir='ltr'><strong>recederent</strong></span> <span class='ocrx_word' id='word_1_32' title='bbox 1838 663 2058 732; x_wconf 91' lang='lat' dir='ltr'><strong>milites,</strong></span> <span class='ocrx_word' id='word_1_33' title='bbox 2089 677 2154 720; x_wconf 91' lang='lat' dir='ltr'><strong>ac</strong></span> 
     </span>
    </p>
   </div>
   <div class='ocr_carea' id='block_1_5' title="bbox 556 752 2151 830">
    <p class='ocr_par' dir='ltr' id='par_1_5' title="bbox 556 752 2151 830">
     <span class='ocr_line' id='line_1_5' title="bbox 556 752 2151 830; baseline -0.004 -14"><span class='ocrx_word' id='word_1_34' title='bbox 556 761 703 816; x_wconf 86' lang='lat' dir='ltr'><strong>cives</strong></span> <span class='ocrx_word' id='word_1_35' title='bbox 725 761 816 830; x_wconf 90' lang='lat' dir='ltr'><strong>qui</strong></span> <span class='ocrx_word' id='word_1_36' title='bbox 859 759 912 815; x_wconf 90' lang='lat' dir='ltr'><strong>in</strong></span> <span class='ocrx_word' id='word_1_37' title='bbox 945 760 1173 816; x_wconf 81' lang='lat' dir='ltr'><strong>vinculis</strong></span> <span class='ocrx_word' id='word_1_38' title='bbox 1195 766 1373 822; x_wconf 86' lang='lat' dir='ltr'><strong>erant,</strong></span> <span class='ocrx_word' id='word_1_39' title='bbox 1405 755 1827 828; x_wconf 88' lang='lat' dir='ltr'><strong>dimitterentur.</strong></span> <span class='ocrx_word' id='word_1_40' title='bbox 1857 752 2151 810; x_wconf 87' lang='lat' dir='ltr'><strong>incredibi-</strong></span> 
     </span>
    </p>
   </div>
   <div class='ocr_carea' id='block_1_6' title="bbox 557 847 2150 924">
    <p class='ocr_par' dir='ltr' id='par_1_6' title="bbox 557 847 2150 924">
     <span class='ocr_line' id='line_1_6' title="bbox 557 847 2150 924; baseline -0.005 -16"><span class='ocrx_word' id='word_1_41' title='bbox 557 853 664 909; x_wconf 88' lang='lat' dir='ltr'><strong>lem</strong></span> <span class='ocrx_word' id='word_1_42' title='bbox 686 853 826 922; x_wconf 90' lang='lat' dir='ltr'><strong>apud</strong></span> <span class='ocrx_word' id='word_1_43' title='bbox 845 850 1158 908; x_wconf 86' lang='lat' dir='ltr'><strong>Catholicos</strong></span> <span class='ocrx_word' id='word_1_44' title='bbox 1179 852 1512 924; x_wconf 88' lang='lat' dir='ltr'><strong>voluptatem</strong></span> <span class='ocrx_word' id='word_1_45' title='bbox 1535 849 1747 922; x_wconf 78' lang='lat' dir='ltr'><strong>peperit</strong></span> <span class='ocrx_word' id='word_1_46' title='bbox 1769 849 1869 904; x_wconf 80' lang='lat' dir='ltr'><strong>hoc</strong></span> <span class='ocrx_word' id='word_1_47' title='bbox 1882 847 2150 903; x_wconf 87' lang='lat' dir='ltr'><strong>nuntium.</strong></span> 
     </span>
    </p>
   </div>
   <div class='ocr_carea' id='block_1_7' title="bbox 559 938 2155 1014">
    <p class='ocr_par' dir='ltr' id='par_1_7' title="bbox 559 938 2155 1014">
     <span class='ocr_line' id='line_1_7' title="bbox 559 938 2155 1014; baseline -0.006 -12"><span class='ocrx_word' id='word_1_48' title='bbox 559 947 625 1002; x_wconf 80' lang='lat' dir='ltr'><strong>At</strong></span> <span class='ocrx_word' id='word_1_49' title='bbox 658 943 868 1002; x_wconf 87' lang='lat' dir='ltr'><strong>etiamsi</strong></span> <span class='ocrx_word' id='word_1_50' title='bbox 899 944 1204 1014; x_wconf 89' lang='lat' dir='ltr'><strong>persecutio</strong></span> <span class='ocrx_word' id='word_1_51' title='bbox 1232 944 1323 998; x_wconf 80' lang='lat' dir='ltr'><strong>illa</strong></span> <span class='ocrx_word' id='word_1_52' title='bbox 1358 942 1444 998; x_wconf 90' lang='lat' dir='ltr'><strong>hic</strong></span> <span class='ocrx_word' id='word_1_53' title='bbox 1475 942 1673 996; x_wconf 76' lang='lat' dir='ltr'><strong>(inierit</strong></span> <span class='ocrx_word' id='word_1_54' title='bbox 1694 938 1884 1006; x_wconf 78' lang='lat' dir='ltr'><strong>tlbid.,</strong></span> <span class='ocrx_word' id='word_1_55' title='bbox 1907 957 1961 995; x_wconf 81' lang='grc' dir='ltr'><strong>η.</strong></span> <span class='ocrx_word' id='word_1_56' title='bbox 1994 939 2065 994; x_wconf 76' lang='grc'>27</span> <span class='ocrx_word' id='word_1_57' title='bbox 2107 945 2155 994; x_wconf 89' lang='lat' dir='ltr'><strong>et</strong></span> 
     </span>
    </p>
   </div>
   <div class='ocr_carea' id='block_1_8' title="bbox 556 1034 2152 1110">
    <p class='ocr_par' dir='ltr' id='par_1_8' title="bbox 556 1034 2152 1110">
     <span class='ocr_line' id='line_1_8' title="bbox 556 1034 2152 1110; baseline -0.004 -16"><span class='ocrx_word' id='word_1_58' title='bbox 556 1039 682 1110; x_wconf 72' lang='lat'><strong>28);</strong></span> <span class='ocrx_word' id='word_1_59' title='bbox 713 1037 1100 1094; x_wconf 77' lang='lat' dir='ltr'><strong>nuntiabantur</strong></span> <span class='ocrx_word' id='word_1_60' title='bbox 1127 1043 1308 1094; x_wconf 77' lang='lat' dir='ltr'><strong>tamen</strong></span> <span class='ocrx_word' id='word_1_61' title='bbox 1337 1038 1677 1104; x_wconf 77' lang='lat' dir='ltr'><strong>imperatoris</strong></span> <span class='ocrx_word' id='word_1_62' title='bbox 1695 1035 1855 1091; x_wconf 88' lang='lat' dir='ltr'><strong>verba</strong></span> <span class='ocrx_word' id='word_1_63' title='bbox 1875 1034 2152 1101; x_wconf 83' lang='lat' dir='ltr'><strong>ncnnulla,</strong></span> 
     </span>
    </p>
   </div>
   <div class='ocr_carea' id='block_1_9' title="bbox 558 1128 2158 1204">
    <p class='ocr_par' dir='ltr' id='par_1_9' title="bbox 558 1128 2158 1204">
     <span class='ocr_line' id='line_1_9' title="bbox 558 1128 2158 1204; baseline -0.002 -17"><span class='ocrx_word' id='word_1_64' title='bbox 558 1149 678 1204; x_wconf 68' lang='lat' dir='ltr'><strong>qua:</strong></span> <span class='ocrx_word' id='word_1_65' title='bbox 711 1145 934 1187; x_wconf 88' lang='lat' dir='ltr'><strong>securos</strong></span> <span class='ocrx_word' id='word_1_66' title='bbox 962 1146 1085 1187; x_wconf 90' lang='lat' dir='ltr'><strong>esse</strong></span> <span class='ocrx_word' id='word_1_67' title='bbox 1116 1145 1223 1186; x_wconf 90' lang='lat' dir='ltr'><strong>non</strong></span> <span class='ocrx_word' id='word_1_68' title='bbox 1270 1130 1616 1201; x_wconf 86' lang='lat' dir='ltr'><strong>patiebantur</strong></span> <span class='ocrx_word' id='word_1_69' title='bbox 1649 1129 1870 1184; x_wconf 87' lang='lat' dir='ltr'><strong>eosdem</strong></span> <span class='ocrx_word' id='word_1_70' title='bbox 1911 1128 2158 1184; x_wconf 82' lang='lat' dir='ltr'><strong>Catholi-</strong></span> 
     </span>
    </p>
   </div>
   <div class='ocr_carea' id='block_1_10' title="bbox 557 1221 2153 1294">
    <p class='ocr_par' dir='ltr' id='par_1_10' title="bbox 557 1221 2153 1294">
     <span class='ocr_line' id='line_1_10' title="bbox 557 1221 2153 1294; baseline 0 -16"><span class='ocrx_word' id='word_1_71' title='bbox 557 1238 654 1279; x_wconf 92' lang='lat' dir='ltr'><strong>cos</strong></span> <span class='ocrx_word' id='word_1_72' title='bbox 689 1240 702 1278; x_wconf 92' lang='lat'><strong>:</strong></span> <span class='ocrx_word' id='word_1_73' title='bbox 735 1231 790 1279; x_wconf 89' lang='lat' dir='ltr'><strong>et</strong></span> <span class='ocrx_word' id='word_1_74' title='bbox 817 1221 1108 1294; x_wconf 86' lang='lat' dir='ltr'><strong>Caligonus</strong></span> <span class='ocrx_word' id='word_1_75' title='bbox 1136 1221 1501 1278; x_wconf 88' lang='lat' dir='ltr'><strong>Valentiniani</strong></span> <span class='ocrx_word' id='word_1_76' title='bbox 1541 1221 1833 1294; x_wconf 60' lang='lat' dir='ltr'><strong>praefectus</strong></span> <span class='ocrx_word' id='word_1_77' title='bbox 1871 1221 2153 1291; x_wconf 91' lang='lat' dir='ltr'><strong>cubiculo,</strong></span> 
     </span>
    </p>
   </div>
   <div class='ocr_carea' id='block_1_11' title="bbox 556 1313 2158 1385">
    <p class='ocr_par' dir='ltr' id='par_1_11' title="bbox 556 1313 2158 1385">
     <span class='ocr_line' id='line_1_11' title="bbox 556 1313 2158 1385; baseline 0 -15"><span class='ocrx_word' id='word_1_78' title='bbox 556 1313 623 1370; x_wconf 90' lang='lat' dir='ltr'><strong>ad</strong></span> <span class='ocrx_word' id='word_1_79' title='bbox 655 1314 1004 1371; x_wconf 81' lang='lat' dir='ltr'><strong>Ambrosium</strong></span> <span class='ocrx_word' id='word_1_80' title='bbox 1036 1314 1204 1382; x_wconf 89' lang='lat' dir='ltr'><strong>misit,</strong></span> <span class='ocrx_word' id='word_1_81' title='bbox 1234 1318 1323 1385; x_wconf 93' lang='lat' dir='ltr'><strong>qui</strong></span> <span class='ocrx_word' id='word_1_82' title='bbox 1348 1315 1461 1369; x_wconf 88' lang='lat' dir='ltr'><strong>suis</strong></span> <span class='ocrx_word' id='word_1_83' title='bbox 1493 1314 1673 1369; x_wconf 79' lang='lat' dir='ltr'><strong>verbis</strong></span> <span class='ocrx_word' id='word_1_84' title='bbox 1702 1315 1751 1370; x_wconf 86' lang='lat' dir='ltr'><strong>ei</strong></span> <span class='ocrx_word' id='word_1_85' title='bbox 1783 1313 1995 1370; x_wconf 88' lang='lat' dir='ltr'><strong>diceret</strong></span> <span class='ocrx_word' id='word_1_86' title='bbox 2025 1331 2038 1371; x_wconf 89' lang='lat'><strong>:</strong></span> <span class='ocrx_word' id='word_1_87' title='bbox 2070 1313 2158 1370; x_wconf 79' lang='lat' dir='ltr'><strong>Me</strong></span> 
     </span>
    </p>
   </div>
   <div class='ocr_carea' id='block_1_12' title="bbox 558 1405 2157 1479">
    <p class='ocr_par' dir='ltr' id='par_1_12' title="bbox 558 1405 2157 1479">
     <span class='ocr_line' id='line_1_12' title="bbox 558 1405 2157 1479; baseline 0 -17"><span class='ocrx_word' id='word_1_88' title='bbox 558 1409 670 1462; x_wconf 79' lang='lat' dir='ltr'><strong>vivo</strong></span> <span class='ocrx_word' id='word_1_89' title='bbox 697 1450 712 1476; x_wconf 92' lang='lat'><strong>,</strong></span> <span class='ocrx_word' id='word_1_90' title='bbox 745 1415 799 1461; x_wconf 88' lang='lat' dir='ltr'><strong>tu</strong></span> <span class='ocrx_word' id='word_1_91' title='bbox 849 1409 1128 1464; x_wconf 82' lang='lat' dir='ltr'><strong>contemnis</strong></span> <span class='ocrx_word' id='word_1_92' title='bbox 1167 1407 1632 1463; x_wconf 78' lang='lat' dir='ltr'><strong>Valentinianum?</strong></span> <span class='ocrx_word' id='word_1_93' title='bbox 1685 1405 1856 1479; x_wconf 87' lang='lat' dir='ltr'><strong>Caput</strong></span> <span class='ocrx_word' id='word_1_94' title='bbox 1901 1408 1989 1462; x_wconf 91' lang='lat' dir='ltr'><strong>tibi</strong></span> <span class='ocrx_word' id='word_1_95' title='bbox 2033 1407 2157 1462; x_wconf 87' lang='lat' dir='ltr'><strong>tollo</strong></span> 
     </span>
    </p>
   </div>
   <div class='ocr_carea' id='block_1_13' title="bbox 455 1501 2156 1575">
    <p class='ocr_par' dir='ltr' id='par_1_13' title="bbox 455 1501 2156 1575">
     <span class='ocr_line' id='line_1_13' title="bbox 455 1501 2156 1575; baseline 0.001 -19"><span class='ocrx_word' id='word_1_96' title='bbox 455 1528 460 1532; x_wconf 90' lang='lat'><strong><em>-</em></strong></span> <span class='ocrx_word' id='word_1_97' title='bbox 561 1501 751 1573; x_wconf 85' lang='lat' dir='ltr'><strong>(Ibid.,</strong></span> <span class='ocrx_word' id='word_1_98' title='bbox 785 1520 925 1557; x_wconf 84' lang='lat' dir='ltr'><strong>nunt.</strong></span> <span class='ocrx_word' id='word_1_99' title='bbox 957 1503 1074 1575; x_wconf 73' lang='lat'><strong>28).</strong></span> <span class='ocrx_word' id='word_1_100' title='bbox 1107 1503 1206 1560; x_wconf 89' lang='lat' dir='ltr'><strong>Cui</strong></span> <span class='ocrx_word' id='word_1_101' title='bbox 1237 1518 1563 1574; x_wconf 80' lang='lat' dir='ltr'><strong>generosum</strong></span> <span class='ocrx_word' id='word_1_102' title='bbox 1595 1503 1697 1558; x_wconf 91' lang='lat' dir='ltr'><strong>hoc</strong></span> <span class='ocrx_word' id='word_1_103' title='bbox 1725 1511 1779 1559; x_wconf 91' lang='lat' dir='ltr'><strong>et</strong></span> <span class='ocrx_word' id='word_1_104' title='bbox 1835 1501 1992 1573; x_wconf 87' lang='lat' dir='ltr'><strong>plane</strong></span> <span class='ocrx_word' id='word_1_105' title='bbox 2023 1501 2156 1574; x_wconf 90' lang='lat' dir='ltr'><strong>Epi-</strong></span> 
     </span>
    </p>
   </div>
   <div class='ocr_carea' id='block_1_14' title="bbox 511 1596 2159 1670">
    <p class='ocr_par' dir='ltr' id='par_1_14' title="bbox 511 1596 2159 1670">
     <span class='ocr_line' id='line_1_14' title="bbox 511 1596 2159 1670; baseline -0.002 -16"><span class='ocrx_word' id='word_1_106' title='bbox 511 1643 516 1654; x_wconf 89' lang='lat'><strong>.</strong></span> <span class='ocrx_word' id='word_1_107' title='bbox 559 1596 781 1667; x_wconf 83' lang='lat' dir='ltr'><strong>scepale</strong></span> <span class='ocrx_word' id='word_1_108' title='bbox 811 1607 1130 1667; x_wconf 83' lang='lat' dir='ltr'><strong>responsum</strong></span> <span class='ocrx_word' id='word_1_109' title='bbox 1161 1596 1345 1652; x_wconf 85' lang='lat' dir='ltr'><strong>dedit:</strong></span> <span class='ocrx_word' id='word_1_110' title='bbox 1379 1597 1519 1653; x_wconf 88' lang='lat' dir='ltr'><strong>Deus</strong></span> <span class='ocrx_word' id='word_1_111' title='bbox 1548 1602 1810 1670; x_wconf 77' lang='lat' dir='ltr'><strong>permittat</strong></span> <span class='ocrx_word' id='word_1_112' title='bbox 1850 1598 1939 1651; x_wconf 88' lang='lat' dir='ltr'><strong>tibi</strong></span> <span class='ocrx_word' id='word_1_113' title='bbox 1965 1606 2019 1651; x_wconf 88' lang='lat' dir='ltr'><strong>ut</strong></span> <span class='ocrx_word' id='word_1_114' title='bbox 2061 1596 2159 1650; x_wconf 87' lang='lat' dir='ltr'><strong>im-</strong></span> 
     </span>
    </p>
   </div>
   <div class='ocr_carea' id='block_1_15' title="bbox 562 1687 2158 1762">
    <p class='ocr_par' dir='ltr' id='par_1_15' title="bbox 562 1687 2158 1762">
     <span class='ocr_line' id='line_1_15' title="bbox 562 1687 2158 1762; baseline 0 -20"><span class='ocrx_word' id='word_1_115' title='bbox 562 1687 704 1759; x_wconf 86' lang='lat' dir='ltr'><strong>pleas</strong></span> <span class='ocrx_word' id='word_1_116' title='bbox 725 1687 862 1758; x_wconf 84' lang='lat' dir='ltr'><strong>quod</strong></span> <span class='ocrx_word' id='word_1_117' title='bbox 897 1689 1112 1743; x_wconf 85' lang='lat' dir='ltr'><strong>minaris</strong></span> <span class='ocrx_word' id='word_1_118' title='bbox 1135 1705 1154 1756; x_wconf 90' lang='lat'><strong><em>;</em></strong></span> <span class='ocrx_word' id='word_1_119' title='bbox 1183 1705 1274 1762; x_wconf 88' lang='lat' dir='ltr'><strong>ego</strong></span> <span class='ocrx_word' id='word_1_120' title='bbox 1302 1690 1438 1743; x_wconf 88' lang='lat' dir='ltr'><strong>enim</strong></span> <span class='ocrx_word' id='word_1_121' title='bbox 1466 1689 1637 1760; x_wconf 73' lang='lat' dir='ltr'><strong>patiar</strong></span> <span class='ocrx_word' id='word_1_122' title='bbox 1663 1689 1801 1759; x_wconf 81' lang='lat' dir='ltr'><strong>quod</strong></span> <span class='ocrx_word' id='word_1_123' title='bbox 1827 1689 2074 1762; x_wconf 82' lang='lat' dir='ltr'><strong>episcopi,</strong></span> <span class='ocrx_word' id='word_1_124' title='bbox 2105 1699 2158 1742; x_wconf 88' lang='lat' dir='ltr'><strong>tu</strong></span> 
     </span>
    </p>
   </div>
   <div class='ocr_carea' id='block_1_16' title="bbox 565 1780 2206 1862">
    <p class='ocr_par' dir='ltr' id='par_1_16' title="bbox 565 1780 2206 1862">
     <span class='ocr_line' id='line_1_16' title="bbox 565 1780 2206 1862; baseline 0 -29"><span class='ocrx_word' id='word_1_125' title='bbox 565 1781 725 1852; x_wconf 82' lang='lat' dir='ltr'><strong>facies</strong></span> <span class='ocrx_word' id='word_1_126' title='bbox 748 1781 887 1850; x_wconf 87' lang='lat' dir='ltr'><strong>quod</strong></span> <span class='ocrx_word' id='word_1_127' title='bbox 916 1780 1190 1853; x_wconf 83' lang='lat' dir='ltr'><strong>spadbnes.</strong></span> <span class='ocrx_word' id='word_1_128' title='bbox 1225 1781 1483 1852; x_wconf 88' lang='lat' dir='ltr'><strong>Ejusdem</strong></span> <span class='ocrx_word' id='word_1_129' title='bbox 1543 1781 1789 1836; x_wconf 86' lang='lat' dir='ltr'><strong>Eunuchi</strong></span> <span class='ocrx_word' id='word_1_130' title='bbox 1823 1824 1834 1849; x_wconf 88' lang='lat'><strong>,</strong></span> <span class='ocrx_word' id='word_1_131' title='bbox 1885 1781 1979 1836; x_wconf 87' lang='lat' dir='ltr'><strong>sed</strong></span> <span class='ocrx_word' id='word_1_132' title='bbox 2031 1797 2159 1852; x_wconf 63' lang='lat' dir='ltr'><strong>sup.</strong></span> <span class='ocrx_word' id='word_1_133' title='bbox 2201 1857 2206 1862; x_wconf 19' lang='lat'><strong><em>‘</em></strong></span> 
     </span>
    </p>
   </div>
   <div class='ocr_carea' id='block_1_17' title="bbox 2255 567 3857 638">
    <p class='ocr_par' dir='ltr' id='par_1_17' title="bbox 2255 567 3857 638">
     <span class='ocr_line' id='line_1_17' title="bbox 2255 567 3857 638; baseline 0.002 -15"><span class='ocrx_word' id='word_1_134' title='bbox 2255 567 2357 623; x_wconf 86' lang='lat' dir='ltr'><strong>sub</strong></span> <span class='ocrx_word' id='word_1_135' title='bbox 2383 582 2492 638; x_wconf 94' lang='lat' dir='ltr'><strong>quo</strong></span> <span class='ocrx_word' id='word_1_136' title='bbox 2518 567 2841 623; x_wconf 86' lang='lat' dir='ltr'><strong>criminibus</strong></span> <span class='ocrx_word' id='word_1_137' title='bbox 2864 568 3080 622; x_wconf 80' lang='lat' dir='ltr'><strong>infamis</strong></span> <span class='ocrx_word' id='word_1_138' title='bbox 3106 577 3378 636; x_wconf 85' lang='lat' dir='ltr'><strong>evaserat,</strong></span> <span class='ocrx_word' id='word_1_139' title='bbox 3399 567 3606 624; x_wconf 77' lang='lat' dir='ltr'><strong>dielum</strong></span> <span class='ocrx_word' id='word_1_140' title='bbox 3639 569 3857 627; x_wconf 79' lang='lat' dir='ltr'><strong>Auxen-</strong></span> 
     </span>
    </p>
   </div>
   <div class='ocr_carea' id='block_1_18' title="bbox 2255 653 3860 730">
    <p class='ocr_par' dir='ltr' id='par_1_18' title="bbox 2255 653 3860 730">
     <span class='ocr_line' id='line_1_18' title="bbox 2255 653 3860 730; baseline 0.001 -15"><span class='ocrx_word' id='word_1_141' title='bbox 2255 661 2411 715; x_wconf 89' lang='lat' dir='ltr'><strong>tium.</strong></span> <span class='ocrx_word' id='word_1_142' title='bbox 2445 661 2657 730; x_wconf 83' lang='lat' dir='ltr'><strong>Quippe</strong></span> <span class='ocrx_word' id='word_1_143' title='bbox 2687 661 2759 714; x_wconf 87' lang='lat' dir='ltr'><strong>ita</strong></span> <span class='ocrx_word' id='word_1_144' title='bbox 2787 659 3010 728; x_wconf 77' lang='lat' dir='ltr'><strong>erubuit,</strong></span> <span class='ocrx_word' id='word_1_145' title='bbox 3041 661 3117 715; x_wconf 86' lang='lat' dir='ltr'><strong>ait</strong></span> <span class='ocrx_word' id='word_1_146' title='bbox 3166 653 3511 722; x_wconf 72' lang='lat' dir='ltr'><strong>Ambrosius,</strong></span> <span class='ocrx_word' id='word_1_147' title='bbox 3555 669 3609 714; x_wconf 87' lang='lat' dir='ltr'><strong>ut</strong></span> <span class='ocrx_word' id='word_1_148' title='bbox 3639 671 3860 717; x_wconf 82' lang='lat' dir='ltr'><strong>mutaret</strong></span> 
     </span>
    </p>
   </div>
   <div class='ocr_carea' id='block_1_19' title="bbox 2254 751 3856 824">
    <p class='ocr_par' dir='ltr' id='par_1_19' title="bbox 2254 751 3856 824">
     <span class='ocr_line' id='line_1_19' title="bbox 2254 751 3856 824; baseline 0.001 -17"><span class='ocrx_word' id='word_1_149' title='bbox 2254 753 2553 808; x_wconf 83' lang='lat' dir='ltr'><strong>uocabulum</strong></span> <span class='ocrx_word' id='word_1_150' title='bbox 2579 751 2779 824; x_wconf 82' lang='lat' dir='ltr'><strong>(Serm.</strong></span> <span class='ocrx_word' id='word_1_151' title='bbox 2801 761 2938 808; x_wconf 84' lang='lat' dir='ltr'><strong>cont.</strong></span> <span class='ocrx_word' id='word_1_152' title='bbox 2962 751 3214 818; x_wconf 56' lang='lat' dir='ltr'><strong>Ament,</strong></span> <span class='ocrx_word' id='word_1_153' title='bbox 3245 767 3386 807; x_wconf 88' lang='lat' dir='ltr'><strong>num.</strong></span> <span class='ocrx_word' id='word_1_154' title='bbox 3409 751 3529 824; x_wconf 72' lang='lat'><strong>22).</strong></span> <span class='ocrx_word' id='word_1_155' title='bbox 3557 751 3649 809; x_wconf 88' lang='lat' dir='ltr'><strong>Sic</strong></span> <span class='ocrx_word' id='word_1_156' title='bbox 3674 761 3856 809; x_wconf 85' lang='lat' dir='ltr'><strong>autem</strong></span> 
     </span>
    </p>
   </div>
   <div class='ocr_carea' id='block_1_20' title="bbox 2253 845 3860 917">
    <p class='ocr_par' dir='ltr' id='par_1_20' title="bbox 2253 845 3860 917">
     <span class='ocr_line' id='line_1_20' title="bbox 2253 845 3860 917; baseline 0.002 -17"><span class='ocrx_word' id='word_1_157' title='bbox 2253 845 2427 902; x_wconf 90' lang='lat' dir='ltr'><strong>voluit</strong></span> <span class='ocrx_word' id='word_1_158' title='bbox 2454 861 2514 902; x_wconf 92' lang='lat' dir='ltr'><strong>se</strong></span> <span class='ocrx_word' id='word_1_159' title='bbox 2543 845 2828 916; x_wconf 87' lang='lat' dir='ltr'><strong>appellari,</strong></span> <span class='ocrx_word' id='word_1_160' title='bbox 2865 845 3010 917; x_wconf 90' lang='lat' dir='ltr'><strong>quod</strong></span> <span class='ocrx_word' id='word_1_161' title='bbox 3042 855 3267 916; x_wconf 78' lang='lat' dir='ltr'><strong>propter</strong></span> <span class='ocrx_word' id='word_1_162' title='bbox 3306 847 3627 900; x_wconf 88' lang='lat' dir='ltr'><strong>memoriam</strong></span> <span class='ocrx_word' id='word_1_163' title='bbox 3658 847 3860 903; x_wconf 84' lang='lat' dir='ltr'><strong>veteris</strong></span> 
     </span>
    </p>
   </div>
   <div class='ocr_carea' id='block_1_21' title="bbox 2256 939 3860 1009">
    <p class='ocr_par' dir='ltr' id='par_1_21' title="bbox 2256 939 3860 1009">
     <span class='ocr_line' id='line_1_21' title="bbox 2256 939 3860 1009; baseline 0 -15"><span class='ocrx_word' id='word_1_164' title='bbox 2256 940 2512 994; x_wconf 75' lang='lat' dir='ltr'><strong>Auxentii</strong></span> <span class='ocrx_word' id='word_1_165' title='bbox 2543 939 2908 1009; x_wconf 90' lang='lat' dir='ltr'><strong>acceptiorem</strong></span> <span class='ocrx_word' id='word_1_166' title='bbox 2955 951 3015 994; x_wconf 87' lang='lat' dir='ltr'><strong>se</strong></span> <span class='ocrx_word' id='word_1_167' title='bbox 3043 939 3229 1008; x_wconf 91' lang='lat' dir='ltr'><strong>paucis</strong></span> <span class='ocrx_word' id='word_1_168' title='bbox 3259 939 3386 1005; x_wconf 90' lang='lat' dir='ltr'><strong>illis,</strong></span> <span class='ocrx_word' id='word_1_169' title='bbox 3431 946 3486 994; x_wconf 90' lang='lat' dir='ltr'><strong>et</strong></span> <span class='ocrx_word' id='word_1_170' title='bbox 3522 939 3860 1009; x_wconf 84' lang='lat' dir='ltr'><strong>potissimam</strong></span> 
     </span>
    </p>
   </div>
   <div class='ocr_carea' id='block_1_22' title="bbox 2257 1029 3861 1102">
    <p class='ocr_par' dir='ltr' id='par_1_22' title="bbox 2257 1029 3861 1102">
     <span class='ocr_line' id='line_1_22' title="bbox 2257 1029 3861 1102; baseline 0.001 -18"><span class='ocrx_word' id='word_1_171' title='bbox 2257 1041 2466 1101; x_wconf 89' lang='lat' dir='ltr'><strong>partem</strong></span> <span class='ocrx_word' id='word_1_172' title='bbox 2513 1031 2716 1086; x_wconf 78' lang='lat' dir='ltr'><strong>exteris</strong></span> <span class='ocrx_word' id='word_1_173' title='bbox 2763 1029 2979 1085; x_wconf 85' lang='lat' dir='ltr'><strong>Arianis</strong></span> <span class='ocrx_word' id='word_1_174' title='bbox 3011 1029 3105 1099; x_wconf 88' lang='lat' dir='ltr'><strong>qui</strong></span> <span class='ocrx_word' id='word_1_175' title='bbox 3143 1031 3512 1098; x_wconf 82' lang='lat' dir='ltr'><strong>sequebantur</strong></span> <span class='ocrx_word' id='word_1_176' title='bbox 3546 1030 3861 1102; x_wconf 81' lang='lat' dir='ltr'><strong>imperatri-</strong></span> 
     </span>
    </p>
   </div>
   <div class='ocr_carea' id='block_1_23' title="bbox 2257 1119 3866 1193">
    <p class='ocr_par' dir='ltr' id='par_1_23' title="bbox 2257 1119 3866 1193">
     <span class='ocr_line' id='line_1_23' title="bbox 2257 1119 3866 1193; baseline 0.001 -17"><span class='ocrx_word' id='word_1_177' title='bbox 2257 1135 2398 1186; x_wconf 85' lang='lat' dir='ltr'><strong>cem,</strong></span> <span class='ocrx_word' id='word_1_178' title='bbox 2447 1120 2564 1176; x_wconf 87' lang='lat' dir='ltr'><strong>fore</strong></span> <span class='ocrx_word' id='word_1_179' title='bbox 2595 1121 2874 1178; x_wconf 83' lang='lat' dir='ltr'><strong>credebat.</strong></span> <span class='ocrx_word' id='word_1_180' title='bbox 2910 1121 2979 1177; x_wconf 89' lang='lat' dir='ltr'><strong>Et</strong></span> <span class='ocrx_word' id='word_1_181' title='bbox 3020 1119 3332 1191; x_wconf 76' lang='lat' dir='ltr'><strong>huiusmodi</strong></span> <span class='ocrx_word' id='word_1_182' title='bbox 3379 1129 3500 1178; x_wconf 88' lang='lat' dir='ltr'><strong>erat</strong></span> <span class='ocrx_word' id='word_1_183' title='bbox 3556 1122 3866 1193; x_wconf 63' lang='lat' dir='ltr'><strong>praacipuus</strong></span> 
     </span>
    </p>
   </div>
   <div class='ocr_carea' id='block_1_24' title="bbox 2258 1213 3864 1287">
    <p class='ocr_par' dir='ltr' id='par_1_24' title="bbox 2258 1213 3864 1287">
     <span class='ocr_line' id='line_1_24' title="bbox 2258 1213 3864 1287; baseline 0.001 -17"><span class='ocrx_word' id='word_1_184' title='bbox 2258 1215 2348 1270; x_wconf 92' lang='lat' dir='ltr'><strong>illc</strong></span> <span class='ocrx_word' id='word_1_185' title='bbox 2371 1215 2597 1270; x_wconf 72' lang='lat' dir='ltr'><strong>Justina:</strong></span> <span class='ocrx_word' id='word_1_186' title='bbox 2627 1215 2906 1282; x_wconf 86' lang='lat' dir='ltr'><strong>minister,</strong></span> <span class='ocrx_word' id='word_1_187' title='bbox 2931 1231 2958 1268; x_wconf 88' lang='lat' dir='ltr'><strong>a</strong></span> <span class='ocrx_word' id='word_1_188' title='bbox 2989 1230 3097 1287; x_wconf 89' lang='lat' dir='ltr'><strong>quo</strong></span> <span class='ocrx_word' id='word_1_189' title='bbox 3122 1213 3384 1285; x_wconf 88' lang='lat' dir='ltr'><strong>scriptum</strong></span> <span class='ocrx_word' id='word_1_190' title='bbox 3419 1215 3522 1272; x_wconf 90' lang='lat' dir='ltr'><strong>fuit</strong></span> <span class='ocrx_word' id='word_1_191' title='bbox 3547 1214 3725 1271; x_wconf 89' lang='lat' dir='ltr'><strong>dirum</strong></span> <span class='ocrx_word' id='word_1_192' title='bbox 3758 1215 3864 1271; x_wconf 88' lang='lat' dir='ltr'><strong>hoc</strong></span> 
     </span>
    </p>
   </div>
   <div class='ocr_carea' id='block_1_25' title="bbox 2257 1307 3863 1380">
    <p class='ocr_par' dir='ltr' id='par_1_25' title="bbox 2257 1307 3863 1380">
     <span class='ocr_line' id='line_1_25' title="bbox 2257 1307 3863 1380; baseline 0.001 -16"><span class='ocrx_word' id='word_1_193' title='bbox 2257 1309 2517 1371; x_wconf 79' lang='lat' dir='ltr'><strong>edictum.</strong></span> <span class='ocrx_word' id='word_1_194' title='bbox 2548 1308 2692 1380; x_wconf 87' lang='lat' dir='ltr'><strong>quod</strong></span> <span class='ocrx_word' id='word_1_195' title='bbox 2748 1307 2910 1364; x_wconf 84' lang='lat' dir='ltr'><strong>ﬂetus</strong></span> <span class='ocrx_word' id='word_1_196' title='bbox 2953 1310 3171 1380; x_wconf 83' lang='lat' dir='ltr'><strong>quidem</strong></span> <span class='ocrx_word' id='word_1_197' title='bbox 3223 1311 3501 1380; x_wconf 79' lang='lat' dir='ltr'><strong>expressit</strong></span> <span class='ocrx_word' id='word_1_198' title='bbox 3541 1308 3863 1378; x_wconf 83' lang='lat' dir='ltr'><strong>Catltolicis,</strong></span> 
     </span>
    </p>
   </div>
   <div class='ocr_carea' id='block_1_26' title="bbox 2258 1401 3761 1473">
    <p class='ocr_par' dir='ltr' id='par_1_26' title="bbox 2258 1401 3761 1473">
     <span class='ocr_line' id='line_1_26' title="bbox 2258 1401 3761 1473; baseline 0.001 -16"><span class='ocrx_word' id='word_1_199' title='bbox 2258 1401 2534 1457; x_wconf 80' lang='lat' dir='ltr'><strong>Ambrosii</strong></span> <span class='ocrx_word' id='word_1_200' title='bbox 2563 1409 2691 1457; x_wconf 83' lang='lat' dir='ltr'><strong>vero</strong></span> <span class='ocrx_word' id='word_1_201' title='bbox 2720 1411 2960 1456; x_wconf 89' lang='lat' dir='ltr'><strong>mentem</strong></span> <span class='ocrx_word' id='word_1_202' title='bbox 2995 1401 3291 1473; x_wconf 81' lang='lat' dir='ltr'><strong>infringere</strong></span> <span class='ocrx_word' id='word_1_203' title='bbox 3322 1403 3544 1459; x_wconf 88' lang='lat' dir='ltr'><strong>minime</strong></span> <span class='ocrx_word' id='word_1_204' title='bbox 3572 1403 3761 1458; x_wconf 81' lang='lat' dir='ltr'><strong>valuit.</strong></span> 
     </span>
    </p>
   </div>
   <div class='ocr_carea' id='block_1_27' title="bbox 2331 1495 3869 1572">
    <p class='ocr_par' dir='ltr' id='par_1_27' title="bbox 2331 1495 3869 1572">
     <span class='ocr_line' id='line_1_27' title="bbox 2331 1495 3869 1572; baseline 0.003 -21"><span class='ocrx_word' id='word_1_205' title='bbox 2331 1496 2420 1552; x_wconf 81' lang='lat'><strong>75.</strong></span> <span class='ocrx_word' id='word_1_206' title='bbox 2465 1497 2590 1551; x_wconf 84' lang='lat' dir='ltr'><strong>Post</strong></span> <span class='ocrx_word' id='word_1_207' title='bbox 2615 1495 2775 1566; x_wconf 89' lang='lat' dir='ltr'><strong>hujus</strong></span> <span class='ocrx_word' id='word_1_208' title='bbox 2804 1497 2938 1566; x_wconf 84' lang='lat' dir='ltr'><strong>legis</strong></span> <span class='ocrx_word' id='word_1_209' title='bbox 2969 1497 3484 1572; x_wconf 67' lang='lat' dir='ltr'><strong>promulgationem,</strong></span> <span class='ocrx_word' id='word_1_210' title='bbox 3509 1498 3704 1553; x_wconf 89' lang='lat' dir='ltr'><strong>relicta</strong></span> <span class='ocrx_word' id='word_1_211' title='bbox 3729 1498 3869 1555; x_wconf 86' lang='lat' dir='ltr'><strong>urbe</strong></span> 
     </span>
    </p>
   </div>
   <div class='ocr_carea' id='block_1_28' title="bbox 2259 1591 3866 1664">
    <p class='ocr_par' dir='ltr' id='par_1_28' title="bbox 2259 1591 3866 1664">
     <span class='ocr_line' id='line_1_28' title="bbox 2259 1591 3866 1664; baseline 0 -16"><span class='ocrx_word' id='word_1_212' title='bbox 2259 1591 2587 1659; x_wconf 85' lang='lat' dir='ltr'><strong>Mediolano,</strong></span> <span class='ocrx_word' id='word_1_213' title='bbox 2621 1591 2918 1664; x_wconf 88' lang='lat' dir='ltr'><strong>imperator</strong></span> <span class='ocrx_word' id='word_1_214' title='bbox 2941 1609 3045 1648; x_wconf 89' lang='lat' dir='ltr'><strong>una</strong></span> <span class='ocrx_word' id='word_1_215' title='bbox 3069 1607 3190 1649; x_wconf 91' lang='lat' dir='ltr'><strong>cum</strong></span> <span class='ocrx_word' id='word_1_216' title='bbox 3223 1603 3398 1651; x_wconf 88' lang='lat' dir='ltr'><strong>matre</strong></span> <span class='ocrx_word' id='word_1_217' title='bbox 3419 1594 3667 1650; x_wconf 89' lang='lat' dir='ltr'><strong>Ticinum</strong></span> <span class='ocrx_word' id='word_1_218' title='bbox 3692 1597 3866 1664; x_wconf 85' lang='lat' dir='ltr'><strong>venit,</strong></span> 
     </span>
    </p>
   </div>
   <div class='ocr_carea' id='block_1_29' title="bbox 2261 1683 3870 1756">
    <p class='ocr_par' dir='ltr' id='par_1_29' title="bbox 2261 1683 3870 1756">
     <span class='ocr_line' id='line_1_29' title="bbox 2261 1683 3870 1756; baseline -0.002 -14"><span class='ocrx_word' id='word_1_219' title='bbox 2261 1694 2319 1742; x_wconf 91' lang='lat' dir='ltr'><strong>et</strong></span> <span class='ocrx_word' id='word_1_220' title='bbox 2347 1684 2550 1740; x_wconf 87' lang='lat' dir='ltr'><strong>ibidem</strong></span> <span class='ocrx_word' id='word_1_221' title='bbox 2578 1684 2750 1756; x_wconf 74' lang='lat' dir='ltr'><strong>legem</strong></span> <span class='ocrx_word' id='word_1_222' title='bbox 2782 1685 2956 1740; x_wconf 82' lang='lat' dir='ltr'><strong>edidit</strong></span> <span class='ocrx_word' id='word_1_223' title='bbox 2992 1700 3064 1740; x_wconf 85' lang='lat' dir='ltr'><strong>xv</strong></span> <span class='ocrx_word' id='word_1_224' title='bbox 3091 1683 3200 1740; x_wconf 83' lang='lat' dir='ltr'><strong>kal.</strong></span> <span class='ocrx_word' id='word_1_225' title='bbox 3243 1685 3398 1741; x_wconf 84' lang='lat' dir='ltr'><strong>Mart.</strong></span> <span class='ocrx_word' id='word_1_226' title='bbox 3433 1685 3742 1742; x_wconf 88' lang='lat' dir='ltr'><strong>Verisimile</strong></span> <span class='ocrx_word' id='word_1_227' title='bbox 3770 1701 3870 1741; x_wconf 86' lang='lat' dir='ltr'><strong>au-</strong></span> 
     </span>
    </p>
   </div>
   <div class='ocr_carea' id='block_1_30' title="bbox 2265 1777 3870 1849">
    <p class='ocr_par' dir='ltr' id='par_1_30' title="bbox 2265 1777 3870 1849">
     <span class='ocr_line' id='line_1_30' title="bbox 2265 1777 3870 1849; baseline 0.001 -15"><span class='ocrx_word' id='word_1_228' title='bbox 2265 1787 2371 1835; x_wconf 89' lang='lat' dir='ltr'><strong>tem</strong></span> <span class='ocrx_word' id='word_1_229' title='bbox 2402 1787 2486 1833; x_wconf 88' lang='lat' dir='ltr'><strong>est</strong></span> <span class='ocrx_word' id='word_1_230' title='bbox 2518 1791 2643 1834; x_wconf 91' lang='lat' dir='ltr'><strong>tunc</strong></span> <span class='ocrx_word' id='word_1_231' title='bbox 2673 1779 2988 1849; x_wconf 89' lang='lat' dir='ltr'><strong>contigisse,</strong></span> <span class='ocrx_word' id='word_1_232' title='bbox 3027 1787 3088 1833; x_wconf 93' lang='lat' dir='ltr'><strong>ut</strong></span> <span class='ocrx_word' id='word_1_233' title='bbox 3136 1777 3325 1834; x_wconf 89' lang='lat' dir='ltr'><strong>eadem</strong></span> <span class='ocrx_word' id='word_1_234' title='bbox 3359 1778 3614 1849; x_wconf 89' lang='lat' dir='ltr'><strong>princeps</strong></span> <span class='ocrx_word' id='word_1_235' title='bbox 3655 1782 3870 1835; x_wconf 86' lang='lat' dir='ltr'><strong>cunctis</strong></span> 
     </span>
    </p>
   </div>
   <div class='ocr_carea' id='block_1_31' title="bbox 563 1867 3869 1945">
    <p class='ocr_par' dir='ltr' id='par_1_31' title="bbox 563 1867 3869 1945">
     <span class='ocr_line' id='line_1_31' title="bbox 563 1867 3869 1945; baseline 0 -17"><span class='ocrx_word' id='word_1_236' title='bbox 563 1885 752 1945; x_wconf 91' lang='lat' dir='ltr'><strong>presso</strong></span> <span class='ocrx_word' id='word_1_237' title='bbox 783 1873 932 1929; x_wconf 90' lang='lat' dir='ltr'><strong>illius</strong></span> <span class='ocrx_word' id='word_1_238' title='bbox 965 1874 1207 1941; x_wconf 89' lang='lat' dir='ltr'><strong>nomine,</strong></span> <span class='ocrx_word' id='word_1_239' title='bbox 1241 1872 1565 1929; x_wconf 86' lang='lat' dir='ltr'><strong>Ambrosius</strong></span> <span class='ocrx_word' id='word_1_240' title='bbox 1593 1872 1840 1928; x_wconf 89' lang='lat' dir='ltr'><strong>meminit</strong></span> <span class='ocrx_word' id='word_1_241' title='bbox 1893 1873 1948 1928; x_wconf 89' lang='lat' dir='ltr'><strong>in</strong></span> <span class='ocrx_word' id='word_1_242' title='bbox 1993 1872 2152 1927; x_wconf 83' lang='lat' dir='ltr'><strong>Com-</strong></span> <span class='ocrx_word' id='word_1_243' title='bbox 2187 1867 2235 1928; x_wconf 87' lang='lat' dir='ltr'><strong>B</strong></span> <span class='ocrx_word' id='word_1_244' title='bbox 2263 1871 2583 1927; x_wconf 70' lang='lat' dir='ltr'><strong>ortltodoxis</strong></span> <span class='ocrx_word' id='word_1_245' title='bbox 2616 1887 2832 1942; x_wconf 74' lang='lat' dir='ltr'><strong>semper</strong></span> <span class='ocrx_word' id='word_1_246' title='bbox 2862 1870 3061 1928; x_wconf 87' lang='lat' dir='ltr'><strong>infesta</strong></span> <span class='ocrx_word' id='word_1_247' title='bbox 3085 1914 3100 1938; x_wconf 88' lang='lat'><strong>,</strong></span> <span class='ocrx_word' id='word_1_248' title='bbox 3146 1871 3323 1928; x_wconf 76' lang='lat' dir='ltr'><strong>vidua:</strong></span> <span class='ocrx_word' id='word_1_249' title='bbox 3373 1871 3680 1944; x_wconf 88' lang='lat' dir='ltr'><strong>depositum</strong></span> <span class='ocrx_word' id='word_1_250' title='bbox 3722 1871 3869 1929; x_wconf 88' lang='lat' dir='ltr'><strong>Tici-</strong></span> 
     </span>
    </p>
   </div>
   <div class='ocr_carea' id='block_1_32' title="bbox 564 1963 2161 2034">
    <p class='ocr_par' dir='ltr' id='par_1_32' title="bbox 564 1963 2161 2034">
     <span class='ocr_line' id='line_1_32' title="bbox 564 1963 2161 2034; baseline 0.001 -14"><span class='ocrx_word' id='word_1_251' title='bbox 564 1964 897 2021; x_wconf 88' lang='lat' dir='ltr'><strong>mentatione</strong></span> <span class='ocrx_word' id='word_1_252' title='bbox 963 1966 1028 2020; x_wconf 86' lang='lat' dir='ltr'><strong>de</strong></span> <span class='ocrx_word' id='word_1_253' title='bbox 1077 1963 1274 2034; x_wconf 70' lang='lat' dir='ltr'><strong>Ioseph</strong></span> <span class='ocrx_word' id='word_1_254' title='bbox 1308 1964 1800 2033; x_wconf 80' lang='lat' dir='ltr'><strong>Patriarcha;‘ubi</strong></span> <span class='ocrx_word' id='word_1_255' title='bbox 1861 1965 1943 2021; x_wconf 73' lang='lat' dir='ltr'><strong>ha:</strong></span> <span class='ocrx_word' id='word_1_256' title='bbox 1994 1981 2161 2022; x_wconf 86' lang='lat' dir='ltr'><strong>voces</strong></span> 
     </span>
    </p>
   </div>
   <div class='ocr_carea' id='block_1_33' title="bbox 565 2057 2162 2130">
    <p class='ocr_par' dir='ltr' id='par_1_33' title="bbox 565 2057 2162 2130">
     <span class='ocr_line' id='line_1_33' title="bbox 565 2057 2162 2130; baseline 0 -16"><span class='ocrx_word' id='word_1_257' title='bbox 565 2058 726 2114; x_wconf 86' lang='lat' dir='ltr'><strong>etiam</strong></span> <span class='ocrx_word' id='word_1_258' title='bbox 761 2057 1015 2130; x_wconf 84' lang='lat' dir='ltr'><strong>leguntur</strong></span> <span class='ocrx_word' id='word_1_259' title='bbox 1060 2058 1450 2114; x_wconf 86' lang='lat' dir='ltr'><strong>moderationis</strong></span> <span class='ocrx_word' id='word_1_260' title='bbox 1502 2059 1678 2115; x_wconf 80' lang='lat' dir='ltr'><strong>sancti</strong></span> <span class='ocrx_word' id='word_1_261' title='bbox 1729 2059 1984 2129; x_wconf 86' lang='lat' dir='ltr'><strong>Episcopi</strong></span> <span class='ocrx_word' id='word_1_262' title='bbox 2034 2073 2162 2114; x_wconf 87' lang='lat' dir='ltr'><strong>vere</strong></span> 
     </span>
    </p>
   </div>
   <div class='ocr_carea' id='block_1_34' title="bbox 565 2147 2163 2224">
    <p class='ocr_par' dir='ltr' id='par_1_34' title="bbox 565 2147 2163 2224">
     <span class='ocr_line' id='line_1_34' title="bbox 565 2147 2163 2224; baseline 0.001 -19"><span class='ocrx_word' id='word_1_263' title='bbox 565 2149 817 2205; x_wconf 82' lang='lat' dir='ltr'><strong>indices:</strong></span> <span class='ocrx_word' id='word_1_264' title='bbox 852 2147 937 2205; x_wconf 81' lang='lat' dir='ltr'><strong>Ne</strong></span> <span class='ocrx_word' id='word_1_265' title='bbox 981 2151 1148 2224; x_wconf 77' lang='lat' dir='ltr'><strong>ipsius</strong></span> <span class='ocrx_word' id='word_1_266' title='bbox 1181 2151 1387 2223; x_wconf 85' lang='lat' dir='ltr'><strong>quidem</strong></span> <span class='ocrx_word' id='word_1_267' title='bbox 1435 2167 1694 2207; x_wconf 84' lang='lat' dir='ltr'><strong>sermones</strong></span> <span class='ocrx_word' id='word_1_268' title='bbox 1737 2153 1837 2208; x_wconf 88' lang='lat' dir='ltr'><strong>mei</strong></span> <span class='ocrx_word' id='word_1_269' title='bbox 1876 2151 2163 2206; x_wconf 79' lang='lat' dir='ltr'><strong>meminisse</strong></span> 
     </span>
    </p>
   </div>
   <div class='ocr_carea' id='block_1_35' title="bbox 567 2241 2164 2322">
    <p class='ocr_par' dir='ltr' id='par_1_35' title="bbox 567 2241 2164 2322">
     <span class='ocr_line' id='line_1_35' title="bbox 567 2241 2164 2322; baseline 0.001 -26"><span class='ocrx_word' id='word_1_270' title='bbox 567 2241 804 2306; x_wconf 80' lang='lat' dir='ltr'><strong>delectat,</strong></span> <span class='ocrx_word' id='word_1_271' title='bbox 847 2260 996 2310; x_wconf 86' lang='lat' dir='ltr'><strong>quem</strong></span> <span class='ocrx_word' id='word_1_272' title='bbox 1051 2256 1172 2322; x_wconf 86' lang='lat' dir='ltr'><strong>tunc</strong></span> <span class='ocrx_word' id='word_1_273' title='bbox 1217 2247 1464 2315; x_wconf 84' lang='lat' dir='ltr'><strong>temporis</strong></span> <span class='ocrx_word' id='word_1_274' title='bbox 1493 2246 1570 2300; x_wconf 82' lang='lat' dir='ltr'><strong>uel</strong></span> <span class='ocrx_word' id='word_1_275' title='bbox 1599 2243 1857 2313; x_wconf 76' lang='lat' dir='ltr'><strong>effuderit,</strong></span> <span class='ocrx_word' id='word_1_276' title='bbox 1888 2245 1967 2300; x_wconf 78' lang='lat' dir='ltr'><strong>vel</strong></span> <span class='ocrx_word' id='word_1_277' title='bbox 1989 2253 2164 2301; x_wconf 76' lang='lat' dir='ltr'><strong>extor-</strong></span> 
     </span>
    </p>
   </div>
   <div class='ocr_carea' id='block_1_36' title="bbox 567 2327 2160 2411">
    <p class='ocr_par' dir='ltr' id='par_1_36' title="bbox 567 2327 2160 2411">
     <span class='ocr_line' id='line_1_36' title="bbox 567 2327 2160 2411; baseline 0.003 -21"><span class='ocrx_word' id='word_1_278' title='bbox 567 2338 692 2390; x_wconf 87' lang='lat' dir='ltr'><strong>serit</strong></span> <span class='ocrx_word' id='word_1_279' title='bbox 720 2333 965 2391; x_wconf 65' lang='lat' dir='ltr'><strong>Ecclesia</strong></span> <span class='ocrx_word' id='word_1_280' title='bbox 987 2327 1296 2392; x_wconf 84' lang='lat' dir='ltr'><strong>contumelia</strong></span> <span class='ocrx_word' id='word_1_281' title='bbox 1325 2335 1465 2411; x_wconf 86' lang='lat' dir='ltr'><strong>(Lib.</strong></span> <span class='ocrx_word' id='word_1_282' title='bbox 1496 2337 1560 2392; x_wconf 87' lang='lat' dir='ltr'><strong>de</strong></span> <span class='ocrx_word' id='word_1_283' title='bbox 1586 2335 1807 2410; x_wconf 82' lang='lat' dir='ltr'><strong>Joseplt,</strong></span> <span class='ocrx_word' id='word_1_284' title='bbox 1859 2356 1904 2393; x_wconf 89' lang='lat' dir='ltr'><strong>c.</strong></span> <span class='ocrx_word' id='word_1_285' title='bbox 1931 2337 1988 2406; x_wconf 88' lang='lat'><strong>6,</strong></span> <span class='ocrx_word' id='word_1_286' title='bbox 2019 2357 2160 2394; x_wconf 89' lang='lat' dir='ltr'><strong>num.</strong></span> 
     </span>
    </p>
   </div>
   <div class='ocr_carea' id='block_1_37' title="bbox 565 2423 2167 2502">
    <p class='ocr_par' dir='ltr' id='par_1_37' title="bbox 565 2423 2167 2502">
     <span class='ocr_line' id='line_1_37' title="bbox 565 2423 2167 2502; baseline 0.003 -20"><span class='ocrx_word' id='word_1_287' title='bbox 565 2423 635 2482; x_wconf 76' lang='lat'><strong>33</strong></span> <span class='ocrx_word' id='word_1_288' title='bbox 662 2437 708 2481; x_wconf 90' lang='lat' dir='ltr'><strong>et</strong></span> <span class='ocrx_word' id='word_1_289' title='bbox 737 2428 889 2498; x_wconf 86' lang='lat' dir='ltr'><strong>seq.).</strong></span> <span class='ocrx_word' id='word_1_290' title='bbox 938 2426 1231 2499; x_wconf 86' lang='lat' dir='ltr'><strong>Subjungit</strong></span> <span class='ocrx_word' id='word_1_291' title='bbox 1279 2437 1456 2483; x_wconf 86' lang='lat' dir='ltr'><strong>tamen</strong></span> <span class='ocrx_word' id='word_1_292' title='bbox 1489 2429 1640 2484; x_wconf 89' lang='lat' dir='ltr'><strong>illum</strong></span> <span class='ocrx_word' id='word_1_293' title='bbox 1694 2445 1801 2485; x_wconf 91' lang='lat' dir='ltr'><strong>non</strong></span> <span class='ocrx_word' id='word_1_294' title='bbox 1833 2432 2001 2486; x_wconf 91' lang='lat' dir='ltr'><strong>multo</strong></span> <span class='ocrx_word' id='word_1_295' title='bbox 2043 2433 2167 2502; x_wconf 86' lang='lat' dir='ltr'><strong>post</strong></span> 
     </span>
    </p>
   </div>
   <div class='ocr_carea' id='block_1_38' title="bbox 565 2519 2162 2596">
    <p class='ocr_par' dir='ltr' id='par_1_38' title="bbox 565 2519 2162 2596">
     <span class='ocr_line' id='line_1_38' title="bbox 565 2519 2162 2596; baseline 0.004 -22"><span class='ocrx_word' id='word_1_296' title='bbox 565 2531 756 2590; x_wconf 68' lang='lat' dir='ltr'><strong>poenas</strong></span> <span class='ocrx_word' id='word_1_297' title='bbox 787 2519 1024 2586; x_wconf 88' lang='lat' dir='ltr'><strong>dedisse,</strong></span> <span class='ocrx_word' id='word_1_298' title='bbox 1059 2520 1154 2576; x_wconf 86' lang='lat' dir='ltr'><strong>sed</strong></span> <span class='ocrx_word' id='word_1_299' title='bbox 1185 2524 1604 2578; x_wconf 88' lang='lat' dir='ltr'><strong>condemnatum</strong></span> <span class='ocrx_word' id='word_1_300' title='bbox 1647 2525 1870 2580; x_wconf 82' lang='lat' dir='ltr'><strong>alterius</strong></span> <span class='ocrx_word' id='word_1_301' title='bbox 1898 2525 2162 2596; x_wconf 87' lang='lat' dir='ltr'><strong>criminis,</strong></span> 
     </span>
    </p>
   </div>
   <div class='ocr_carea' id='block_1_39' title="bbox 565 2611 2161 2686">
    <p class='ocr_par' dir='ltr' id='par_1_39' title="bbox 565 2611 2161 2686">
     <span class='ocr_line' id='line_1_39' title="bbox 565 2611 2161 2686; baseline 0.006 -20"><span class='ocrx_word' id='word_1_302' title='bbox 565 2611 712 2682; x_wconf 89' lang='lat' dir='ltr'><strong>quod</strong></span> <span class='ocrx_word' id='word_1_303' title='bbox 764 2611 1097 2682; x_wconf 81' lang='lat' dir='ltr'><strong>Augustinus</strong></span> <span class='ocrx_word' id='word_1_304' title='bbox 1129 2613 1287 2669; x_wconf 90' lang='lat' dir='ltr'><strong>nobis</strong></span> <span class='ocrx_word' id='word_1_305' title='bbox 1334 2615 1570 2686; x_wconf 85' lang='lat' dir='ltr'><strong>explicat</strong></span> <span class='ocrx_word' id='word_1_306' title='bbox 1623 2617 1675 2672; x_wconf 91' lang='lat' dir='ltr'><strong>in</strong></span> <span class='ocrx_word' id='word_1_307' title='bbox 1725 2631 1847 2672; x_wconf 88' lang='lat' dir='ltr'><strong>eum</strong></span> <span class='ocrx_word' id='word_1_308' title='bbox 1900 2617 2161 2675; x_wconf 90' lang='lat' dir='ltr'><strong>modum:</strong></span> 
     </span>
    </p>
   </div>
   <div class='ocr_carea' id='block_1_40' title="bbox 573 2703 2166 2783">
    <p class='ocr_par' dir='ltr' id='par_1_40' title="bbox 573 2703 2166 2783">
     <span class='ocr_line' id='line_1_40' title="bbox 573 2703 2166 2783; baseline 0.004 -23"><span class='ocrx_word' id='word_1_309' title='bbox 573 2703 922 2778; x_wconf 86' lang='lat' dir='ltr'><strong>Calligonum,</strong></span> <span class='ocrx_word' id='word_1_310' title='bbox 977 2707 1174 2780; x_wconf 86' lang='lat' dir='ltr'><strong>inquit,</strong></span> <span class='ocrx_word' id='word_1_311' title='bbox 1227 2707 1580 2765; x_wconf 87' lang='lat' dir='ltr'><strong>Valentiniani</strong></span> <span class='ocrx_word' id='word_1_312' title='bbox 1619 2711 1846 2783; x_wconf 87' lang='lat' dir='ltr'><strong>junioris</strong></span> <span class='ocrx_word' id='word_1_313' title='bbox 1873 2713 2166 2766; x_wconf 83' lang='lat' dir='ltr'><strong>eunuchum</strong></span> 
     </span>
    </p>
   </div>
   <div class='ocr_carea' id='block_1_41' title="bbox 557 2798 2168 2874">
    <p class='ocr_par' dir='ltr' id='par_1_41' title="bbox 557 2798 2168 2874">
     <span class='ocr_line' id='line_1_41' title="bbox 557 2798 2168 2874; baseline 0.004 -21"><span class='ocrx_word' id='word_1_314' title='bbox 557 2798 1005 2872; x_wconf 3' lang='lat' dir='ltr'><strong>(gladio-novimus</strong></span> <span class='ocrx_word' id='word_1_315' title='bbox 1035 2800 1202 2855; x_wconf 87' lang='lat' dir='ltr'><strong>ultore</strong></span> <span class='ocrx_word' id='word_1_316' title='bbox 1238 2803 1496 2872; x_wconf 84' lang='lat' dir='ltr'><strong>punitum,</strong></span> <span class='ocrx_word' id='word_1_317' title='bbox 1530 2803 1810 2858; x_wconf 80' lang='lat' dir='ltr'><strong>meretricis</strong></span> <span class='ocrx_word' id='word_1_318' title='bbox 1848 2803 2168 2874; x_wconf 76' lang='lat' dir='ltr'><strong>confessione</strong></span> 
     </span>
    </p>
   </div>
   <div class='ocr_carea' id='block_1_42' title="bbox 567 2891 1693 2968">
    <p class='ocr_par' dir='ltr' id='par_1_42' title="bbox 567 2891 1693 2968">
     <span class='ocr_line' id='line_1_42' title="bbox 567 2891 1693 2968; baseline 0.004 -22"><span class='ocrx_word' id='word_1_319' title='bbox 567 2894 858 2947; x_wconf 82' lang='lat' dir='ltr'><strong>convictum</strong></span> <span class='ocrx_word' id='word_1_320' title='bbox 884 2891 1024 2958; x_wconf 85' lang='lat' dir='ltr'><strong>(Lib.</strong></span> <span class='ocrx_word' id='word_1_321' title='bbox 1060 2893 1467 2961; x_wconf 77' lang='lat' dir='ltr'><strong>v1,in1ulian.,</strong></span> <span class='ocrx_word' id='word_1_322' title='bbox 1495 2912 1542 2950; x_wconf 89' lang='lat' dir='ltr'><strong>c.</strong></span> <span class='ocrx_word' id='word_1_323' title='bbox 1579 2896 1693 2968; x_wconf 63' lang='lat' dir='ltr'><strong>id).</strong></span> 
     </span>
    </p>
   </div>
   <div class='ocr_carea' id='block_1_43' title="bbox 641 2985 2166 3059">
    <p class='ocr_par' dir='ltr' id='par_1_43' title="bbox 641 2985 2166 3059">
     <span class='ocr_line' id='line_1_43' title="bbox 641 2985 2166 3059; baseline 0.004 -20"><span class='ocrx_word' id='word_1_324' title='bbox 641 2985 730 3040; x_wconf 80' lang='grc'><strong>71.</strong></span> <span class='ocrx_word' id='word_1_325' title='bbox 775 2985 891 3041; x_wconf 91' lang='lat' dir='ltr'><strong>Dici</strong></span> <span class='ocrx_word' id='word_1_326' title='bbox 921 3004 1027 3042; x_wconf 88' lang='lat' dir='ltr'><strong>non</strong></span> <span class='ocrx_word' id='word_1_327' title='bbox 1060 2997 1240 3058; x_wconf 84' lang='lat' dir='ltr'><strong>potest</strong></span> <span class='ocrx_word' id='word_1_328' title='bbox 1265 3003 1425 3059; x_wconf 89' lang='lat' dir='ltr'><strong>quam</strong></span> <span class='ocrx_word' id='word_1_329' title='bbox 1465 2997 1806 3044; x_wconf 81' lang='lat' dir='ltr'><strong>consternata</strong></span> <span class='ocrx_word' id='word_1_330' title='bbox 1837 2987 2003 3044; x_wconf 82' lang='lat' dir='ltr'><strong>fuerit</strong></span> <span class='ocrx_word' id='word_1_331' title='bbox 2031 2987 2166 3045; x_wconf 77' lang='lat' dir='ltr'><strong>Mar-</strong></span> 
     </span>
    </p>
   </div>
   <div class='ocr_carea' id='block_1_44' title="bbox 566 3079 2160 3154">
    <p class='ocr_par' dir='ltr' id='par_1_44' title="bbox 566 3079 2160 3154">
     <span class='ocr_line' id='line_1_44' title="bbox 566 3079 2160 3154; baseline 0.003 -20"><span class='ocrx_word' id='word_1_332' title='bbox 566 3079 784 3150; x_wconf 88' lang='lat' dir='ltr'><strong>cellina,</strong></span> <span class='ocrx_word' id='word_1_333' title='bbox 820 3080 908 3136; x_wconf 88' lang='lat' dir='ltr'><strong>ubi</strong></span> <span class='ocrx_word' id='word_1_334' title='bbox 940 3082 1144 3152; x_wconf 87' lang='lat' dir='ltr'><strong>primos</strong></span> <span class='ocrx_word' id='word_1_335' title='bbox 1177 3082 1335 3154; x_wconf 89' lang='lat' dir='ltr'><strong>hujus</strong></span> <span class='ocrx_word' id='word_1_336' title='bbox 1361 3083 1623 3138; x_wconf 90' lang='lat' dir='ltr'><strong>tumultus</strong></span> <span class='ocrx_word' id='word_1_337' title='bbox 1655 3091 1904 3139; x_wconf 88' lang='lat' dir='ltr'><strong>rumores</strong></span> <span class='ocrx_word' id='word_1_338' title='bbox 1931 3085 2160 3154; x_wconf 88' lang='lat' dir='ltr'><strong>accepit.</strong></span> 
     </span>
    </p>
   </div>
   <div class='ocr_carea' id='block_1_45' title="bbox 567 3171 2166 3247">
    <p class='ocr_par' dir='ltr' id='par_1_45' title="bbox 567 3171 2166 3247">
     <span class='ocr_line' id='line_1_45' title="bbox 567 3171 2166 3247; baseline 0.003 -20"><span class='ocrx_word' id='word_1_339' title='bbox 567 3171 761 3228; x_wconf 88' lang='lat' dir='ltr'><strong>Statim</strong></span> <span class='ocrx_word' id='word_1_340' title='bbox 805 3173 968 3244; x_wconf 82' lang='lat' dir='ltr'><strong>igitur</strong></span> <span class='ocrx_word' id='word_1_341' title='bbox 1019 3175 1230 3230; x_wconf 86' lang='lat' dir='ltr'><strong>crebris</strong></span> <span class='ocrx_word' id='word_1_342' title='bbox 1271 3175 1464 3230; x_wconf 87' lang='lat' dir='ltr'><strong>litteris</strong></span> <span class='ocrx_word' id='word_1_343' title='bbox 1510 3175 1730 3230; x_wconf 76' lang='lat' dir='ltr'><strong>fratrem</strong></span> <span class='ocrx_word' id='word_1_344' title='bbox 1775 3177 1988 3247; x_wconf 85' lang='lat' dir='ltr'><strong>rogavit</strong></span> <span class='ocrx_word' id='word_1_345' title='bbox 2016 3185 2075 3231; x_wconf 88' lang='lat' dir='ltr'><strong>ut</strong></span> <span class='ocrx_word' id='word_1_346' title='bbox 2105 3178 2166 3232; x_wconf 84' lang='lat' dir='ltr'><strong>se</strong></span> 
     </span>
    </p>
   </div>
   <div class='ocr_carea' id='block_1_46' title="bbox 2265 1961 3872 2036">
    <p class='ocr_par' dir='ltr' id='par_1_46' title="bbox 2265 1961 3872 2036">
     <span class='ocr_line' id='line_1_46' title="bbox 2265 1961 3872 2036; baseline 0.002 -18"><span class='ocrx_word' id='word_1_347' title='bbox 2265 1963 2452 2018; x_wconf 89' lang='lat' dir='ltr'><strong>nensis</strong></span> <span class='ocrx_word' id='word_1_348' title='bbox 2482 1963 2721 2034; x_wconf 90' lang='lat' dir='ltr'><strong>episcopi</strong></span> <span class='ocrx_word' id='word_1_349' title='bbox 2755 1961 2877 2018; x_wconf 86' lang='lat' dir='ltr'><strong>fidei</strong></span> <span class='ocrx_word' id='word_1_350' title='bbox 2909 1964 3174 2020; x_wconf 89' lang='lat' dir='ltr'><strong>creditum</strong></span> <span class='ocrx_word' id='word_1_351' title='bbox 3202 1975 3529 2036; x_wconf 80' lang='lat' dir='ltr'><strong>extorquere</strong></span> <span class='ocrx_word' id='word_1_352' title='bbox 3559 1967 3872 2022; x_wconf 77' lang='lat' dir='ltr'><strong>connitere~</strong></span> 
     </span>
    </p>
   </div>
   <div class='ocr_carea' id='block_1_47' title="bbox 2268 2057 3868 2132">
    <p class='ocr_par' dir='ltr' id='par_1_47' title="bbox 2268 2057 3868 2132">
     <span class='ocr_line' id='line_1_47' title="bbox 2268 2057 3868 2132; baseline 0.002 -19"><span class='ocrx_word' id='word_1_353' title='bbox 2268 2068 2354 2113; x_wconf 92' lang='lat' dir='ltr'><strong>tur</strong></span> <span class='ocrx_word' id='word_1_354' title='bbox 2385 2057 2522 2130; x_wconf 92' lang='lat' dir='ltr'><strong>(Lib.</strong></span> <span class='ocrx_word' id='word_1_355' title='bbox 2547 2061 2610 2114; x_wconf 86' lang='lat' dir='ltr'><strong>de</strong></span> <span class='ocrx_word' id='word_1_356' title='bbox 2638 2058 2818 2130; x_wconf 85' lang='lat' dir='ltr'><strong>Legat.</strong></span> <span class='ocrx_word' id='word_1_357' title='bbox 2853 2069 2899 2114; x_wconf 89' lang='lat' dir='ltr'><strong>et</strong></span> <span class='ocrx_word' id='word_1_358' title='bbox 2931 2057 3186 2131; x_wconf 87' lang='lat' dir='ltr'><strong>Decret.).</strong></span> <span class='ocrx_word' id='word_1_359' title='bbox 3221 2057 3417 2115; x_wconf 88' lang='lat' dir='ltr'><strong>Vcrmn</strong></span> <span class='ocrx_word' id='word_1_360' title='bbox 3449 2061 3762 2132; x_wconf 89' lang='lat' dir='ltr'><strong>episcopus,</strong></span> <span class='ocrx_word' id='word_1_361' title='bbox 3803 2069 3868 2116; x_wconf 81' lang='lat' dir='ltr'><strong>re</strong></span> 
     </span>
    </p>
   </div>
   <div class='ocr_carea' id='block_1_48' title="bbox 2265 2149 3866 2218">
    <p class='ocr_par' dir='ltr' id='par_1_48' title="bbox 2265 2149 3866 2218">
     <span class='ocr_line' id='line_1_48' title="bbox 2265 2149 3866 2218; baseline 0.001 -13"><span class='ocrx_word' id='word_1_362' title='bbox 2265 2161 2388 2205; x_wconf 86' lang='lat' dir='ltr'><strong>eum</strong></span> <span class='ocrx_word' id='word_1_363' title='bbox 2419 2149 2709 2206; x_wconf 81' lang='lat' dir='ltr'><strong>Ambrosio</strong></span> <span class='ocrx_word' id='word_1_364' title='bbox 2731 2150 3148 2217; x_wconf 86' lang='lat' dir='ltr'><strong>communicata,</strong></span> <span class='ocrx_word' id='word_1_365' title='bbox 3182 2151 3486 2206; x_wconf 72' lang='lat' dir='ltr'><strong>iStiusmodi</strong></span> <span class='ocrx_word' id='word_1_366' title='bbox 3513 2153 3653 2207; x_wconf 89' lang='lat' dir='ltr'><strong>viam</strong></span> <span class='ocrx_word' id='word_1_367' title='bbox 3686 2149 3866 2218; x_wconf 87' lang='lat' dir='ltr'><strong>inivit,</strong></span> 
     </span>
    </p>
   </div>
   <div class='ocr_carea' id='block_1_49' title="bbox 2267 2239 3870 2317">
    <p class='ocr_par' dir='ltr' id='par_1_49' title="bbox 2267 2239 3870 2317">
     <span class='ocr_line' id='line_1_49' title="bbox 2267 2239 3870 2317; baseline 0.004 -21"><span class='ocrx_word' id='word_1_368' title='bbox 2267 2257 2369 2314; x_wconf 86' lang='lat' dir='ltr'><strong>qua</strong></span> <span class='ocrx_word' id='word_1_369' title='bbox 2401 2245 2668 2298; x_wconf 87' lang='lat' dir='ltr'><strong>sanctitas</strong></span> <span class='ocrx_word' id='word_1_370' title='bbox 2698 2243 3071 2314; x_wconf 89' lang='lat' dir='ltr'><strong>depositorum</strong></span> <span class='ocrx_word' id='word_1_371' title='bbox 3101 2253 3246 2300; x_wconf 88' lang='lat' dir='ltr'><strong>sarta</strong></span> <span class='ocrx_word' id='word_1_372' title='bbox 3278 2239 3536 2317; x_wconf 83' lang='lat' dir='ltr'><strong>tectaque</strong></span> <span class='ocrx_word' id='word_1_373' title='bbox 3563 2245 3870 2302; x_wconf 61' lang='lat' dir='ltr'><strong>custodire.</strong></span> 
     </span>
    </p>
   </div>
   <div class='ocr_carea' id='block_1_50' title="bbox 2271 2333 3000 2408">
    <p class='ocr_par' dir='ltr' id='par_1_50' title="bbox 2271 2333 3000 2408">
     <span class='ocr_line' id='line_1_50' title="bbox 2271 2333 3000 2408; baseline 0.001 -18"><span class='ocrx_word' id='word_1_374' title='bbox 2271 2342 2356 2390; x_wconf 91' lang='lat' dir='ltr'><strong>tur</strong></span> <span class='ocrx_word' id='word_1_375' title='bbox 2381 2333 2519 2404; x_wconf 86' lang='lat' dir='ltr'><strong>(Lib.</strong></span> <span class='ocrx_word' id='word_1_376' title='bbox 2551 2349 2585 2389; x_wconf 83' lang='grc' dir='ltr'><strong>ιι</strong></span> <span class='ocrx_word' id='word_1_377' title='bbox 2623 2333 2779 2406; x_wconf 78' lang='lat' dir='ltr'><strong>Ofﬁc.</strong></span> <span class='ocrx_word' id='word_1_378' title='bbox 2812 2351 2856 2389; x_wconf 80' lang='grc' dir='ltr'><strong>ε.</strong></span> <span class='ocrx_word' id='word_1_379' title='bbox 2883 2333 3000 2408; x_wconf 78' lang='lat'><strong>29).</strong></span> 
     </span>
    </p>
   </div>
   <div class='ocr_carea' id='block_1_51' title="bbox 2341 2425 3864 2500">
    <p class='ocr_par' dir='ltr' id='par_1_51' title="bbox 2341 2425 3864 2500">
     <span class='ocr_line' id='line_1_51' title="bbox 2341 2425 3864 2500; baseline 0.003 -20"><span class='ocrx_word' id='word_1_380' title='bbox 2341 2425 2430 2481; x_wconf 73' lang='grc'><strong>74.</strong></span> <span class='ocrx_word' id='word_1_381' title='bbox 2457 2425 2583 2482; x_wconf 90' lang='lat' dir='ltr'><strong>lude</strong></span> <span class='ocrx_word' id='word_1_382' title='bbox 2600 2425 2811 2482; x_wconf 81' lang='lat' dir='ltr'><strong>Justina</strong></span> <span class='ocrx_word' id='word_1_383' title='bbox 2845 2427 3034 2498; x_wconf 90' lang='lat' dir='ltr'><strong>procul</strong></span> <span class='ocrx_word' id='word_1_384' title='bbox 3059 2427 3225 2484; x_wconf 87' lang='lat' dir='ltr'><strong>dubio</strong></span> <span class='ocrx_word' id='word_1_385' title='bbox 3255 2429 3426 2500; x_wconf 86' lang='lat' dir='ltr'><strong>magis</strong></span> <span class='ocrx_word' id='word_1_386' title='bbox 3454 2428 3785 2485; x_wconf 85' lang='lat' dir='ltr'><strong>inflammata</strong></span> <span class='ocrx_word' id='word_1_387' title='bbox 3811 2431 3864 2486; x_wconf 91' lang='lat' dir='ltr'><strong>in</strong></span> 
     </span>
    </p>
   </div>
   <div class='ocr_carea' id='block_1_52' title="bbox 2268 2520 3861 2594">
    <p class='ocr_par' dir='ltr' id='par_1_52' title="bbox 2268 2520 3861 2594">
     <span class='ocr_line' id='line_1_52' title="bbox 2268 2520 3861 2594; baseline 0.003 -18"><span class='ocrx_word' id='word_1_388' title='bbox 2268 2520 2647 2588; x_wconf 82' lang='lat' dir='ltr'><strong>Ambrosium,</strong></span> <span class='ocrx_word' id='word_1_389' title='bbox 2683 2521 2964 2576; x_wconf 85' lang='lat' dir='ltr'><strong>acerbiora</strong></span> <span class='ocrx_word' id='word_1_390' title='bbox 3024 2525 3382 2594; x_wconf 79' lang='lat' dir='ltr'><strong>gravioraque</strong></span> <span class='ocrx_word' id='word_1_391' title='bbox 3431 2524 3693 2580; x_wconf 88' lang='lat' dir='ltr'><strong>adversus</strong></span> <span class='ocrx_word' id='word_1_392' title='bbox 3741 2539 3861 2582; x_wconf 89' lang='lat' dir='ltr'><strong>eum</strong></span> 
     </span>
    </p>
   </div>
   <div class='ocr_carea' id='block_1_53' title="bbox 2270 2612 3863 2688">
    <p class='ocr_par' dir='ltr' id='par_1_53' title="bbox 2270 2612 3863 2688">
     <span class='ocr_line' id='line_1_53' title="bbox 2270 2612 3863 2688; baseline 0.003 -16"><span class='ocrx_word' id='word_1_393' title='bbox 2270 2617 2574 2672; x_wconf 87' lang='lat' dir='ltr'><strong>machinata</strong></span> <span class='ocrx_word' id='word_1_394' title='bbox 2605 2627 2711 2673; x_wconf 90' lang='lat' dir='ltr'><strong>est.</strong></span> <span class='ocrx_word' id='word_1_395' title='bbox 2742 2618 2844 2674; x_wconf 87' lang='lat' dir='ltr'><strong>Ubi</strong></span> <span class='ocrx_word' id='word_1_396' title='bbox 2875 2618 3018 2672; x_wconf 88' lang='lat' dir='ltr'><strong>enim</strong></span> <span class='ocrx_word' id='word_1_397' title='bbox 3049 2619 3210 2674; x_wconf 87' lang='lat' dir='ltr'><strong>rediit</strong></span> <span class='ocrx_word' id='word_1_398' title='bbox 3242 2612 3620 2688; x_wconf 77' lang='lat' dir='ltr'><strong>Mediolanum,</strong></span> <span class='ocrx_word' id='word_1_399' title='bbox 3649 2621 3863 2676; x_wconf 87' lang='lat' dir='ltr'><strong>Dalma-</strong></span> 
     </span>
    </p>
   </div>
   <div class='ocr_carea' id='block_1_54' title="bbox 2271 2710 3861 2784">
    <p class='ocr_par' dir='ltr' id='par_1_54' title="bbox 2271 2710 3861 2784">
     <span class='ocr_line' id='line_1_54' title="bbox 2271 2710 3861 2784; baseline 0.002 -18"><span class='ocrx_word' id='word_1_400' title='bbox 2271 2711 2376 2766; x_wconf 90' lang='lat' dir='ltr'><strong>tius</strong></span> <span class='ocrx_word' id='word_1_401' title='bbox 2397 2710 2644 2766; x_wconf 87' lang='lat' dir='ltr'><strong>tribunus</strong></span> <span class='ocrx_word' id='word_1_402' title='bbox 2664 2725 2728 2766; x_wconf 91' lang='lat' dir='ltr'><strong>ac</strong></span> <span class='ocrx_word' id='word_1_403' title='bbox 2746 2712 2992 2767; x_wconf 89' lang='lat' dir='ltr'><strong>notarius</strong></span> <span class='ocrx_word' id='word_1_404' title='bbox 3013 2713 3355 2784; x_wconf 89' lang='lat' dir='ltr'><strong>imperatoris</strong></span> <span class='ocrx_word' id='word_1_405' title='bbox 3378 2715 3597 2770; x_wconf 90' lang='lat' dir='ltr'><strong>nomine</strong></span> <span class='ocrx_word' id='word_1_406' title='bbox 3613 2721 3861 2770; x_wconf 88' lang='lat' dir='ltr'><strong>sanctum</strong></span> 
     </span>
    </p>
   </div>
   <div class='ocr_carea' id='block_1_55' title="bbox 2269 2800 3866 2874">
    <p class='ocr_par' dir='ltr' id='par_1_55' title="bbox 2269 2800 3866 2874">
     <span class='ocr_line' id='line_1_55' title="bbox 2269 2800 3866 2874; baseline 0.002 -16"><span class='ocrx_word' id='word_1_407' title='bbox 2269 2800 2461 2858; x_wconf 87' lang='lat' dir='ltr'><strong>Virum</strong></span> <span class='ocrx_word' id='word_1_408' title='bbox 2490 2803 2783 2870; x_wconf 77' lang='lat' dir='ltr'><strong>Convenit;</strong></span> <span class='ocrx_word' id='word_1_409' title='bbox 2814 2811 2874 2858; x_wconf 91' lang='lat' dir='ltr'><strong>ut</strong></span> <span class='ocrx_word' id='word_1_410' title='bbox 2907 2802 3136 2874; x_wconf 88' lang='lat' dir='ltr'><strong>judices,</strong></span> <span class='ocrx_word' id='word_1_411' title='bbox 3163 2803 3617 2874; x_wconf 88' lang='lat' dir='ltr'><strong>quemadmodum</strong></span> <span class='ocrx_word' id='word_1_412' title='bbox 3660 2807 3866 2861; x_wconf 85' lang='lat' dir='ltr'><strong>fecerat</strong></span> 
     </span>
    </p>
   </div>
   <div class='ocr_carea' id='block_1_56' title="bbox 2270 2895 3862 2972">
    <p class='ocr_par' dir='ltr' id='par_1_56' title="bbox 2270 2895 3862 2972">
     <span class='ocr_line' id='line_1_56' title="bbox 2270 2895 3862 2972; baseline 0.003 -22"><span class='ocrx_word' id='word_1_413' title='bbox 2270 2895 2573 2950; x_wconf 82' lang='lat' dir='ltr'><strong>Auxentius</strong></span> <span class='ocrx_word' id='word_1_414' title='bbox 2595 2937 2610 2963; x_wconf 92' lang='lat'><strong>,</strong></span> <span class='ocrx_word' id='word_1_415' title='bbox 2664 2905 2719 2950; x_wconf 90' lang='lat' dir='ltr'><strong>et</strong></span> <span class='ocrx_word' id='word_1_416' title='bbox 2751 2897 2867 2966; x_wconf 89' lang='lat' dir='ltr'><strong>ipse</strong></span> <span class='ocrx_word' id='word_1_417' title='bbox 2894 2897 3162 2968; x_wconf 78' lang='lat' dir='ltr'><strong>deligeret</strong></span> <span class='ocrx_word' id='word_1_418' title='bbox 3190 2898 3208 2968; x_wconf 92' lang='lat'><strong>(</strong></span> <span class='ocrx_word' id='word_1_419' title='bbox 3237 2895 3412 2966; x_wconf 82' lang='lat' dir='ltr'><strong>Epist.</strong></span> <span class='ocrx_word' id='word_1_420' title='bbox 3459 2897 3552 2967; x_wconf 75' lang='lat'><strong>21,</strong></span> <span class='ocrx_word' id='word_1_421' title='bbox 3599 2915 3739 2954; x_wconf 87' lang='lat' dir='ltr'><strong>num.</strong></span> <span class='ocrx_word' id='word_1_422' title='bbox 3777 2901 3862 2972; x_wconf 85' lang='lat' dir='ltr'><strong>l);</strong></span> 
     </span>
    </p>
   </div>
   <div class='ocr_carea' id='block_1_57' title="bbox 2274 2987 3866 3062">
    <p class='ocr_par' dir='ltr' id='par_1_57' title="bbox 2274 2987 3866 3062">
     <span class='ocr_line' id='line_1_57' title="bbox 2274 2987 3866 3062; baseline 0.003 -20"><span class='ocrx_word' id='word_1_423' title='bbox 2274 2987 2469 3058; x_wconf 87' lang='lat' dir='ltr'><strong>quibus</strong></span> <span class='ocrx_word' id='word_1_424' title='bbox 2501 2989 2552 3042; x_wconf 92' lang='lat' dir='ltr'><strong>in</strong></span> <span class='ocrx_word' id='word_1_425' title='bbox 2582 2989 2783 3056; x_wconf 87' lang='lat' dir='ltr'><strong>palatio</strong></span> <span class='ocrx_word' id='word_1_426' title='bbox 2806 2988 3238 3056; x_wconf 87' lang='lat' dir='ltr'><strong>considentibus,</strong></span> <span class='ocrx_word' id='word_1_427' title='bbox 3268 2990 3336 3046; x_wconf 90' lang='lat' dir='ltr'><strong>de</strong></span> <span class='ocrx_word' id='word_1_428' title='bbox 3363 2990 3484 3046; x_wconf 88' lang='lat' dir='ltr'><strong>fidei</strong></span> <span class='ocrx_word' id='word_1_429' title='bbox 3510 3005 3620 3046; x_wconf 73' lang='lat' dir='ltr'><strong>sua:</strong></span> <span class='ocrx_word' id='word_1_430' title='bbox 3641 2992 3866 3062; x_wconf 83' lang='lat' dir='ltr'><strong>dogma-</strong></span> 
     </span>
    </p>
   </div>
   <div class='ocr_carea' id='block_1_58' title="bbox 2269 3079 3867 3151">
    <p class='ocr_par' dir='ltr' id='par_1_58' title="bbox 2269 3079 3867 3151">
     <span class='ocr_line' id='line_1_58' title="bbox 2269 3079 3867 3151; baseline 0.004 -16"><span class='ocrx_word' id='word_1_431' title='bbox 2269 3081 2342 3135; x_wconf 85' lang='lat' dir='ltr'><strong>tis</strong></span> <span class='ocrx_word' id='word_1_432' title='bbox 2369 3081 2707 3150; x_wconf 86' lang='lat' dir='ltr'><strong>disputaret:</strong></span> <span class='ocrx_word' id='word_1_433' title='bbox 2740 3079 2823 3135; x_wconf 81' lang='lat' dir='ltr'><strong>sin</strong></span> <span class='ocrx_word' id='word_1_434' title='bbox 2869 3089 3048 3136; x_wconf 88' lang='lat' dir='ltr'><strong>autem</strong></span> <span class='ocrx_word' id='word_1_435' title='bbox 3078 3095 3256 3148; x_wconf 85' lang='lat' dir='ltr'><strong>secus,</strong></span> <span class='ocrx_word' id='word_1_436' title='bbox 3306 3083 3481 3137; x_wconf 86' lang='lat' dir='ltr'><strong>solum</strong></span> <span class='ocrx_word' id='word_1_437' title='bbox 3515 3093 3769 3151; x_wconf 90' lang='lat' dir='ltr'><strong>verteret,</strong></span> <span class='ocrx_word' id='word_1_438' title='bbox 3802 3101 3867 3142; x_wconf 86' lang='lat' dir='ltr'><strong>ac</strong></span> 
     </span>
    </p>
   </div>
   <div class='ocr_carea' id='block_1_59' title="bbox 2269 3173 3865 3233">
    <p class='ocr_par' dir='ltr' id='par_1_59' title="bbox 2269 3173 3865 3233">
     <span class='ocr_line' id='line_1_59' title="bbox 2269 3173 3865 3233; baseline 0.003 -4"><span class='ocrx_word' id='word_1_439' title='bbox 2269 3174 2454 3231; x_wconf 80' lang='lat' dir='ltr'><strong>sedem</strong></span> <span class='ocrx_word' id='word_1_440' title='bbox 2494 3189 2649 3229; x_wconf 89' lang='lat' dir='ltr'><strong>suam</strong></span> <span class='ocrx_word' id='word_1_441' title='bbox 2681 3173 2904 3233; x_wconf 85' lang='lat' dir='ltr'><strong>cederet</strong></span> <span class='ocrx_word' id='word_1_442' title='bbox 2952 3176 3248 3232; x_wconf 81' lang='lat' dir='ltr'><strong>Auxentio.</strong></span> <span class='ocrx_word' id='word_1_443' title='bbox 3298 3177 3618 3232; x_wconf 77' lang='lat' dir='ltr'><strong>Ambrosius</strong></span> <span class='ocrx_word' id='word_1_444' title='bbox 3658 3193 3865 3233; x_wconf 85' lang='lat' dir='ltr'><strong>convo-</strong></span> 
     </span>
    </p>
   </div>
   <div class='ocr_carea' id='block_1_60' title="bbox 566 3257 3869 3340">
    <p class='ocr_par' dir='ltr' id='par_1_60' title="bbox 566 3257 3869 3340">
     <span class='ocr_line' id='line_1_60' title="bbox 566 3257 3869 3340; baseline 0 -15"><span class='ocrx_word' id='word_1_445' title='bbox 566 3269 807 3325; x_wconf 91' lang='lat' dir='ltr'><strong>omnium</strong></span> <span class='ocrx_word' id='word_1_446' title='bbox 839 3267 1048 3326; x_wconf 87' lang='lat' dir='ltr'><strong>faceret</strong></span> <span class='ocrx_word' id='word_1_447' title='bbox 1075 3270 1389 3326; x_wconf 86' lang='lat' dir='ltr'><strong>certiorem.</strong></span> <span class='ocrx_word' id='word_1_448' title='bbox 1436 3257 1780 3326; x_wconf 69' lang='lat' dir='ltr'><strong>Ambrosins&#39;</strong></span> <span class='ocrx_word' id='word_1_449' title='bbox 1798 3283 1928 3324; x_wconf 88' lang='lat' dir='ltr'><strong>vero</strong></span> <span class='ocrx_word' id='word_1_450' title='bbox 1965 3269 2165 3325; x_wconf 81' lang='lat' dir='ltr'><strong>sollici-</strong></span> <span class='ocrx_word' id='word_1_451' title='bbox 2193 3259 2240 3324; x_wconf 85' lang='lat' dir='ltr'><strong><em>C</em></strong></span> <span class='ocrx_word' id='word_1_452' title='bbox 2270 3269 2428 3334; x_wconf 90' lang='lat' dir='ltr'><strong>catis,</strong></span> <span class='ocrx_word' id='word_1_453' title='bbox 2465 3267 2556 3336; x_wconf 92' lang='lat' dir='ltr'><strong>qui</strong></span> <span class='ocrx_word' id='word_1_454' title='bbox 2609 3265 2897 3322; x_wconf 86' lang='lat' dir='ltr'><strong>Mediolani</strong></span> <span class='ocrx_word' id='word_1_455' title='bbox 2948 3275 3076 3323; x_wconf 87' lang='lat' dir='ltr'><strong>tunc</strong></span> <span class='ocrx_word' id='word_1_456' title='bbox 3100 3269 3480 3337; x_wconf 89' lang='lat' dir='ltr'><strong>versabantur,</strong></span> <span class='ocrx_word' id='word_1_457' title='bbox 3503 3272 3776 3340; x_wconf 88' lang='lat' dir='ltr'><strong>episcopis</strong></span> <span class='ocrx_word' id='word_1_458' title='bbox 3803 3286 3869 3327; x_wconf 91' lang='lat' dir='ltr'><strong>ac</strong></span> 
     </span>
    </p>
   </div>
   <div class='ocr_carea' id='block_1_61' title="bbox 559 3361 2168 3433">
    <p class='ocr_par' dir='ltr' id='par_1_61' title="bbox 559 3361 2168 3433">
     <span class='ocr_line' id='line_1_61' title="bbox 559 3361 2168 3433; baseline 0 -17"><span class='ocrx_word' id='word_1_459' title='bbox 559 3368 676 3417; x_wconf 81' lang='lat' dir='ltr'><strong>tam</strong></span> <span class='ocrx_word' id='word_1_460' title='bbox 699 3361 766 3417; x_wconf 92' lang='lat' dir='ltr'><strong>de</strong></span> <span class='ocrx_word' id='word_1_461' title='bbox 784 3377 844 3418; x_wconf 87' lang='lat' dir='ltr'><strong>se</strong></span> <span class='ocrx_word' id='word_1_462' title='bbox 865 3377 1109 3418; x_wconf 86' lang='lat' dir='ltr'><strong>sororem</strong></span> <span class='ocrx_word' id='word_1_463' title='bbox 1126 3361 1510 3418; x_wconf 78' lang='lat' dir='ltr'><strong>charissimam</strong></span> <span class='ocrx_word' id='word_1_464' title='bbox 1533 3363 1697 3418; x_wconf 90' lang='lat' dir='ltr'><strong>animi</strong></span> <span class='ocrx_word' id='word_1_465' title='bbox 1714 3362 1950 3432; x_wconf 88' lang='lat' dir='ltr'><strong>pendere</strong></span> <span class='ocrx_word' id='word_1_466' title='bbox 1967 3375 2168 3433; x_wconf 85' lang='lat' dir='ltr'><strong>nequa-</strong></span> 
     </span>
    </p>
   </div>
   <div class='ocr_carea' id='block_1_62' title="bbox 568 3453 2168 3526">
    <p class='ocr_par' dir='ltr' id='par_1_62' title="bbox 568 3453 2168 3526">
     <span class='ocr_line' id='line_1_62' title="bbox 568 3453 2168 3526; baseline 0.003 -18"><span class='ocrx_word' id='word_1_467' title='bbox 568 3469 726 3524; x_wconf 91' lang='lat' dir='ltr'><strong>quam</strong></span> <span class='ocrx_word' id='word_1_468' title='bbox 757 3467 970 3524; x_wconf 88' lang='lat' dir='ltr'><strong>passus,</strong></span> <span class='ocrx_word' id='word_1_469' title='bbox 1003 3455 1054 3510; x_wconf 90' lang='lat' dir='ltr'><strong>ei</strong></span> <span class='ocrx_word' id='word_1_470' title='bbox 1087 3470 1182 3525; x_wconf 86' lang='lat' dir='ltr'><strong>per</strong></span> <span class='ocrx_word' id='word_1_471' title='bbox 1204 3454 1450 3512; x_wconf 90' lang='lat' dir='ltr'><strong>ordinem</strong></span> <span class='ocrx_word' id='word_1_472' title='bbox 1484 3455 1667 3510; x_wconf 90' lang='lat' dir='ltr'><strong>omnia</strong></span> <span class='ocrx_word' id='word_1_473' title='bbox 1695 3453 1940 3524; x_wconf 82' lang='lat' dir='ltr'><strong>scripsit;</strong></span> <span class='ocrx_word' id='word_1_474' title='bbox 1964 3469 1995 3510; x_wconf 85' lang='lat' dir='ltr'><strong>e</strong></span> <span class='ocrx_word' id='word_1_475' title='bbox 2015 3455 2168 3526; x_wconf 82' lang='lat' dir='ltr'><strong>cujus</strong></span> 
     </span>
    </p>
   </div>
   <div class='ocr_carea' id='block_1_63' title="bbox 567 3544 2169 3620">
    <p class='ocr_par' dir='ltr' id='par_1_63' title="bbox 567 3544 2169 3620">
     <span class='ocr_line' id='line_1_63' title="bbox 567 3544 2169 3620; baseline 0.001 -18"><span class='ocrx_word' id='word_1_476' title='bbox 567 3547 796 3616; x_wconf 85' lang='lat' dir='ltr'><strong>epistola</strong></span> <span class='ocrx_word' id='word_1_477' title='bbox 829 3544 1024 3620; x_wconf 88' lang='lat' dir='ltr'><strong>(Epist.</strong></span> <span class='ocrx_word' id='word_1_478' title='bbox 1045 3546 1140 3619; x_wconf 74' lang='lat'><strong>20)</strong></span> <span class='ocrx_word' id='word_1_479' title='bbox 1177 3563 1299 3619; x_wconf 72' lang='lat' dir='ltr'><strong>qua:</strong></span> <span class='ocrx_word' id='word_1_480' title='bbox 1327 3547 1395 3604; x_wconf 90' lang='lat' dir='ltr'><strong>de</strong></span> <span class='ocrx_word' id='word_1_481' title='bbox 1425 3548 1523 3603; x_wconf 86' lang='lat' dir='ltr'><strong>hac</strong></span> <span class='ocrx_word' id='word_1_482' title='bbox 1569 3549 1760 3604; x_wconf 91' lang='lat' dir='ltr'><strong>eadem</strong></span> <span class='ocrx_word' id='word_1_483' title='bbox 1789 3549 2169 3619; x_wconf 84' lang='lat' dir='ltr'><strong>persecutione</strong></span> 
     </span>
    </p>
   </div>
   <div class='ocr_carea' id='block_1_64' title="bbox 569 3629 2170 3710">
    <p class='ocr_par' dir='ltr' id='par_1_64' title="bbox 569 3629 2170 3710">
     <span class='ocr_line' id='line_1_64' title="bbox 569 3629 2170 3710; baseline 0.003 -19"><span class='ocrx_word' id='word_1_484' title='bbox 569 3651 600 3692; x_wconf 88' lang='lat' dir='ltr'><strong>a</strong></span> <span class='ocrx_word' id='word_1_485' title='bbox 633 3636 789 3693; x_wconf 90' lang='lat' dir='ltr'><strong>nobis</strong></span> <span class='ocrx_word' id='word_1_486' title='bbox 818 3645 1035 3693; x_wconf 86' lang='lat' dir='ltr'><strong>narrata</strong></span> <span class='ocrx_word' id='word_1_487' title='bbox 1066 3648 1214 3705; x_wconf 85' lang='lat' dir='ltr'><strong>sunt,</strong></span> <span class='ocrx_word' id='word_1_488' title='bbox 1270 3645 1457 3696; x_wconf 90' lang='lat' dir='ltr'><strong>mutuo</strong></span> <span class='ocrx_word' id='word_1_489' title='bbox 1488 3629 1861 3710; x_wconf 68' lang='lat' dir='ltr'><strong>sumpsimus.</strong></span> <span class='ocrx_word' id='word_1_490' title='bbox 1909 3639 2170 3696; x_wconf 87' lang='lat' dir='ltr'><strong>Nonnulli</strong></span> 
     </span>
    </p>
   </div>
   <div class='ocr_carea' id='block_1_65' title="bbox 574 3728 2166 3802">
    <p class='ocr_par' dir='ltr' id='par_1_65' title="bbox 574 3728 2166 3802">
     <span class='ocr_line' id='line_1_65' title="bbox 574 3728 2166 3802; baseline 0.004 -18"><span class='ocrx_word' id='word_1_491' title='bbox 574 3743 740 3801; x_wconf 90' lang='lat' dir='ltr'><strong>porro</strong></span> <span class='ocrx_word' id='word_1_492' title='bbox 768 3728 909 3785; x_wconf 89' lang='lat' dir='ltr'><strong>hanc</strong></span> <span class='ocrx_word' id='word_1_493' title='bbox 940 3731 1374 3802; x_wconf 86' lang='lat' dir='ltr'><strong>persecutionem</strong></span> <span class='ocrx_word' id='word_1_494' title='bbox 1418 3733 1666 3801; x_wconf 85' lang='lat' dir='ltr'><strong>sequenti</strong></span> <span class='ocrx_word' id='word_1_495' title='bbox 1708 3745 1851 3788; x_wconf 78' lang='lat' dir='ltr'><strong>mmo</strong></span> <span class='ocrx_word' id='word_1_496' title='bbox 1877 3735 2166 3790; x_wconf 71' lang='lat' dir='ltr'><strong>excitatam</strong></span> 
     </span>
    </p>
   </div>
   <div class='ocr_carea' id='block_1_66' title="bbox 567 3823 2166 3897">
    <p class='ocr_par' dir='ltr' id='par_1_66' title="bbox 567 3823 2166 3897">
     <span class='ocr_line' id='line_1_66' title="bbox 567 3823 2166 3897; baseline 0.002 -19"><span class='ocrx_word' id='word_1_497' title='bbox 567 3831 883 3890; x_wconf 89' lang='lat' dir='ltr'><strong>autumant;</strong></span> <span class='ocrx_word' id='word_1_498' title='bbox 932 3823 1026 3879; x_wconf 87' lang='lat' dir='ltr'><strong>sed</strong></span> <span class='ocrx_word' id='word_1_499' title='bbox 1073 3839 1181 3880; x_wconf 89' lang='lat' dir='ltr'><strong>non</strong></span> <span class='ocrx_word' id='word_1_500' title='bbox 1230 3823 1590 3880; x_wconf 69' lang='lat' dir='ltr'><strong>differendam</strong></span> <span class='ocrx_word' id='word_1_501' title='bbox 1624 3825 1761 3880; x_wconf 91' lang='lat' dir='ltr'><strong>ultra</strong></span> <span class='ocrx_word' id='word_1_502' title='bbox 1806 3825 1950 3880; x_wconf 91' lang='lat' dir='ltr'><strong>hunc</strong></span> <span class='ocrx_word' id='word_1_503' title='bbox 1991 3827 2166 3897; x_wconf 85' lang='lat' dir='ltr'><strong>ipsum</strong></span> 
     </span>
    </p>
   </div>
   <div class='ocr_carea' id='block_1_67' title="bbox 566 3915 2170 3990">
    <p class='ocr_par' dir='ltr' id='par_1_67' title="bbox 566 3915 2170 3990">
     <span class='ocr_line' id='line_1_67' title="bbox 566 3915 2170 3990; baseline 0.001 -17"><span class='ocrx_word' id='word_1_504' title='bbox 566 3915 1060 3973; x_wconf 83' lang='lat' dir='ltr'><strong>demonstravimus</strong></span> <span class='ocrx_word' id='word_1_505' title='bbox 1101 3917 1323 3990; x_wconf 89' lang='lat' dir='ltr'><strong>proprio</strong></span> <span class='ocrx_word' id='word_1_506' title='bbox 1356 3917 1474 3974; x_wconf 93' lang='lat' dir='ltr'><strong>loco</strong></span> <span class='ocrx_word' id='word_1_507' title='bbox 1505 3917 1748 3989; x_wconf 87' lang='lat' dir='ltr'><strong>(Admon.</strong></span> <span class='ocrx_word' id='word_1_508' title='bbox 1781 3919 1836 3973; x_wconf 84' lang='lat' dir='ltr'><strong>in</strong></span> <span class='ocrx_word' id='word_1_509' title='bbox 1877 3915 2051 3990; x_wconf 81' lang='lat' dir='ltr'><strong>Epist.</strong></span> <span class='ocrx_word' id='word_1_510' title='bbox 2097 3919 2170 3975; x_wconf 76' lang='lat'><strong>20</strong></span> 
     </span>
    </p>
   </div>
   <div class='ocr_carea' id='block_1_68' title="bbox 565 4011 1534 4086">
    <p class='ocr_par' dir='ltr' id='par_1_68' title="bbox 565 4011 1534 4086">
     <span class='ocr_line' id='line_1_68' title="bbox 565 4011 1534 4086; baseline 0.001 -19"><span class='ocrx_word' id='word_1_511' title='bbox 565 4021 612 4068; x_wconf 89' lang='lat' dir='ltr'><strong>et</strong></span> <span class='ocrx_word' id='word_1_512' title='bbox 653 4011 768 4086; x_wconf 79' lang='grc'><strong>21).</strong></span> <span class='ocrx_word' id='word_1_513' title='bbox 1531 4036 1534 4040; x_wconf 56' lang='grc' dir='ltr'>ι</span> 
     </span>
    </p>
   </div>
   <div class='ocr_carea' id='block_1_69' title="bbox 637 4103 2172 4182">
    <p class='ocr_par' dir='ltr' id='par_1_69' title="bbox 637 4103 2172 4182">
     <span class='ocr_line' id='line_1_69' title="bbox 637 4103 2172 4182; baseline 0.001 -22"><span class='ocrx_word' id='word_1_514' title='bbox 637 4107 728 4162; x_wconf 78' lang='lat'><strong>72.</strong></span> <span class='ocrx_word' id='word_1_515' title='bbox 770 4107 900 4182; x_wconf 81' lang='lat' dir='ltr'><strong>(An.</strong></span> <span class='ocrx_word' id='word_1_516' title='bbox 928 4107 1085 4182; x_wconf 80' lang='grc'><strong>586.)</strong></span> <span class='ocrx_word' id='word_1_517' title='bbox 1125 4107 1242 4164; x_wconf 89' lang='lat' dir='ltr'><strong>Etsi</strong></span> <span class='ocrx_word' id='word_1_518' title='bbox 1270 4103 1500 4164; x_wconf 66' lang='lat' dir='ltr'><strong>Iustina:</strong></span> <span class='ocrx_word' id='word_1_519' title='bbox 1531 4109 1846 4164; x_wconf 83' lang='lat' dir='ltr'><strong>vexationes</strong></span> <span class='ocrx_word' id='word_1_520' title='bbox 1872 4105 2064 4180; x_wconf 76' lang='lat' dir='ltr'><strong>sopita:</strong></span> <span class='ocrx_word' id='word_1_521' title='bbox 2090 4107 2172 4162; x_wconf 88' lang='lat' dir='ltr'><strong>vi-</strong></span> 
     </span>
    </p>
   </div>
   <div class='ocr_carea' id='block_1_70' title="bbox 567 4197 2166 4292">
    <p class='ocr_par' dir='ltr' id='par_1_70' title="bbox 567 4197 2166 4292">
     <span class='ocr_line' id='line_1_70' title="bbox 567 4197 2166 4292; baseline 0.001 -37"><span class='ocrx_word' id='word_1_522' title='bbox 567 4197 850 4268; x_wconf 89' lang='lat' dir='ltr'><strong>derentur,</strong></span> <span class='ocrx_word' id='word_1_523' title='bbox 875 4201 1080 4270; x_wconf 87' lang='lat' dir='ltr'><strong>optime</strong></span> <span class='ocrx_word' id='word_1_524' title='bbox 1113 4211 1292 4256; x_wconf 89' lang='lat' dir='ltr'><strong>tamen</strong></span> <span class='ocrx_word' id='word_1_525' title='bbox 1323 4200 1648 4292; x_wconf 72' lang='lat' dir='ltr'><strong>Ambrosius</strong></span> <span class='ocrx_word' id='word_1_526' title='bbox 1674 4201 1788 4257; x_wconf 91' lang='lat' dir='ltr'><strong>fore</strong></span> <span class='ocrx_word' id='word_1_527' title='bbox 1821 4201 2166 4271; x_wconf 68' lang='lat' dir='ltr'><strong>praeviderat,</strong></span> 
     </span>
    </p>
   </div>
   <div class='ocr_carea' id='block_1_71' title="bbox 567 4291 2170 4364">
    <p class='ocr_par' dir='ltr' id='par_1_71' title="bbox 567 4291 2170 4364">
     <span class='ocr_line' id='line_1_71' title="bbox 567 4291 2170 4364; baseline 0.002 -18"><span class='ocrx_word' id='word_1_528' title='bbox 567 4295 626 4346; x_wconf 94' lang='lat' dir='ltr'><strong>ut</strong></span> <span class='ocrx_word' id='word_1_529' title='bbox 674 4305 780 4346; x_wconf 90' lang='lat' dir='ltr'><strong>non</strong></span> <span class='ocrx_word' id='word_1_530' title='bbox 826 4294 1137 4364; x_wconf 90' lang='lat' dir='ltr'><strong>quiesceret</strong></span> <span class='ocrx_word' id='word_1_531' title='bbox 1170 4291 1288 4348; x_wconf 62' lang='lat' dir='ltr'><strong>haec</strong></span> <span class='ocrx_word' id='word_1_532' title='bbox 1329 4294 1552 4349; x_wconf 85' lang='lat' dir='ltr'><strong>Ariana.</strong></span> <span class='ocrx_word' id='word_1_533' title='bbox 1603 4294 1670 4348; x_wconf 85' lang='lat' dir='ltr'><strong>Et</strong></span> <span class='ocrx_word' id='word_1_534' title='bbox 1717 4302 1867 4349; x_wconf 87' lang='lat' dir='ltr'><strong>certe</strong></span> <span class='ocrx_word' id='word_1_535' title='bbox 1917 4309 2025 4349; x_wconf 91' lang='lat' dir='ltr'><strong>non</strong></span> <span class='ocrx_word' id='word_1_536' title='bbox 2075 4293 2170 4350; x_wconf 91' lang='lat' dir='ltr'><strong>diu</strong></span> 
     </span>
    </p>
   </div>
   <div class='ocr_carea' id='block_1_72' title="bbox 567 4385 2167 4458">
    <p class='ocr_par' dir='ltr' id='par_1_72' title="bbox 567 4385 2167 4458">
     <span class='ocr_line' id='line_1_72' title="bbox 567 4385 2167 4458; baseline 0.001 -17"><span class='ocrx_word' id='word_1_537' title='bbox 567 4385 753 4442; x_wconf 93' lang='lat' dir='ltr'><strong>odium</strong></span> <span class='ocrx_word' id='word_1_538' title='bbox 786 4387 875 4444; x_wconf 91' lang='lat' dir='ltr'><strong>illa</strong></span> <span class='ocrx_word' id='word_1_539' title='bbox 909 4385 1180 4442; x_wconf 88' lang='lat' dir='ltr'><strong>continuit</strong></span> <span class='ocrx_word' id='word_1_540' title='bbox 1209 4403 1221 4440; x_wconf 90' lang='lat'><strong>:</strong></span> <span class='ocrx_word' id='word_1_541' title='bbox 1252 4389 1347 4442; x_wconf 88' lang='lat' dir='ltr'><strong>sed</strong></span> <span class='ocrx_word' id='word_1_542' title='bbox 1379 4393 1438 4441; x_wconf 92' lang='lat' dir='ltr'><strong>ut</strong></span> <span class='ocrx_word' id='word_1_543' title='bbox 1466 4386 1741 4444; x_wconf 79' lang='lat' dir='ltr'><strong>efﬁcacius</strong></span> <span class='ocrx_word' id='word_1_544' title='bbox 1771 4386 2006 4458; x_wconf 87' lang='lat' dir='ltr'><strong>cogitata</strong></span> <span class='ocrx_word' id='word_1_545' title='bbox 2043 4401 2167 4457; x_wconf 85' lang='lat' dir='ltr'><strong>per-</strong></span> 
     </span>
    </p>
   </div>
   <div class='ocr_carea' id='block_1_73' title="bbox 566 4480 2171 4556">
    <p class='ocr_par' dir='ltr' id='par_1_73' title="bbox 566 4480 2171 4556">
     <span class='ocr_line' id='line_1_73' title="bbox 566 4480 2171 4556; baseline 0.001 -20"><span class='ocrx_word' id='word_1_546' title='bbox 566 4481 776 4549; x_wconf 85' lang='lat' dir='ltr'><strong>ticeret,</strong></span> <span class='ocrx_word' id='word_1_547' title='bbox 799 4484 909 4552; x_wconf 89' lang='lat' dir='ltr'><strong>jam</strong></span> <span class='ocrx_word' id='word_1_548' title='bbox 941 4481 1066 4537; x_wconf 91' lang='lat' dir='ltr'><strong>inde</strong></span> <span class='ocrx_word' id='word_1_549' title='bbox 1087 4497 1118 4538; x_wconf 92' lang='lat' dir='ltr'><strong>a</strong></span> <span class='ocrx_word' id='word_1_550' title='bbox 1147 4495 1335 4537; x_wconf 91' lang='lat' dir='ltr'><strong>mense</strong></span> <span class='ocrx_word' id='word_1_551' title='bbox 1357 4481 1613 4551; x_wconf 89' lang='lat' dir='ltr'><strong>jauuario</strong></span> <span class='ocrx_word' id='word_1_552' title='bbox 1638 4480 1864 4552; x_wconf 81' lang='lat' dir='ltr'><strong>hujusce</strong></span> <span class='ocrx_word' id='word_1_553' title='bbox 1889 4481 2017 4538; x_wconf 85' lang='lat' dir='ltr'><strong>anni</strong></span> <span class='ocrx_word' id='word_1_554' title='bbox 2048 4497 2171 4556; x_wconf 90' lang='lat' dir='ltr'><strong>per-</strong></span> 
     </span>
    </p>
   </div>
   <div class='ocr_carea' id='block_1_74' title="bbox 563 4574 2164 4648">
    <p class='ocr_par' dir='ltr' id='par_1_74' title="bbox 563 4574 2164 4648">
     <span class='ocr_line' id='line_1_74' title="bbox 563 4574 2164 4648; baseline 0.001 -17"><span class='ocrx_word' id='word_1_555' title='bbox 563 4576 738 4631; x_wconf 90' lang='lat' dir='ltr'><strong>suasit</strong></span> <span class='ocrx_word' id='word_1_556' title='bbox 769 4574 882 4632; x_wconf 88' lang='lat' dir='ltr'><strong>filio</strong></span> <span class='ocrx_word' id='word_1_557' title='bbox 913 4575 1259 4631; x_wconf 82' lang='lat' dir='ltr'><strong>scribendam</strong></span> <span class='ocrx_word' id='word_1_558' title='bbox 1311 4574 1520 4646; x_wconf 80' lang='lat' dir='ltr'><strong>legem,</strong></span> <span class='ocrx_word' id='word_1_559' title='bbox 1567 4589 1688 4648; x_wconf 80' lang='lat' dir='ltr'><strong>qme</strong></span> <span class='ocrx_word' id='word_1_560' title='bbox 1729 4577 1942 4632; x_wconf 77' lang='lat' dir='ltr'><strong>Arianis</strong></span> <span class='ocrx_word' id='word_1_561' title='bbox 1973 4577 2026 4632; x_wconf 90' lang='lat' dir='ltr'><strong>itt</strong></span> <span class='ocrx_word' id='word_1_562' title='bbox 2059 4576 2164 4632; x_wconf 85' lang='lat' dir='ltr'><strong>Ec-</strong></span> 
     </span>
    </p>
   </div>
   <div class='ocr_carea' id='block_1_75' title="bbox 2272 3359 3866 3432">
    <p class='ocr_par' dir='ltr' id='par_1_75' title="bbox 2272 3359 3866 3432">
     <span class='ocr_line' id='line_1_75' title="bbox 2272 3359 3866 3432; baseline 0.003 -17"><span class='ocrx_word' id='word_1_563' title='bbox 2272 3359 2636 3432; x_wconf 65' lang='lat' dir='ltr'><strong>preshyteris,</strong></span> <span class='ocrx_word' id='word_1_564' title='bbox 2672 3359 2742 3416; x_wconf 91' lang='lat' dir='ltr'><strong>de</strong></span> <span class='ocrx_word' id='word_1_565' title='bbox 2771 3359 3028 3416; x_wconf 85' lang='lat' dir='ltr'><strong>mandato</strong></span> <span class='ocrx_word' id='word_1_566' title='bbox 3074 3361 3346 3432; x_wconf 87' lang='lat' dir='ltr'><strong>imperiali</strong></span> <span class='ocrx_word' id='word_1_567' title='bbox 3397 3363 3465 3418; x_wconf 87' lang='lat' dir='ltr'><strong>ad</strong></span> <span class='ocrx_word' id='word_1_568' title='bbox 3511 3377 3606 3420; x_wconf 89' lang='lat' dir='ltr'><strong>eos</strong></span> <span class='ocrx_word' id='word_1_569' title='bbox 3657 3364 3866 3420; x_wconf 91' lang='lat' dir='ltr'><strong>retulit.</strong></span> 
     </span>
    </p>
   </div>
   <div class='ocr_carea' id='block_1_76' title="bbox 2269 3451 3867 3512">
    <p class='ocr_par' dir='ltr' id='par_1_76' title="bbox 2269 3451 3867 3512">
     <span class='ocr_line' id='line_1_76' title="bbox 2269 3451 3867 3512; baseline 0.002 -3"><span class='ocrx_word' id='word_1_570' title='bbox 2269 3451 2402 3509; x_wconf 91' lang='lat' dir='ltr'><strong>Cum</strong></span> <span class='ocrx_word' id='word_1_571' title='bbox 2431 3451 2777 3510; x_wconf 35' lang='lat' dir='ltr'><strong>visum‘esset</strong></span> <span class='ocrx_word' id='word_1_572' title='bbox 2825 3454 2934 3508; x_wconf 89' lang='lat' dir='ltr'><strong>illis</strong></span> <span class='ocrx_word' id='word_1_573' title='bbox 2965 3455 3220 3510; x_wconf 90' lang='lat' dir='ltr'><strong>omnibus</strong></span> <span class='ocrx_word' id='word_1_574' title='bbox 3252 3453 3494 3512; x_wconf 90' lang='lat' dir='ltr'><strong>libellum</strong></span> <span class='ocrx_word' id='word_1_575' title='bbox 3540 3457 3741 3512; x_wconf 65' lang='lat' dir='ltr'><strong>Caesari</strong></span> <span class='ocrx_word' id='word_1_576' title='bbox 3783 3459 3867 3512; x_wconf 56' lang='lat' dir='ltr'><strong>of.</strong></span> 
     </span>
    </p>
   </div>
   <div class='ocr_carea' id='block_1_77' title="bbox 2270 3544 3872 3618">
    <p class='ocr_par' dir='ltr' id='par_1_77' title="bbox 2270 3544 3872 3618">
     <span class='ocr_line' id='line_1_77' title="bbox 2270 3544 3872 3618; baseline 0.004 -18"><span class='ocrx_word' id='word_1_577' title='bbox 2270 3544 2400 3601; x_wconf 86' lang='lat' dir='ltr'><strong>ferri</strong></span> <span class='ocrx_word' id='word_1_578' title='bbox 2431 3555 2705 3617; x_wconf 79' lang='lat' dir='ltr'><strong>Oportere,</strong></span> <span class='ocrx_word' id='word_1_579' title='bbox 2733 3546 2874 3602; x_wconf 90' lang='lat' dir='ltr'><strong>idem</strong></span> <span class='ocrx_word' id='word_1_580' title='bbox 2900 3547 3222 3603; x_wconf 85' lang='lat' dir='ltr'><strong>Ambrosius</strong></span> <span class='ocrx_word' id='word_1_581' title='bbox 3245 3550 3361 3618; x_wconf 87' lang='lat' dir='ltr'><strong>ejus</strong></span> <span class='ocrx_word' id='word_1_582' title='bbox 3387 3549 3656 3606; x_wconf 86' lang='lat' dir='ltr'><strong>scribendi</strong></span> <span class='ocrx_word' id='word_1_583' title='bbox 3683 3565 3872 3606; x_wconf 84' lang='lat' dir='ltr'><strong>susce-</strong></span> 
     </span>
    </p>
   </div>
   <div class='ocr_carea' id='block_1_78' title="bbox 2273 3639 3874 3714">
    <p class='ocr_par' dir='ltr' id='par_1_78' title="bbox 2273 3639 3874 3714">
     <span class='ocr_line' id='line_1_78' title="bbox 2273 3639 3874 3714; baseline 0.006 -22"><span class='ocrx_word' id='word_1_584' title='bbox 2273 3639 2350 3710; x_wconf 91' lang='lat' dir='ltr'><strong>pit</strong></span> <span class='ocrx_word' id='word_1_585' title='bbox 2382 3640 2744 3710; x_wconf 88' lang='lat' dir='ltr'><strong>provinciam.</strong></span> <span class='ocrx_word' id='word_1_586' title='bbox 2766 3639 2823 3694; x_wconf 86' lang='lat' dir='ltr'><strong>In</strong></span> <span class='ocrx_word' id='word_1_587' title='bbox 2852 3655 2920 3695; x_wconf 90' lang='lat' dir='ltr'><strong>eo</strong></span> <span class='ocrx_word' id='word_1_588' title='bbox 2949 3641 3198 3712; x_wconf 81' lang='lat' dir='ltr'><strong>exposuit</strong></span> <span class='ocrx_word' id='word_1_589' title='bbox 3222 3641 3559 3713; x_wconf 89' lang='lat' dir='ltr'><strong>imperatori,</strong></span> <span class='ocrx_word' id='word_1_590' title='bbox 3589 3643 3783 3714; x_wconf 86' lang='lat' dir='ltr'><strong>quibus</strong></span> <span class='ocrx_word' id='word_1_591' title='bbox 3801 3643 3874 3701; x_wconf 89' lang='lat' dir='ltr'><strong>de</strong></span> 
     </span>
    </p>
   </div>
   <div class='ocr_carea' id='block_1_79' title="bbox 2271 3733 3874 3807">
    <p class='ocr_par' dir='ltr' id='par_1_79' title="bbox 2271 3733 3874 3807">
     <span class='ocr_line' id='line_1_79' title="bbox 2271 3733 3874 3807; baseline 0.005 -19"><span class='ocrx_word' id='word_1_592' title='bbox 2271 3735 2450 3789; x_wconf 88' lang='lat' dir='ltr'><strong>causis</strong></span> <span class='ocrx_word' id='word_1_593' title='bbox 2507 3736 2558 3790; x_wconf 92' lang='lat' dir='ltr'><strong>in</strong></span> <span class='ocrx_word' id='word_1_594' title='bbox 2607 3733 2812 3806; x_wconf 89' lang='lat' dir='ltr'><strong>palatio</strong></span> <span class='ocrx_word' id='word_1_595' title='bbox 2841 3749 3026 3790; x_wconf 88' lang='lat' dir='ltr'><strong>coram</strong></span> <span class='ocrx_word' id='word_1_596' title='bbox 3071 3734 3316 3805; x_wconf 87' lang='lat' dir='ltr'><strong>profanis</strong></span> <span class='ocrx_word' id='word_1_597' title='bbox 3346 3736 3623 3807; x_wconf 81' lang='lat' dir='ltr'><strong>judicibus</strong></span> <span class='ocrx_word' id='word_1_598' title='bbox 3662 3738 3732 3794; x_wconf 89' lang='lat' dir='ltr'><strong>de</strong></span> <span class='ocrx_word' id='word_1_599' title='bbox 3761 3737 3874 3796; x_wconf 83' lang='lat' dir='ltr'><strong>ﬁde</strong></span> 
     </span>
    </p>
   </div>
   <div class='ocr_carea' id='block_1_80' title="bbox 2270 3817 3870 3903">
    <p class='ocr_par' dir='ltr' id='par_1_80' title="bbox 2270 3817 3870 3903">
     <span class='ocr_line' id='line_1_80' title="bbox 2270 3817 3870 3903; baseline 0.006 -23"><span class='ocrx_word' id='word_1_600' title='bbox 2270 3824 2550 3896; x_wconf 84' lang='lat' dir='ltr'><strong>disputare</strong></span> <span class='ocrx_word' id='word_1_601' title='bbox 2581 3817 2680 3882; x_wconf 88' lang='lat' dir='ltr'><strong>sibi</strong></span> <span class='ocrx_word' id='word_1_602' title='bbox 2715 3843 2824 3882; x_wconf 90' lang='lat' dir='ltr'><strong>non</strong></span> <span class='ocrx_word' id='word_1_603' title='bbox 2857 3827 3048 3883; x_wconf 87' lang='lat' dir='ltr'><strong>liceret</strong></span> <span class='ocrx_word' id='word_1_604' title='bbox 3077 3826 3268 3902; x_wconf 82' lang='lat' dir='ltr'><strong>(Ibid.,</strong></span> <span class='ocrx_word' id='word_1_605' title='bbox 3319 3845 3376 3885; x_wconf 81' lang='grc' dir='ltr'><strong>η.</strong></span> <span class='ocrx_word' id='word_1_606' title='bbox 3405 3831 3441 3885; x_wconf 73' lang='lat'><strong>2</strong></span> <span class='ocrx_word' id='word_1_607' title='bbox 3477 3833 3524 3885; x_wconf 87' lang='lat' dir='ltr'><strong>et</strong></span> <span class='ocrx_word' id='word_1_608' title='bbox 3561 3832 3693 3903; x_wconf 88' lang='lat' dir='ltr'><strong>seq.)</strong></span> <span class='ocrx_word' id='word_1_609' title='bbox 3723 3851 3736 3888; x_wconf 91' lang='lat'><strong>:</strong></span> <span class='ocrx_word' id='word_1_610' title='bbox 3771 3831 3870 3889; x_wconf 87' lang='lat' dir='ltr'><strong>sed</strong></span> 
     </span>
    </p>
   </div>
   <div class='ocr_carea' id='block_1_81' title="bbox 2271 3920 3868 3984">
    <p class='ocr_par' dir='ltr' id='par_1_81' title="bbox 2271 3920 3868 3984">
     <span class='ocr_line' id='line_1_81' title="bbox 2271 3920 3868 3984; baseline 0.005 -9"><span class='ocrx_word' id='word_1_611' title='bbox 2271 3920 2462 3975; x_wconf 89' lang='lat' dir='ltr'><strong>eadem</strong></span> <span class='ocrx_word' id='word_1_612' title='bbox 2495 3920 2584 3976; x_wconf 89' lang='lat' dir='ltr'><strong>illa</strong></span> <span class='ocrx_word' id='word_1_613' title='bbox 2617 3921 2988 3977; x_wconf 88' lang='lat' dir='ltr'><strong>controversia</strong></span> <span class='ocrx_word' id='word_1_614' title='bbox 3017 3923 3067 3976; x_wconf 92' lang='lat' dir='ltr'><strong>in</strong></span> <span class='ocrx_word' id='word_1_615' title='bbox 3111 3922 3355 3978; x_wconf 88' lang='lat' dir='ltr'><strong>Concilio</strong></span> <span class='ocrx_word' id='word_1_616' title='bbox 3386 3925 3662 3980; x_wconf 86' lang='lat' dir='ltr'><strong>tractanda</strong></span> <span class='ocrx_word' id='word_1_617' title='bbox 3697 3935 3868 3984; x_wconf 88' lang='lat' dir='ltr'><strong>esset.</strong></span> 
     </span>
    </p>
   </div>
   <div class='ocr_carea' id='block_1_82' title="bbox 2274 4011 3874 4083">
    <p class='ocr_par' dir='ltr' id='par_1_82' title="bbox 2274 4011 3874 4083">
     <span class='ocr_line' id='line_1_82' title="bbox 2274 4011 3874 4083; baseline 0.004 -15"><span class='ocrx_word' id='word_1_618' title='bbox 2274 4011 2489 4083; x_wconf 82' lang='lat' dir='ltr'><strong>Adjecit</strong></span> <span class='ocrx_word' id='word_1_619' title='bbox 2510 4013 2673 4068; x_wconf 80' lang='lat' dir='ltr'><strong>etiam</strong></span> <span class='ocrx_word' id='word_1_620' title='bbox 2699 4012 2766 4068; x_wconf 91' lang='lat' dir='ltr'><strong>ad</strong></span> <span class='ocrx_word' id='word_1_621' title='bbox 2798 4027 2858 4068; x_wconf 92' lang='lat' dir='ltr'><strong>se</strong></span> <span class='ocrx_word' id='word_1_622' title='bbox 2883 4013 3234 4080; x_wconf 87' lang='lat' dir='ltr'><strong>audiendum,</strong></span> <span class='ocrx_word' id='word_1_623' title='bbox 3264 4025 3387 4069; x_wconf 87' lang='lat' dir='ltr'><strong>cum</strong></span> <span class='ocrx_word' id='word_1_624' title='bbox 3409 4015 3475 4071; x_wconf 88' lang='lat' dir='ltr'><strong>de</strong></span> <span class='ocrx_word' id='word_1_625' title='bbox 3505 4015 3612 4072; x_wconf 81' lang='lat' dir='ltr'><strong>ﬁde</strong></span> <span class='ocrx_word' id='word_1_626' title='bbox 3638 4017 3874 4075; x_wconf 89' lang='lat' dir='ltr'><strong>dissere-</strong></span> 
     </span>
    </p>
   </div>
   <div class='ocr_carea' id='block_1_83' title="bbox 2272 4096 3873 4180">
    <p class='ocr_par' dir='ltr' id='par_1_83' title="bbox 2272 4096 3873 4180">
     <span class='ocr_line' id='line_1_83' title="bbox 2272 4096 3873 4180; baseline 0.005 -20"><span class='ocrx_word' id='word_1_627' title='bbox 2272 4096 2364 4160; x_wconf 81' lang='lat' dir='ltr'><strong>bat</strong></span> <span class='ocrx_word' id='word_1_628' title='bbox 2405 4099 2459 4160; x_wconf 87' lang='lat' dir='ltr'><strong>in</strong></span> <span class='ocrx_word' id='word_1_629' title='bbox 2517 4103 2784 4174; x_wconf 87' lang='lat' dir='ltr'><strong>Ecclesia,</strong></span> <span class='ocrx_word' id='word_1_630' title='bbox 2818 4106 3048 4162; x_wconf 87' lang='lat' dir='ltr'><strong>liberum</strong></span> <span class='ocrx_word' id='word_1_631' title='bbox 3075 4107 3279 4163; x_wconf 90' lang='lat' dir='ltr'><strong>aditum</strong></span> <span class='ocrx_word' id='word_1_632' title='bbox 3309 4111 3521 4165; x_wconf 90' lang='lat' dir='ltr'><strong>cunctis</strong></span> <span class='ocrx_word' id='word_1_633' title='bbox 3551 4120 3777 4180; x_wconf 86' lang='lat' dir='ltr'><strong>patere:</strong></span> <span class='ocrx_word' id='word_1_634' title='bbox 3811 4125 3873 4168; x_wconf 86' lang='lat' dir='ltr'><strong>se</strong></span> 
     </span>
    </p>
   </div>
   <div class='ocr_carea' id='block_1_84' title="bbox 2273 4195 3873 4269">
    <p class='ocr_par' dir='ltr' id='par_1_84' title="bbox 2273 4195 3873 4269">
     <span class='ocr_line' id='line_1_84' title="bbox 2273 4195 3873 4269; baseline 0.005 -16"><span class='ocrx_word' id='word_1_635' title='bbox 2273 4195 2325 4254; x_wconf 88' lang='lat' dir='ltr'><strong>in</strong></span> <span class='ocrx_word' id='word_1_636' title='bbox 2359 4199 2614 4269; x_wconf 89' lang='lat' dir='ltr'><strong>palatimn</strong></span> <span class='ocrx_word' id='word_1_637' title='bbox 2647 4207 2933 4255; x_wconf 80' lang='lat' dir='ltr'><strong>venturum</strong></span> <span class='ocrx_word' id='word_1_638' title='bbox 2967 4199 3132 4255; x_wconf 90' lang='lat' dir='ltr'><strong>fuisse</strong></span> <span class='ocrx_word' id='word_1_639' title='bbox 3157 4243 3170 4265; x_wconf 89' lang='lat'><strong>,</strong></span> <span class='ocrx_word' id='word_1_640' title='bbox 3205 4209 3264 4256; x_wconf 93' lang='lat' dir='ltr'><strong>ut</strong></span> <span class='ocrx_word' id='word_1_641' title='bbox 3315 4201 3429 4256; x_wconf 74' lang='lat' dir='ltr'><strong>lucc</strong></span> <span class='ocrx_word' id='word_1_642' title='bbox 3455 4215 3637 4258; x_wconf 84' lang='lat' dir='ltr'><strong>coram</strong></span> <span class='ocrx_word' id='word_1_643' title='bbox 3665 4203 3873 4261; x_wconf 90' lang='lat' dir='ltr'><strong>diceret</strong></span> 
     </span>
    </p>
   </div>
   <div class='ocr_carea' id='block_1_85' title="bbox 2274 4285 3872 4366">
    <p class='ocr_par' dir='ltr' id='par_1_85' title="bbox 2274 4285 3872 4366">
     <span class='ocr_line' id='line_1_85' title="bbox 2274 4285 3872 4366; baseline 0.005 -21"><span class='ocrx_word' id='word_1_644' title='bbox 2274 4289 2464 4365; x_wconf 63' lang='lat' dir='ltr'><strong>(llud,</strong></span> <span class='ocrx_word' id='word_1_645' title='bbox 2500 4307 2642 4346; x_wconf 86' lang='lat' dir='ltr'><strong>num.</strong></span> <span class='ocrx_word' id='word_1_646' title='bbox 2675 4291 2809 4364; x_wconf 74' lang='lat' dir='ltr'><strong>t7);</strong></span> <span class='ocrx_word' id='word_1_647' title='bbox 2854 4285 2950 4348; x_wconf 87' lang='lat' dir='ltr'><strong>sed</strong></span> <span class='ocrx_word' id='word_1_648' title='bbox 2984 4307 3081 4363; x_wconf 88' lang='lat' dir='ltr'><strong>per</strong></span> <span class='ocrx_word' id='word_1_649' title='bbox 3119 4293 3410 4366; x_wconf 89' lang='lat' dir='ltr'><strong>episcopos</strong></span> <span class='ocrx_word' id='word_1_650' title='bbox 3453 4302 3507 4348; x_wconf 87' lang='lat' dir='ltr'><strong>et</strong></span> <span class='ocrx_word' id='word_1_651' title='bbox 3536 4295 3872 4353; x_wconf 86' lang='lat' dir='ltr'><strong>catholicum</strong></span> 
     </span>
    </p>
   </div>
   <div class='ocr_carea' id='block_1_86' title="bbox 2273 4383 3873 4455">
    <p class='ocr_par' dir='ltr' id='par_1_86' title="bbox 2273 4383 3873 4455">
     <span class='ocr_line' id='line_1_86' title="bbox 2273 4383 3873 4455; baseline 0.004 -17"><span class='ocrx_word' id='word_1_652' title='bbox 2273 4383 2530 4455; x_wconf 88' lang='lat' dir='ltr'><strong>populum</strong></span> <span class='ocrx_word' id='word_1_653' title='bbox 2581 4383 2680 4439; x_wconf 89' lang='lat' dir='ltr'><strong>sibi</strong></span> <span class='ocrx_word' id='word_1_654' title='bbox 2729 4399 2839 4439; x_wconf 89' lang='lat' dir='ltr'><strong>non</strong></span> <span class='ocrx_word' id='word_1_655' title='bbox 2884 4385 3050 4442; x_wconf 90' lang='lat' dir='ltr'><strong>licere</strong></span> <span class='ocrx_word' id='word_1_656' title='bbox 3085 4403 3098 4439; x_wconf 89' lang='lat'><strong>:</strong></span> <span class='ocrx_word' id='word_1_657' title='bbox 3129 4385 3349 4441; x_wconf 90' lang='lat' dir='ltr'><strong>eosdem</strong></span> <span class='ocrx_word' id='word_1_658' title='bbox 3391 4387 3644 4442; x_wconf 89' lang='lat' dir='ltr'><strong>similiter</strong></span> <span class='ocrx_word' id='word_1_659' title='bbox 3669 4386 3873 4445; x_wconf 78' lang='lat' dir='ltr'><strong>obnixe</strong></span> 
     </span>
    </p>
   </div>
   <div class='ocr_carea' id='block_1_87' title="bbox 2272 4477 3874 4552">
    <p class='ocr_par' dir='ltr' id='par_1_87' title="bbox 2272 4477 3874 4552">
     <span class='ocr_line' id='line_1_87' title="bbox 2272 4477 3874 4552; baseline 0.003 -19"><span class='ocrx_word' id='word_1_660' title='bbox 2272 4477 2565 4550; x_wconf 88' lang='lat' dir='ltr'><strong>prohibere</strong></span> <span class='ocrx_word' id='word_1_661' title='bbox 2587 4521 2603 4546; x_wconf 97' lang='lat'><strong>,</strong></span> <span class='ocrx_word' id='word_1_662' title='bbox 2635 4479 2924 4550; x_wconf 88' lang='lat' dir='ltr'><strong>quominus</strong></span> <span class='ocrx_word' id='word_1_663' title='bbox 2951 4480 3180 4536; x_wconf 80' lang='lat' dir='ltr'><strong>excedat</strong></span> <span class='ocrx_word' id='word_1_664' title='bbox 3211 4480 3548 4540; x_wconf 85' lang='lat' dir='ltr'><strong>Mediolano:</strong></span> <span class='ocrx_word' id='word_1_665' title='bbox 3582 4489 3874 4552; x_wconf 85' lang='lat' dir='ltr'><strong>persuasos</strong></span> 
     </span>
    </p>
   </div>
   <div class='ocr_carea' id='block_1_88' title="bbox 2275 4571 3874 4642">
    <p class='ocr_par' dir='ltr' id='par_1_88' title="bbox 2275 4571 3874 4642">
     <span class='ocr_line' id='line_1_88' title="bbox 2275 4571 3874 4642; baseline 0.004 -18"><span class='ocrx_word' id='word_1_666' title='bbox 2275 4571 2532 4627; x_wconf 84' lang='lat' dir='ltr'><strong>videlicet</strong></span> <span class='ocrx_word' id='word_1_667' title='bbox 2559 4585 2724 4626; x_wconf 92' lang='lat' dir='ltr'><strong>unum</strong></span> <span class='ocrx_word' id='word_1_668' title='bbox 2755 4572 3002 4642; x_wconf 90' lang='lat' dir='ltr'><strong>idemque</strong></span> <span class='ocrx_word' id='word_1_669' title='bbox 3029 4585 3152 4628; x_wconf 87' lang='lat' dir='ltr'><strong>esse</strong></span> <span class='ocrx_word' id='word_1_670' title='bbox 3180 4573 3282 4629; x_wconf 88' lang='lat' dir='ltr'><strong>hoc</strong></span> <span class='ocrx_word' id='word_1_671' title='bbox 3308 4587 3488 4628; x_wconf 87' lang='lat' dir='ltr'><strong>rerum</strong></span> <span class='ocrx_word' id='word_1_672' title='bbox 3511 4583 3655 4629; x_wconf 85' lang='lat' dir='ltr'><strong>statu</strong></span> <span class='ocrx_word' id='word_1_673' title='bbox 3683 4573 3874 4630; x_wconf 82' lang='lat' dir='ltr'><strong>Eccle—</strong></span> 
     </span>
    </p>
   </div>
   <div class='ocr_carea' id='block_1_89' title="bbox 563 4656 3871 4741">
    <p class='ocr_par' dir='ltr' id='par_1_89' title="bbox 563 4656 3871 4741">
     <span class='ocr_line' id='line_1_89' title="bbox 563 4656 3871 4741; baseline -0.002 -16"><span class='ocrx_word' id='word_1_674' title='bbox 563 4669 786 4725; x_wconf 88' lang='lat' dir='ltr'><strong>clesiam</strong></span> <span class='ocrx_word' id='word_1_675' title='bbox 829 4669 1190 4726; x_wconf 90' lang='lat' dir='ltr'><strong>conveniendi</strong></span> <span class='ocrx_word' id='word_1_676' title='bbox 1239 4677 1560 4740; x_wconf 88' lang='lat' dir='ltr'><strong>potestatem</strong></span> <span class='ocrx_word' id='word_1_677' title='bbox 1590 4668 1814 4738; x_wconf 88' lang='lat' dir='ltr'><strong>faceret,</strong></span> <span class='ocrx_word' id='word_1_678' title='bbox 1846 4683 2170 4741; x_wconf 72' lang='lat' dir='ltr'><strong>pronamque</strong></span> <span class='ocrx_word' id='word_1_679' title='bbox 2195 4656 2251 4718; x_wconf 84' lang='grc' dir='ltr'><strong>Ι)</strong></span> <span class='ocrx_word' id='word_1_680' title='bbox 2275 4664 2410 4718; x_wconf 88' lang='lat' dir='ltr'><strong>siam</strong></span> <span class='ocrx_word' id='word_1_681' title='bbox 2441 4664 2718 4731; x_wconf 88' lang='lat' dir='ltr'><strong>deserere,</strong></span> <span class='ocrx_word' id='word_1_682' title='bbox 2753 4680 2818 4721; x_wconf 93' lang='lat' dir='ltr'><strong>ac</strong></span> <span class='ocrx_word' id='word_1_683' title='bbox 2855 4677 2975 4720; x_wconf 91' lang='lat' dir='ltr'><strong>eam</strong></span> <span class='ocrx_word' id='word_1_684' title='bbox 3009 4665 3242 4734; x_wconf 89' lang='lat' dir='ltr'><strong>prodere</strong></span> <span class='ocrx_word' id='word_1_685' title='bbox 3269 4666 3556 4722; x_wconf 68' lang='lat' dir='ltr'><strong>haereticis.</strong></span> <span class='ocrx_word' id='word_1_686' title='bbox 3586 4665 3778 4723; x_wconf 89' lang='lat' dir='ltr'><strong>Postea</strong></span> <span class='ocrx_word' id='word_1_687' title='bbox 3813 4681 3871 4723; x_wconf 89' lang='lat' dir='ltr'><strong>se</strong></span> 
     </span>
    </p>
   </div>
   <div class='ocr_carea' id='block_1_90' title="bbox 564 4759 2171 4834">
    <p class='ocr_par' dir='ltr' id='par_1_90' title="bbox 564 4759 2171 4834">
     <span class='ocr_line' id='line_1_90' title="bbox 564 4759 2171 4834; baseline -0.002 -17"><span class='ocrx_word' id='word_1_688' title='bbox 564 4761 758 4831; x_wconf 89' lang='lat' dir='ltr'><strong>capitis</strong></span> <span class='ocrx_word' id='word_1_689' title='bbox 790 4759 870 4818; x_wconf 89' lang='lat' dir='ltr'><strong>eis</strong></span> <span class='ocrx_word' id='word_1_690' title='bbox 902 4761 1201 4834; x_wconf 86' lang='lat' dir='ltr'><strong>irrogaret,</strong></span> <span class='ocrx_word' id='word_1_691' title='bbox 1249 4761 1342 4832; x_wconf 91' lang='lat' dir='ltr'><strong>qui</strong></span> <span class='ocrx_word' id='word_1_692' title='bbox 1391 4771 1582 4819; x_wconf 88' lang='lat' dir='ltr'><strong>contra</strong></span> <span class='ocrx_word' id='word_1_693' title='bbox 1635 4775 1746 4817; x_wconf 91' lang='lat' dir='ltr'><strong>non</strong></span> <span class='ocrx_word' id='word_1_694' title='bbox 1801 4760 1964 4817; x_wconf 92' lang='lat' dir='ltr'><strong>modo</strong></span> <span class='ocrx_word' id='word_1_695' title='bbox 1994 4762 2171 4832; x_wconf 85' lang='lat' dir='ltr'><strong>palam</strong></span> 
     </span>
    </p>
   </div>
   <div class='ocr_carea' id='block_1_91' title="bbox 568 4851 2171 4927">
    <p class='ocr_par' dir='ltr' id='par_1_91' title="bbox 568 4851 2171 4927">
     <span class='ocr_line' id='line_1_91' title="bbox 568 4851 2171 4927; baseline -0.002 -18"><span class='ocrx_word' id='word_1_696' title='bbox 568 4853 932 4923; x_wconf 71' lang='lat' dir='ltr'><strong>intercedere,</strong></span> <span class='ocrx_word' id='word_1_697' title='bbox 964 4854 1058 4910; x_wconf 88' lang='lat' dir='ltr'><strong>sed</strong></span> <span class='ocrx_word' id='word_1_698' title='bbox 1102 4851 1187 4910; x_wconf 88' lang='lat' dir='ltr'><strong>vel</strong></span> <span class='ocrx_word' id='word_1_699' title='bbox 1217 4854 1456 4910; x_wconf 83' lang='lat' dir='ltr'><strong>clanculo</strong></span> <span class='ocrx_word' id='word_1_700' title='bbox 1508 4855 1803 4927; x_wconf 87' lang='lat' dir='ltr'><strong>supplicare</strong></span> <span class='ocrx_word' id='word_1_701' title='bbox 1851 4851 2171 4908; x_wconf 60' lang='lat' dir='ltr'><strong>attentas-is-</strong></span> 
     </span>
    </p>
   </div>
   <div class='ocr_carea' id='block_1_92' title="bbox 565 4941 2170 5022">
    <p class='ocr_par' dir='ltr' id='par_1_92' title="bbox 565 4941 2170 5022">
     <span class='ocr_line' id='line_1_92' title="bbox 565 4941 2170 5022; baseline -0.001 -18"><span class='ocrx_word' id='word_1_702' title='bbox 565 4957 690 5004; x_wconf 91' lang='lat' dir='ltr'><strong>sent</strong></span> <span class='ocrx_word' id='word_1_703' title='bbox 715 4946 853 5020; x_wconf 87' lang='lat' dir='ltr'><strong>(Lib.</strong></span> <span class='ocrx_word' id='word_1_704' title='bbox 873 4949 970 5004; x_wconf 84' lang='lat' dir='ltr'><strong>ult.</strong></span> <span class='ocrx_word' id='word_1_705' title='bbox 1000 4949 1063 5005; x_wconf 88' lang='lat' dir='ltr'><strong>de</strong></span> <span class='ocrx_word' id='word_1_706' title='bbox 1088 4948 1267 5022; x_wconf 78' lang='lat' dir='ltr'><strong>Fide).</strong></span> <span class='ocrx_word' id='word_1_707' title='bbox 1291 4947 1462 5006; x_wconf 82' lang='lat' dir='ltr'><strong>Jussit</strong></span> <span class='ocrx_word' id='word_1_708' title='bbox 1486 4948 1801 5022; x_wconf 72' lang='lat' dir='ltr'><strong>imperatrix</strong></span> <span class='ocrx_word' id='word_1_709' title='bbox 1838 4941 2170 5005; x_wconf 84' lang='lat' dir='ltr'><strong>Benevolutn</strong></span> 
     </span>
    </p>
   </div>
   <div class='ocr_carea' id='block_1_93' title="bbox 570 5037 2165 5114">
    <p class='ocr_par' dir='ltr' id='par_1_93' title="bbox 570 5037 2165 5114">
     <span class='ocr_line' id='line_1_93' title="bbox 570 5037 2165 5114; baseline -0.001 -20"><span class='ocrx_word' id='word_1_710' title='bbox 570 5037 842 5094; x_wconf 73' lang='lat' dir='ltr'><strong>Memoriae</strong></span> <span class='ocrx_word' id='word_1_711' title='bbox 871 5041 1074 5095; x_wconf 85' lang='lat' dir='ltr'><strong>scriniis</strong></span> <span class='ocrx_word' id='word_1_712' title='bbox 1112 5045 1412 5114; x_wconf 75' lang='lat' dir='ltr'><strong>prwfectum</strong></span> <span class='ocrx_word' id='word_1_713' title='bbox 1441 5041 1579 5096; x_wconf 82' lang='lat' dir='ltr'><strong>hanc</strong></span> <span class='ocrx_word' id='word_1_714' title='bbox 1610 5041 1786 5112; x_wconf 82' lang='lat' dir='ltr'><strong>legem</strong></span> <span class='ocrx_word' id='word_1_715' title='bbox 1826 5053 2052 5096; x_wconf 65' lang='lat' dir='ltr'><strong>exarare</strong></span> <span class='ocrx_word' id='word_1_716' title='bbox 2081 5050 2165 5094; x_wconf 86' lang='lat' dir='ltr'><strong>at-</strong></span> 
     </span>
    </p>
   </div>
   <div class='ocr_carea' id='block_1_94' title="bbox 571 5131 2168 5208">
    <p class='ocr_par' dir='ltr' id='par_1_94' title="bbox 571 5131 2168 5208">
     <span class='ocr_line' id='line_1_94' title="bbox 571 5131 2168 5208; baseline -0.001 -20"><span class='ocrx_word' id='word_1_717' title='bbox 571 5147 678 5204; x_wconf 91' lang='lat' dir='ltr'><strong>que</strong></span> <span class='ocrx_word' id='word_1_718' title='bbox 703 5132 995 5206; x_wconf 84' lang='lat' dir='ltr'><strong>obsignare</strong></span> <span class='ocrx_word' id='word_1_719' title='bbox 1024 5132 1240 5208; x_wconf 67' lang='lat' dir='ltr'><strong>(Ibid).</strong></span> <span class='ocrx_word' id='word_1_720' title='bbox 1272 5133 1371 5191; x_wconf 84' lang='lat' dir='ltr'><strong>Hic</strong></span> <span class='ocrx_word' id='word_1_721' title='bbox 1401 5149 1535 5191; x_wconf 88' lang='lat' dir='ltr'><strong>vero</strong></span> <span class='ocrx_word' id='word_1_722' title='bbox 1572 5132 1964 5190; x_wconf 83' lang='lat' dir='ltr'><strong>conscientiam</strong></span> <span class='ocrx_word' id='word_1_723' title='bbox 1998 5131 2168 5187; x_wconf 88' lang='lat' dir='ltr'><strong>favori</strong></span> 
     </span>
    </p>
   </div>
   <div class='ocr_carea' id='block_1_95' title="bbox 564 5227 2165 5302">
    <p class='ocr_par' dir='ltr' id='par_1_95' title="bbox 564 5227 2165 5302">
     <span class='ocr_line' id='line_1_95' title="bbox 564 5227 2165 5302; baseline -0.001 -18"><span class='ocrx_word' id='word_1_724' title='bbox 564 5241 928 5300; x_wconf 87' lang='lat' dir='ltr'><strong>anteponens,</strong></span> <span class='ocrx_word' id='word_1_725' title='bbox 954 5227 1056 5284; x_wconf 90' lang='lat' dir='ltr'><strong>hoc</strong></span> <span class='ocrx_word' id='word_1_726' title='bbox 1097 5228 1441 5293; x_wconf 89' lang='lat' dir='ltr'><strong>detrectavit,</strong></span> <span class='ocrx_word' id='word_1_727' title='bbox 1476 5244 1538 5285; x_wconf 79' lang='lat' dir='ltr'><strong>ac</strong></span> <span class='ocrx_word' id='word_1_728' title='bbox 1580 5238 1869 5302; x_wconf 88' lang='lat' dir='ltr'><strong>propterea</strong></span> <span class='ocrx_word' id='word_1_729' title='bbox 1901 5228 2165 5284; x_wconf 85' lang='lat' dir='ltr'><strong>lubentis-</strong></span> 
     </span>
    </p>
   </div>
   <div class='ocr_carea' id='block_1_96' title="bbox 563 5319 2168 5393">
    <p class='ocr_par' dir='ltr' id='par_1_96' title="bbox 563 5319 2168 5393">
     <span class='ocr_line' id='line_1_96' title="bbox 563 5319 2168 5393; baseline -0.002 -16"><span class='ocrx_word' id='word_1_730' title='bbox 563 5323 706 5377; x_wconf 91' lang='lat' dir='ltr'><strong>simo</strong></span> <span class='ocrx_word' id='word_1_731' title='bbox 737 5323 920 5378; x_wconf 88' lang='lat' dir='ltr'><strong>animo</strong></span> <span class='ocrx_word' id='word_1_732' title='bbox 949 5321 1150 5379; x_wconf 83' lang='lat' dir='ltr'><strong>subivit</strong></span> <span class='ocrx_word' id='word_1_733' title='bbox 1177 5323 1454 5378; x_wconf 81' lang='lat' dir='ltr'><strong>exsilium.</strong></span> <span class='ocrx_word' id='word_1_734' title='bbox 1483 5322 1652 5393; x_wconf 22' lang='lat' dir='ltr'><strong>l‘lujus</strong></span> <span class='ocrx_word' id='word_1_735' title='bbox 1695 5335 1919 5391; x_wconf 87' lang='lat' dir='ltr'><strong>operam</strong></span> <span class='ocrx_word' id='word_1_736' title='bbox 1949 5319 2168 5390; x_wconf 83' lang='lat' dir='ltr'><strong>supple-</strong></span> 
     </span>
    </p>
   </div>
   <div class='ocr_carea' id='block_1_97' title="bbox 566 5411 2163 5489">
    <p class='ocr_par' dir='ltr' id='par_1_97' title="bbox 566 5411 2163 5489">
     <span class='ocr_line' id='line_1_97' title="bbox 566 5411 2163 5489; baseline 0.001 -20"><span class='ocrx_word' id='word_1_737' title='bbox 566 5413 646 5470; x_wconf 89' lang='lat' dir='ltr'><strong>vit</strong></span> <span class='ocrx_word' id='word_1_738' title='bbox 696 5416 1020 5484; x_wconf 82' lang='lat' dir='ltr'><strong>Auxentius,</strong></span> <span class='ocrx_word' id='word_1_739' title='bbox 1053 5421 1143 5489; x_wconf 89' lang='lat' dir='ltr'><strong>qui</strong></span> <span class='ocrx_word' id='word_1_740' title='bbox 1196 5433 1279 5484; x_wconf 89' lang='lat' dir='ltr'><strong>se,</strong></span> <span class='ocrx_word' id='word_1_741' title='bbox 1331 5425 1389 5471; x_wconf 90' lang='lat' dir='ltr'><strong>ut</strong></span> <span class='ocrx_word' id='word_1_742' title='bbox 1436 5415 1762 5472; x_wconf 86' lang='lat' dir='ltr'><strong>Ambrosius</strong></span> <span class='ocrx_word' id='word_1_743' title='bbox 1815 5411 2163 5483; x_wconf 80' lang='lat' dir='ltr'><strong>testificatur,</strong></span> 
     </span>
    </p>
   </div>
   <div class='ocr_carea' id='block_1_98' title="bbox 567 5499 2168 5580">
    <p class='ocr_par' dir='ltr' id='par_1_98' title="bbox 567 5499 2168 5580">
     <span class='ocr_line' id='line_1_98' title="bbox 567 5499 2168 5580; baseline 0.002 -18"><span class='ocrx_word' id='word_1_744' title='bbox 567 5499 885 5578; x_wconf 73' lang='lat' dir='ltr'><strong>epiecopum</strong></span> <span class='ocrx_word' id='word_1_745' title='bbox 939 5509 1267 5564; x_wconf 87' lang='lat' dir='ltr'><strong>Arianorum</strong></span> <span class='ocrx_word' id='word_1_746' title='bbox 1311 5523 1432 5564; x_wconf 90' lang='lat' dir='ltr'><strong>esse</strong></span> <span class='ocrx_word' id='word_1_747' title='bbox 1475 5508 1739 5580; x_wconf 87' lang='lat' dir='ltr'><strong>jactabat.</strong></span> <span class='ocrx_word' id='word_1_748' title='bbox 1798 5507 1906 5564; x_wconf 89' lang='lat' dir='ltr'><strong>Sed</strong></span> <span class='ocrx_word' id='word_1_749' title='bbox 1949 5517 2168 5565; x_wconf 83' lang='lat' dir='ltr'><strong>sanctus</strong></span> 
     </span>
    </p>
   </div>
   <div class='ocr_carea' id='block_1_99' title="bbox 567 5595 2159 5672">
    <p class='ocr_par' dir='ltr' id='par_1_99' title="bbox 567 5595 2159 5672">
     <span class='ocr_line' id='line_1_99' title="bbox 567 5595 2159 5672; baseline -0.001 -18"><span class='ocrx_word' id='word_1_750' title='bbox 567 5597 776 5655; x_wconf 68' lang='lat' dir='ltr'><strong>Prmsnl</strong></span> <span class='ocrx_word' id='word_1_751' title='bbox 828 5599 896 5657; x_wconf 88' lang='lat' dir='ltr'><strong>de</strong></span> <span class='ocrx_word' id='word_1_752' title='bbox 927 5601 1022 5656; x_wconf 92' lang='lat' dir='ltr'><strong>illo</strong></span> <span class='ocrx_word' id='word_1_753' title='bbox 1059 5602 1152 5672; x_wconf 2' lang='lat' dir='ltr'><strong>(sic</strong></span> <span class='ocrx_word' id='word_1_754' title='bbox 1204 5600 1446 5672; x_wconf 91' lang='lat' dir='ltr'><strong>loquitur</strong></span> <span class='ocrx_word' id='word_1_755' title='bbox 1477 5600 1794 5671; x_wconf 89' lang='lat' dir='ltr'><strong>imperatori</strong></span> <span class='ocrx_word' id='word_1_756' title='bbox 1835 5615 1848 5654; x_wconf 89' lang='lat'><strong>:</strong></span> <span class='ocrx_word' id='word_1_757' title='bbox 1880 5595 2022 5653; x_wconf 87' lang='lat' dir='ltr'><strong>Nam</strong></span> <span class='ocrx_word' id='word_1_758' title='bbox 2047 5615 2159 5670; x_wconf 80' lang='lat' dir='ltr'><strong>ego,</strong></span> 
     </span>
    </p>
   </div>
   <div class='ocr_carea' id='block_1_100' title="bbox 565 5683 2165 5766">
    <p class='ocr_par' dir='ltr' id='par_1_100' title="bbox 565 5683 2165 5766">
     <span class='ocr_line' id='line_1_100' title="bbox 565 5683 2165 5766; baseline -0.001 -18"><span class='ocrx_word' id='word_1_759' title='bbox 565 5692 766 5765; x_wconf 89' lang='lat' dir='ltr'><strong>inquit,</strong></span> <span class='ocrx_word' id='word_1_760' title='bbox 793 5710 884 5748; x_wconf 86' lang='lat' dir='ltr'><strong>nec</strong></span> <span class='ocrx_word' id='word_1_761' title='bbox 907 5695 1200 5766; x_wconf 79' lang='lat' dir='ltr'><strong>episwpum</strong></span> <span class='ocrx_word' id='word_1_762' title='bbox 1237 5683 1376 5758; x_wconf 82' lang='lat' dir='ltr'><strong>novi,</strong></span> <span class='ocrx_word' id='word_1_763' title='bbox 1406 5707 1496 5746; x_wconf 89' lang='lat' dir='ltr'><strong>nec</strong></span> <span class='ocrx_word' id='word_1_764' title='bbox 1529 5692 1668 5746; x_wconf 86' lang='lat' dir='ltr'><strong>unde</strong></span> <span class='ocrx_word' id='word_1_765' title='bbox 1695 5692 1782 5758; x_wconf 89' lang='lat' dir='ltr'><strong>sit,</strong></span> <span class='ocrx_word' id='word_1_766' title='bbox 1829 5691 1936 5746; x_wconf 89' lang='lat' dir='ltr'><strong>scio</strong></span> <span class='ocrx_word' id='word_1_767' title='bbox 1970 5689 2165 5764; x_wconf 76' lang='lat' dir='ltr'><strong>(Epist.</strong></span> 
     </span>
    </p>
   </div>
   <div class='ocr_carea' id='block_1_101' title="bbox 579 5785 2170 5862">
    <p class='ocr_par' dir='ltr' id='par_1_101' title="bbox 579 5785 2170 5862">
     <span class='ocr_line' id='line_1_101' title="bbox 579 5785 2170 5862; baseline 0.001 -19"><span class='ocrx_word' id='word_1_768' title='bbox 579 5787 674 5855; x_wconf 76' lang='grc'><strong>21,</strong></span> <span class='ocrx_word' id='word_1_769' title='bbox 707 5803 850 5842; x_wconf 88' lang='lat' dir='ltr'><strong>nunt.</strong></span> <span class='ocrx_word' id='word_1_770' title='bbox 880 5786 965 5862; x_wconf 90' lang='lat'><strong>9).</strong></span> <span class='ocrx_word' id='word_1_771' title='bbox 999 5786 1358 5843; x_wconf 81' lang='lat' dir='ltr'><strong>Nihilominus</strong></span> <span class='ocrx_word' id='word_1_772' title='bbox 1397 5794 1576 5842; x_wconf 87' lang='lat' dir='ltr'><strong>tamen</strong></span> <span class='ocrx_word' id='word_1_773' title='bbox 1601 5799 1664 5841; x_wconf 79' lang='lat' dir='ltr'><strong>ex</strong></span> <span class='ocrx_word' id='word_1_774' title='bbox 1696 5785 1949 5843; x_wconf 77' lang='lat' dir='ltr'><strong>Antistitc</strong></span> <span class='ocrx_word' id='word_1_775' title='bbox 1983 5794 2170 5844; x_wconf 89' lang='lat' dir='ltr'><strong>nostro</strong></span> 
     </span>
    </p>
   </div>
   <div class='ocr_carea' id='block_1_102' title="bbox 587 5877 2171 5956">
    <p class='ocr_par' dir='ltr' id='par_1_102' title="bbox 587 5877 2171 5956">
     <span class='ocr_line' id='line_1_102' title="bbox 587 5877 2171 5956; baseline -0.003 -15"><span class='ocrx_word' id='word_1_776' title='bbox 587 5881 851 5941; x_wconf 87' lang='lat' dir='ltr'><strong>discimus</strong></span> <span class='ocrx_word' id='word_1_777' title='bbox 899 5880 1053 5938; x_wconf 91' lang='lat' dir='ltr'><strong>illum</strong></span> <span class='ocrx_word' id='word_1_778' title='bbox 1079 5897 1145 5940; x_wconf 83' lang='lat' dir='ltr'><strong>ex</strong></span> <span class='ocrx_word' id='word_1_779' title='bbox 1187 5880 1409 5956; x_wconf 83' lang='lat' dir='ltr'><strong>Scythia</strong></span> <span class='ocrx_word' id='word_1_780' title='bbox 1458 5881 1746 5940; x_wconf 90' lang='lat' dir='ltr'><strong>oriundum</strong></span> <span class='ocrx_word' id='word_1_781' title='bbox 1774 5893 1930 5950; x_wconf 82' lang='lat' dir='ltr'><strong>esse,</strong></span> <span class='ocrx_word' id='word_1_782' title='bbox 1960 5889 2014 5938; x_wconf 91' lang='lat' dir='ltr'><strong>et</strong></span> <span class='ocrx_word' id='word_1_783' title='bbox 2043 5877 2171 5938; x_wconf 91' lang='lat' dir='ltr'><strong>inde</strong></span> 
     </span>
    </p>
   </div>
   <div class='ocr_carea' id='block_1_103' title="bbox 2273 4757 3872 4834">
    <p class='ocr_par' dir='ltr' id='par_1_103' title="bbox 2273 4757 3872 4834">
     <span class='ocr_line' id='line_1_103' title="bbox 2273 4757 3872 4834; baseline 0.001 -20"><span class='ocrx_word' id='word_1_784' title='bbox 2273 4757 2390 4828; x_wconf 89' lang='lat' dir='ltr'><strong>ipse</strong></span> <span class='ocrx_word' id='word_1_785' title='bbox 2429 4759 2634 4829; x_wconf 88' lang='lat' dir='ltr'><strong>recepit</strong></span> <span class='ocrx_word' id='word_1_786' title='bbox 2666 4760 2722 4814; x_wconf 89' lang='lat' dir='ltr'><strong>in</strong></span> <span class='ocrx_word' id='word_1_787' title='bbox 2763 4757 3088 4826; x_wconf 88' lang='lat' dir='ltr'><strong>Ecclesiam,</strong></span> <span class='ocrx_word' id='word_1_788' title='bbox 3117 4760 3208 4816; x_wconf 88' lang='lat' dir='ltr'><strong>ubi</strong></span> <span class='ocrx_word' id='word_1_789' title='bbox 3249 4775 3348 4832; x_wconf 90' lang='lat' dir='ltr'><strong>per</strong></span> <span class='ocrx_word' id='word_1_790' title='bbox 3375 4761 3706 4834; x_wconf 87' lang='lat' dir='ltr'><strong>aliquantum</strong></span> <span class='ocrx_word' id='word_1_791' title='bbox 3737 4769 3872 4816; x_wconf 90' lang='lat' dir='ltr'><strong>tem-</strong></span> 
     </span>
    </p>
   </div>
   <div class='ocr_carea' id='block_1_104' title="bbox 2274 4851 3870 4926">
    <p class='ocr_par' dir='ltr' id='par_1_104' title="bbox 2274 4851 3870 4926">
     <span class='ocr_line' id='line_1_104' title="bbox 2274 4851 3870 4926; baseline 0.003 -20"><span class='ocrx_word' id='word_1_792' title='bbox 2274 4851 2426 4922; x_wconf 86' lang='lat' dir='ltr'><strong>poris</strong></span> <span class='ocrx_word' id='word_1_793' title='bbox 2456 4851 2548 4908; x_wconf 91' lang='lat' dir='ltr'><strong>die</strong></span> <span class='ocrx_word' id='word_1_794' title='bbox 2577 4867 2640 4908; x_wconf 87' lang='lat' dir='ltr'><strong>ac</strong></span> <span class='ocrx_word' id='word_1_795' title='bbox 2669 4859 2828 4909; x_wconf 85' lang='lat' dir='ltr'><strong>nocte</strong></span> <span class='ocrx_word' id='word_1_796' title='bbox 2859 4855 3089 4926; x_wconf 89' lang='lat' dir='ltr'><strong>populus</strong></span> <span class='ocrx_word' id='word_1_797' title='bbox 3120 4869 3241 4910; x_wconf 88' lang='lat' dir='ltr'><strong>eum</strong></span> <span class='ocrx_word' id='word_1_798' title='bbox 3274 4857 3446 4925; x_wconf 89' lang='lat' dir='ltr'><strong>sepsit</strong></span> <span class='ocrx_word' id='word_1_799' title='bbox 3493 4856 3870 4924; x_wconf 77' lang='lat' dir='ltr'><strong>frequentissi-</strong></span> 
     </span>
    </p>
   </div>
   <div class='ocr_carea' id='block_1_105' title="bbox 2275 4946 3874 5018">
    <p class='ocr_par' dir='ltr' id='par_1_105' title="bbox 2275 4946 3874 5018">
     <span class='ocr_line' id='line_1_105' title="bbox 2275 4946 3874 5018; baseline 0.003 -18"><span class='ocrx_word' id='word_1_800' title='bbox 2275 4960 2418 5012; x_wconf 90' lang='lat' dir='ltr'><strong>mus,</strong></span> <span class='ocrx_word' id='word_1_801' title='bbox 2469 4961 2537 5001; x_wconf 91' lang='lat' dir='ltr'><strong>ne</strong></span> <span class='ocrx_word' id='word_1_802' title='bbox 2573 4946 2676 5003; x_wconf 90' lang='lat' dir='ltr'><strong>sibi</strong></span> <span class='ocrx_word' id='word_1_803' title='bbox 2708 4961 2806 5017; x_wconf 90' lang='lat' dir='ltr'><strong>per</strong></span> <span class='ocrx_word' id='word_1_804' title='bbox 2835 4948 2944 5002; x_wconf 91' lang='lat' dir='ltr'><strong>vim</strong></span> <span class='ocrx_word' id='word_1_805' title='bbox 2973 4947 3296 5018; x_wconf 90' lang='lat' dir='ltr'><strong>eriperetur.</strong></span> <span class='ocrx_word' id='word_1_806' title='bbox 3349 4948 3414 5004; x_wconf 83' lang='lat' dir='ltr'><strong>Et</strong></span> <span class='ocrx_word' id='word_1_807' title='bbox 3469 4963 3600 5004; x_wconf 90' lang='lat' dir='ltr'><strong>sane</strong></span> <span class='ocrx_word' id='word_1_808' title='bbox 3625 4949 3774 5004; x_wconf 89' lang='lat' dir='ltr'><strong>missi</strong></span> <span class='ocrx_word' id='word_1_809' title='bbox 3803 4949 3874 5004; x_wconf 89' lang='lat' dir='ltr'><strong>ab</strong></span> 
     </span>
    </p>
   </div>
   <div class='ocr_carea' id='block_1_106' title="bbox 2275 5039 3870 5111">
    <p class='ocr_par' dir='ltr' id='par_1_106' title="bbox 2275 5039 3870 5111">
     <span class='ocr_line' id='line_1_106' title="bbox 2275 5039 3870 5111; baseline 0.002 -17"><span class='ocrx_word' id='word_1_810' title='bbox 2275 5039 2607 5109; x_wconf 89' lang='lat' dir='ltr'><strong>imperatore</strong></span> <span class='ocrx_word' id='word_1_811' title='bbox 2647 5040 2878 5095; x_wconf 90' lang='lat' dir='ltr'><strong>militum</strong></span> <span class='ocrx_word' id='word_1_812' title='bbox 2925 5042 3186 5111; x_wconf 88' lang='lat' dir='ltr'><strong>manipuli</strong></span> <span class='ocrx_word' id='word_1_813' title='bbox 3220 5041 3518 5097; x_wconf 87' lang='lat' dir='ltr'><strong>Ecclesiam</strong></span> <span class='ocrx_word' id='word_1_814' title='bbox 3545 5042 3870 5097; x_wconf 83' lang='lat' dir='ltr'><strong>cinxerunt:</strong></span> 
     </span>
    </p>
   </div>
   <div class='ocr_carea' id='block_1_107' title="bbox 2273 5127 3872 5201">
    <p class='ocr_par' dir='ltr' id='par_1_107' title="bbox 2273 5127 3872 5201">
     <span class='ocr_line' id='line_1_107' title="bbox 2273 5127 3872 5201; baseline 0 -14"><span class='ocrx_word' id='word_1_815' title='bbox 2273 5141 2328 5187; x_wconf 89' lang='lat' dir='ltr'><strong>at</strong></span> <span class='ocrx_word' id='word_1_816' title='bbox 2353 5133 2468 5201; x_wconf 87' lang='lat' dir='ltr'><strong>ipse</strong></span> <span class='ocrx_word' id='word_1_817' title='bbox 2494 5127 2694 5186; x_wconf 88' lang='lat' dir='ltr'><strong>nedum</strong></span> <span class='ocrx_word' id='word_1_818' title='bbox 2725 5132 2894 5186; x_wconf 92' lang='lat' dir='ltr'><strong>ullum</strong></span> <span class='ocrx_word' id='word_1_819' title='bbox 2927 5131 3203 5201; x_wconf 74' lang='lat' dir='ltr'><strong>pra-ferret</strong></span> <span class='ocrx_word' id='word_1_820' title='bbox 3229 5132 3438 5187; x_wconf 85' lang='lat' dir='ltr'><strong>timoris</strong></span> <span class='ocrx_word' id='word_1_821' title='bbox 3467 5132 3750 5198; x_wconf 87' lang='lat' dir='ltr'><strong>indicium,</strong></span> <span class='ocrx_word' id='word_1_822' title='bbox 3777 5149 3872 5187; x_wconf 90' lang='lat' dir='ltr'><strong>vo-</strong></span> 
     </span>
    </p>
   </div>
   <div class='ocr_carea' id='block_1_108' title="bbox 2273 5226 3870 5300">
    <p class='ocr_par' dir='ltr' id='par_1_108' title="bbox 2273 5226 3870 5300">
     <span class='ocr_line' id='line_1_108' title="bbox 2273 5226 3870 5300; baseline 0.003 -20"><span class='ocrx_word' id='word_1_823' title='bbox 2273 5226 2344 5282; x_wconf 90' lang='lat' dir='ltr'><strong>tis</strong></span> <span class='ocrx_word' id='word_1_824' title='bbox 2375 5227 2629 5282; x_wconf 88' lang='lat' dir='ltr'><strong>omnibus</strong></span> <span class='ocrx_word' id='word_1_825' title='bbox 2653 5227 2940 5296; x_wconf 76' lang='lat' dir='ltr'><strong>expetebat</strong></span> <span class='ocrx_word' id='word_1_826' title='bbox 2973 5227 3217 5300; x_wconf 86' lang='lat' dir='ltr'><strong>martyrii</strong></span> <span class='ocrx_word' id='word_1_827' title='bbox 3248 5228 3473 5297; x_wconf 90' lang='lat' dir='ltr'><strong>gratiam</strong></span> <span class='ocrx_word' id='word_1_828' title='bbox 3503 5245 3514 5281; x_wconf 93' lang='lat'><strong>:</strong></span> <span class='ocrx_word' id='word_1_829' title='bbox 3543 5239 3707 5299; x_wconf 90' lang='lat' dir='ltr'><strong>atque</strong></span> <span class='ocrx_word' id='word_1_830' title='bbox 3733 5227 3870 5284; x_wconf 87' lang='lat' dir='ltr'><strong>adeo</strong></span> 
     </span>
    </p>
   </div>
   <div class='ocr_carea' id='block_1_109' title="bbox 2273 5317 3874 5390">
    <p class='ocr_par' dir='ltr' id='par_1_109' title="bbox 2273 5317 3874 5390">
     <span class='ocr_line' id='line_1_109' title="bbox 2273 5317 3874 5390; baseline 0.004 -21"><span class='ocrx_word' id='word_1_831' title='bbox 2273 5317 2558 5390; x_wconf 89' lang='lat' dir='ltr'><strong>populum,</strong></span> <span class='ocrx_word' id='word_1_832' title='bbox 2583 5333 2652 5374; x_wconf 92' lang='lat' dir='ltr'><strong>ne</strong></span> <span class='ocrx_word' id='word_1_833' title='bbox 2678 5317 2782 5374; x_wconf 89' lang='lat' dir='ltr'><strong>sibi</strong></span> <span class='ocrx_word' id='word_1_834' title='bbox 2805 5319 2871 5375; x_wconf 90' lang='lat' dir='ltr'><strong>ad</strong></span> <span class='ocrx_word' id='word_1_835' title='bbox 2917 5318 3046 5375; x_wconf 87' lang='lat' dir='ltr'><strong>Illud</strong></span> <span class='ocrx_word' id='word_1_836' title='bbox 3080 5319 3470 5390; x_wconf 84' lang='lat' dir='ltr'><strong>impedimento</strong></span> <span class='ocrx_word' id='word_1_837' title='bbox 3497 5329 3664 5386; x_wconf 84' lang='lat' dir='ltr'><strong>esset,</strong></span> <span class='ocrx_word' id='word_1_838' title='bbox 3689 5319 3874 5375; x_wconf 86' lang='lat' dir='ltr'><strong>obtes-</strong></span> 
     </span>
    </p>
   </div>
   <div class='ocr_carea' id='block_1_110' title="bbox 2276 5411 3874 5483">
    <p class='ocr_par' dir='ltr' id='par_1_110' title="bbox 2276 5411 3874 5483">
     <span class='ocr_line' id='line_1_110' title="bbox 2276 5411 3874 5483; baseline 0.001 -18"><span class='ocrx_word' id='word_1_839' title='bbox 2276 5412 2510 5479; x_wconf 91' lang='lat' dir='ltr'><strong>tabatur,</strong></span> <span class='ocrx_word' id='word_1_840' title='bbox 2541 5412 2610 5478; x_wconf 89' lang='lat' dir='ltr'><strong>ob</strong></span> <span class='ocrx_word' id='word_1_841' title='bbox 2651 5411 2841 5468; x_wconf 92' lang='lat' dir='ltr'><strong>oculos</strong></span> <span class='ocrx_word' id='word_1_842' title='bbox 2877 5411 3054 5468; x_wconf 87' lang='lat' dir='ltr'><strong>eidem</strong></span> <span class='ocrx_word' id='word_1_843' title='bbox 3083 5425 3292 5483; x_wconf 80' lang='lat' dir='ltr'><strong>ponens</strong></span> <span class='ocrx_word' id='word_1_844' title='bbox 3313 5423 3474 5481; x_wconf 88' lang='lat' dir='ltr'><strong>quam</strong></span> <span class='ocrx_word' id='word_1_845' title='bbox 3506 5425 3657 5467; x_wconf 73' lang='lat' dir='ltr'><strong>vante</strong></span> <span class='ocrx_word' id='word_1_846' title='bbox 3686 5419 3874 5466; x_wconf 82' lang='lat' dir='ltr'><strong>essent</strong></span> 
     </span>
    </p>
   </div>
   <div class='ocr_carea' id='block_1_111' title="bbox 2275 5503 3871 5574">
    <p class='ocr_par' dir='ltr' id='par_1_111' title="bbox 2275 5503 3871 5574">
     <span class='ocr_line' id='line_1_111' title="bbox 2275 5503 3871 5574; baseline -0.001 -15"><span class='ocrx_word' id='word_1_847' title='bbox 2275 5517 2465 5559; x_wconf 90' lang='lat' dir='ltr'><strong>eorum</strong></span> <span class='ocrx_word' id='word_1_848' title='bbox 2489 5503 2750 5572; x_wconf 64' lang='lat' dir='ltr'><strong>excubiae,</strong></span> <span class='ocrx_word' id='word_1_849' title='bbox 2776 5519 2897 5560; x_wconf 91' lang='lat' dir='ltr'><strong>cum</strong></span> <span class='ocrx_word' id='word_1_850' title='bbox 2928 5511 3135 5574; x_wconf 90' lang='lat' dir='ltr'><strong>portam</strong></span> <span class='ocrx_word' id='word_1_851' title='bbox 3165 5511 3408 5574; x_wconf 78' lang='lat' dir='ltr'><strong>apertam</strong></span> <span class='ocrx_word' id='word_1_852' title='bbox 3433 5517 3609 5558; x_wconf 72' lang='lat' dir='ltr'><strong>caecus</strong></span> <span class='ocrx_word' id='word_1_853' title='bbox 3633 5503 3871 5573; x_wconf 85' lang='lat' dir='ltr'><strong>reperis-</strong></span> 
     </span>
    </p>
   </div>
   <div class='ocr_carea' id='block_1_112' title="bbox 2274 5595 3875 5669">
    <p class='ocr_par' dir='ltr' id='par_1_112' title="bbox 2274 5595 3875 5669">
     <span class='ocr_line' id='line_1_112' title="bbox 2274 5595 3875 5669; baseline -0.002 -16"><span class='ocrx_word' id='word_1_854' title='bbox 2274 5607 2394 5665; x_wconf 88' lang='lat' dir='ltr'><strong>sct,</strong></span> <span class='ocrx_word' id='word_1_855' title='bbox 2425 5613 2584 5669; x_wconf 88' lang='lat' dir='ltr'><strong>quant</strong></span> <span class='ocrx_word' id='word_1_856' title='bbox 2617 5598 2692 5652; x_wconf 91' lang='lat' dir='ltr'><strong>illi</strong></span> <span class='ocrx_word' id='word_1_857' title='bbox 2743 5607 3064 5666; x_wconf 63' lang='lat' dir='ltr'><strong>putavnrant</strong></span> <span class='ocrx_word' id='word_1_858' title='bbox 3102 5595 3388 5667; x_wconf 82' lang='lat' dir='ltr'><strong>diligenter</strong></span> <span class='ocrx_word' id='word_1_859' title='bbox 3427 5595 3734 5661; x_wconf 87' lang='lat' dir='ltr'><strong>occlusam,</strong></span> <span class='ocrx_word' id='word_1_860' title='bbox 3774 5609 3875 5650; x_wconf 87' lang='lat' dir='ltr'><strong>nec</strong></span> 
     </span>
    </p>
   </div>
   <div class='ocr_carea' id='block_1_113' title="bbox 2276 5685 3876 5761">
    <p class='ocr_par' dir='ltr' id='par_1_113' title="bbox 2276 5685 3876 5761">
     <span class='ocr_line' id='line_1_113' title="bbox 2276 5685 3876 5761; baseline -0.003 -17"><span class='ocrx_word' id='word_1_861' title='bbox 2276 5697 2556 5761; x_wconf 88' lang='lat' dir='ltr'><strong>patentem</strong></span> <span class='ocrx_word' id='word_1_862' title='bbox 2585 5685 2997 5757; x_wconf 89' lang='lat' dir='ltr'><strong>deprehendere</strong></span> <span class='ocrx_word' id='word_1_863' title='bbox 3027 5686 3225 5742; x_wconf 83' lang='lat' dir='ltr'><strong>milites</strong></span> <span class='ocrx_word' id='word_1_864' title='bbox 3249 5695 3559 5758; x_wconf 88' lang='lat' dir='ltr'><strong>potuerant.</strong></span> <span class='ocrx_word' id='word_1_865' title='bbox 3598 5688 3731 5756; x_wconf 83' lang='lat' dir='ltr'><strong>Dum</strong></span> <span class='ocrx_word' id='word_1_866' title='bbox 3751 5701 3876 5741; x_wconf 89' lang='lat' dir='ltr'><strong>cus-</strong></span> 
     </span>
    </p>
   </div>
   <div class='ocr_carea' id='block_1_114' title="bbox 2282 5778 3876 5852">
    <p class='ocr_par' dir='ltr' id='par_1_114' title="bbox 2282 5778 3876 5852">
     <span class='ocr_line' id='line_1_114' title="bbox 2282 5778 3876 5852; baseline -0.004 -12"><span class='ocrx_word' id='word_1_867' title='bbox 2282 5785 2551 5840; x_wconf 91' lang='lat' dir='ltr'><strong>todiretur</strong></span> <span class='ocrx_word' id='word_1_868' title='bbox 2571 5783 2624 5838; x_wconf 91' lang='lat' dir='ltr'><strong>in</strong></span> <span class='ocrx_word' id='word_1_869' title='bbox 2655 5783 2916 5849; x_wconf 85' lang='lat' dir='ltr'><strong>Ecclesia,</strong></span> <span class='ocrx_word' id='word_1_870' title='bbox 2950 5781 3203 5852; x_wconf 90' lang='lat' dir='ltr'><strong>populum</strong></span> <span class='ocrx_word' id='word_1_871' title='bbox 3230 5795 3387 5836; x_wconf 90' lang='lat' dir='ltr'><strong>suum</strong></span> <span class='ocrx_word' id='word_1_872' title='bbox 3417 5795 3538 5835; x_wconf 91' lang='lat' dir='ltr'><strong>cum</strong></span> <span class='ocrx_word' id='word_1_873' title='bbox 3563 5778 3876 5849; x_wconf 85' lang='lat' dir='ltr'><strong>Scriptura-</strong></span> 
     </span>
    </p>
   </div>
   <div class='ocr_carea' id='block_1_115' title="bbox 2291 5871 3870 5948">
    <p class='ocr_par' dir='ltr' id='par_1_115' title="bbox 2291 5871 3870 5948">
     <span class='ocr_line' id='line_1_115' title="bbox 2291 5871 3870 5948; baseline -0.003 -14"><span class='ocrx_word' id='word_1_874' title='bbox 2291 5891 2414 5934; x_wconf 90' lang='lat' dir='ltr'><strong>rum</strong></span> <span class='ocrx_word' id='word_1_875' title='bbox 2448 5873 2679 5933; x_wconf 86' lang='lat' dir='ltr'><strong>lcetione</strong></span> <span class='ocrx_word' id='word_1_876' title='bbox 2703 5883 2814 5932; x_wconf 90' lang='lat' dir='ltr'><strong>tum</strong></span> <span class='ocrx_word' id='word_1_877' title='bbox 2844 5874 3079 5948; x_wconf 90' lang='lat' dir='ltr'><strong>ipsarum</strong></span> <span class='ocrx_word' id='word_1_878' title='bbox 3105 5873 3442 5946; x_wconf 78' lang='lat' dir='ltr'><strong>expositione</strong></span> <span class='ocrx_word' id='word_1_879' title='bbox 3465 5871 3870 5932; x_wconf 82' lang='lat' dir='ltr'><strong>consolabatur.</strong></span> 
     </span>
    </p>
   </div>
  </div>
