  <div class='ocr_page' id='page_1' title='image "/cluster/home/n/w/nwhite01/storage/ocr_20150623/14/hvd.32044015471303/052.png"; bbox 0 0 4102 6360; ppageno 0'>
   <div class='ocr_carea' id='block_1_1' title="bbox 213 410 303 466">
    <p class='ocr_par' dir='ltr' id='par_1_1' title="bbox 213 410 303 466">
     <span class='ocr_line' id='line_1_1' title="bbox 213 410 303 466; baseline 0.011 -1"><span class='ocrx_word' id='word_1_1' title='bbox 213 410 303 466; x_wconf 76' lang='lat'><strong>93</strong></span> 
     </span>
    </p>
   </div>
   <div class='ocr_carea' id='block_1_2' title="bbox 227 611 1827 687">
    <p class='ocr_par' dir='ltr' id='par_1_2' title="bbox 227 611 1827 687">
     <span class='ocr_line' id='line_1_2' title="bbox 227 611 1827 687; baseline 0 -17"><span class='ocrx_word' id='word_1_2' title='bbox 227 616 503 687; x_wconf 83' lang='lat' dir='ltr'><strong>temporis</strong></span> <span class='ocrx_word' id='word_1_3' title='bbox 533 615 600 669; x_wconf 90' lang='lat' dir='ltr'><strong>ab</strong></span> <span class='ocrx_word' id='word_1_4' title='bbox 622 613 814 670; x_wconf 88' lang='lat' dir='ltr'><strong>eodem</strong></span> <span class='ocrx_word' id='word_1_5' title='bbox 843 612 1022 667; x_wconf 89' lang='lat' dir='ltr'><strong>habita</strong></span> <span class='ocrx_word' id='word_1_6' title='bbox 1048 612 1260 684; x_wconf 86' lang='lat' dir='ltr'><strong>(Sermo</strong></span> <span class='ocrx_word' id='word_1_7' title='bbox 1286 614 1349 667; x_wconf 87' lang='lat' dir='ltr'><strong>de</strong></span> <span class='ocrx_word' id='word_1_8' title='bbox 1381 611 1548 668; x_wconf 81' lang='lat' dir='ltr'><strong>Basil.</strong></span> <span class='ocrx_word' id='word_1_9' title='bbox 1587 623 1712 669; x_wconf 88' lang='lat' dir='ltr'><strong>tom.</strong></span> <span class='ocrx_word' id='word_1_10' title='bbox 1749 613 1827 684; x_wconf 88' lang='lat' dir='ltr'><strong>ii,</strong></span> 
     </span>
    </p>
   </div>
   <div class='ocr_carea' id='block_1_3' title="bbox 217 706 1827 780">
    <p class='ocr_par' dir='ltr' id='par_1_3' title="bbox 217 706 1827 780">
     <span class='ocr_line' id='line_1_3' title="bbox 217 706 1827 780; baseline 0 -19"><span class='ocrx_word' id='word_1_11' title='bbox 217 725 358 780; x_wconf 77' lang='lat' dir='ltr'><strong>pag.</strong></span> <span class='ocrx_word' id='word_1_12' title='bbox 386 708 538 780; x_wconf 80' lang='lat'><strong>863),</strong></span> <span class='ocrx_word' id='word_1_13' title='bbox 563 723 682 778; x_wconf 64' lang='lat' dir='ltr'><strong>qua:</strong></span> <span class='ocrx_word' id='word_1_14' title='bbox 711 721 815 762; x_wconf 89' lang='lat' dir='ltr'><strong>non</strong></span> <span class='ocrx_word' id='word_1_15' title='bbox 848 706 1127 762; x_wconf 86' lang='lat' dir='ltr'><strong>minimam</strong></span> <span class='ocrx_word' id='word_1_16' title='bbox 1153 720 1341 761; x_wconf 88' lang='lat' dir='ltr'><strong>eorum</strong></span> <span class='ocrx_word' id='word_1_17' title='bbox 1384 707 1673 761; x_wconf 81' lang='lat' dir='ltr'><strong>conatuum</strong></span> <span class='ocrx_word' id='word_1_18' title='bbox 1705 723 1827 777; x_wconf 83' lang='lat' dir='ltr'><strong>par-</strong></span> 
     </span>
    </p>
   </div>
   <div class='ocr_carea' id='block_1_4' title="bbox 220 799 1828 872">
    <p class='ocr_par' dir='ltr' id='par_1_4' title="bbox 220 799 1828 872">
     <span class='ocr_line' id='line_1_4' title="bbox 220 799 1828 872; baseline -0.001 -16"><span class='ocrx_word' id='word_1_19' title='bbox 220 809 346 856; x_wconf 86' lang='lat' dir='ltr'><strong>tem</strong></span> <span class='ocrx_word' id='word_1_20' title='bbox 379 809 668 866; x_wconf 86' lang='lat' dir='ltr'><strong>memorat,</strong></span> <span class='ocrx_word' id='word_1_21' title='bbox 701 800 892 872; x_wconf 84' lang='lat' dir='ltr'><strong>quibus</strong></span> <span class='ocrx_word' id='word_1_22' title='bbox 941 811 1213 871; x_wconf 86' lang='lat' dir='ltr'><strong>pastorem</strong></span> <span class='ocrx_word' id='word_1_23' title='bbox 1245 811 1571 871; x_wconf 78' lang='lat' dir='ltr'><strong>gregemque</strong></span> <span class='ocrx_word' id='word_1_24' title='bbox 1595 799 1828 856; x_wconf 80' lang='lat' dir='ltr'><strong>catholi-</strong></span> 
     </span>
    </p>
   </div>
   <div class='ocr_carea' id='block_1_5' title="bbox 219 893 1829 965">
    <p class='ocr_par' dir='ltr' id='par_1_5' title="bbox 219 893 1829 965">
     <span class='ocr_line' id='line_1_5' title="bbox 219 893 1829 965; baseline 0.001 -15"><span class='ocrx_word' id='word_1_25' title='bbox 219 909 359 950; x_wconf 80' lang='lat' dir='ltr'><strong>cum</strong></span> <span class='ocrx_word' id='word_1_26' title='bbox 392 897 494 950; x_wconf 89' lang='lat' dir='ltr'><strong>hoc</strong></span> <span class='ocrx_word' id='word_1_27' title='bbox 525 893 688 952; x_wconf 89' lang='lat' dir='ltr'><strong>etiam</strong></span> <span class='ocrx_word' id='word_1_28' title='bbox 718 909 859 949; x_wconf 89' lang='lat' dir='ltr'><strong>anno</strong></span> <span class='ocrx_word' id='word_1_29' title='bbox 888 909 984 965; x_wconf 90' lang='lat' dir='ltr'><strong>per</strong></span> <span class='ocrx_word' id='word_1_30' title='bbox 1025 908 1208 950; x_wconf 89' lang='lat' dir='ltr'><strong>sacros</strong></span> <span class='ocrx_word' id='word_1_31' title='bbox 1251 894 1368 951; x_wconf 89' lang='lat' dir='ltr'><strong>dies</strong></span> <span class='ocrx_word' id='word_1_32' title='bbox 1410 895 1829 952; x_wconf 74' lang='lat' dir='ltr'><strong>resurrectionis</strong></span> 
     </span>
    </p>
   </div>
   <div class='ocr_carea' id='block_1_6' title="bbox 220 986 1828 1044">
    <p class='ocr_par' dir='ltr' id='par_1_6' title="bbox 220 986 1828 1044">
     <span class='ocr_line' id='line_1_6' title="bbox 220 986 1828 1044; baseline 0.001 -1"><span class='ocrx_word' id='word_1_33' title='bbox 220 986 437 1044; x_wconf 74' lang='lat' dir='ltr'><strong>Ariana</strong></span> <span class='ocrx_word' id='word_1_34' title='bbox 466 988 642 1043; x_wconf 81' lang='lat' dir='ltr'><strong>rabies</strong></span> <span class='ocrx_word' id='word_1_35' title='bbox 658 987 949 1043; x_wconf 78' lang='lat' dir='ltr'><strong>divexavit.</strong></span> <span class='ocrx_word' id='word_1_36' title='bbox 973 986 1296 1044; x_wconf 85' lang='lat' dir='ltr'><strong>Ambrosius</strong></span> <span class='ocrx_word' id='word_1_37' title='bbox 1323 1003 1450 1044; x_wconf 89' lang='lat' dir='ltr'><strong>vero</strong></span> <span class='ocrx_word' id='word_1_38' title='bbox 1479 989 1530 1042; x_wconf 92' lang='lat' dir='ltr'><strong>in</strong></span> <span class='ocrx_word' id='word_1_39' title='bbox 1555 987 1828 1044; x_wconf 90' lang='lat' dir='ltr'><strong>communi</strong></span> 
     </span>
    </p>
   </div>
   <div class='ocr_carea' id='block_1_7' title="bbox 220 1081 1828 1152">
    <p class='ocr_par' dir='ltr' id='par_1_7' title="bbox 220 1081 1828 1152">
     <span class='ocr_line' id='line_1_7' title="bbox 220 1081 1828 1152; baseline 0.001 -15"><span class='ocrx_word' id='word_1_40' title='bbox 220 1082 338 1137; x_wconf 82' lang='lat' dir='ltr'><strong>hac</strong></span> <span class='ocrx_word' id='word_1_41' title='bbox 364 1081 616 1137; x_wconf 71' lang='lat' dir='ltr'><strong>mmStitia</strong></span> <span class='ocrx_word' id='word_1_42' title='bbox 661 1089 861 1152; x_wconf 84' lang='lat' dir='ltr'><strong>praeter</strong></span> <span class='ocrx_word' id='word_1_43' title='bbox 909 1089 1206 1136; x_wconf 87' lang='lat' dir='ltr'><strong>memorata</strong></span> <span class='ocrx_word' id='word_1_44' title='bbox 1243 1083 1434 1137; x_wconf 90' lang='lat' dir='ltr'><strong>solatia</strong></span> <span class='ocrx_word' id='word_1_45' title='bbox 1462 1089 1517 1138; x_wconf 93' lang='lat' dir='ltr'><strong>et</strong></span> <span class='ocrx_word' id='word_1_46' title='bbox 1555 1083 1700 1137; x_wconf 82' lang='lat' dir='ltr'><strong>aliud</strong></span> <span class='ocrx_word' id='word_1_47' title='bbox 1731 1083 1828 1138; x_wconf 86' lang='lat' dir='ltr'><strong>ad-</strong></span> 
     </span>
    </p>
   </div>
   <div class='ocr_carea' id='block_1_8' title="bbox 218 1175 1826 1248">
    <p class='ocr_par' dir='ltr' id='par_1_8' title="bbox 218 1175 1826 1248">
     <span class='ocr_line' id='line_1_8' title="bbox 218 1175 1826 1248; baseline 0 -17"><span class='ocrx_word' id='word_1_48' title='bbox 218 1177 444 1248; x_wconf 80' lang='lat' dir='ltr'><strong>junxit,</strong></span> <span class='ocrx_word' id='word_1_49' title='bbox 489 1177 742 1231; x_wconf 87' lang='lat' dir='ltr'><strong>nimirum</strong></span> <span class='ocrx_word' id='word_1_50' title='bbox 774 1175 1096 1248; x_wconf 81' lang='lat' dir='ltr'><strong>hymnorum</strong></span> <span class='ocrx_word' id='word_1_51' title='bbox 1125 1191 1263 1244; x_wconf 88' lang='lat' dir='ltr'><strong>quos</strong></span> <span class='ocrx_word' id='word_1_52' title='bbox 1297 1177 1350 1230; x_wconf 91' lang='lat' dir='ltr'><strong>in</strong></span> <span class='ocrx_word' id='word_1_53' title='bbox 1397 1175 1658 1231; x_wconf 90' lang='lat' dir='ltr'><strong>honorem</strong></span> <span class='ocrx_word' id='word_1_54' title='bbox 1688 1176 1826 1232; x_wconf 53' lang='lat' dir='ltr'><strong>divi.</strong></span> 
     </span>
    </p>
   </div>
   <div class='ocr_carea' id='block_1_9' title="bbox 221 1269 1826 1341">
    <p class='ocr_par' dir='ltr' id='par_1_9' title="bbox 221 1269 1826 1341">
     <span class='ocr_line' id='line_1_9' title="bbox 221 1269 1826 1341; baseline -0.001 -13"><span class='ocrx_word' id='word_1_55' title='bbox 221 1272 481 1328; x_wconf 70' lang='lat' dir='ltr'><strong>nissimaa</strong></span> <span class='ocrx_word' id='word_1_56' title='bbox 511 1269 793 1326; x_wconf 77' lang='lat' dir='ltr'><strong>Trinitatis</strong></span> <span class='ocrx_word' id='word_1_57' title='bbox 824 1271 938 1341; x_wconf 89' lang='lat' dir='ltr'><strong>ipse</strong></span> <span class='ocrx_word' id='word_1_58' title='bbox 968 1279 1384 1340; x_wconf 88' lang='lat' dir='ltr'><strong>composuerat,</strong></span> <span class='ocrx_word' id='word_1_59' title='bbox 1435 1285 1649 1326; x_wconf 83' lang='lat' dir='ltr'><strong>sacrum</strong></span> <span class='ocrx_word' id='word_1_60' title='bbox 1694 1285 1826 1326; x_wconf 84' lang='lat' dir='ltr'><strong>eou-</strong></span> 
     </span>
    </p>
   </div>
   <div class='ocr_carea' id='block_1_10' title="bbox 217 1363 1828 1437">
    <p class='ocr_par' dir='ltr' id='par_1_10' title="bbox 217 1363 1828 1437">
     <span class='ocr_line' id='line_1_10' title="bbox 217 1363 1828 1437; baseline -0.001 -15"><span class='ocrx_word' id='word_1_61' title='bbox 217 1378 475 1422; x_wconf 85' lang='lat' dir='ltr'><strong>centum.</strong></span> <span class='ocrx_word' id='word_1_62' title='bbox 519 1365 768 1420; x_wconf 81' lang='lat' dir='ltr'><strong>Canebat</strong></span> <span class='ocrx_word' id='word_1_63' title='bbox 819 1379 914 1420; x_wconf 89' lang='lat' dir='ltr'><strong>eos</strong></span> <span class='ocrx_word' id='word_1_64' title='bbox 962 1364 1194 1437; x_wconf 85' lang='lat' dir='ltr'><strong>hymnos</strong></span> <span class='ocrx_word' id='word_1_65' title='bbox 1245 1373 1390 1420; x_wconf 90' lang='lat' dir='ltr'><strong>totus</strong></span> <span class='ocrx_word' id='word_1_66' title='bbox 1437 1363 1666 1436; x_wconf 80' lang='lat' dir='ltr'><strong>pepulus</strong></span> <span class='ocrx_word' id='word_1_67' title='bbox 1705 1379 1828 1420; x_wconf 91' lang='lat' dir='ltr'><strong>cum</strong></span> 
     </span>
    </p>
   </div>
   <div class='ocr_carea' id='block_1_11' title="bbox 221 1457 1832 1530">
    <p class='ocr_par' dir='ltr' id='par_1_11' title="bbox 221 1457 1832 1530">
     <span class='ocr_line' id='line_1_11' title="bbox 221 1457 1832 1530; baseline -0.003 -15"><span class='ocrx_word' id='word_1_68' title='bbox 221 1468 386 1515; x_wconf 85' lang='lat' dir='ltr'><strong>tanto</strong></span> <span class='ocrx_word' id='word_1_69' title='bbox 416 1458 636 1530; x_wconf 88' lang='lat' dir='ltr'><strong>pietatis</strong></span> <span class='ocrx_word' id='word_1_70' title='bbox 673 1458 1056 1528; x_wconf 89' lang='lat' dir='ltr'><strong>interiorisque</strong></span> <span class='ocrx_word' id='word_1_71' title='bbox 1096 1457 1322 1513; x_wconf 72' lang='lat' dir='ltr'><strong>allectus</strong></span> <span class='ocrx_word' id='word_1_72' title='bbox 1355 1465 1542 1524; x_wconf 89' lang='lat' dir='ltr'><strong>motu;</strong></span> <span class='ocrx_word' id='word_1_73' title='bbox 1571 1465 1631 1512; x_wconf 85' lang='lat' dir='ltr'><strong>ut</strong></span> <span class='ocrx_word' id='word_1_74' title='bbox 1657 1457 1832 1530; x_wconf 85' lang='lat' dir='ltr'><strong>iacry-</strong></span> 
     </span>
    </p>
   </div>
   <div class='ocr_carea' id='block_1_12' title="bbox 217 1550 1832 1624">
    <p class='ocr_par' dir='ltr' id='par_1_12' title="bbox 217 1550 1832 1624">
     <span class='ocr_line' id='line_1_12' title="bbox 217 1550 1832 1624; baseline 0 -17"><span class='ocrx_word' id='word_1_75' title='bbox 217 1569 447 1622; x_wconf 77' lang='lat' dir='ltr'><strong>marum</strong></span> <span class='ocrx_word' id='word_1_76' title='bbox 499 1555 605 1606; x_wconf 92' lang='lat' dir='ltr'><strong>vim</strong></span> <span class='ocrx_word' id='word_1_77' title='bbox 651 1553 871 1623; x_wconf 86' lang='lat' dir='ltr'><strong>plurimi</strong></span> <span class='ocrx_word' id='word_1_78' title='bbox 903 1551 1264 1608; x_wconf 87' lang='lat' dir='ltr'><strong>eti&#39;undereut.</strong></span> <span class='ocrx_word' id='word_1_79' title='bbox 1311 1550 1472 1608; x_wconf 86' lang='lat' dir='ltr'><strong>Certe</strong></span> <span class='ocrx_word' id='word_1_80' title='bbox 1498 1553 1832 1624; x_wconf 82' lang='lat' dir='ltr'><strong>Augustinus</strong></span> 
     </span>
    </p>
   </div>
   <div class='ocr_carea' id='block_1_13' title="bbox 223 1647 1831 1718">
    <p class='ocr_par' dir='ltr' id='par_1_13' title="bbox 223 1647 1831 1718">
     <span class='ocr_line' id='line_1_13' title="bbox 223 1647 1831 1718; baseline -0.001 -14"><span class='ocrx_word' id='word_1_81' title='bbox 223 1649 431 1704; x_wconf 86' lang='lat' dir='ltr'><strong>itorum</strong></span> <span class='ocrx_word' id='word_1_82' title='bbox 464 1649 706 1702; x_wconf 90' lang='lat' dir='ltr'><strong>omnium</strong></span> <span class='ocrx_word' id='word_1_83' title='bbox 736 1648 890 1704; x_wconf 80' lang='lat' dir='ltr'><strong>leSliS</strong></span> <span class='ocrx_word' id='word_1_84' title='bbox 919 1648 1184 1716; x_wconf 79' lang='lat' dir='ltr'><strong>oculatus,</strong></span> <span class='ocrx_word' id='word_1_85' title='bbox 1207 1655 1490 1718; x_wconf 78' lang='lat' dir='ltr'><strong>postquam</strong></span> <span class='ocrx_word' id='word_1_86' title='bbox 1513 1647 1580 1702; x_wconf 91' lang='lat' dir='ltr'><strong>de</strong></span> <span class='ocrx_word' id='word_1_87' title='bbox 1609 1657 1831 1715; x_wconf 85' lang='lat' dir='ltr'><strong>parente</strong></span> 
     </span>
    </p>
   </div>
   <div class='ocr_carea' id='block_1_14' title="bbox 224 1737 1828 1808">
    <p class='ocr_par' dir='ltr' id='par_1_14' title="bbox 224 1737 1828 1808">
     <span class='ocr_line' id='line_1_14' title="bbox 224 1737 1828 1808; baseline -0.001 -12"><span class='ocrx_word' id='word_1_88' title='bbox 224 1742 320 1796; x_wconf 90' lang='lat' dir='ltr'><strong>his</strong></span> <span class='ocrx_word' id='word_1_89' title='bbox 372 1741 554 1796; x_wconf 83' lang='lat' dir='ltr'><strong>verbis</strong></span> <span class='ocrx_word' id='word_1_90' title='bbox 605 1740 818 1797; x_wconf 91' lang='lat' dir='ltr'><strong>locutus</strong></span> <span class='ocrx_word' id='word_1_91' title='bbox 845 1750 930 1796; x_wconf 92' lang='lat' dir='ltr'><strong>est</strong></span> <span class='ocrx_word' id='word_1_92' title='bbox 966 1759 979 1795; x_wconf 91' lang='lat'><strong>:</strong></span> <span class='ocrx_word' id='word_1_93' title='bbox 1017 1737 1100 1795; x_wconf 86' lang='lat' dir='ltr'><strong>Ibi</strong></span> <span class='ocrx_word' id='word_1_94' title='bbox 1129 1750 1290 1795; x_wconf 83' lang='lat' dir='ltr'><strong>mater</strong></span> <span class='ocrx_word' id='word_1_95' title='bbox 1320 1755 1465 1808; x_wconf 84' lang='lat' dir='ltr'><strong>mea,</strong></span> <span class='ocrx_word' id='word_1_96' title='bbox 1499 1739 1692 1795; x_wconf 82' lang='lat' dir='ltr'><strong>ancilla</strong></span> <span class='ocrx_word' id='word_1_97' title='bbox 1721 1747 1828 1808; x_wconf 88' lang='lat' dir='ltr'><strong>tua,</strong></span> 
     </span>
    </p>
   </div>
   <div class='ocr_carea' id='block_1_15' title="bbox 222 1834 1832 1906">
    <p class='ocr_par' dir='ltr' id='par_1_15' title="bbox 222 1834 1832 1906">
     <span class='ocr_line' id='line_1_15' title="bbox 222 1834 1832 1906; baseline 0.001 -16"><span class='ocrx_word' id='word_1_98' title='bbox 222 1835 609 1890; x_wconf 75' lang='lat' dir='ltr'><strong>sollicitudinis</strong></span> <span class='ocrx_word' id='word_1_99' title='bbox 640 1845 685 1890; x_wconf 88' lang='lat' dir='ltr'><strong>et</strong></span> <span class='ocrx_word' id='word_1_100' title='bbox 717 1836 1011 1906; x_wconf 79' lang='lat' dir='ltr'><strong>vigiliarum</strong></span> <span class='ocrx_word' id='word_1_101' title='bbox 1041 1835 1234 1904; x_wconf 90' lang='lat' dir='ltr'><strong>primas</strong></span> <span class='ocrx_word' id='word_1_102' title='bbox 1277 1843 1484 1899; x_wconf 86' lang='lat' dir='ltr'><strong>tenens,</strong></span> <span class='ocrx_word' id='word_1_103' title='bbox 1514 1834 1832 1891; x_wconf 72' lang='lat' dir='ltr'><strong>orationibus</strong></span> 
     </span>
    </p>
   </div>
   <div class='ocr_carea' id='block_1_16' title="bbox 1129 391 3526 467">
    <p class='ocr_par' dir='ltr' id='par_1_16' title="bbox 1129 391 3526 467">
     <span class='ocr_line' id='line_1_16' title="bbox 1129 391 3526 467; baseline 0.002 -6"><span class='ocrx_word' id='word_1_104' title='bbox 1129 406 1225 462; x_wconf 70' lang='lat' dir='ltr'><strong>ex</strong></span> <span class='ocrx_word' id='word_1_105' title='bbox 1265 406 1431 464; x_wconf 83' lang='lat' dir='ltr'><strong>EJUS</strong></span> <span class='ocrx_word' id='word_1_106' title='bbox 1469 395 1887 465; x_wconf 76' lang='lat' dir='ltr'><strong>rortssmuu</strong></span> <span class='ocrx_word' id='word_1_107' title='bbox 1927 391 2238 467; x_wconf 71' lang='lat' dir='ltr'><strong>sentr&#39;r&#39;ts</strong></span> <span class='ocrx_word' id='word_1_108' title='bbox 2273 403 2655 466; x_wconf 63' lang='lat' dir='ltr'><strong>consors.</strong></span> <span class='ocrx_word' id='word_1_109' title='bbox 3457 411 3526 467; x_wconf 81' lang='lat' dir='ltr'><strong>9t</strong></span> 
     </span>
    </p>
   </div>
   <div class='ocr_carea' id='block_1_17' title="bbox 225 517 1914 594">
    <p class='ocr_par' dir='ltr' id='par_1_17' title="bbox 225 517 1914 594">
     <span class='ocr_line' id='line_1_17' title="bbox 225 517 1914 594; baseline 0 -16"><span class='ocrx_word' id='word_1_110' title='bbox 225 522 503 594; x_wconf 85' lang='lat' dir='ltr'><strong>Superest</strong></span> <span class='ocrx_word' id='word_1_111' title='bbox 548 521 723 579; x_wconf 88' lang='lat' dir='ltr'><strong>adhuc</strong></span> <span class='ocrx_word' id='word_1_112' title='bbox 755 535 857 576; x_wconf 89' lang='lat' dir='ltr'><strong>una</strong></span> <span class='ocrx_word' id='word_1_113' title='bbox 886 529 916 576; x_wconf 89' lang='lat' dir='ltr'><strong>e</strong></span> <span class='ocrx_word' id='word_1_114' title='bbox 944 520 1237 591; x_wconf 70' lang='lat' dir='ltr'><strong>praecipuis</strong></span> <span class='ocrx_word' id='word_1_115' title='bbox 1265 520 1618 577; x_wconf 83' lang='lat' dir='ltr'><strong>concionibus</strong></span> <span class='ocrx_word' id='word_1_116' title='bbox 1651 535 1746 593; x_wconf 86' lang='lat' dir='ltr'><strong>per</strong></span> <span class='ocrx_word' id='word_1_117' title='bbox 1777 517 1831 578; x_wconf 92' lang='lat' dir='ltr'><strong>id</strong></span> <span class='ocrx_word' id='word_1_118' title='bbox 1857 517 1914 584; x_wconf 75' lang='grc' dir='ltr'><strong>Α</strong></span> 
     </span>
    </p>
   </div>
   <div class='ocr_carea' id='block_1_18' title="bbox 2008 520 3525 595">
    <p class='ocr_par' dir='ltr' id='par_1_18' title="bbox 2008 520 3525 595">
     <span class='ocr_line' id='line_1_18' title="bbox 2008 520 3525 595; baseline 0.003 -19"><span class='ocrx_word' id='word_1_119' title='bbox 2008 521 2096 578; x_wconf 83' lang='grc'><strong>76.</strong></span> <span class='ocrx_word' id='word_1_120' title='bbox 2131 522 2210 578; x_wconf 84' lang='lat' dir='ltr'><strong>Re</strong></span> <span class='ocrx_word' id='word_1_121' title='bbox 2249 537 2373 579; x_wconf 82' lang='lat' dir='ltr'><strong>vera</strong></span> <span class='ocrx_word' id='word_1_122' title='bbox 2407 524 2629 580; x_wconf 87' lang='lat' dir='ltr'><strong>ininime</strong></span> <span class='ocrx_word' id='word_1_123' title='bbox 2671 521 2958 579; x_wconf 85' lang='lat' dir='ltr'><strong>obscurum</strong></span> <span class='ocrx_word' id='word_1_124' title='bbox 2989 531 3069 579; x_wconf 90' lang='lat' dir='ltr'><strong>est</strong></span> <span class='ocrx_word' id='word_1_125' title='bbox 3113 520 3212 579; x_wconf 88' lang='lat' dir='ltr'><strong>hac</strong></span> <span class='ocrx_word' id='word_1_126' title='bbox 3240 523 3353 595; x_wconf 86' lang='lat' dir='ltr'><strong>ipsa</strong></span> <span class='ocrx_word' id='word_1_127' title='bbox 3387 527 3525 581; x_wconf 81' lang='lat' dir='ltr'><strong>teni-</strong></span> 
     </span>
    </p>
   </div>
   <div class='ocr_carea' id='block_1_19' title="bbox 1931 616 3527 688">
    <p class='ocr_par' dir='ltr' id='par_1_19' title="bbox 1931 616 3527 688">
     <span class='ocr_line' id='line_1_19' title="bbox 1931 616 3527 688; baseline 0.002 -18"><span class='ocrx_word' id='word_1_128' title='bbox 1931 623 2141 688; x_wconf 87' lang='lat' dir='ltr'><strong>pestate</strong></span> <span class='ocrx_word' id='word_1_129' title='bbox 2170 617 2542 684; x_wconf 83' lang='lat' dir='ltr'><strong>pronuntiatos</strong></span> <span class='ocrx_word' id='word_1_130' title='bbox 2581 629 2702 671; x_wconf 90' lang='lat' dir='ltr'><strong>esse</strong></span> <span class='ocrx_word' id='word_1_131' title='bbox 2744 616 2866 670; x_wconf 92' lang='lat' dir='ltr'><strong>illos</strong></span> <span class='ocrx_word' id='word_1_132' title='bbox 2903 630 3205 678; x_wconf 87' lang='lat' dir='ltr'><strong>sermones,</strong></span> <span class='ocrx_word' id='word_1_133' title='bbox 3237 629 3302 671; x_wconf 82' lang='lat' dir='ltr'><strong>ex</strong></span> <span class='ocrx_word' id='word_1_134' title='bbox 3332 617 3527 688; x_wconf 84' lang='lat' dir='ltr'><strong>quibus</strong></span> 
     </span>
    </p>
   </div>
   <div class='ocr_carea' id='block_1_20' title="bbox 1933 705 3524 786">
    <p class='ocr_par' dir='ltr' id='par_1_20' title="bbox 1933 705 3524 786">
     <span class='ocr_line' id='line_1_20' title="bbox 1933 705 3524 786; baseline 0.002 -25"><span class='ocrx_word' id='word_1_135' title='bbox 1933 707 2378 777; x_wconf 62' lang='lat' dir='ltr'><strong>przestautiSsima</strong></span> <span class='ocrx_word' id='word_1_136' title='bbox 2399 709 2570 762; x_wconf 89' lang='lat' dir='ltr'><strong>sancti</strong></span> <span class='ocrx_word' id='word_1_137' title='bbox 2596 707 2844 763; x_wconf 90' lang='lat' dir='ltr'><strong>Doctoris</strong></span> <span class='ocrx_word' id='word_1_138' title='bbox 2865 705 3040 778; x_wconf 84' lang='lat' dir='ltr'><strong>Opera</strong></span> <span class='ocrx_word' id='word_1_139' title='bbox 3060 711 3357 786; x_wconf 76' lang='lat' dir='ltr'><strong>composita</strong></span> <span class='ocrx_word' id='word_1_140' title='bbox 3378 713 3524 764; x_wconf 81' lang='lat' dir='ltr'><strong>sunt.</strong></span> 
     </span>
    </p>
   </div>
   <div class='ocr_carea' id='block_1_21' title="bbox 1933 798 3523 877">
    <p class='ocr_par' dir='ltr' id='par_1_21' title="bbox 1933 798 3523 877">
     <span class='ocr_line' id='line_1_21' title="bbox 1933 798 3523 877; baseline 0 -21"><span class='ocrx_word' id='word_1_141' title='bbox 1933 799 2216 871; x_wconf 81' lang='lat' dir='ltr'><strong>Expositio</strong></span> <span class='ocrx_word' id='word_1_142' title='bbox 2245 801 2298 855; x_wconf 90' lang='lat' dir='ltr'><strong>in</strong></span> <span class='ocrx_word' id='word_1_143' title='bbox 2332 798 2601 854; x_wconf 84' lang='lat' dir='ltr'><strong>Psalmum</strong></span> <span class='ocrx_word' id='word_1_144' title='bbox 2630 817 2794 858; x_wconf 79' lang='lat' dir='ltr'><strong>cxvrtt</strong></span> <span class='ocrx_word' id='word_1_145' title='bbox 2819 801 3064 874; x_wconf 79' lang='lat' dir='ltr'><strong>(Admon.</strong></span> <span class='ocrx_word' id='word_1_146' title='bbox 3094 805 3149 858; x_wconf 87' lang='lat' dir='ltr'><strong>in</strong></span> <span class='ocrx_word' id='word_1_147' title='bbox 3181 804 3318 859; x_wconf 80' lang='lat' dir='ltr'><strong>[tunc</strong></span> <span class='ocrx_word' id='word_1_148' title='bbox 3343 804 3523 877; x_wconf 83' lang='lat' dir='ltr'><strong>psal.),</strong></span> 
     </span>
    </p>
   </div>
   <div class='ocr_carea' id='block_1_22' title="bbox 1931 893 3529 968">
    <p class='ocr_par' dir='ltr' id='par_1_22' title="bbox 1931 893 3529 968">
     <span class='ocr_line' id='line_1_22' title="bbox 1931 893 3529 968; baseline 0.004 -22"><span class='ocrx_word' id='word_1_149' title='bbox 1931 907 2051 964; x_wconf 72' lang='lat' dir='ltr'><strong>qua:</strong></span> <span class='ocrx_word' id='word_1_150' title='bbox 2103 893 2244 948; x_wconf 89' lang='lat' dir='ltr'><strong>inter</strong></span> <span class='ocrx_word' id='word_1_151' title='bbox 2301 893 2660 964; x_wconf 85' lang='lat' dir='ltr'><strong>pulcherrima</strong></span> <span class='ocrx_word' id='word_1_152' title='bbox 2717 895 2960 964; x_wconf 83' lang='lat' dir='ltr'><strong>ejusdem</strong></span> <span class='ocrx_word' id='word_1_153' title='bbox 3012 907 3356 952; x_wconf 77' lang='lat' dir='ltr'><strong>monumenta</strong></span> <span class='ocrx_word' id='word_1_154' title='bbox 3403 895 3529 968; x_wconf 85' lang='lat' dir='ltr'><strong>jure</strong></span> 
     </span>
    </p>
   </div>
   <div class='ocr_carea' id='block_1_23' title="bbox 1932 986 3528 1062">
    <p class='ocr_par' dir='ltr' id='par_1_23' title="bbox 1932 986 3528 1062">
     <span class='ocr_line' id='line_1_23' title="bbox 1932 986 3528 1062; baseline 0.002 -19"><span class='ocrx_word' id='word_1_155' title='bbox 1932 996 2289 1053; x_wconf 85' lang='lat' dir='ltr'><strong>memoratur,</strong></span> <span class='ocrx_word' id='word_1_156' title='bbox 2337 986 2538 1042; x_wconf 90' lang='lat' dir='ltr'><strong>multos</strong></span> <span class='ocrx_word' id='word_1_157' title='bbox 2579 1003 2857 1043; x_wconf 86' lang='lat' dir='ltr'><strong>sermones</strong></span> <span class='ocrx_word' id='word_1_158' title='bbox 2905 988 3128 1062; x_wconf 87' lang='lat' dir='ltr'><strong>hujusce</strong></span> <span class='ocrx_word' id='word_1_159' title='bbox 3180 991 3306 1046; x_wconf 89' lang='lat' dir='ltr'><strong>anni</strong></span> <span class='ocrx_word' id='word_1_160' title='bbox 3359 990 3412 1046; x_wconf 91' lang='lat' dir='ltr'><strong>in</strong></span> <span class='ocrx_word' id='word_1_161' title='bbox 3467 1005 3528 1046; x_wconf 89' lang='lat' dir='ltr'><strong>se</strong></span> 
     </span>
    </p>
   </div>
   <div class='ocr_carea' id='block_1_24' title="bbox 1929 1079 3527 1156">
    <p class='ocr_par' dir='ltr' id='par_1_24' title="bbox 1929 1079 3527 1156">
     <span class='ocr_line' id='line_1_24' title="bbox 1929 1079 3527 1156; baseline 0.001 -18"><span class='ocrx_word' id='word_1_162' title='bbox 1929 1079 2174 1138; x_wconf 86' lang='lat' dir='ltr'><strong>continet</strong></span> <span class='ocrx_word' id='word_1_163' title='bbox 2206 1101 2219 1137; x_wconf 92' lang='lat'>:</span> <span class='ocrx_word' id='word_1_164' title='bbox 2253 1083 2349 1140; x_wconf 89' lang='lat' dir='ltr'><strong>sed</strong></span> <span class='ocrx_word' id='word_1_165' title='bbox 2380 1081 2580 1137; x_wconf 91' lang='lat' dir='ltr'><strong>multos</strong></span> <span class='ocrx_word' id='word_1_166' title='bbox 2607 1083 2770 1137; x_wconf 90' lang='lat' dir='ltr'><strong>etiam</strong></span> <span class='ocrx_word' id='word_1_167' title='bbox 2813 1085 2939 1138; x_wconf 88' lang='lat' dir='ltr'><strong>anni</strong></span> <span class='ocrx_word' id='word_1_168' title='bbox 2987 1085 3295 1156; x_wconf 70' lang='lat' dir='ltr'><strong>sequentis,</strong></span> <span class='ocrx_word' id='word_1_169' title='bbox 3344 1090 3401 1140; x_wconf 91' lang='lat' dir='ltr'><strong>ut</strong></span> <span class='ocrx_word' id='word_1_170' title='bbox 3428 1099 3527 1140; x_wconf 89' lang='lat' dir='ltr'><strong>suo</strong></span> 
     </span>
    </p>
   </div>
   <div class='ocr_carea' id='block_1_25' title="bbox 1934 1175 3526 1248">
    <p class='ocr_par' dir='ltr' id='par_1_25' title="bbox 1934 1175 3526 1248">
     <span class='ocr_line' id='line_1_25' title="bbox 1934 1175 3526 1248; baseline 0 -16"><span class='ocrx_word' id='word_1_171' title='bbox 1934 1175 2053 1232; x_wconf 91' lang='lat' dir='ltr'><strong>loco</strong></span> <span class='ocrx_word' id='word_1_172' title='bbox 2106 1176 2533 1233; x_wconf 85' lang='lat' dir='ltr'><strong>demonstratum</strong></span> <span class='ocrx_word' id='word_1_173' title='bbox 2579 1175 2664 1233; x_wconf 88' lang='lat' dir='ltr'><strong>est</strong></span> <span class='ocrx_word' id='word_1_174' title='bbox 2708 1176 2993 1245; x_wconf 75' lang='lat' dir='ltr'><strong>(Aditionit.</strong></span> <span class='ocrx_word' id='word_1_175' title='bbox 3027 1178 3079 1231; x_wconf 90' lang='lat' dir='ltr'><strong>in</strong></span> <span class='ocrx_word' id='word_1_176' title='bbox 3130 1175 3331 1247; x_wconf 76' lang='lat' dir='ltr'><strong>Expos.</strong></span> <span class='ocrx_word' id='word_1_177' title='bbox 3389 1178 3526 1248; x_wconf 84' lang='lat' dir='ltr'><strong>psal.</strong></span> 
     </span>
    </p>
   </div>
   <div class='ocr_carea' id='block_1_26' title="bbox 1930 1268 3528 1342">
    <p class='ocr_par' dir='ltr' id='par_1_26' title="bbox 1930 1268 3528 1342">
     <span class='ocr_line' id='line_1_26' title="bbox 1930 1268 3528 1342; baseline 0.001 -16"><span class='ocrx_word' id='word_1_178' title='bbox 1930 1268 2145 1342; x_wconf 82' lang='lat' dir='ltr'><strong>cxvnt).</strong></span> <span class='ocrx_word' id='word_1_179' title='bbox 2200 1270 2368 1340; x_wconf 82' lang='lat' dir='ltr'><strong>Hujus</strong></span> <span class='ocrx_word' id='word_1_180' title='bbox 2411 1269 2603 1340; x_wconf 82' lang='lat' dir='ltr'><strong>Operis</strong></span> <span class='ocrx_word' id='word_1_181' title='bbox 2657 1269 2760 1324; x_wconf 93' lang='lat' dir='ltr'><strong>huc</strong></span> <span class='ocrx_word' id='word_1_182' title='bbox 2807 1277 3016 1340; x_wconf 63' lang='lat' dir='ltr'><strong>streetat</strong></span> <span class='ocrx_word' id='word_1_183' title='bbox 3066 1273 3418 1341; x_wconf 89' lang='lat' dir='ltr'><strong>propositum,</strong></span> <span class='ocrx_word' id='word_1_184' title='bbox 3470 1281 3528 1329; x_wconf 92' lang='lat' dir='ltr'><strong>ut</strong></span> 
     </span>
    </p>
   </div>
   <div class='ocr_carea' id='block_1_27' title="bbox 1931 1359 3530 1435">
    <p class='ocr_par' dir='ltr' id='par_1_27' title="bbox 1931 1359 3530 1435">
     <span class='ocr_line' id='line_1_27' title="bbox 1931 1359 3530 1435; baseline 0.001 -18"><span class='ocrx_word' id='word_1_185' title='bbox 1931 1361 2222 1417; x_wconf 83' lang='lat' dir='ltr'><strong>Christiani</strong></span> <span class='ocrx_word' id='word_1_186' title='bbox 2255 1372 2309 1418; x_wconf 86' lang='lat' dir='ltr'><strong>et</strong></span> <span class='ocrx_word' id='word_1_187' title='bbox 2353 1361 2656 1418; x_wconf 87' lang='lat' dir='ltr'><strong>ollieiorum</strong></span> <span class='ocrx_word' id='word_1_188' title='bbox 2688 1378 2908 1416; x_wconf 89' lang='lat' dir='ltr'><strong>suorum</strong></span> <span class='ocrx_word' id='word_1_189' title='bbox 2945 1359 3304 1417; x_wconf 85' lang='lat' dir='ltr'><strong>iuforntentur</strong></span> <span class='ocrx_word' id='word_1_190' title='bbox 3345 1365 3530 1435; x_wconf 83' lang='lat' dir='ltr'><strong>cogni-</strong></span> 
     </span>
    </p>
   </div>
   <div class='ocr_carea' id='block_1_28' title="bbox 1935 1455 3528 1526">
    <p class='ocr_par' dir='ltr' id='par_1_28' title="bbox 1935 1455 3528 1526">
     <span class='ocr_line' id='line_1_28' title="bbox 1935 1455 3528 1526; baseline 0.002 -16"><span class='ocrx_word' id='word_1_191' title='bbox 1935 1456 2098 1523; x_wconf 89' lang='lat' dir='ltr'><strong>tione,</strong></span> <span class='ocrx_word' id='word_1_192' title='bbox 2124 1467 2177 1509; x_wconf 88' lang='lat' dir='ltr'><strong>et</strong></span> <span class='ocrx_word' id='word_1_193' title='bbox 2203 1456 2268 1510; x_wconf 91' lang='lat' dir='ltr'><strong>ad</strong></span> <span class='ocrx_word' id='word_1_194' title='bbox 2291 1457 2482 1511; x_wconf 89' lang='lat' dir='ltr'><strong>eadem</strong></span> <span class='ocrx_word' id='word_1_195' title='bbox 2508 1471 2716 1510; x_wconf 92' lang='lat' dir='ltr'><strong>morum</strong></span> <span class='ocrx_word' id='word_1_196' title='bbox 2741 1455 3026 1511; x_wconf 79' lang='lat' dir='ltr'><strong>lnmcstate</strong></span> <span class='ocrx_word' id='word_1_197' title='bbox 3054 1472 3115 1510; x_wconf 90' lang='lat' dir='ltr'><strong>ac</strong></span> <span class='ocrx_word' id='word_1_198' title='bbox 3143 1456 3357 1526; x_wconf 84' lang='lat' dir='ltr'><strong>pietatis</strong></span> <span class='ocrx_word' id='word_1_199' title='bbox 3383 1459 3528 1513; x_wconf 87' lang='lat' dir='ltr'><strong>cultu</strong></span> 
     </span>
    </p>
   </div>
   <div class='ocr_carea' id='block_1_29' title="bbox 1932 1547 3532 1620">
    <p class='ocr_par' dir='ltr' id='par_1_29' title="bbox 1932 1547 3532 1620">
     <span class='ocr_line' id='line_1_29' title="bbox 1932 1547 3532 1620; baseline -0.001 -15"><span class='ocrx_word' id='word_1_200' title='bbox 1932 1548 2199 1620; x_wconf 90' lang='lat' dir='ltr'><strong>implenda</strong></span> <span class='ocrx_word' id='word_1_201' title='bbox 2230 1550 2653 1604; x_wconf 77' lang='lat' dir='ltr'><strong>Stimularentur.</strong></span> <span class='ocrx_word' id='word_1_202' title='bbox 2704 1547 2760 1604; x_wconf 89' lang='lat' dir='ltr'><strong>Id</strong></span> <span class='ocrx_word' id='word_1_203' title='bbox 2791 1557 2968 1604; x_wconf 91' lang='lat' dir='ltr'><strong>autem</strong></span> <span class='ocrx_word' id='word_1_204' title='bbox 3002 1548 3196 1604; x_wconf 87' lang='lat' dir='ltr'><strong>beatus</strong></span> <span class='ocrx_word' id='word_1_205' title='bbox 3231 1548 3389 1604; x_wconf 88' lang='lat' dir='ltr'><strong>Pater</strong></span> <span class='ocrx_word' id='word_1_206' title='bbox 3417 1567 3532 1604; x_wconf 87' lang='lat' dir='ltr'><strong>me-</strong></span> 
     </span>
    </p>
   </div>
   <div class='ocr_carea' id='block_1_30' title="bbox 1935 1641 3529 1713">
    <p class='ocr_par' dir='ltr' id='par_1_30' title="bbox 1935 1641 3529 1713">
     <span class='ocr_line' id='line_1_30' title="bbox 1935 1641 3529 1713; baseline 0 -16"><span class='ocrx_word' id='word_1_207' title='bbox 1935 1641 2038 1697; x_wconf 90' lang='lat' dir='ltr'><strong>lius</strong></span> <span class='ocrx_word' id='word_1_208' title='bbox 2067 1642 2206 1698; x_wconf 83' lang='lat' dir='ltr'><strong>efiici</strong></span> <span class='ocrx_word' id='word_1_209' title='bbox 2236 1641 2460 1698; x_wconf 86' lang='lat' dir='ltr'><strong>omnino</strong></span> <span class='ocrx_word' id='word_1_210' title='bbox 2515 1659 2619 1697; x_wconf 94' lang='lat' dir='ltr'><strong>non</strong></span> <span class='ocrx_word' id='word_1_211' title='bbox 2668 1657 2829 1713; x_wconf 83' lang='lat' dir='ltr'><strong>posse</strong></span> <span class='ocrx_word' id='word_1_212' title='bbox 2872 1643 3168 1697; x_wconf 88' lang='lat' dir='ltr'><strong>arbitratus</strong></span> <span class='ocrx_word' id='word_1_213' title='bbox 3213 1650 3326 1707; x_wconf 90' lang='lat' dir='ltr'><strong>est,</strong></span> <span class='ocrx_word' id='word_1_214' title='bbox 3367 1656 3529 1711; x_wconf 88' lang='lat' dir='ltr'><strong>quam</strong></span> 
     </span>
    </p>
   </div>
   <div class='ocr_carea' id='block_1_31' title="bbox 1932 1735 3528 1808">
    <p class='ocr_par' dir='ltr' id='par_1_31' title="bbox 1932 1735 3528 1808">
     <span class='ocr_line' id='line_1_31' title="bbox 1932 1735 3528 1808; baseline 0 -19"><span class='ocrx_word' id='word_1_215' title='bbox 1932 1736 2264 1808; x_wconf 86' lang='lat' dir='ltr'><strong>psalmorum</strong></span> <span class='ocrx_word' id='word_1_216' title='bbox 2293 1735 2635 1802; x_wconf 87' lang='lat' dir='ltr'><strong>nobilissimi,</strong></span> <span class='ocrx_word' id='word_1_217' title='bbox 2684 1751 2747 1791; x_wconf 87' lang='lat' dir='ltr'><strong>ac</strong></span> <span class='ocrx_word' id='word_1_218' title='bbox 2775 1736 3057 1791; x_wconf 81' lang='lat' dir='ltr'><strong>muralium</strong></span> <span class='ocrx_word' id='word_1_219' title='bbox 3105 1736 3528 1806; x_wconf 59' lang='lat' dir='ltr'><strong>praeceptionqu</strong></span> 
     </span>
    </p>
   </div>
   <div class='ocr_carea' id='block_1_32' title="bbox 1933 1828 3534 1900">
    <p class='ocr_par' dir='ltr' id='par_1_32' title="bbox 1933 1828 3534 1900">
     <span class='ocr_line' id='line_1_32' title="bbox 1933 1828 3534 1900; baseline -0.001 -16"><span class='ocrx_word' id='word_1_220' title='bbox 1933 1829 2271 1884; x_wconf 75' lang='lat' dir='ltr'><strong>refertissimi</strong></span> <span class='ocrx_word' id='word_1_221' title='bbox 2303 1830 2679 1894; x_wconf 89' lang='lat' dir='ltr'><strong>enarratione;</strong></span> <span class='ocrx_word' id='word_1_222' title='bbox 2711 1828 2796 1883; x_wconf 91' lang='lat' dir='ltr'><strong>cui</strong></span> <span class='ocrx_word' id='word_1_223' title='bbox 2837 1836 3102 1900; x_wconf 70' lang='lat' dir='ltr'><strong>prteterca</strong></span> <span class='ocrx_word' id='word_1_224' title='bbox 3138 1842 3406 1882; x_wconf 75' lang='lat' dir='ltr'><strong>annexam</strong></span> <span class='ocrx_word' id='word_1_225' title='bbox 3438 1844 3534 1882; x_wconf 87' lang='lat' dir='ltr'><strong>vo-</strong></span> 
     </span>
    </p>
   </div>
   <div class='ocr_carea' id='block_1_33' title="bbox 219 1915 3533 2002">
    <p class='ocr_par' dir='ltr' id='par_1_33' title="bbox 219 1915 3533 2002">
     <span class='ocr_line' id='line_1_33' title="bbox 219 1915 3533 2002; baseline -0.002 -19"><span class='ocrx_word' id='word_1_226' title='bbox 219 1928 429 1984; x_wconf 80' lang='lat' dir='ltr'><strong>vivebat</strong></span> <span class='ocrx_word' id='word_1_227' title='bbox 464 1927 605 2002; x_wconf 86' lang='lat' dir='ltr'><strong>(Lib.</strong></span> <span class='ocrx_word' id='word_1_228' title='bbox 635 1944 690 1982; x_wconf 78' lang='lat' dir='ltr'><strong>rx</strong></span> <span class='ocrx_word' id='word_1_229' title='bbox 721 1925 953 1998; x_wconf 79' lang='lat' dir='ltr'><strong>Confess.</strong></span> <span class='ocrx_word' id='word_1_230' title='bbox 1000 1944 1045 1982; x_wconf 79' lang='grc' dir='ltr'><strong>ε.</strong></span> <span class='ocrx_word' id='word_1_231' title='bbox 1082 1927 1115 1982; x_wconf 90' lang='grc'>6</span> <span class='ocrx_word' id='word_1_232' title='bbox 1143 1935 1187 1982; x_wconf 87' lang='lat' dir='ltr'><strong>et</strong></span> <span class='ocrx_word' id='word_1_233' title='bbox 1216 1928 1306 1998; x_wconf 86' lang='lat'><strong>7);</strong></span> <span class='ocrx_word' id='word_1_234' title='bbox 1331 1927 1399 1981; x_wconf 85' lang='lat' dir='ltr'><strong>de</strong></span> <span class='ocrx_word' id='word_1_235' title='bbox 1428 1942 1486 1982; x_wconf 90' lang='lat' dir='ltr'><strong>se</strong></span> <span class='ocrx_word' id='word_1_236' title='bbox 1509 1941 1721 1998; x_wconf 84' lang='lat' dir='ltr'><strong>queque</strong></span> <span class='ocrx_word' id='word_1_237' title='bbox 1751 1929 1825 1982; x_wconf 90' lang='lat' dir='ltr'><strong>ita</strong></span> <span class='ocrx_word' id='word_1_238' title='bbox 1857 1915 1904 1976; x_wconf 88' lang='grc' dir='ltr'>Β</span> <span class='ocrx_word' id='word_1_239' title='bbox 1933 1923 2030 1978; x_wconf 91' lang='lat' dir='ltr'><strong>luit</strong></span> <span class='ocrx_word' id='word_1_240' title='bbox 2072 1922 2485 1994; x_wconf 83' lang='lat' dir='ltr'><strong>explicationem</strong></span> <span class='ocrx_word' id='word_1_241' title='bbox 2519 1922 2762 1978; x_wconf 92' lang='lat' dir='ltr'><strong>iocorum</strong></span> <span class='ocrx_word' id='word_1_242' title='bbox 2795 1937 2826 1978; x_wconf 94' lang='lat' dir='ltr'><strong>e</strong></span> <span class='ocrx_word' id='word_1_243' title='bbox 2867 1922 3104 1978; x_wconf 86' lang='lat' dir='ltr'><strong>Canticis</strong></span> <span class='ocrx_word' id='word_1_244' title='bbox 3153 1922 3288 1977; x_wconf 91' lang='lat' dir='ltr'><strong>bene</strong></span> <span class='ocrx_word' id='word_1_245' title='bbox 3331 1922 3533 1977; x_wconf 85' lang='lat' dir='ltr'><strong>multo-</strong></span> 
     </span>
    </p>
   </div>
   <div class='ocr_carea' id='block_1_34' title="bbox 221 2019 1828 2093">
    <p class='ocr_par' dir='ltr' id='par_1_34' title="bbox 221 2019 1828 2093">
     <span class='ocr_line' id='line_1_34' title="bbox 221 2019 1828 2093; baseline -0.002 -16"><span class='ocrx_word' id='word_1_246' title='bbox 221 2023 513 2093; x_wconf 84' lang='lat' dir='ltr'><strong>subjungit</strong></span> <span class='ocrx_word' id='word_1_247' title='bbox 535 2041 548 2076; x_wconf 90' lang='lat'>:</span> <span class='ocrx_word' id='word_1_248' title='bbox 573 2023 834 2088; x_wconf 79' lang='lat' dir='ltr'><strong>Quantum</strong></span> <span class='ocrx_word' id='word_1_249' title='bbox 857 2021 996 2093; x_wconf 78' lang='lat' dir='ltr'><strong>flevi,</strong></span> <span class='ocrx_word' id='word_1_250' title='bbox 1023 2021 1217 2090; x_wconf 88' lang='lat' dir='ltr'><strong>inquit,</strong></span> <span class='ocrx_word' id='word_1_251' title='bbox 1239 2022 1290 2074; x_wconf 91' lang='lat' dir='ltr'><strong>in</strong></span> <span class='ocrx_word' id='word_1_252' title='bbox 1314 2019 1516 2093; x_wconf 80' lang='lat' dir='ltr'><strong>hymnis</strong></span> <span class='ocrx_word' id='word_1_253' title='bbox 1543 2028 1590 2076; x_wconf 83' lang='lat' dir='ltr'><strong>et</strong></span> <span class='ocrx_word' id='word_1_254' title='bbox 1616 2022 1828 2075; x_wconf 88' lang='lat' dir='ltr'><strong>canticis</strong></span> 
     </span>
    </p>
   </div>
   <div class='ocr_carea' id='block_1_35' title="bbox 220 2111 1830 2171">
    <p class='ocr_par' dir='ltr' id='par_1_35' title="bbox 220 2111 1830 2171">
     <span class='ocr_line' id='line_1_35' title="bbox 220 2111 1830 2171; baseline -0.002 0"><span class='ocrx_word' id='word_1_255' title='bbox 220 2131 386 2171; x_wconf 75' lang='lat' dir='ltr'><strong>suave</strong></span> <span class='ocrx_word' id='word_1_256' title='bbox 418 2116 647 2169; x_wconf 85' lang='lat' dir='ltr'><strong>sonantis</strong></span> <span class='ocrx_word' id='word_1_257' title='bbox 681 2113 928 2168; x_wconf 79' lang='lat' dir='ltr'><strong>Ecclesia:</strong></span> <span class='ocrx_word' id='word_1_258' title='bbox 956 2123 1058 2168; x_wconf 75' lang='lat' dir='ltr'><strong>tua:</strong></span> <span class='ocrx_word' id='word_1_259' title='bbox 1081 2123 1363 2167; x_wconf 87' lang='lat' dir='ltr'><strong>commotus</strong></span> <span class='ocrx_word' id='word_1_260' title='bbox 1391 2113 1617 2168; x_wconf 85' lang='lat' dir='ltr'><strong>acriter?</strong></span> <span class='ocrx_word' id='word_1_261' title='bbox 1648 2111 1830 2168; x_wconf 76' lang='lat' dir='ltr'><strong>Ratio-</strong></span> 
     </span>
    </p>
   </div>
   <div class='ocr_carea' id='block_1_36' title="bbox 222 2203 1832 2265">
    <p class='ocr_par' dir='ltr' id='par_1_36' title="bbox 222 2203 1832 2265">
     <span class='ocr_line' id='line_1_36' title="bbox 222 2203 1832 2265; baseline -0.002 -1"><span class='ocrx_word' id='word_1_262' title='bbox 222 2223 358 2265; x_wconf 86' lang='lat' dir='ltr'><strong>nem</strong></span> <span class='ocrx_word' id='word_1_263' title='bbox 387 2216 564 2264; x_wconf 88' lang='lat' dir='ltr'><strong>autetn</strong></span> <span class='ocrx_word' id='word_1_264' title='bbox 594 2208 648 2263; x_wconf 89' lang='lat' dir='ltr'><strong>in</strong></span> <span class='ocrx_word' id='word_1_265' title='bbox 676 2209 758 2263; x_wconf 89' lang='lat' dir='ltr'><strong>his</strong></span> <span class='ocrx_word' id='word_1_266' title='bbox 795 2209 1042 2263; x_wconf 86' lang='lat' dir='ltr'><strong>cantibus</strong></span> <span class='ocrx_word' id='word_1_267' title='bbox 1069 2206 1411 2262; x_wconf 76' lang='lat' dir='ltr'><strong>observatam</strong></span> <span class='ocrx_word' id='word_1_268' title='bbox 1435 2221 1555 2262; x_wconf 91' lang='lat' dir='ltr'><strong>esse</strong></span> <span class='ocrx_word' id='word_1_269' title='bbox 1575 2203 1832 2262; x_wconf 85' lang='lat' dir='ltr'><strong>occiden-</strong></span> 
     </span>
    </p>
   </div>
   <div class='ocr_carea' id='block_1_37' title="bbox 225 2299 1827 2370">
    <p class='ocr_par' dir='ltr' id='par_1_37' title="bbox 225 2299 1827 2370">
     <span class='ocr_line' id='line_1_37' title="bbox 225 2299 1827 2370; baseline -0.001 -13"><span class='ocrx_word' id='word_1_270' title='bbox 225 2303 326 2357; x_wconf 82' lang='lat' dir='ltr'><strong>tali</strong></span> <span class='ocrx_word' id='word_1_271' title='bbox 364 2300 626 2357; x_wconf 68' lang='lat' dir='ltr'><strong>Ecclesia:</strong></span> <span class='ocrx_word' id='word_1_272' title='bbox 655 2301 894 2356; x_wconf 91' lang='lat' dir='ltr'><strong>nondum</strong></span> <span class='ocrx_word' id='word_1_273' title='bbox 926 2301 1200 2366; x_wconf 86' lang='lat' dir='ltr'><strong>usitatam,</strong></span> <span class='ocrx_word' id='word_1_274' title='bbox 1235 2309 1355 2370; x_wconf 88' lang='lat' dir='ltr'><strong>post</strong></span> <span class='ocrx_word' id='word_1_275' title='bbox 1385 2299 1602 2354; x_wconf 90' lang='lat' dir='ltr'><strong>modum</strong></span> <span class='ocrx_word' id='word_1_276' title='bbox 1625 2315 1751 2354; x_wconf 90' lang='lat' dir='ltr'><strong>vero</strong></span> <span class='ocrx_word' id='word_1_277' title='bbox 1772 2299 1827 2356; x_wconf 88' lang='lat' dir='ltr'><strong>in</strong></span> 
     </span>
    </p>
   </div>
   <div class='ocr_carea' id='block_1_38' title="bbox 223 2387 1826 2468">
    <p class='ocr_par' dir='ltr' id='par_1_38' title="bbox 223 2387 1826 2468">
     <span class='ocr_line' id='line_1_38' title="bbox 223 2387 1826 2468; baseline -0.004 -16"><span class='ocrx_word' id='word_1_278' title='bbox 223 2409 294 2453; x_wconf 87' lang='lat' dir='ltr'><strong>ea</strong></span> <span class='ocrx_word' id='word_1_279' title='bbox 327 2406 702 2468; x_wconf 80' lang='lat' dir='ltr'><strong>propagatum,</strong></span> <span class='ocrx_word' id='word_1_280' title='bbox 720 2393 832 2450; x_wconf 70' lang='lat' dir='ltr'><strong>hac</strong></span> <span class='ocrx_word' id='word_1_281' title='bbox 846 2392 1134 2465; x_wconf 79' lang='lat' dir='ltr'><strong>Augustini</strong></span> <span class='ocrx_word' id='word_1_282' title='bbox 1165 2391 1324 2448; x_wconf 73' lang='lat' dir='ltr'><strong>verba</strong></span> <span class='ocrx_word' id='word_1_283' title='bbox 1351 2402 1617 2448; x_wconf 88' lang='lat' dir='ltr'><strong>testantur</strong></span> <span class='ocrx_word' id='word_1_284' title='bbox 1632 2410 1644 2446; x_wconf 89' lang='lat'><strong>:</strong></span> <span class='ocrx_word' id='word_1_285' title='bbox 1659 2387 1826 2460; x_wconf 84' lang='lat' dir='ltr'><strong>Tunc,</strong></span> 
     </span>
    </p>
   </div>
   <div class='ocr_carea' id='block_1_39' title="bbox 224 2485 1830 2558">
    <p class='ocr_par' dir='ltr' id='par_1_39' title="bbox 224 2485 1830 2558">
     <span class='ocr_line' id='line_1_39' title="bbox 224 2485 1830 2558; baseline -0.004 -15"><span class='ocrx_word' id='word_1_286' title='bbox 224 2490 306 2543; x_wconf 84' lang='lat' dir='ltr'><strong>ait</strong></span> <span class='ocrx_word' id='word_1_287' title='bbox 339 2488 465 2553; x_wconf 91' lang='lat' dir='ltr'><strong>ille,</strong></span> <span class='ocrx_word' id='word_1_288' title='bbox 500 2488 678 2558; x_wconf 81' lang='lat' dir='ltr'><strong>hymni</strong></span> <span class='ocrx_word' id='word_1_289' title='bbox 735 2495 780 2542; x_wconf 88' lang='lat' dir='ltr'><strong>et</strong></span> <span class='ocrx_word' id='word_1_290' title='bbox 831 2488 1039 2558; x_wconf 78' lang='lat' dir='ltr'><strong>psalmi,</strong></span> <span class='ocrx_word' id='word_1_291' title='bbox 1091 2495 1144 2542; x_wconf 85' lang='lat' dir='ltr'><strong>ut</strong></span> <span class='ocrx_word' id='word_1_292' title='bbox 1195 2497 1497 2541; x_wconf 89' lang='lat' dir='ltr'><strong>canerentur</strong></span> <span class='ocrx_word' id='word_1_293' title='bbox 1550 2485 1830 2540; x_wconf 84' lang='lat' dir='ltr'><strong>secundum</strong></span> 
     </span>
    </p>
   </div>
   <div class='ocr_carea' id='block_1_40' title="bbox 224 2579 1831 2654">
    <p class='ocr_par' dir='ltr' id='par_1_40' title="bbox 224 2579 1831 2654">
     <span class='ocr_line' id='line_1_40' title="bbox 224 2579 1831 2654; baseline -0.002 -18"><span class='ocrx_word' id='word_1_294' title='bbox 224 2597 427 2636; x_wconf 88' lang='lat' dir='ltr'><strong>morent</strong></span> <span class='ocrx_word' id='word_1_295' title='bbox 461 2584 801 2637; x_wconf 81' lang='lat' dir='ltr'><strong>orientalium</strong></span> <span class='ocrx_word' id='word_1_296' title='bbox 832 2585 1055 2654; x_wconf 87' lang='lat' dir='ltr'><strong>partium</strong></span> <span class='ocrx_word' id='word_1_297' title='bbox 1079 2583 1368 2636; x_wconf 65' lang='lat' dir='ltr'><strong>institutum</strong></span> <span class='ocrx_word' id='word_1_298' title='bbox 1397 2591 1489 2646; x_wconf 86' lang='lat' dir='ltr'><strong>est,</strong></span> <span class='ocrx_word' id='word_1_299' title='bbox 1508 2589 1555 2634; x_wconf 88' lang='lat' dir='ltr'><strong>et</strong></span> <span class='ocrx_word' id='word_1_300' title='bbox 1584 2596 1645 2633; x_wconf 78' lang='lat' dir='ltr'><strong>ea:</strong></span> <span class='ocrx_word' id='word_1_301' title='bbox 1667 2579 1755 2634; x_wconf 90' lang='lat' dir='ltr'><strong>illo</strong></span> <span class='ocrx_word' id='word_1_302' title='bbox 1778 2580 1831 2633; x_wconf 89' lang='lat' dir='ltr'><strong>in</strong></span> 
     </span>
    </p>
   </div>
   <div class='ocr_carea' id='block_1_41' title="bbox 229 2673 1834 2746">
    <p class='ocr_par' dir='ltr' id='par_1_41' title="bbox 229 2673 1834 2746">
     <span class='ocr_line' id='line_1_41' title="bbox 229 2673 1834 2746; baseline -0.002 -16"><span class='ocrx_word' id='word_1_303' title='bbox 229 2676 545 2731; x_wconf 84' lang='lat' dir='ltr'><strong>hodiernum</strong></span> <span class='ocrx_word' id='word_1_304' title='bbox 573 2687 848 2744; x_wconf 81' lang='lat' dir='ltr'><strong>retentum,</strong></span> <span class='ocrx_word' id='word_1_305' title='bbox 882 2677 1056 2731; x_wconf 85' lang='lat' dir='ltr'><strong>inultis</strong></span> <span class='ocrx_word' id='word_1_306' title='bbox 1080 2678 1192 2746; x_wconf 87' lang='lat' dir='ltr'><strong>jam</strong></span> <span class='ocrx_word' id='word_1_307' title='bbox 1225 2686 1269 2729; x_wconf 84' lang='lat' dir='ltr'><strong>et</strong></span> <span class='ocrx_word' id='word_1_308' title='bbox 1298 2691 1424 2745; x_wconf 87' lang='lat' dir='ltr'><strong>pene</strong></span> <span class='ocrx_word' id='word_1_309' title='bbox 1458 2673 1692 2728; x_wconf 87' lang='lat' dir='ltr'><strong>omnibus</strong></span> <span class='ocrx_word' id='word_1_310' title='bbox 1723 2689 1834 2744; x_wconf 85' lang='lat' dir='ltr'><strong>grc-</strong></span> 
     </span>
    </p>
   </div>
   <div class='ocr_carea' id='block_1_42' title="bbox 233 2765 1834 2840">
    <p class='ocr_par' dir='ltr' id='par_1_42' title="bbox 233 2765 1834 2840">
     <span class='ocr_line' id='line_1_42' title="bbox 233 2765 1834 2840; baseline -0.002 -20"><span class='ocrx_word' id='word_1_311' title='bbox 233 2766 388 2838; x_wconf 87' lang='lat' dir='ltr'><strong>gibus</strong></span> <span class='ocrx_word' id='word_1_312' title='bbox 431 2769 530 2823; x_wconf 87' lang='lat' dir='ltr'><strong>tuis</strong></span> <span class='ocrx_word' id='word_1_313' title='bbox 572 2778 620 2822; x_wconf 87' lang='lat' dir='ltr'><strong>et</strong></span> <span class='ocrx_word' id='word_1_314' title='bbox 658 2779 750 2838; x_wconf 83' lang='lat' dir='ltr'><strong>per</strong></span> <span class='ocrx_word' id='word_1_315' title='bbox 772 2777 952 2822; x_wconf 75' lang='lat' dir='ltr'><strong>cratera</strong></span> <span class='ocrx_word' id='word_1_316' title='bbox 985 2767 1122 2822; x_wconf 87' lang='lat' dir='ltr'><strong>orbis</strong></span> <span class='ocrx_word' id='word_1_317' title='bbox 1165 2766 1481 2822; x_wconf 85' lang='lat' dir='ltr'><strong>imitantibus</strong></span> <span class='ocrx_word' id='word_1_318' title='bbox 1511 2765 1702 2840; x_wconf 86' lang='lat' dir='ltr'><strong>(lbid.)</strong></span> <span class='ocrx_word' id='word_1_319' title='bbox 1731 2767 1834 2822; x_wconf 81' lang='lat' dir='ltr'><strong>Ea-</strong></span> 
     </span>
    </p>
   </div>
   <div class='ocr_carea' id='block_1_43' title="bbox 240 2857 1831 2931">
    <p class='ocr_par' dir='ltr' id='par_1_43' title="bbox 240 2857 1831 2931">
     <span class='ocr_line' id='line_1_43' title="bbox 240 2857 1831 2931; baseline 0.001 -17"><span class='ocrx_word' id='word_1_320' title='bbox 240 2860 369 2914; x_wconf 87' lang='lat' dir='ltr'><strong>dem</strong></span> <span class='ocrx_word' id='word_1_321' title='bbox 402 2861 564 2913; x_wconf 83' lang='lat' dir='ltr'><strong>etiam</strong></span> <span class='ocrx_word' id='word_1_322' title='bbox 592 2860 661 2915; x_wconf 88' lang='lat' dir='ltr'><strong>de</strong></span> <span class='ocrx_word' id='word_1_323' title='bbox 689 2860 796 2915; x_wconf 90' lang='lat' dir='ltr'><strong>hoc</strong></span> <span class='ocrx_word' id='word_1_324' title='bbox 824 2861 1068 2914; x_wconf 78' lang='lat' dir='ltr'><strong>instituto</strong></span> <span class='ocrx_word' id='word_1_325' title='bbox 1098 2860 1266 2914; x_wconf 82' lang='lat' dir='ltr'><strong>tradit</strong></span> <span class='ocrx_word' id='word_1_326' title='bbox 1300 2859 1556 2914; x_wconf 87' lang='lat' dir='ltr'><strong>Paulinus</strong></span> <span class='ocrx_word' id='word_1_327' title='bbox 1584 2857 1831 2931; x_wconf 84' lang='lat' dir='ltr'><strong>(Paulin.</strong></span> 
     </span>
    </p>
   </div>
   <div class='ocr_carea' id='block_1_44' title="bbox 233 2950 1836 3024">
    <p class='ocr_par' dir='ltr' id='par_1_44' title="bbox 233 2950 1836 3024">
     <span class='ocr_line' id='line_1_44' title="bbox 233 2950 1836 3024; baseline 0.002 -19"><span class='ocrx_word' id='word_1_328' title='bbox 233 2951 291 3006; x_wconf 86' lang='lat' dir='ltr'><strong>in</strong></span> <span class='ocrx_word' id='word_1_329' title='bbox 326 2950 444 3004; x_wconf 82' lang='lat' dir='ltr'><strong>Vita</strong></span> <span class='ocrx_word' id='word_1_330' title='bbox 462 2951 638 3006; x_wconf 82' lang='lat' dir='ltr'><strong>Ambr.</strong></span> <span class='ocrx_word' id='word_1_331' title='bbox 660 2964 804 3006; x_wconf 77' lang='lat' dir='ltr'><strong>itum.</strong></span> <span class='ocrx_word' id='word_1_332' title='bbox 825 2953 934 3024; x_wconf 79' lang='lat' dir='ltr'><strong>i5).</strong></span> <span class='ocrx_word' id='word_1_333' title='bbox 959 2951 1343 3008; x_wconf 76' lang='lat' dir='ltr'><strong>Verumtamen</strong></span> <span class='ocrx_word' id='word_1_334' title='bbox 1368 2952 1508 3022; x_wconf 90' lang='lat' dir='ltr'><strong>quod</strong></span> <span class='ocrx_word' id='word_1_335' title='bbox 1524 2951 1836 3022; x_wconf 70' lang='lat' dir='ltr'><strong>psalmodizn</strong></span> 
     </span>
    </p>
   </div>
   <div class='ocr_carea' id='block_1_45' title="bbox 231 3033 1836 3115">
    <p class='ocr_par' dir='ltr' id='par_1_45' title="bbox 231 3033 1836 3115">
     <span class='ocr_line' id='line_1_45' title="bbox 231 3033 1836 3115; baseline 0.001 -17"><span class='ocrx_word' id='word_1_336' title='bbox 231 3051 402 3114; x_wconf 87' lang='lat' dir='ltr'><strong>atque</strong></span> <span class='ocrx_word' id='word_1_337' title='bbox 443 3033 753 3115; x_wconf 75' lang='lat' dir='ltr'><strong>hymnodia:</strong></span> <span class='ocrx_word' id='word_1_338' title='bbox 783 3058 953 3114; x_wconf 88' lang='lat' dir='ltr'><strong>genus</strong></span> <span class='ocrx_word' id='word_1_339' title='bbox 1003 3044 1092 3100; x_wconf 92' lang='lat' dir='ltr'><strong>hie</strong></span> <span class='ocrx_word' id='word_1_340' title='bbox 1135 3045 1211 3100; x_wconf 87' lang='lat' dir='ltr'><strong>sit</strong></span> <span class='ocrx_word' id='word_1_341' title='bbox 1253 3043 1697 3113; x_wconf 90' lang='lat' dir='ltr'><strong>intelligendum,</strong></span> <span class='ocrx_word' id='word_1_342' title='bbox 1729 3059 1836 3099; x_wconf 88' lang='lat' dir='ltr'><strong>non</strong></span> 
     </span>
    </p>
   </div>
   <div class='ocr_carea' id='block_1_46' title="bbox 232 3134 1836 3207">
    <p class='ocr_par' dir='ltr' id='par_1_46' title="bbox 232 3134 1836 3207">
     <span class='ocr_line' id='line_1_46' title="bbox 232 3134 1836 3207; baseline -0.001 -16"><span class='ocrx_word' id='word_1_343' title='bbox 232 3136 372 3192; x_wconf 83' lang='lat' dir='ltr'><strong>satis</strong></span> <span class='ocrx_word' id='word_1_344' title='bbox 406 3143 624 3191; x_wconf 83' lang='lat' dir='ltr'><strong>constat</strong></span> <span class='ocrx_word' id='word_1_345' title='bbox 663 3136 806 3192; x_wconf 91' lang='lat' dir='ltr'><strong>inter</strong></span> <span class='ocrx_word' id='word_1_346' title='bbox 833 3145 1088 3193; x_wconf 87' lang='lat' dir='ltr'><strong>auctores</strong></span> <span class='ocrx_word' id='word_1_347' title='bbox 1116 3154 1129 3192; x_wconf 91' lang='lat'><strong>:</strong></span> <span class='ocrx_word' id='word_1_348' title='bbox 1165 3151 1340 3207; x_wconf 89' lang='lat' dir='ltr'><strong>neque</strong></span> <span class='ocrx_word' id='word_1_349' title='bbox 1369 3137 1531 3192; x_wconf 86' lang='lat' dir='ltr'><strong>etiam</strong></span> <span class='ocrx_word' id='word_1_350' title='bbox 1558 3134 1836 3205; x_wconf 79' lang='lat' dir='ltr'><strong>itujusloei</strong></span> 
     </span>
    </p>
   </div>
   <div class='ocr_carea' id='block_1_47' title="bbox 230 3229 1059 3300">
    <p class='ocr_par' dir='ltr' id='par_1_47' title="bbox 230 3229 1059 3300">
     <span class='ocr_line' id='line_1_47' title="bbox 230 3229 1059 3300; baseline -0.001 -15"><span class='ocrx_word' id='word_1_351' title='bbox 230 3237 320 3285; x_wconf 91' lang='lat' dir='ltr'><strong>est</strong></span> <span class='ocrx_word' id='word_1_352' title='bbox 347 3230 632 3300; x_wconf 81' lang='lat' dir='ltr'><strong>operosius</strong></span> <span class='ocrx_word' id='word_1_353' title='bbox 660 3229 713 3283; x_wconf 90' lang='lat' dir='ltr'><strong>id</strong></span> <span class='ocrx_word' id='word_1_354' title='bbox 745 3243 812 3284; x_wconf 81' lang='lat' dir='ltr'><strong>ex</strong></span> <span class='ocrx_word' id='word_1_355' title='bbox 825 3229 1059 3300; x_wconf 87' lang='lat' dir='ltr'><strong>plorare.</strong></span> 
     </span>
    </p>
   </div>
   <div class='ocr_carea' id='block_1_48' title="bbox 1931 2017 3528 2089">
    <p class='ocr_par' dir='ltr' id='par_1_48' title="bbox 1931 2017 3528 2089">
     <span class='ocr_line' id='line_1_48' title="bbox 1931 2017 3528 2089; baseline 0 -17"><span class='ocrx_word' id='word_1_356' title='bbox 1931 2033 2091 2083; x_wconf 89' lang='lat' dir='ltr'><strong>rum,</strong></span> <span class='ocrx_word' id='word_1_357' title='bbox 2145 2033 2282 2088; x_wconf 88' lang='lat' dir='ltr'><strong>quos</strong></span> <span class='ocrx_word' id='word_1_358' title='bbox 2331 2027 2651 2089; x_wconf 87' lang='lat' dir='ltr'><strong>argumento</strong></span> <span class='ocrx_word' id='word_1_359' title='bbox 2693 2031 2795 2072; x_wconf 88' lang='lat' dir='ltr'><strong>suo</strong></span> <span class='ocrx_word' id='word_1_360' title='bbox 2844 2017 3013 2088; x_wconf 84' lang='lat' dir='ltr'><strong>magis</strong></span> <span class='ocrx_word' id='word_1_361' title='bbox 3058 2029 3358 2088; x_wconf 84' lang='lat' dir='ltr'><strong>cuogruere</strong></span> <span class='ocrx_word' id='word_1_362' title='bbox 3384 2017 3528 2073; x_wconf 79' lang='lat' dir='ltr'><strong>exis-</strong></span> 
     </span>
    </p>
   </div>
   <div class='ocr_carea' id='block_1_49' title="bbox 1931 2109 2158 2164">
    <p class='ocr_par' dir='ltr' id='par_1_49' title="bbox 1931 2109 2158 2164">
     <span class='ocr_line' id='line_1_49' title="bbox 1931 2109 2158 2164; baseline -0.004 0"><span class='ocrx_word' id='word_1_363' title='bbox 1931 2109 2158 2164; x_wconf 89' lang='lat' dir='ltr'><strong>titnavit.</strong></span> 
     </span>
    </p>
   </div>
   <div class='ocr_carea' id='block_1_50' title="bbox 2004 2197 3534 2269">
    <p class='ocr_par' dir='ltr' id='par_1_50' title="bbox 2004 2197 3534 2269">
     <span class='ocr_line' id='line_1_50' title="bbox 2004 2197 3534 2269; baseline 0.001 -13"><span class='ocrx_word' id='word_1_364' title='bbox 2004 2203 2093 2258; x_wconf 91' lang='lat'><strong>77.</strong></span> <span class='ocrx_word' id='word_1_365' title='bbox 2129 2197 2391 2269; x_wconf 76' lang='lat' dir='ltr'><strong>Quamvis</strong></span> <span class='ocrx_word' id='word_1_366' title='bbox 2420 2200 2638 2257; x_wconf 90' lang='lat' dir='ltr'><strong>Baronii</strong></span> <span class='ocrx_word' id='word_1_367' title='bbox 2662 2201 2930 2258; x_wconf 90' lang='lat' dir='ltr'><strong>sententia</strong></span> <span class='ocrx_word' id='word_1_368' title='bbox 2975 2201 3138 2258; x_wconf 87' lang='lat' dir='ltr'><strong>fuerit</strong></span> <span class='ocrx_word' id='word_1_369' title='bbox 3177 2202 3534 2258; x_wconf 86' lang='lat' dir='ltr'><strong>Ambrosiana</strong></span> 
     </span>
    </p>
   </div>
   <div class='ocr_carea' id='block_1_51' title="bbox 1931 2285 3532 2367">
    <p class='ocr_par' dir='ltr' id='par_1_51' title="bbox 1931 2285 3532 2367">
     <span class='ocr_line' id='line_1_51' title="bbox 1931 2285 3532 2367; baseline 0.001 -15"><span class='ocrx_word' id='word_1_370' title='bbox 1931 2297 1986 2352; x_wconf 87' lang='lat' dir='ltr'><strong>in</strong></span> <span class='ocrx_word' id='word_1_371' title='bbox 2033 2285 2383 2367; x_wconf 77' lang='lat' dir='ltr'><strong>Evangelium</strong></span> <span class='ocrx_word' id='word_1_372' title='bbox 2431 2294 2573 2351; x_wconf 87' lang='lat' dir='ltr'><strong>beati</strong></span> <span class='ocrx_word' id='word_1_373' title='bbox 2627 2295 2783 2352; x_wconf 76' lang='lat' dir='ltr'><strong>Lucae</strong></span> <span class='ocrx_word' id='word_1_374' title='bbox 2830 2297 3214 2352; x_wconf 87' lang='lat' dir='ltr'><strong>commentaria</strong></span> <span class='ocrx_word' id='word_1_375' title='bbox 3273 2296 3398 2353; x_wconf 91' lang='lat' dir='ltr'><strong>inde</strong></span> <span class='ocrx_word' id='word_1_376' title='bbox 3464 2293 3532 2353; x_wconf 89' lang='lat' dir='ltr'><strong>ab</strong></span> 
     </span>
    </p>
   </div>
   <div class='ocr_carea' id='block_1_52' title="bbox 1933 2388 3530 2460">
    <p class='ocr_par' dir='ltr' id='par_1_52' title="bbox 1933 2388 3530 2460">
     <span class='ocr_line' id='line_1_52' title="bbox 1933 2388 3530 2460; baseline -0.001 -14"><span class='ocrx_word' id='word_1_377' title='bbox 1933 2407 2077 2446; x_wconf 90' lang='lat' dir='ltr'><strong>anno</strong></span> <span class='ocrx_word' id='word_1_378' title='bbox 2108 2389 2234 2458; x_wconf 78' lang='lat'><strong>576,</strong></span> <span class='ocrx_word' id='word_1_379' title='bbox 2267 2391 2464 2460; x_wconf 87' lang='lat' dir='ltr'><strong>scripta</strong></span> <span class='ocrx_word' id='word_1_380' title='bbox 2498 2388 2691 2455; x_wconf 87' lang='lat' dir='ltr'><strong>fuisse;</strong></span> <span class='ocrx_word' id='word_1_381' title='bbox 2725 2397 2962 2445; x_wconf 86' lang='lat' dir='ltr'><strong>attamen</strong></span> <span class='ocrx_word' id='word_1_382' title='bbox 3004 2397 3154 2444; x_wconf 74' lang='lat' dir='ltr'><strong>extra</strong></span> <span class='ocrx_word' id='word_1_383' title='bbox 3197 2390 3418 2446; x_wconf 90' lang='lat' dir='ltr'><strong>dubium</strong></span> <span class='ocrx_word' id='word_1_384' title='bbox 3445 2397 3530 2446; x_wconf 87' lang='lat' dir='ltr'><strong>est</strong></span> 
     </span>
    </p>
   </div>
   <div class='ocr_carea' id='block_1_53' title="bbox 1934 2484 3527 2556">
    <p class='ocr_par' dir='ltr' id='par_1_53' title="bbox 1934 2484 3527 2556">
     <span class='ocr_line' id='line_1_53' title="bbox 1934 2484 3527 2556; baseline -0.002 -14"><span class='ocrx_word' id='word_1_385' title='bbox 1934 2487 1986 2542; x_wconf 87' lang='lat' dir='ltr'><strong>in</strong></span> <span class='ocrx_word' id='word_1_386' title='bbox 2015 2485 2377 2553; x_wconf 86' lang='lat' dir='ltr'><strong>sermonibus,</strong></span> <span class='ocrx_word' id='word_1_387' title='bbox 2408 2502 2469 2540; x_wconf 79' lang='lat' dir='ltr'><strong>ex</strong></span> <span class='ocrx_word' id='word_1_388' title='bbox 2503 2484 2698 2556; x_wconf 85' lang='lat' dir='ltr'><strong>quibus</strong></span> <span class='ocrx_word' id='word_1_389' title='bbox 2729 2491 3072 2553; x_wconf 83' lang='lat' dir='ltr'><strong>compactum</strong></span> <span class='ocrx_word' id='word_1_390' title='bbox 3103 2491 3185 2539; x_wconf 87' lang='lat' dir='ltr'><strong>est</strong></span> <span class='ocrx_word' id='word_1_391' title='bbox 3215 2484 3317 2538; x_wconf 90' lang='lat' dir='ltr'><strong>hoc</strong></span> <span class='ocrx_word' id='word_1_392' title='bbox 3349 2484 3527 2555; x_wconf 85' lang='lat' dir='ltr'><strong>ipsum</strong></span> 
     </span>
    </p>
   </div>
   <div class='ocr_carea' id='block_1_54' title="bbox 1933 2577 3529 2654">
    <p class='ocr_par' dir='ltr' id='par_1_54' title="bbox 1933 2577 3529 2654">
     <span class='ocr_line' id='line_1_54' title="bbox 1933 2577 3529 2654; baseline -0.004 -15"><span class='ocrx_word' id='word_1_393' title='bbox 1933 2599 2093 2654; x_wconf 90' lang='lat' dir='ltr'><strong>opus,</strong></span> <span class='ocrx_word' id='word_1_394' title='bbox 2140 2583 2460 2638; x_wconf 83' lang='lat' dir='ltr'><strong>Arianorum</strong></span> <span class='ocrx_word' id='word_1_395' title='bbox 2519 2580 2898 2646; x_wconf 86' lang='lat' dir='ltr'><strong>infestationis,</strong></span> <span class='ocrx_word' id='word_1_396' title='bbox 2936 2577 3205 2650; x_wconf 85' lang='lat' dir='ltr'><strong>tamquam</strong></span> <span class='ocrx_word' id='word_1_397' title='bbox 3237 2580 3312 2635; x_wconf 88' lang='lat' dir='ltr'><strong>rei</strong></span> <span class='ocrx_word' id='word_1_398' title='bbox 3343 2578 3529 2633; x_wconf 84' lang='lat' dir='ltr'><strong>admo-</strong></span> 
     </span>
    </p>
   </div>
   <div class='ocr_carea' id='block_1_55' title="bbox 1934 2671 3525 2743">
    <p class='ocr_par' dir='ltr' id='par_1_55' title="bbox 1934 2671 3525 2743">
     <span class='ocr_line' id='line_1_55' title="bbox 1934 2671 3525 2743; baseline -0.005 -10"><span class='ocrx_word' id='word_1_399' title='bbox 1934 2677 2060 2733; x_wconf 89' lang='lat' dir='ltr'><strong>dum</strong></span> <span class='ocrx_word' id='word_1_400' title='bbox 2091 2676 2355 2743; x_wconf 86' lang='lat' dir='ltr'><strong>recentis,</strong></span> <span class='ocrx_word' id='word_1_401' title='bbox 2405 2675 2518 2730; x_wconf 86' lang='lat' dir='ltr'><strong>fieri</strong></span> <span class='ocrx_word' id='word_1_402' title='bbox 2568 2673 2921 2730; x_wconf 89' lang='lat' dir='ltr'><strong>mentionem.</strong></span> <span class='ocrx_word' id='word_1_403' title='bbox 2978 2671 3206 2726; x_wconf 84' lang='lat' dir='ltr'><strong>Aliunde</strong></span> <span class='ocrx_word' id='word_1_404' title='bbox 3247 2687 3375 2726; x_wconf 88' lang='lat' dir='ltr'><strong>vero</strong></span> <span class='ocrx_word' id='word_1_405' title='bbox 3405 2688 3525 2726; x_wconf 86' lang='lat' dir='ltr'><strong>cum</strong></span> 
     </span>
    </p>
   </div>
   <div class='ocr_carea' id='block_1_56' title="bbox 1936 2763 3528 2840">
    <p class='ocr_par' dir='ltr' id='par_1_56' title="bbox 1936 2763 3528 2840">
     <span class='ocr_line' id='line_1_56' title="bbox 1936 2763 3528 2840; baseline -0.003 -16"><span class='ocrx_word' id='word_1_406' title='bbox 1936 2778 2191 2840; x_wconf 83' lang='lat' dir='ltr'><strong>appareat</strong></span> <span class='ocrx_word' id='word_1_407' title='bbox 2241 2768 2457 2823; x_wconf 89' lang='lat' dir='ltr'><strong>eosdem</strong></span> <span class='ocrx_word' id='word_1_408' title='bbox 2509 2781 2788 2822; x_wconf 86' lang='lat' dir='ltr'><strong>sermones</strong></span> <span class='ocrx_word' id='word_1_409' title='bbox 2830 2781 2936 2820; x_wconf 89' lang='lat' dir='ltr'><strong>non</strong></span> <span class='ocrx_word' id='word_1_410' title='bbox 2979 2765 3081 2820; x_wconf 90' lang='lat' dir='ltr'><strong>nisi</strong></span> <span class='ocrx_word' id='word_1_411' title='bbox 3128 2779 3222 2834; x_wconf 87' lang='lat' dir='ltr'><strong>per</strong></span> <span class='ocrx_word' id='word_1_412' title='bbox 3253 2763 3528 2820; x_wconf 88' lang='lat' dir='ltr'><strong>biennium</strong></span> 
     </span>
    </p>
   </div>
   <div class='ocr_carea' id='block_1_57' title="bbox 1937 2858 3528 2930">
    <p class='ocr_par' dir='ltr' id='par_1_57' title="bbox 1937 2858 3528 2930">
     <span class='ocr_line' id='line_1_57' title="bbox 1937 2858 3528 2930; baseline -0.003 -12"><span class='ocrx_word' id='word_1_413' title='bbox 1937 2863 2104 2918; x_wconf 92' lang='lat' dir='ltr'><strong>fuisse</strong></span> <span class='ocrx_word' id='word_1_414' title='bbox 2129 2862 2424 2928; x_wconf 89' lang='lat' dir='ltr'><strong>absolutos,</strong></span> <span class='ocrx_word' id='word_1_415' title='bbox 2457 2871 2617 2916; x_wconf 91' lang='lat' dir='ltr'><strong>erunt</strong></span> <span class='ocrx_word' id='word_1_416' title='bbox 2641 2859 2778 2915; x_wconf 86' lang='lat' dir='ltr'><strong>forte</strong></span> <span class='ocrx_word' id='word_1_417' title='bbox 2805 2860 2892 2928; x_wconf 87' lang='lat' dir='ltr'><strong>qui</strong></span> <span class='ocrx_word' id='word_1_418' title='bbox 2918 2858 3213 2930; x_wconf 89' lang='lat' dir='ltr'><strong>conjiciant</strong></span> <span class='ocrx_word' id='word_1_419' title='bbox 3240 2859 3528 2914; x_wconf 84' lang='lat' dir='ltr'><strong>Ductorem</strong></span> 
     </span>
    </p>
   </div>
   <div class='ocr_carea' id='block_1_58' title="bbox 1939 2953 3524 3023">
    <p class='ocr_par' dir='ltr' id='par_1_58' title="bbox 1939 2953 3524 3023">
     <span class='ocr_line' id='line_1_58' title="bbox 1939 2953 3524 3023; baseline -0.004 -10"><span class='ocrx_word' id='word_1_420' title='bbox 1939 2967 2186 3013; x_wconf 89' lang='lat' dir='ltr'><strong>nostrum</strong></span> <span class='ocrx_word' id='word_1_421' title='bbox 2212 2957 2434 3012; x_wconf 86' lang='lat' dir='ltr'><strong>alternis</strong></span> <span class='ocrx_word' id='word_1_422' title='bbox 2470 2955 2756 3011; x_wconf 87' lang='lat' dir='ltr'><strong>dominicis</strong></span> <span class='ocrx_word' id='word_1_423' title='bbox 2788 2970 2929 3010; x_wconf 92' lang='lat' dir='ltr'><strong>nunc</strong></span> <span class='ocrx_word' id='word_1_424' title='bbox 2961 2953 3012 3008; x_wconf 93' lang='lat' dir='ltr'><strong>iu</strong></span> <span class='ocrx_word' id='word_1_425' title='bbox 3047 2953 3310 3023; x_wconf 82' lang='lat' dir='ltr'><strong>psalmum</strong></span> <span class='ocrx_word' id='word_1_426' title='bbox 3338 2969 3524 3015; x_wconf 77' lang='lat' dir='ltr'><strong>cxvut,</strong></span> 
     </span>
    </p>
   </div>
   <div class='ocr_carea' id='block_1_59' title="bbox 1940 3047 3525 3121">
    <p class='ocr_par' dir='ltr' id='par_1_59' title="bbox 1940 3047 3525 3121">
     <span class='ocr_line' id='line_1_59' title="bbox 1940 3047 3525 3121; baseline -0.004 -14"><span class='ocrx_word' id='word_1_427' title='bbox 1940 3067 2084 3107; x_wconf 90' lang='lat' dir='ltr'><strong>nunc</strong></span> <span class='ocrx_word' id='word_1_428' title='bbox 2123 3053 2173 3105; x_wconf 92' lang='lat' dir='ltr'><strong>in</strong></span> <span class='ocrx_word' id='word_1_429' title='bbox 2214 3051 2373 3106; x_wconf 70' lang='lat' dir='ltr'><strong>Luem</strong></span> <span class='ocrx_word' id='word_1_430' title='bbox 2405 3050 2749 3121; x_wconf 84' lang='lat' dir='ltr'><strong>Evangelium</strong></span> <span class='ocrx_word' id='word_1_431' title='bbox 2782 3048 2942 3104; x_wconf 86' lang='lat' dir='ltr'><strong>verba</strong></span> <span class='ocrx_word' id='word_1_432' title='bbox 2971 3047 3184 3103; x_wconf 90' lang='lat' dir='ltr'><strong>fecisse.</strong></span> <span class='ocrx_word' id='word_1_433' title='bbox 3217 3047 3318 3116; x_wconf 85' lang='lat' dir='ltr'><strong>Qui</strong></span> <span class='ocrx_word' id='word_1_434' title='bbox 3346 3058 3525 3102; x_wconf 89' lang='lat' dir='ltr'><strong>autent</strong></span> 
     </span>
    </p>
   </div>
   <div class='ocr_carea' id='block_1_60' title="bbox 1941 3137 3526 3213">
    <p class='ocr_par' dir='ltr' id='par_1_60' title="bbox 1941 3137 3526 3213">
     <span class='ocr_line' id='line_1_60' title="bbox 1941 3137 3526 3213; baseline -0.003 -15"><span class='ocrx_word' id='word_1_435' title='bbox 1941 3154 2230 3213; x_wconf 89' lang='lat' dir='ltr'><strong>utrumque</strong></span> <span class='ocrx_word' id='word_1_436' title='bbox 2255 3152 2630 3212; x_wconf 78' lang='lat' dir='ltr'><strong>argumentum</strong></span> <span class='ocrx_word' id='word_1_437' title='bbox 2662 3141 2934 3195; x_wconf 88' lang='lat' dir='ltr'><strong>continuis</strong></span> <span class='ocrx_word' id='word_1_438' title='bbox 2958 3139 3244 3194; x_wconf 91' lang='lat' dir='ltr'><strong>dominicis</strong></span> <span class='ocrx_word' id='word_1_439' title='bbox 3273 3137 3337 3193; x_wconf 90' lang='lat' dir='ltr'><strong>ad</strong></span> <span class='ocrx_word' id='word_1_440' title='bbox 3367 3140 3526 3194; x_wconf 87' lang='lat' dir='ltr'><strong>finem</strong></span> 
     </span>
    </p>
   </div>
   <div class='ocr_carea' id='block_1_61' title="bbox 1943 3229 3530 3307">
    <p class='ocr_par' dir='ltr' id='par_1_61' title="bbox 1943 3229 3530 3307">
     <span class='ocr_line' id='line_1_61' title="bbox 1943 3229 3530 3307; baseline -0.003 -17"><span class='ocrx_word' id='word_1_441' title='bbox 1943 3251 2112 3307; x_wconf 90' lang='lat' dir='ltr'><strong>usque</strong></span> <span class='ocrx_word' id='word_1_442' title='bbox 2137 3244 2416 3290; x_wconf 90' lang='lat' dir='ltr'><strong>tractatum</strong></span> <span class='ocrx_word' id='word_1_443' title='bbox 2443 3233 2624 3288; x_wconf 80' lang='lat' dir='ltr'><strong>volent</strong></span> <span class='ocrx_word' id='word_1_444' title='bbox 2657 3231 2902 3305; x_wconf 82' lang='lat' dir='ltr'><strong>(Admon.</strong></span> <span class='ocrx_word' id='word_1_445' title='bbox 2930 3232 2983 3285; x_wconf 91' lang='lat' dir='ltr'><strong>in</strong></span> <span class='ocrx_word' id='word_1_446' title='bbox 3009 3232 3121 3286; x_wconf 86' lang='lat' dir='ltr'><strong>ead.</strong></span> <span class='ocrx_word' id='word_1_447' title='bbox 3155 3229 3370 3302; x_wconf 81' lang='lat' dir='ltr'><strong>Opera),</strong></span> <span class='ocrx_word' id='word_1_448' title='bbox 3396 3247 3530 3302; x_wconf 84' lang='lat' dir='ltr'><strong>quo-</strong></span> 
     </span>
    </p>
   </div>
   <div class='ocr_carea' id='block_1_62' title="bbox 302 3298 3530 3394">
    <p class='ocr_par' dir='ltr' id='par_1_62' title="bbox 302 3298 3530 3394">
     <span class='ocr_line' id='line_1_62' title="bbox 302 3298 3530 3394; baseline 0 -18"><span class='ocrx_word' id='word_1_449' title='bbox 302 3298 400 3376; x_wconf 52' lang='lat'><strong>75:</strong></span> <span class='ocrx_word' id='word_1_450' title='bbox 425 3321 640 3376; x_wconf 87' lang='lat' dir='ltr'><strong>Clarius</strong></span> <span class='ocrx_word' id='word_1_451' title='bbox 671 3298 928 3392; x_wconf 83' lang='lat' dir='ltr'><strong>quiddam</strong></span> <span class='ocrx_word' id='word_1_452' title='bbox 973 3327 1134 3394; x_wconf 80' lang='lat' dir='ltr'><strong>atque</strong></span> <span class='ocrx_word' id='word_1_453' title='bbox 1167 3321 1448 3386; x_wconf 85' lang='lat' dir='ltr'><strong>illustrius,</strong></span> <span class='ocrx_word' id='word_1_454' title='bbox 1477 3329 1535 3378; x_wconf 90' lang='lat' dir='ltr'><strong>ut</strong></span> <span class='ocrx_word' id='word_1_455' title='bbox 1577 3315 1686 3378; x_wconf 86' lang='lat' dir='ltr'><strong>duo</strong></span> <span class='ocrx_word' id='word_1_456' title='bbox 1717 3337 1826 3378; x_wconf 89' lang='lat' dir='ltr'><strong>me-</strong></span> <span class='ocrx_word' id='word_1_457' title='bbox 1851 3298 1897 3360; x_wconf 66' lang='grc' dir='ltr'>Ο</span> <span class='ocrx_word' id='word_1_458' title='bbox 1935 3298 2111 3384; x_wconf 80' lang='lat' dir='ltr'><strong>minus</strong></span> <span class='ocrx_word' id='word_1_459' title='bbox 2138 3328 2430 3383; x_wconf 89' lang='lat' dir='ltr'><strong>conciones</strong></span> <span class='ocrx_word' id='word_1_460' title='bbox 2476 3327 2527 3380; x_wconf 94' lang='lat' dir='ltr'><strong>in</strong></span> <span class='ocrx_word' id='word_1_461' title='bbox 2577 3298 2776 3380; x_wconf 79' lang='lat' dir='ltr'><strong>Lucam</strong></span> <span class='ocrx_word' id='word_1_462' title='bbox 2824 3324 3074 3394; x_wconf 84' lang='lat' dir='ltr'><strong>rejiciant</strong></span> <span class='ocrx_word' id='word_1_463' title='bbox 3115 3323 3168 3378; x_wconf 91' lang='lat' dir='ltr'><strong>in</strong></span> <span class='ocrx_word' id='word_1_464' title='bbox 3202 3298 3530 3394; x_wconf 75' lang='lat' dir='ltr'><strong>sequentem</strong></span> 
     </span>
    </p>
   </div>
   <div class='ocr_carea' id='block_1_63' title="bbox 225 3413 1828 3484">
    <p class='ocr_par' dir='ltr' id='par_1_63' title="bbox 225 3413 1828 3484">
     <span class='ocr_line' id='line_1_63' title="bbox 225 3413 1828 3484; baseline 0.002 -14"><span class='ocrx_word' id='word_1_465' title='bbox 225 3414 427 3470; x_wconf 89' lang='lat' dir='ltr'><strong>morati</strong></span> <span class='ocrx_word' id='word_1_466' title='bbox 457 3413 753 3484; x_wconf 87' lang='lat' dir='ltr'><strong>scriptores</strong></span> <span class='ocrx_word' id='word_1_467' title='bbox 785 3419 1025 3478; x_wconf 82' lang='lat' dir='ltr'><strong>narrant.</strong></span> <span class='ocrx_word' id='word_1_468' title='bbox 1055 3413 1318 3482; x_wconf 71' lang='lat' dir='ltr'><strong>divinitus</strong></span> <span class='ocrx_word' id='word_1_469' title='bbox 1347 3413 1564 3482; x_wconf 88' lang='lat' dir='ltr'><strong>accidit,</strong></span> <span class='ocrx_word' id='word_1_470' title='bbox 1597 3418 1664 3470; x_wconf 84' lang='lat' dir='ltr'><strong>ad</strong></span> <span class='ocrx_word' id='word_1_471' title='bbox 1690 3433 1828 3473; x_wconf 86' lang='lat' dir='ltr'><strong>coer-</strong></span> 
     </span>
    </p>
   </div>
   <div class='ocr_carea' id='block_1_64' title="bbox 230 3506 1830 3578">
    <p class='ocr_par' dir='ltr' id='par_1_64' title="bbox 230 3506 1830 3578">
     <span class='ocr_line' id='line_1_64' title="bbox 230 3506 1830 3578; baseline 0.004 -18"><span class='ocrx_word' id='word_1_472' title='bbox 230 3507 470 3572; x_wconf 85' lang='lat' dir='ltr'><strong>cendam,</strong></span> <span class='ocrx_word' id='word_1_473' title='bbox 522 3507 692 3577; x_wconf 87' lang='lat' dir='ltr'><strong>inquit</strong></span> <span class='ocrx_word' id='word_1_474' title='bbox 737 3507 1089 3576; x_wconf 81' lang='lat' dir='ltr'><strong>Augustinus,</strong></span> <span class='ocrx_word' id='word_1_475' title='bbox 1144 3506 1339 3561; x_wconf 84' lang='lat' dir='ltr'><strong>rabiem</strong></span> <span class='ocrx_word' id='word_1_476' title='bbox 1385 3508 1687 3578; x_wconf 76' lang='lat' dir='ltr'><strong>femineam,</strong></span> <span class='ocrx_word' id='word_1_477' title='bbox 1739 3511 1830 3566; x_wconf 87' lang='lat' dir='ltr'><strong>sed</strong></span> 
     </span>
    </p>
   </div>
   <div class='ocr_carea' id='block_1_65' title="bbox 228 3602 1829 3676">
    <p class='ocr_par' dir='ltr' id='par_1_65' title="bbox 228 3602 1829 3676">
     <span class='ocr_line' id='line_1_65' title="bbox 228 3602 1829 3676; baseline 0.002 -18"><span class='ocrx_word' id='word_1_478' title='bbox 228 3605 425 3675; x_wconf 79' lang='lat' dir='ltr'><strong>regiam</strong></span> <span class='ocrx_word' id='word_1_479' title='bbox 473 3602 649 3673; x_wconf 89' lang='lat' dir='ltr'><strong>(Locis</strong></span> <span class='ocrx_word' id='word_1_480' title='bbox 697 3602 910 3674; x_wconf 83' lang='lat' dir='ltr'><strong>citatis).</strong></span> <span class='ocrx_word' id='word_1_481' title='bbox 973 3602 1133 3658; x_wconf 82' lang='lat' dir='ltr'><strong>Enim</strong></span> <span class='ocrx_word' id='word_1_482' title='bbox 1181 3613 1310 3658; x_wconf 77' lang='lat' dir='ltr'><strong>vero</strong></span> <span class='ocrx_word' id='word_1_483' title='bbox 1365 3605 1465 3659; x_wconf 90' lang='lat' dir='ltr'><strong>hac</strong></span> <span class='ocrx_word' id='word_1_484' title='bbox 1510 3611 1829 3676; x_wconf 82' lang='lat' dir='ltr'><strong>tempestate</strong></span> 
     </span>
    </p>
   </div>
   <div class='ocr_carea' id='block_1_66' title="bbox 230 3694 1825 3769">
    <p class='ocr_par' dir='ltr' id='par_1_66' title="bbox 230 3694 1825 3769">
     <span class='ocr_line' id='line_1_66' title="bbox 230 3694 1825 3769; baseline 0.001 -17"><span class='ocrx_word' id='word_1_485' title='bbox 230 3696 461 3768; x_wconf 83' lang='lat' dir='ltr'><strong>corpora</strong></span> <span class='ocrx_word' id='word_1_486' title='bbox 505 3696 734 3751; x_wconf 87' lang='lat' dir='ltr'><strong>Protasii</strong></span> <span class='ocrx_word' id='word_1_487' title='bbox 778 3710 840 3750; x_wconf 87' lang='lat' dir='ltr'><strong>ac</strong></span> <span class='ocrx_word' id='word_1_488' title='bbox 884 3694 1128 3752; x_wconf 87' lang='lat' dir='ltr'><strong>Gervasii</strong></span> <span class='ocrx_word' id='word_1_489' title='bbox 1157 3695 1382 3751; x_wconf 84' lang='lat' dir='ltr'><strong>fratrum</strong></span> <span class='ocrx_word' id='word_1_490' title='bbox 1415 3705 1710 3769; x_wconf 85' lang='lat' dir='ltr'><strong>martyrum</strong></span> <span class='ocrx_word' id='word_1_491' title='bbox 1740 3697 1825 3753; x_wconf 89' lang='lat' dir='ltr'><strong>di-</strong></span> 
     </span>
    </p>
   </div>
   <div class='ocr_carea' id='block_1_67' title="bbox 230 3787 1824 3860">
    <p class='ocr_par' dir='ltr' id='par_1_67' title="bbox 230 3787 1824 3860">
     <span class='ocr_line' id='line_1_67' title="bbox 230 3787 1824 3860; baseline 0.001 -17"><span class='ocrx_word' id='word_1_492' title='bbox 230 3790 357 3844; x_wconf 89' lang='lat' dir='ltr'><strong>vino</strong></span> <span class='ocrx_word' id='word_1_493' title='bbox 385 3788 594 3843; x_wconf 90' lang='lat' dir='ltr'><strong>monitu</strong></span> <span class='ocrx_word' id='word_1_494' title='bbox 627 3787 914 3842; x_wconf 86' lang='lat' dir='ltr'><strong>Ambrosio</strong></span> <span class='ocrx_word' id='word_1_495' title='bbox 937 3797 1125 3843; x_wconf 87' lang='lat' dir='ltr'><strong>nostro</strong></span> <span class='ocrx_word' id='word_1_496' title='bbox 1152 3788 1387 3842; x_wconf 89' lang='lat' dir='ltr'><strong>revelata</strong></span> <span class='ocrx_word' id='word_1_497' title='bbox 1417 3797 1564 3855; x_wconf 85' lang='lat' dir='ltr'><strong>sunt,</strong></span> <span class='ocrx_word' id='word_1_498' title='bbox 1595 3799 1824 3860; x_wconf 86' lang='lat' dir='ltr'><strong>quorum</strong></span> 
     </span>
    </p>
   </div>
   <div class='ocr_carea' id='block_1_68' title="bbox 232 3869 1824 3953">
    <p class='ocr_par' dir='ltr' id='par_1_68' title="bbox 232 3869 1824 3953">
     <span class='ocr_line' id='line_1_68' title="bbox 232 3869 1824 3953; baseline -0.001 -15"><span class='ocrx_word' id='word_1_499' title='bbox 232 3883 530 3938; x_wconf 89' lang='lat' dir='ltr'><strong>solemnem</strong></span> <span class='ocrx_word' id='word_1_500' title='bbox 580 3881 1062 3948; x_wconf 72' lang='lat' dir='ltr'><strong>exhumatiouem,</strong></span> <span class='ocrx_word' id='word_1_501' title='bbox 1115 3877 1633 3953; x_wconf 83' lang='lat' dir='ltr'><strong>translationcmque</strong></span> <span class='ocrx_word' id='word_1_502' title='bbox 1699 3869 1824 3936; x_wconf 84' lang='lat' dir='ltr'><strong>dum</strong></span> 
     </span>
    </p>
   </div>
   <div class='ocr_carea' id='block_1_69' title="bbox 233 3972 1824 4039">
    <p class='ocr_par' dir='ltr' id='par_1_69' title="bbox 233 3972 1824 4039">
     <span class='ocr_line' id='line_1_69' title="bbox 233 3972 1824 4039; baseline 0.001 -9"><span class='ocrx_word' id='word_1_503' title='bbox 233 3975 397 4030; x_wconf 77' lang='lat' dir='ltr'><strong>refert</strong></span> <span class='ocrx_word' id='word_1_504' title='bbox 426 3972 764 4039; x_wconf 84' lang='lat' dir='ltr'><strong>Ambrosius,</strong></span> <span class='ocrx_word' id='word_1_505' title='bbox 790 3985 888 4028; x_wconf 85' lang='lat' dir='ltr'><strong>nec</strong></span> <span class='ocrx_word' id='word_1_506' title='bbox 910 3985 1192 4028; x_wconf 86' lang='lat' dir='ltr'><strong>sermones</strong></span> <span class='ocrx_word' id='word_1_507' title='bbox 1213 3973 1268 4028; x_wconf 90' lang='lat' dir='ltr'><strong>in</strong></span> <span class='ocrx_word' id='word_1_508' title='bbox 1293 3985 1358 4026; x_wconf 83' lang='lat' dir='ltr'><strong>ea</strong></span> <span class='ocrx_word' id='word_1_509' title='bbox 1379 3974 1699 4031; x_wconf 88' lang='lat' dir='ltr'><strong>celebritate</strong></span> <span class='ocrx_word' id='word_1_510' title='bbox 1725 3974 1824 4031; x_wconf 88' lang='lat' dir='ltr'><strong>abs</strong></span> 
     </span>
    </p>
   </div>
   <div class='ocr_carea' id='block_1_70' title="bbox 234 4064 1826 4139">
    <p class='ocr_par' dir='ltr' id='par_1_70' title="bbox 234 4064 1826 4139">
     <span class='ocr_line' id='line_1_70' title="bbox 234 4064 1826 4139; baseline 0.001 -17"><span class='ocrx_word' id='word_1_511' title='bbox 234 4081 291 4122; x_wconf 90' lang='lat' dir='ltr'><strong>se</strong></span> <span class='ocrx_word' id='word_1_512' title='bbox 313 4065 548 4133; x_wconf 86' lang='lat' dir='ltr'><strong>habitos,</strong></span> <span class='ocrx_word' id='word_1_513' title='bbox 574 4080 672 4121; x_wconf 92' lang='lat' dir='ltr'><strong>nec</strong></span> <span class='ocrx_word' id='word_1_514' title='bbox 694 4064 950 4120; x_wconf 88' lang='lat' dir='ltr'><strong>miracula</strong></span> <span class='ocrx_word' id='word_1_515' title='bbox 979 4069 1173 4136; x_wconf 81' lang='lat' dir='ltr'><strong>magno</strong></span> <span class='ocrx_word' id='word_1_516' title='bbox 1195 4081 1423 4121; x_wconf 89' lang='lat' dir='ltr'><strong>numero</strong></span> <span class='ocrx_word' id='word_1_517' title='bbox 1443 4082 1472 4120; x_wconf 88' lang='lat' dir='ltr'><strong>a</strong></span> <span class='ocrx_word' id='word_1_518' title='bbox 1502 4065 1826 4139; x_wconf 84' lang='lat' dir='ltr'><strong>Martyribus</strong></span> 
     </span>
    </p>
   </div>
   <div class='ocr_carea' id='block_1_71' title="bbox 235 4159 1826 4234">
    <p class='ocr_par' dir='ltr' id='par_1_71' title="bbox 235 4159 1826 4234">
     <span class='ocr_line' id='line_1_71' title="bbox 235 4159 1826 4234; baseline 0.002 -18"><span class='ocrx_word' id='word_1_519' title='bbox 235 4168 358 4216; x_wconf 92' lang='lat' dir='ltr'><strong>tunc</strong></span> <span class='ocrx_word' id='word_1_520' title='bbox 390 4168 702 4231; x_wconf 81' lang='lat' dir='ltr'><strong>perpetrata</strong></span> <span class='ocrx_word' id='word_1_521' title='bbox 740 4159 956 4215; x_wconf 84' lang='lat' dir='ltr'><strong>silentio</strong></span> <span class='ocrx_word' id='word_1_522' title='bbox 1006 4161 1248 4230; x_wconf 70' lang='lat' dir='ltr'><strong>prmterit</strong></span> <span class='ocrx_word' id='word_1_523' title='bbox 1295 4159 1485 4234; x_wconf 81' lang='lat' dir='ltr'><strong>(Epist.</strong></span> <span class='ocrx_word' id='word_1_524' title='bbox 1516 4161 1610 4232; x_wconf 71' lang='lat'><strong>22)</strong></span> <span class='ocrx_word' id='word_1_525' title='bbox 1647 4178 1662 4228; x_wconf 90' lang='lat'><strong>;</strong></span> <span class='ocrx_word' id='word_1_526' title='bbox 1717 4163 1826 4219; x_wconf 92' lang='lat' dir='ltr'><strong>imo</strong></span> 
     </span>
    </p>
   </div>
   <div class='ocr_carea' id='block_1_72' title="bbox 235 4253 1826 4328">
    <p class='ocr_par' dir='ltr' id='par_1_72' title="bbox 235 4253 1826 4328">
     <span class='ocr_line' id='line_1_72' title="bbox 235 4253 1826 4328; baseline 0.001 -18"><span class='ocrx_word' id='word_1_527' title='bbox 235 4269 332 4310; x_wconf 91' lang='lat' dir='ltr'><strong>nec</strong></span> <span class='ocrx_word' id='word_1_528' title='bbox 361 4253 659 4310; x_wconf 84' lang='lat' dir='ltr'><strong>calumnias</strong></span> <span class='ocrx_word' id='word_1_529' title='bbox 692 4253 1092 4322; x_wconf 72' lang='lat' dir='ltr'><strong>baeretiCorum,</strong></span> <span class='ocrx_word' id='word_1_530' title='bbox 1124 4255 1213 4325; x_wconf 91' lang='lat' dir='ltr'><strong>qui</strong></span> <span class='ocrx_word' id='word_1_531' title='bbox 1256 4254 1472 4310; x_wconf 89' lang='lat' dir='ltr'><strong>diabolo</strong></span> <span class='ocrx_word' id='word_1_532' title='bbox 1500 4255 1618 4326; x_wconf 87' lang='lat' dir='ltr'><strong>ipso</strong></span> <span class='ocrx_word' id='word_1_533' title='bbox 1658 4255 1826 4328; x_wconf 77' lang='lat' dir='ltr'><strong>inagis</strong></span> 
     </span>
    </p>
   </div>
   <div class='ocr_carea' id='block_1_73' title="bbox 236 4343 1825 4420">
    <p class='ocr_par' dir='ltr' id='par_1_73' title="bbox 236 4343 1825 4420">
     <span class='ocr_line' id='line_1_73' title="bbox 236 4343 1825 4420; baseline 0.002 -18"><span class='ocrx_word' id='word_1_534' title='bbox 236 4346 446 4418; x_wconf 88' lang='lat' dir='ltr'><strong>perlidi,</strong></span> <span class='ocrx_word' id='word_1_535' title='bbox 497 4359 632 4417; x_wconf 88' lang='lat' dir='ltr'><strong>quos</strong></span> <span class='ocrx_word' id='word_1_536' title='bbox 661 4343 862 4402; x_wconf 88' lang='lat' dir='ltr'><strong>Christi</strong></span> <span class='ocrx_word' id='word_1_537' title='bbox 904 4357 1170 4420; x_wconf 89' lang='lat' dir='ltr'><strong>martyres</strong></span> <span class='ocrx_word' id='word_1_538' title='bbox 1201 4347 1286 4403; x_wconf 89' lang='lat' dir='ltr'><strong>hic</strong></span> <span class='ocrx_word' id='word_1_539' title='bbox 1318 4345 1606 4414; x_wconf 89' lang='lat' dir='ltr'><strong>fatebatur,</strong></span> <span class='ocrx_word' id='word_1_540' title='bbox 1654 4345 1825 4405; x_wconf 85' lang='lat' dir='ltr'><strong>obsti-</strong></span> 
     </span>
    </p>
   </div>
   <div class='ocr_carea' id='block_1_74' title="bbox 237 4437 1826 4514">
    <p class='ocr_par' dir='ltr' id='par_1_74' title="bbox 237 4437 1826 4514">
     <span class='ocr_line' id='line_1_74' title="bbox 237 4437 1826 4514; baseline 0.003 -21"><span class='ocrx_word' id='word_1_541' title='bbox 237 4443 358 4493; x_wconf 83' lang='lat' dir='ltr'><strong>nate</strong></span> <span class='ocrx_word' id='word_1_542' title='bbox 388 4438 539 4508; x_wconf 80' lang='lat' dir='ltr'><strong>juxta</strong></span> <span class='ocrx_word' id='word_1_543' title='bbox 566 4455 629 4493; x_wconf 91' lang='lat' dir='ltr'><strong>ac</strong></span> <span class='ocrx_word' id='word_1_544' title='bbox 652 4437 994 4509; x_wconf 85' lang='lat' dir='ltr'><strong>impudenter</strong></span> <span class='ocrx_word' id='word_1_545' title='bbox 1027 4453 1222 4510; x_wconf 88' lang='lat' dir='ltr'><strong>negare</strong></span> <span class='ocrx_word' id='word_1_546' title='bbox 1253 4440 1539 4496; x_wconf 88' lang='lat' dir='ltr'><strong>audebant.</strong></span> <span class='ocrx_word' id='word_1_547' title='bbox 1573 4439 1826 4514; x_wconf 77' lang='lat' dir='ltr'><strong>Angusti-</strong></span> 
     </span>
    </p>
   </div>
   <div class='ocr_carea' id='block_1_75' title="bbox 237 4532 1820 4603">
    <p class='ocr_par' dir='ltr' id='par_1_75' title="bbox 237 4532 1820 4603">
     <span class='ocr_line' id='line_1_75' title="bbox 237 4532 1820 4603; baseline 0.003 -15"><span class='ocrx_word' id='word_1_548' title='bbox 237 4547 334 4588; x_wconf 90' lang='lat' dir='ltr'><strong>nus</strong></span> <span class='ocrx_word' id='word_1_549' title='bbox 361 4532 452 4602; x_wconf 88' lang='lat' dir='ltr'><strong>qui</strong></span> <span class='ocrx_word' id='word_1_550' title='bbox 487 4548 724 4603; x_wconf 76' lang='lat' dir='ltr'><strong>prtescns</strong></span> <span class='ocrx_word' id='word_1_551' title='bbox 751 4541 885 4600; x_wconf 87' lang='lat' dir='ltr'><strong>erat,</strong></span> <span class='ocrx_word' id='word_1_552' title='bbox 922 4533 1111 4588; x_wconf 85' lang='lat' dir='ltr'><strong>horum</strong></span> <span class='ocrx_word' id='word_1_553' title='bbox 1141 4534 1302 4589; x_wconf 86' lang='lat' dir='ltr'><strong>etiam</strong></span> <span class='ocrx_word' id='word_1_554' title='bbox 1351 4549 1456 4590; x_wconf 90' lang='lat' dir='ltr'><strong>non</strong></span> <span class='ocrx_word' id='word_1_555' title='bbox 1502 4537 1670 4592; x_wconf 89' lang='lat' dir='ltr'><strong>semel</strong></span> <span class='ocrx_word' id='word_1_556' title='bbox 1706 4553 1820 4594; x_wconf 75' lang='lat' dir='ltr'><strong>me~</strong></span> 
     </span>
    </p>
   </div>
   <div class='ocr_carea' id='block_1_76' title="bbox 237 4623 1818 4703">
    <p class='ocr_par' dir='ltr' id='par_1_76' title="bbox 237 4623 1818 4703">
     <span class='ocr_line' id='line_1_76' title="bbox 237 4623 1818 4703; baseline 0.004 -23"><span class='ocrx_word' id='word_1_557' title='bbox 237 4623 387 4680; x_wconf 89' lang='lat' dir='ltr'><strong>minit</strong></span> <span class='ocrx_word' id='word_1_558' title='bbox 417 4624 555 4698; x_wconf 91' lang='lat' dir='ltr'><strong>(Lib.</strong></span> <span class='ocrx_word' id='word_1_559' title='bbox 599 4639 652 4681; x_wconf 76' lang='lat' dir='ltr'><strong>rx</strong></span> <span class='ocrx_word' id='word_1_560' title='bbox 681 4623 860 4696; x_wconf 82' lang='lat' dir='ltr'><strong>Conf.,</strong></span> <span class='ocrx_word' id='word_1_561' title='bbox 902 4643 1018 4698; x_wconf 89' lang='lat' dir='ltr'><strong>cap.</strong></span> <span class='ocrx_word' id='word_1_562' title='bbox 1052 4627 1105 4695; x_wconf 88' lang='lat'><strong>7,</strong></span> <span class='ocrx_word' id='word_1_563' title='bbox 1138 4633 1183 4683; x_wconf 91' lang='lat' dir='ltr'><strong>et</strong></span> <span class='ocrx_word' id='word_1_564' title='bbox 1224 4625 1317 4684; x_wconf 91' lang='lat' dir='ltr'><strong>lib.</strong></span> <span class='ocrx_word' id='word_1_565' title='bbox 1349 4644 1386 4684; x_wconf 86' lang='lat' dir='ltr'><strong>li</strong></span> <span class='ocrx_word' id='word_1_566' title='bbox 1412 4629 1476 4684; x_wconf 83' lang='lat' dir='ltr'><strong>de</strong></span> <span class='ocrx_word' id='word_1_567' title='bbox 1529 4629 1638 4685; x_wconf 85' lang='lat' dir='ltr'><strong>Civ.</strong></span> <span class='ocrx_word' id='word_1_568' title='bbox 1682 4630 1818 4703; x_wconf 86' lang='lat' dir='ltr'><strong>Dei).</strong></span> 
     </span>
    </p>
   </div>
   <div class='ocr_carea' id='block_1_77' title="bbox 1934 3417 2686 3490">
    <p class='ocr_par' dir='ltr' id='par_1_77' title="bbox 1934 3417 2686 3490">
     <span class='ocr_line' id='line_1_77' title="bbox 1934 3417 2686 3490; baseline -0.004 -14"><span class='ocrx_word' id='word_1_569' title='bbox 1934 3437 2161 3487; x_wconf 87' lang='lat' dir='ltr'><strong>annum,</strong></span> <span class='ocrx_word' id='word_1_570' title='bbox 2198 3420 2330 3476; x_wconf 87' lang='lat' dir='ltr'><strong>nihil</strong></span> <span class='ocrx_word' id='word_1_571' title='bbox 2363 3417 2686 3490; x_wconf 81' lang='lat' dir='ltr'><strong>prohibebit.</strong></span> 
     </span>
    </p>
   </div>
   <div class='ocr_carea' id='block_1_78' title="bbox 2004 3511 3528 3589">
    <p class='ocr_par' dir='ltr' id='par_1_78' title="bbox 2004 3511 3528 3589">
     <span class='ocr_line' id='line_1_78' title="bbox 2004 3511 3528 3589; baseline -0.002 -16"><span class='ocrx_word' id='word_1_572' title='bbox 2004 3517 2094 3573; x_wconf 91' lang='lat'><strong>78.</strong></span> <span class='ocrx_word' id='word_1_573' title='bbox 2131 3515 2384 3589; x_wconf 81' lang='lat' dir='ltr'><strong>EpiscOpi</strong></span> <span class='ocrx_word' id='word_1_574' title='bbox 2413 3513 2646 3572; x_wconf 67' lang='lat' dir='ltr'><strong>Emilim</strong></span> <span class='ocrx_word' id='word_1_575' title='bbox 2672 3513 2964 3585; x_wconf 78' lang='lat' dir='ltr'><strong>provincia:</strong></span> <span class='ocrx_word' id='word_1_576' title='bbox 2989 3528 3109 3584; x_wconf 66' lang='lat' dir='ltr'><strong>quae</strong></span> <span class='ocrx_word' id='word_1_577' title='bbox 3143 3528 3285 3568; x_wconf 91' lang='lat' dir='ltr'><strong>nunc</strong></span> <span class='ocrx_word' id='word_1_578' title='bbox 3315 3511 3528 3570; x_wconf 88' lang='lat' dir='ltr'><strong>archie-</strong></span> 
     </span>
    </p>
   </div>
   <div class='ocr_carea' id='block_1_79' title="bbox 1931 3599 3525 3679">
    <p class='ocr_par' dir='ltr' id='par_1_79' title="bbox 1931 3599 3525 3679">
     <span class='ocr_line' id='line_1_79' title="bbox 1931 3599 3525 3679; baseline -0.002 -15"><span class='ocrx_word' id='word_1_579' title='bbox 1931 3609 2214 3679; x_wconf 81' lang='lat' dir='ltr'><strong>piSCopatu</strong></span> <span class='ocrx_word' id='word_1_580' title='bbox 2263 3599 2587 3662; x_wconf 84' lang='lat' dir='ltr'><strong>Bononiensi</strong></span> <span class='ocrx_word' id='word_1_581' title='bbox 2630 3603 3132 3677; x_wconf 85' lang='lat' dir='ltr'><strong>comprehenditur,</strong></span> <span class='ocrx_word' id='word_1_582' title='bbox 3181 3605 3525 3661; x_wconf 84' lang='lat' dir='ltr'><strong>Ambrosium</strong></span> 
     </span>
    </p>
   </div>
   <div class='ocr_carea' id='block_1_80' title="bbox 1930 3696 3528 3772">
    <p class='ocr_par' dir='ltr' id='par_1_80' title="bbox 1930 3696 3528 3772">
     <span class='ocr_line' id='line_1_80' title="bbox 1930 3696 3528 3772; baseline -0.001 -16"><span class='ocrx_word' id='word_1_583' title='bbox 1930 3701 2033 3757; x_wconf 87' lang='lat' dir='ltr'><strong>hoc</strong></span> <span class='ocrx_word' id='word_1_584' title='bbox 2079 3719 2217 3756; x_wconf 87' lang='lat' dir='ltr'><strong>anno</strong></span> <span class='ocrx_word' id='word_1_585' title='bbox 2261 3717 2356 3772; x_wconf 88' lang='lat' dir='ltr'><strong>per</strong></span> <span class='ocrx_word' id='word_1_586' title='bbox 2399 3699 2609 3755; x_wconf 86' lang='lat' dir='ltr'><strong>litteras</strong></span> <span class='ocrx_word' id='word_1_587' title='bbox 2656 3700 3048 3754; x_wconf 91' lang='lat' dir='ltr'><strong>consuluerunt</strong></span> <span class='ocrx_word' id='word_1_588' title='bbox 3100 3714 3202 3770; x_wconf 84' lang='lat' dir='ltr'><strong>qua</strong></span> <span class='ocrx_word' id='word_1_589' title='bbox 3249 3696 3338 3753; x_wconf 89' lang='lat' dir='ltr'><strong>die</strong></span> <span class='ocrx_word' id='word_1_590' title='bbox 3382 3714 3528 3754; x_wconf 87' lang='lat' dir='ltr'><strong>anno</strong></span> 
     </span>
    </p>
   </div>
   <div class='ocr_carea' id='block_1_81' title="bbox 1928 3791 3524 3868">
    <p class='ocr_par' dir='ltr' id='par_1_81' title="bbox 1928 3791 3524 3868">
     <span class='ocr_line' id='line_1_81' title="bbox 1928 3791 3524 3868; baseline -0.002 -19"><span class='ocrx_word' id='word_1_591' title='bbox 1928 3797 2177 3868; x_wconf 76' lang='lat' dir='ltr'><strong>proximo</strong></span> <span class='ocrx_word' id='word_1_592' title='bbox 2201 3793 2395 3850; x_wconf 85' lang='lat' dir='ltr'><strong>festum</strong></span> <span class='ocrx_word' id='word_1_593' title='bbox 2421 3791 2693 3849; x_wconf 83' lang='lat' dir='ltr'><strong>Paschalis</strong></span> <span class='ocrx_word' id='word_1_594' title='bbox 2719 3803 2865 3848; x_wconf 90' lang='lat' dir='ltr'><strong>esset</strong></span> <span class='ocrx_word' id='word_1_595' title='bbox 2887 3792 3298 3858; x_wconf 87' lang='lat' dir='ltr'><strong>celebrandum;</strong></span> <span class='ocrx_word' id='word_1_596' title='bbox 3325 3791 3524 3846; x_wconf 91' lang='lat' dir='ltr'><strong>etenim</strong></span> 
     </span>
    </p>
   </div>
   <div class='ocr_carea' id='block_1_82' title="bbox 1927 3885 3524 3954">
    <p class='ocr_par' dir='ltr' id='par_1_82' title="bbox 1927 3885 3524 3954">
     <span class='ocr_line' id='line_1_82' title="bbox 1927 3885 3524 3954; baseline -0.003 -10"><span class='ocrx_word' id='word_1_597' title='bbox 1927 3905 2048 3944; x_wconf 88' lang='lat' dir='ltr'><strong>cum</strong></span> <span class='ocrx_word' id='word_1_598' title='bbox 2078 3889 2192 3945; x_wconf 85' lang='lat' dir='ltr'><strong>fore</strong></span> <span class='ocrx_word' id='word_1_599' title='bbox 2220 3887 2490 3954; x_wconf 86' lang='lat' dir='ltr'><strong>viderent,</strong></span> <span class='ocrx_word' id='word_1_600' title='bbox 2523 3897 2577 3942; x_wconf 91' lang='lat' dir='ltr'><strong>ut</strong></span> <span class='ocrx_word' id='word_1_601' title='bbox 2621 3889 2669 3942; x_wconf 93' lang='lat' dir='ltr'><strong>in</strong></span> <span class='ocrx_word' id='word_1_602' title='bbox 2702 3903 2774 3942; x_wconf 87' lang='lat' dir='ltr'><strong>vn</strong></span> <span class='ocrx_word' id='word_1_603' title='bbox 2804 3885 2912 3940; x_wconf 81' lang='lat' dir='ltr'><strong>kal.</strong></span> <span class='ocrx_word' id='word_1_604' title='bbox 2957 3885 3122 3941; x_wconf 80' lang='lat' dir='ltr'><strong>Maias</strong></span> <span class='ocrx_word' id='word_1_605' title='bbox 3153 3887 3279 3939; x_wconf 92' lang='lat' dir='ltr'><strong>illud</strong></span> <span class='ocrx_word' id='word_1_606' title='bbox 3313 3885 3524 3941; x_wconf 84' lang='lat' dir='ltr'><strong>incide-</strong></span> 
     </span>
    </p>
   </div>
   <div class='ocr_carea' id='block_1_83' title="bbox 1927 3979 3524 4051">
    <p class='ocr_par' dir='ltr' id='par_1_83' title="bbox 1927 3979 3524 4051">
     <span class='ocr_line' id='line_1_83' title="bbox 1927 3979 3524 4051; baseline -0.004 -11"><span class='ocrx_word' id='word_1_607' title='bbox 1927 3992 2033 4051; x_wconf 89' lang='lat' dir='ltr'><strong>ret,</strong></span> <span class='ocrx_word' id='word_1_608' title='bbox 2065 3994 2244 4039; x_wconf 89' lang='lat' dir='ltr'><strong>utrum</strong></span> <span class='ocrx_word' id='word_1_609' title='bbox 2295 3983 2380 4037; x_wconf 90' lang='lat' dir='ltr'><strong>hic</strong></span> <span class='ocrx_word' id='word_1_610' title='bbox 2424 3982 2538 4037; x_wconf 89' lang='lat' dir='ltr'><strong>dies</strong></span> <span class='ocrx_word' id='word_1_611' title='bbox 2570 3980 2637 4036; x_wconf 87' lang='lat' dir='ltr'><strong>ad</strong></span> <span class='ocrx_word' id='word_1_612' title='bbox 2687 3981 2916 4050; x_wconf 88' lang='lat' dir='ltr'><strong>primum</strong></span> <span class='ocrx_word' id='word_1_613' title='bbox 2965 3979 3236 4049; x_wconf 79' lang='lat' dir='ltr'><strong>equiuoxii</strong></span> <span class='ocrx_word' id='word_1_614' title='bbox 3283 3994 3524 4034; x_wconf 87' lang='lat' dir='ltr'><strong>mensem</strong></span> 
     </span>
    </p>
   </div>
   <div class='ocr_carea' id='block_1_84' title="bbox 1928 4069 3520 4151">
    <p class='ocr_par' dir='ltr' id='par_1_84' title="bbox 1928 4069 3520 4151">
     <span class='ocr_line' id='line_1_84' title="bbox 1928 4069 3520 4151; baseline -0.006 -16"><span class='ocrx_word' id='word_1_615' title='bbox 1928 4077 2264 4151; x_wconf 88' lang='lat' dir='ltr'><strong>pertineret,</strong></span> <span class='ocrx_word' id='word_1_616' title='bbox 2309 4076 2386 4130; x_wconf 87' lang='lat' dir='ltr'><strong>illi</strong></span> <span class='ocrx_word' id='word_1_617' title='bbox 2439 4075 2804 4145; x_wconf 69' lang='lat' dir='ltr'><strong>ambigebant.</strong></span> <span class='ocrx_word' id='word_1_618' title='bbox 2862 4075 3058 4128; x_wconf 86' lang='lat' dir='ltr'><strong>Eorum</strong></span> <span class='ocrx_word' id='word_1_619' title='bbox 3114 4069 3520 4141; x_wconf 80' lang='lat' dir='ltr'><strong>interrogationi</strong></span> 
     </span>
    </p>
   </div>
   <div class='ocr_carea' id='block_1_85' title="bbox 1927 4164 3525 4240">
    <p class='ocr_par' dir='ltr' id='par_1_85' title="bbox 1927 4164 3525 4240">
     <span class='ocr_line' id='line_1_85' title="bbox 1927 4164 3525 4240; baseline -0.005 -11"><span class='ocrx_word' id='word_1_620' title='bbox 1927 4171 2185 4229; x_wconf 79' lang='lat' dir='ltr'><strong>satisfecit</strong></span> <span class='ocrx_word' id='word_1_621' title='bbox 2235 4171 2451 4226; x_wconf 85' lang='lat' dir='ltr'><strong>sanctus</strong></span> <span class='ocrx_word' id='word_1_622' title='bbox 2494 4167 2734 4224; x_wconf 86' lang='lat' dir='ltr'><strong>Antistes</strong></span> <span class='ocrx_word' id='word_1_623' title='bbox 2785 4166 2976 4240; x_wconf 80' lang='lat' dir='ltr'><strong>(Epist.</strong></span> <span class='ocrx_word' id='word_1_624' title='bbox 3033 4166 3161 4235; x_wconf 73' lang='lat'><strong>23),</strong></span> <span class='ocrx_word' id='word_1_625' title='bbox 3212 4175 3266 4221; x_wconf 91' lang='lat' dir='ltr'><strong>et</strong></span> <span class='ocrx_word' id='word_1_626' title='bbox 3331 4164 3525 4221; x_wconf 89' lang='lat' dir='ltr'><strong>solutis</strong></span> 
     </span>
    </p>
   </div>
   <div class='ocr_carea' id='block_1_86' title="bbox 1926 4253 3520 4344">
    <p class='ocr_par' dir='ltr' id='par_1_86' title="bbox 1926 4253 3520 4344">
     <span class='ocr_line' id='line_1_86' title="bbox 1926 4253 3520 4344; baseline -0.004 -25"><span class='ocrx_word' id='word_1_627' title='bbox 1926 4263 2179 4319; x_wconf 89' lang='lat' dir='ltr'><strong>omnibus</strong></span> <span class='ocrx_word' id='word_1_628' title='bbox 2219 4255 2648 4324; x_wconf 84' lang='lat' dir='ltr'><strong>difficultatibus,</strong></span> <span class='ocrx_word' id='word_1_629' title='bbox 2681 4276 2747 4314; x_wconf 95' lang='lat' dir='ltr'><strong>eo</strong></span> <span class='ocrx_word' id='word_1_630' title='bbox 2795 4259 2882 4344; x_wconf 80' lang='lat' dir='ltr'><strong>die</strong></span> <span class='ocrx_word' id='word_1_631' title='bbox 2915 4263 3270 4316; x_wconf 89' lang='lat' dir='ltr'><strong>memoratum</strong></span> <span class='ocrx_word' id='word_1_632' title='bbox 3323 4253 3520 4314; x_wconf 86' lang='lat' dir='ltr'><strong>festum</strong></span> 
     </span>
    </p>
   </div>
   <div class='ocr_carea' id='block_1_87' title="bbox 1925 4353 2848 4427">
    <p class='ocr_par' dir='ltr' id='par_1_87' title="bbox 1925 4353 2848 4427">
     <span class='ocr_line' id='line_1_87' title="bbox 1925 4353 2848 4427; baseline -0.007 -11"><span class='ocrx_word' id='word_1_633' title='bbox 1925 4355 2189 4416; x_wconf 85' lang='lat' dir='ltr'><strong>celebrari</strong></span> <span class='ocrx_word' id='word_1_634' title='bbox 2219 4353 2422 4412; x_wconf 82' lang='lat' dir='ltr'><strong>debere</strong></span> <span class='ocrx_word' id='word_1_635' title='bbox 2453 4356 2668 4427; x_wconf 90' lang='lat' dir='ltr'><strong>planum</strong></span> <span class='ocrx_word' id='word_1_636' title='bbox 2700 4353 2848 4410; x_wconf 81' lang='lat' dir='ltr'><strong>facit.</strong></span> 
     </span>
    </p>
   </div>
   <div class='ocr_carea' id='block_1_88' title="bbox 1997 4445 3518 4522">
    <p class='ocr_par' dir='ltr' id='par_1_88' title="bbox 1997 4445 3518 4522">
     <span class='ocr_line' id='line_1_88' title="bbox 1997 4445 3518 4522; baseline -0.005 -14"><span class='ocrx_word' id='word_1_637' title='bbox 1997 4451 2084 4508; x_wconf 85' lang='lat'><strong>79.</strong></span> <span class='ocrx_word' id='word_1_638' title='bbox 2138 4449 2239 4506; x_wconf 81' lang='lat' dir='ltr'><strong>Per</strong></span> <span class='ocrx_word' id='word_1_639' title='bbox 2289 4457 2664 4522; x_wconf 88' lang='lat' dir='ltr'><strong>tempestatem</strong></span> <span class='ocrx_word' id='word_1_640' title='bbox 2706 4447 3100 4503; x_wconf 84' lang='lat' dir='ltr'><strong>vindemiarum</strong></span> <span class='ocrx_word' id='word_1_641' title='bbox 3147 4445 3518 4517; x_wconf 85' lang='lat' dir='ltr'><strong>Augustinus,</strong></span> 
     </span>
    </p>
   </div>
   <div class='ocr_carea' id='block_1_89' title="bbox 1925 4533 3522 4616">
    <p class='ocr_par' dir='ltr' id='par_1_89' title="bbox 1925 4533 3522 4616">
     <span class='ocr_line' id='line_1_89' title="bbox 1925 4533 3522 4616; baseline -0.005 -15"><span class='ocrx_word' id='word_1_642' title='bbox 1925 4543 2078 4616; x_wconf 91' lang='lat' dir='ltr'><strong>cujus</strong></span> <span class='ocrx_word' id='word_1_643' title='bbox 2102 4538 2447 4600; x_wconf 89' lang='lat' dir='ltr'><strong>conversioni</strong></span> <span class='ocrx_word' id='word_1_644' title='bbox 2479 4556 2782 4612; x_wconf 85' lang='lat' dir='ltr'><strong>supremam</strong></span> <span class='ocrx_word' id='word_1_645' title='bbox 2823 4555 3036 4595; x_wconf 90' lang='lat' dir='ltr'><strong>manum</strong></span> <span class='ocrx_word' id='word_1_646' title='bbox 3075 4533 3218 4592; x_wconf 88' lang='lat' dir='ltr'><strong>Deus</strong></span> <span class='ocrx_word' id='word_1_647' title='bbox 3247 4545 3522 4606; x_wconf 88' lang='lat' dir='ltr'><strong>imposue-</strong></span> 
     </span>
    </p>
   </div>
   <div class='ocr_carea' id='block_1_90' title="bbox 1929 4631 3520 4705">
    <p class='ocr_par' dir='ltr' id='par_1_90' title="bbox 1929 4631 3520 4705">
     <span class='ocr_line' id='line_1_90' title="bbox 1929 4631 3520 4705; baseline -0.003 -13"><span class='ocrx_word' id='word_1_648' title='bbox 1929 4646 2032 4705; x_wconf 88' lang='lat' dir='ltr'><strong>rat,</strong></span> <span class='ocrx_word' id='word_1_649' title='bbox 2079 4637 2224 4695; x_wconf 85' lang='lat' dir='ltr'><strong>venit</strong></span> <span class='ocrx_word' id='word_1_650' title='bbox 2267 4635 2318 4692; x_wconf 89' lang='lat' dir='ltr'><strong>in</strong></span> <span class='ocrx_word' id='word_1_651' title='bbox 2351 4633 2646 4691; x_wconf 86' lang='lat' dir='ltr'><strong>Cassiacum</strong></span> <span class='ocrx_word' id='word_1_652' title='bbox 2699 4631 2988 4689; x_wconf 83' lang='lat' dir='ltr'><strong>Verecundi</strong></span> <span class='ocrx_word' id='word_1_653' title='bbox 3039 4631 3215 4687; x_wconf 77' lang='lat' dir='ltr'><strong>villam</strong></span> <span class='ocrx_word' id='word_1_654' title='bbox 3275 4631 3407 4703; x_wconf 86' lang='lat' dir='ltr'><strong>(Lib.</strong></span> <span class='ocrx_word' id='word_1_655' title='bbox 3469 4649 3520 4690; x_wconf 69' lang='grc' dir='ltr'>ιχ</span> 
     </span>
    </p>
   </div>
   <div class='ocr_carea' id='block_1_91' title="bbox 238 4689 3520 4803">
    <p class='ocr_par' dir='ltr' id='par_1_91' title="bbox 238 4689 3520 4803">
     <span class='ocr_line' id='line_1_91' title="bbox 238 4689 3520 4803; baseline 0.003 -34"><span class='ocrx_word' id='word_1_656' title='bbox 238 4714 490 4772; x_wconf 85' lang='lat' dir='ltr'><strong>Paulinus</strong></span> <span class='ocrx_word' id='word_1_657' title='bbox 521 4723 699 4773; x_wconf 90' lang='lat' dir='ltr'><strong>autem</strong></span> <span class='ocrx_word' id='word_1_658' title='bbox 729 4733 756 4773; x_wconf 90' lang='lat' dir='ltr'><strong>a</strong></span> <span class='ocrx_word' id='word_1_659' title='bbox 786 4731 893 4790; x_wconf 92' lang='lat' dir='ltr'><strong>quo</strong></span> <span class='ocrx_word' id='word_1_660' title='bbox 941 4718 1032 4775; x_wconf 89' lang='lat' dir='ltr'><strong>illa</strong></span> <span class='ocrx_word' id='word_1_661' title='bbox 1060 4731 1274 4792; x_wconf 84' lang='lat' dir='ltr'><strong>quoque</strong></span> <span class='ocrx_word' id='word_1_662' title='bbox 1321 4735 1428 4777; x_wconf 89' lang='lat' dir='ltr'><strong>non</strong></span> <span class='ocrx_word' id='word_1_663' title='bbox 1474 4689 1818 4790; x_wconf 73' lang='lat' dir='ltr'><strong>omittuntur,</strong></span> <span class='ocrx_word' id='word_1_664' title='bbox 1848 4689 1902 4754; x_wconf 69' lang='grc' dir='ltr'><strong>Β</strong></span> <span class='ocrx_word' id='word_1_665' title='bbox 1926 4689 2077 4803; x_wconf 62' lang='lat' dir='ltr'><strong>Con].</strong></span> <span class='ocrx_word' id='word_1_666' title='bbox 2101 4747 2215 4801; x_wconf 89' lang='lat' dir='ltr'><strong>cap.</strong></span> <span class='ocrx_word' id='word_1_667' title='bbox 2239 4728 2322 4801; x_wconf 88' lang='lat'><strong>5);</strong></span> <span class='ocrx_word' id='word_1_668' title='bbox 2354 4737 2450 4783; x_wconf 91' lang='lat' dir='ltr'><strong>ete</strong></span> <span class='ocrx_word' id='word_1_669' title='bbox 2473 4725 2842 4798; x_wconf 76' lang='lat' dir='ltr'><strong>vestigiohinc</strong></span> <span class='ocrx_word' id='word_1_670' title='bbox 2868 4726 2933 4781; x_wconf 86' lang='lat' dir='ltr'><strong>ad</strong></span> <span class='ocrx_word' id='word_1_671' title='bbox 2961 4689 3327 4786; x_wconf 82' lang='lat' dir='ltr'><strong>Ambrosium,</strong></span> <span class='ocrx_word' id='word_1_672' title='bbox 3356 4740 3520 4794; x_wconf 89' lang='lat' dir='ltr'><strong>quem</strong></span> 
     </span>
    </p>
   </div>
   <div class='ocr_carea' id='block_1_92' title="bbox 241 4807 1822 4884">
    <p class='ocr_par' dir='ltr' id='par_1_92' title="bbox 241 4807 1822 4884">
     <span class='ocr_line' id='line_1_92' title="bbox 241 4807 1822 4884; baseline 0.006 -21"><span class='ocrx_word' id='word_1_673' title='bbox 241 4807 480 4878; x_wconf 84' lang='lat' dir='ltr'><strong>adjuncta</strong></span> <span class='ocrx_word' id='word_1_674' title='bbox 550 4811 792 4881; x_wconf 71' lang='lat' dir='ltr'><strong>qumdam</strong></span> <span class='ocrx_word' id='word_1_675' title='bbox 868 4809 1027 4882; x_wconf 87' lang='lat' dir='ltr'><strong>hujus</strong></span> <span class='ocrx_word' id='word_1_676' title='bbox 1095 4811 1483 4884; x_wconf 88' lang='lat' dir='ltr'><strong>persecutionis</strong></span> <span class='ocrx_word' id='word_1_677' title='bbox 1547 4819 1822 4875; x_wconf 65' lang='lat' dir='ltr'><strong>memoria:</strong></span> 
     </span>
    </p>
   </div>
   <div class='ocr_carea' id='block_1_93' title="bbox 239 4901 1818 4979">
    <p class='ocr_par' dir='ltr' id='par_1_93' title="bbox 239 4901 1818 4979">
     <span class='ocr_line' id='line_1_93' title="bbox 239 4901 1818 4979; baseline 0.008 -23"><span class='ocrx_word' id='word_1_678' title='bbox 239 4902 491 4974; x_wconf 88' lang='lat' dir='ltr'><strong>prodidit,</strong></span> <span class='ocrx_word' id='word_1_679' title='bbox 511 4919 631 4975; x_wconf 75' lang='lat' dir='ltr'><strong>qua:</strong></span> <span class='ocrx_word' id='word_1_680' title='bbox 657 4901 975 4961; x_wconf 80' lang='lat' dir='ltr'><strong>Ambrosius</strong></span> <span class='ocrx_word' id='word_1_681' title='bbox 997 4915 1157 4978; x_wconf 85' lang='lat' dir='ltr'><strong>atque</strong></span> <span class='ocrx_word' id='word_1_682' title='bbox 1179 4907 1509 4979; x_wconf 87' lang='lat' dir='ltr'><strong>Augustinus</strong></span> <span class='ocrx_word' id='word_1_683' title='bbox 1532 4913 1818 4969; x_wconf 89' lang='lat' dir='ltr'><strong>reticuere.</strong></span> 
     </span>
    </p>
   </div>
   <div class='ocr_carea' id='block_1_94' title="bbox 240 4994 1820 5073">
    <p class='ocr_par' dir='ltr' id='par_1_94' title="bbox 240 4994 1820 5073">
     <span class='ocr_line' id='line_1_94' title="bbox 240 4994 1820 5073; baseline 0.008 -23"><span class='ocrx_word' id='word_1_684' title='bbox 240 4994 550 5065; x_wconf 66' lang='lat' dir='ltr'><strong>Huiusmodi</strong></span> <span class='ocrx_word' id='word_1_685' title='bbox 606 5005 688 5052; x_wconf 87' lang='lat' dir='ltr'><strong>est</strong></span> <span class='ocrx_word' id='word_1_686' title='bbox 719 4998 859 5069; x_wconf 87' lang='lat' dir='ltr'><strong>quod</strong></span> <span class='ocrx_word' id='word_1_687' title='bbox 911 5007 1098 5054; x_wconf 89' lang='lat' dir='ltr'><strong>narrat</strong></span> <span class='ocrx_word' id='word_1_688' title='bbox 1145 4995 1214 5055; x_wconf 89' lang='lat' dir='ltr'><strong>de</strong></span> <span class='ocrx_word' id='word_1_689' title='bbox 1242 4997 1534 5073; x_wconf 79' lang='lat' dir='ltr'><strong>Euthymio</strong></span> <span class='ocrx_word' id='word_1_690' title='bbox 1577 5001 1666 5061; x_wconf 85' lang='lat' dir='ltr'><strong>(In</strong></span> <span class='ocrx_word' id='word_1_691' title='bbox 1703 5001 1820 5062; x_wconf 83' lang='lat' dir='ltr'><strong>Vita</strong></span> 
     </span>
    </p>
   </div>
   <div class='ocr_carea' id='block_1_95' title="bbox 243 5086 1825 5168">
    <p class='ocr_par' dir='ltr' id='par_1_95' title="bbox 243 5086 1825 5168">
     <span class='ocr_line' id='line_1_95' title="bbox 243 5086 1825 5168; baseline 0.01 -27"><span class='ocrx_word' id='word_1_692' title='bbox 243 5086 382 5143; x_wconf 80' lang='lat' dir='ltr'><strong>Amb.</strong></span> <span class='ocrx_word' id='word_1_693' title='bbox 429 5107 482 5146; x_wconf 80' lang='grc' dir='ltr'><strong>η.</strong></span> <span class='ocrx_word' id='word_1_694' title='bbox 529 5089 594 5145; x_wconf 65' lang='lat' dir='ltr'><strong>id</strong></span> <span class='ocrx_word' id='word_1_695' title='bbox 621 5101 668 5143; x_wconf 86' lang='lat' dir='ltr'><strong>et</strong></span> <span class='ocrx_word' id='word_1_696' title='bbox 697 5093 881 5164; x_wconf 86' lang='lat' dir='ltr'><strong>seqq.),</strong></span> <span class='ocrx_word' id='word_1_697' title='bbox 913 5093 1003 5163; x_wconf 91' lang='lat' dir='ltr'><strong>qui</strong></span> <span class='ocrx_word' id='word_1_698' title='bbox 1032 5099 1152 5149; x_wconf 88' lang='lat' dir='ltr'><strong>cum</strong></span> <span class='ocrx_word' id='word_1_699' title='bbox 1186 5095 1438 5150; x_wconf 85' lang='lat' dir='ltr'><strong>mandato</strong></span> <span class='ocrx_word' id='word_1_700' title='bbox 1470 5099 1825 5168; x_wconf 87' lang='lat' dir='ltr'><strong>imperatricis</strong></span> 
     </span>
    </p>
   </div>
   <div class='ocr_carea' id='block_1_96' title="bbox 242 5181 1822 5263">
    <p class='ocr_par' dir='ltr' id='par_1_96' title="bbox 242 5181 1822 5263">
     <span class='ocr_line' id='line_1_96' title="bbox 242 5181 1822 5263; baseline 0.007 -27"><span class='ocrx_word' id='word_1_701' title='bbox 242 5181 538 5238; x_wconf 87' lang='lat' dir='ltr'><strong>vehiculum</strong></span> <span class='ocrx_word' id='word_1_702' title='bbox 573 5193 831 5254; x_wconf 76' lang='lat' dir='ltr'><strong>parasset,</strong></span> <span class='ocrx_word' id='word_1_703' title='bbox 868 5201 976 5258; x_wconf 90' lang='lat' dir='ltr'><strong>quo</strong></span> <span class='ocrx_word' id='word_1_704' title='bbox 1006 5198 1249 5244; x_wconf 83' lang='lat' dir='ltr'><strong>sanctum</strong></span> <span class='ocrx_word' id='word_1_705' title='bbox 1277 5181 1590 5246; x_wconf 75' lang='lat' dir='ltr'><strong>Autisritem</strong></span> <span class='ocrx_word' id='word_1_706' title='bbox 1624 5207 1822 5263; x_wconf 35' lang='lat' dir='ltr'><strong>expers</strong></span> 
     </span>
    </p>
   </div>
   <div class='ocr_carea' id='block_1_97' title="bbox 241 5272 1824 5354">
    <p class='ocr_par' dir='ltr' id='par_1_97' title="bbox 241 5272 1824 5354">
     <span class='ocr_line' id='line_1_97' title="bbox 241 5272 1824 5354; baseline 0.006 -26"><span class='ocrx_word' id='word_1_707' title='bbox 241 5281 372 5328; x_wconf 86' lang='lat' dir='ltr'><strong>taret</strong></span> <span class='ocrx_word' id='word_1_708' title='bbox 400 5275 450 5328; x_wconf 90' lang='lat' dir='ltr'><strong>in</strong></span> <span class='ocrx_word' id='word_1_709' title='bbox 475 5273 750 5342; x_wconf 81' lang='lat' dir='ltr'><strong>exsilium,</strong></span> <span class='ocrx_word' id='word_1_710' title='bbox 783 5277 1028 5348; x_wconf 89' lang='lat' dir='ltr'><strong>sequenti</strong></span> <span class='ocrx_word' id='word_1_711' title='bbox 1059 5289 1201 5333; x_wconf 87' lang='lat' dir='ltr'><strong>anno</strong></span> <span class='ocrx_word' id='word_1_712' title='bbox 1238 5272 1412 5334; x_wconf 85' lang='lat' dir='ltr'><strong>solum</strong></span> <span class='ocrx_word' id='word_1_713' title='bbox 1443 5281 1654 5337; x_wconf 90' lang='lat' dir='ltr'><strong>vertere</strong></span> <span class='ocrx_word' id='word_1_714' title='bbox 1681 5284 1824 5354; x_wconf 89' lang='lat' dir='ltr'><strong>ipse-</strong></span> 
     </span>
    </p>
   </div>
   <div class='ocr_carea' id='block_1_98' title="bbox 239 5363 1821 5440">
    <p class='ocr_par' dir='ltr' id='par_1_98' title="bbox 239 5363 1821 5440">
     <span class='ocr_line' id='line_1_98' title="bbox 239 5363 1821 5440; baseline 0.007 -18"><span class='ocrx_word' id='word_1_715' title='bbox 239 5375 341 5422; x_wconf 90' lang='lat' dir='ltr'><strong>met</strong></span> <span class='ocrx_word' id='word_1_716' title='bbox 381 5365 596 5435; x_wconf 76' lang='lat' dir='ltr'><strong>jussus,</strong></span> <span class='ocrx_word' id='word_1_717' title='bbox 645 5363 835 5424; x_wconf 86' lang='lat' dir='ltr'><strong>eodem</strong></span> <span class='ocrx_word' id='word_1_718' title='bbox 880 5383 1042 5426; x_wconf 85' lang='lat' dir='ltr'><strong>eorru</strong></span> <span class='ocrx_word' id='word_1_719' title='bbox 1093 5373 1261 5440; x_wconf 85' lang='lat' dir='ltr'><strong>patria</strong></span> <span class='ocrx_word' id='word_1_720' title='bbox 1294 5374 1560 5430; x_wconf 79' lang='lat' dir='ltr'><strong>excedere</strong></span> <span class='ocrx_word' id='word_1_721' title='bbox 1603 5387 1821 5433; x_wconf 88' lang='lat' dir='ltr'><strong>coactus</strong></span> 
     </span>
    </p>
   </div>
   <div class='ocr_carea' id='block_1_99' title="bbox 237 5458 1816 5536">
    <p class='ocr_par' dir='ltr' id='par_1_99' title="bbox 237 5458 1816 5536">
     <span class='ocr_line' id='line_1_99' title="bbox 237 5458 1816 5536; baseline 0.006 -21"><span class='ocrx_word' id='word_1_722' title='bbox 237 5458 346 5515; x_wconf 92' lang='lat' dir='ltr'><strong>fuit.</strong></span> <span class='ocrx_word' id='word_1_723' title='bbox 389 5458 496 5515; x_wconf 87' lang='lat' dir='ltr'><strong>Sed</strong></span> <span class='ocrx_word' id='word_1_724' title='bbox 551 5461 656 5516; x_wconf 92' lang='lat' dir='ltr'><strong>utri</strong></span> <span class='ocrx_word' id='word_1_725' title='bbox 708 5463 1072 5532; x_wconf 87' lang='lat' dir='ltr'><strong>persecutioni</strong></span> <span class='ocrx_word' id='word_1_726' title='bbox 1125 5463 1229 5520; x_wconf 89' lang='lat' dir='ltr'><strong>hoc</strong></span> <span class='ocrx_word' id='word_1_727' title='bbox 1272 5465 1656 5536; x_wconf 89' lang='lat' dir='ltr'><strong>tribuendum,</strong></span> <span class='ocrx_word' id='word_1_728' title='bbox 1712 5485 1816 5524; x_wconf 90' lang='lat' dir='ltr'><strong>non</strong></span> 
     </span>
    </p>
   </div>
   <div class='ocr_carea' id='block_1_100' title="bbox 237 5551 1815 5628">
    <p class='ocr_par' dir='ltr' id='par_1_100' title="bbox 237 5551 1815 5628">
     <span class='ocr_line' id='line_1_100' title="bbox 237 5551 1815 5628; baseline 0.005 -20"><span class='ocrx_word' id='word_1_729' title='bbox 237 5551 499 5621; x_wconf 81' lang='lat' dir='ltr'><strong>explicuit.</strong></span> <span class='ocrx_word' id='word_1_730' title='bbox 545 5553 775 5608; x_wconf 89' lang='lat' dir='ltr'><strong>Circiter</strong></span> <span class='ocrx_word' id='word_1_731' title='bbox 818 5553 919 5608; x_wconf 92' lang='lat' dir='ltr'><strong>hoc</strong></span> <span class='ocrx_word' id='word_1_732' title='bbox 950 5553 1114 5610; x_wconf 88' lang='lat' dir='ltr'><strong>etiam</strong></span> <span class='ocrx_word' id='word_1_733' title='bbox 1151 5567 1360 5628; x_wconf 79' lang='lat' dir='ltr'><strong>tempus</strong></span> <span class='ocrx_word' id='word_1_734' title='bbox 1391 5557 1636 5614; x_wconf 63' lang='lat' dir='ltr'><strong>evenisse</strong></span> <span class='ocrx_word' id='word_1_735' title='bbox 1675 5557 1815 5616; x_wconf 89' lang='lat' dir='ltr'><strong>idem</strong></span> 
     </span>
    </p>
   </div>
   <div class='ocr_carea' id='block_1_101' title="bbox 237 5643 1813 5724">
    <p class='ocr_par' dir='ltr' id='par_1_101' title="bbox 237 5643 1813 5724">
     <span class='ocr_line' id='line_1_101' title="bbox 237 5643 1813 5724; baseline 0.004 -25"><span class='ocrx_word' id='word_1_736' title='bbox 237 5644 440 5711; x_wconf 85' lang='lat' dir='ltr'><strong>asserit,</strong></span> <span class='ocrx_word' id='word_1_737' title='bbox 471 5654 526 5699; x_wconf 95' lang='lat' dir='ltr'><strong>ut</strong></span> <span class='ocrx_word' id='word_1_738' title='bbox 554 5651 606 5700; x_wconf 90' lang='lat' dir='ltr'><strong>in</strong></span> <span class='ocrx_word' id='word_1_739' title='bbox 628 5643 886 5700; x_wconf 72' lang='lat' dir='ltr'><strong>Ecclesia:</strong></span> <span class='ocrx_word' id='word_1_740' title='bbox 914 5648 1178 5716; x_wconf 84' lang='lat' dir='ltr'><strong>gremium</strong></span> <span class='ocrx_word' id='word_1_741' title='bbox 1215 5651 1813 5724; x_wconf 75' lang='lat' dir='ltr'><strong>reverteretur-quidam</strong></span> 
     </span>
    </p>
   </div>
   <div class='ocr_carea' id='block_1_102' title="bbox 1926 4815 3520 4895">
    <p class='ocr_par' dir='ltr' id='par_1_102' title="bbox 1926 4815 3520 4895">
     <span class='ocr_line' id='line_1_102' title="bbox 1926 4815 3520 4895; baseline -0.004 -15"><span class='ocrx_word' id='word_1_742' title='bbox 1926 4825 1980 4880; x_wconf 91' lang='lat' dir='ltr'><strong>in</strong></span> <span class='ocrx_word' id='word_1_743' title='bbox 2025 4827 2126 4880; x_wconf 91' lang='lat' dir='ltr'><strong>hoc</strong></span> <span class='ocrx_word' id='word_1_744' title='bbox 2171 4839 2336 4895; x_wconf 82' lang='lat' dir='ltr'><strong>opere</strong></span> <span class='ocrx_word' id='word_1_745' title='bbox 2386 4822 2699 4894; x_wconf 89' lang='lat' dir='ltr'><strong>primarium</strong></span> <span class='ocrx_word' id='word_1_746' title='bbox 2753 4820 2945 4876; x_wconf 72' lang='lat' dir='ltr'><strong>divinae</strong></span> <span class='ocrx_word' id='word_1_747' title='bbox 2987 4819 3176 4889; x_wconf 62' lang='lat' dir='ltr'><strong>gratiae</strong></span> <span class='ocrx_word' id='word_1_748' title='bbox 3216 4815 3520 4874; x_wconf 89' lang='lat' dir='ltr'><strong>ministrum</strong></span> 
     </span>
    </p>
   </div>
   <div class='ocr_carea' id='block_1_103' title="bbox 1925 4909 3518 4987">
    <p class='ocr_par' dir='ltr' id='par_1_103' title="bbox 1925 4909 3518 4987">
     <span class='ocr_line' id='line_1_103' title="bbox 1925 4909 3518 4987; baseline -0.006 -13"><span class='ocrx_word' id='word_1_749' title='bbox 1925 4909 2187 4984; x_wconf 87' lang='lat' dir='ltr'><strong>ducebat,</strong></span> <span class='ocrx_word' id='word_1_750' title='bbox 2236 4917 2444 4972; x_wconf 90' lang='lat' dir='ltr'><strong>litteras</strong></span> <span class='ocrx_word' id='word_1_751' title='bbox 2472 4915 2618 4970; x_wconf 90' lang='lat' dir='ltr'><strong>dedit</strong></span> <span class='ocrx_word' id='word_1_752' title='bbox 2645 4911 2834 4987; x_wconf 83' lang='lat' dir='ltr'><strong>(lbid.,</strong></span> <span class='ocrx_word' id='word_1_753' title='bbox 2869 4931 2984 4985; x_wconf 86' lang='lat' dir='ltr'><strong>cap.</strong></span> <span class='ocrx_word' id='word_1_754' title='bbox 3015 4911 3070 4983; x_wconf 87' lang='lat'><strong>6)</strong></span> <span class='ocrx_word' id='word_1_755' title='bbox 3103 4928 3114 4965; x_wconf 92' lang='lat'><strong>:</strong></span> <span class='ocrx_word' id='word_1_756' title='bbox 3149 4909 3212 4965; x_wconf 85' lang='lat' dir='ltr'><strong>Et</strong></span> <span class='ocrx_word' id='word_1_757' title='bbox 3249 4910 3518 4978; x_wconf 83' lang='lat' dir='ltr'><strong>intimavi,</strong></span> 
     </span>
    </p>
   </div>
   <div class='ocr_carea' id='block_1_104' title="bbox 1927 4993 3522 5082">
    <p class='ocr_par' dir='ltr' id='par_1_104' title="bbox 1927 4993 3522 5082">
     <span class='ocr_line' id='line_1_104' title="bbox 1927 4993 3522 5082; baseline -0.005 -17"><span class='ocrx_word' id='word_1_758' title='bbox 1927 5011 2126 5082; x_wconf 84' lang='lat' dir='ltr'><strong>inquit,</strong></span> <span class='ocrx_word' id='word_1_759' title='bbox 2161 5027 2248 5078; x_wconf 88' lang='lat' dir='ltr'><strong>per</strong></span> <span class='ocrx_word' id='word_1_760' title='bbox 2285 5009 2485 5063; x_wconf 86' lang='lat' dir='ltr'><strong>litteras</strong></span> <span class='ocrx_word' id='word_1_761' title='bbox 2525 5005 2741 5061; x_wconf 82' lang='lat' dir='ltr'><strong>antistiti</strong></span> <span class='ocrx_word' id='word_1_762' title='bbox 2779 5013 2863 5060; x_wconf 89' lang='lat' dir='ltr'><strong>tuo</strong></span> <span class='ocrx_word' id='word_1_763' title='bbox 2894 5021 3011 5060; x_wconf 77' lang='lat' dir='ltr'><strong>vero</strong></span> <span class='ocrx_word' id='word_1_764' title='bbox 3040 5011 3219 5058; x_wconf 87' lang='lat' dir='ltr'><strong>sancto</strong></span> <span class='ocrx_word' id='word_1_765' title='bbox 3251 4993 3522 5058; x_wconf 81' lang='lat' dir='ltr'><strong>Ambrosio</strong></span> 
     </span>
    </p>
   </div>
   <div class='ocr_carea' id='block_1_105' title="bbox 1924 5105 3519 5177">
    <p class='ocr_par' dir='ltr' id='par_1_105' title="bbox 1924 5105 3519 5177">
     <span class='ocr_line' id='line_1_105' title="bbox 1924 5105 3519 5177; baseline -0.008 -17"><span class='ocrx_word' id='word_1_766' title='bbox 1924 5105 2169 5177; x_wconf 84' lang='lat' dir='ltr'><strong>pristinos</strong></span> <span class='ocrx_word' id='word_1_767' title='bbox 2207 5119 2416 5158; x_wconf 85' lang='lat' dir='ltr'><strong>errores.</strong></span> <span class='ocrx_word' id='word_1_768' title='bbox 2445 5117 2616 5168; x_wconf 86' lang='lat' dir='ltr'><strong>meos,</strong></span> <span class='ocrx_word' id='word_1_769' title='bbox 2667 5109 2715 5154; x_wconf 83' lang='lat' dir='ltr'><strong>et</strong></span> <span class='ocrx_word' id='word_1_770' title='bbox 2757 5113 2978 5169; x_wconf 62' lang='lat' dir='ltr'><strong>praesens</strong></span> <span class='ocrx_word' id='word_1_771' title='bbox 3024 5105 3196 5150; x_wconf 79' lang='lat' dir='ltr'><strong>votam</strong></span> <span class='ocrx_word' id='word_1_772' title='bbox 3237 5111 3436 5159; x_wconf 86' lang='lat' dir='ltr'><strong>meum,</strong></span> <span class='ocrx_word' id='word_1_773' title='bbox 3466 5105 3519 5148; x_wconf 86' lang='lat' dir='ltr'><strong>nt</strong></span> 
     </span>
    </p>
   </div>
   <div class='ocr_carea' id='block_1_106' title="bbox 1926 5185 3520 5267">
    <p class='ocr_par' dir='ltr' id='par_1_106' title="bbox 1926 5185 3520 5267">
     <span class='ocr_line' id='line_1_106' title="bbox 1926 5185 3520 5267; baseline -0.006 -17"><span class='ocrx_word' id='word_1_774' title='bbox 1926 5207 2152 5252; x_wconf 85' lang='lat' dir='ltr'><strong>moneret</strong></span> <span class='ocrx_word' id='word_1_775' title='bbox 2179 5194 2306 5266; x_wconf 85' lang='lat' dir='ltr'><strong>quid</strong></span> <span class='ocrx_word' id='word_1_776' title='bbox 2342 5195 2662 5267; x_wconf 83' lang='lat' dir='ltr'><strong>potissimum</strong></span> <span class='ocrx_word' id='word_1_777' title='bbox 2705 5192 2833 5245; x_wconf 84' lang='lat' dir='ltr'><strong>mihi</strong></span> <span class='ocrx_word' id='word_1_778' title='bbox 2859 5191 2922 5244; x_wconf 86' lang='lat' dir='ltr'><strong>de</strong></span> <span class='ocrx_word' id='word_1_779' title='bbox 2951 5187 3093 5243; x_wconf 81' lang='lat' dir='ltr'><strong>libris</strong></span> <span class='ocrx_word' id='word_1_780' title='bbox 3122 5187 3222 5241; x_wconf 88' lang='lat' dir='ltr'><strong>tuis</strong></span> <span class='ocrx_word' id='word_1_781' title='bbox 3247 5185 3520 5256; x_wconf 82' lang='lat' dir='ltr'><strong>legendum</strong></span> 
     </span>
    </p>
   </div>
   <div class='ocr_carea' id='block_1_107' title="bbox 1925 5279 3518 5360">
    <p class='ocr_par' dir='ltr' id='par_1_107' title="bbox 1925 5279 3518 5360">
     <span class='ocr_line' id='line_1_107' title="bbox 1925 5279 3518 5360; baseline -0.008 -15"><span class='ocrx_word' id='word_1_782' title='bbox 1925 5297 2073 5354; x_wconf 85' lang='lat' dir='ltr'><strong>esset,</strong></span> <span class='ocrx_word' id='word_1_783' title='bbox 2109 5306 2210 5360; x_wconf 88' lang='lat' dir='ltr'><strong>quo</strong></span> <span class='ocrx_word' id='word_1_784' title='bbox 2251 5288 2593 5360; x_wconf 72' lang='lat' dir='ltr'><strong>percipienda:</strong></span> <span class='ocrx_word' id='word_1_785' title='bbox 2635 5294 2792 5339; x_wconf 75' lang='lat' dir='ltr'><strong>tanta:</strong></span> <span class='ocrx_word' id='word_1_786' title='bbox 2819 5283 3000 5354; x_wconf 73' lang='lat' dir='ltr'><strong>gratia:</strong></span> <span class='ocrx_word' id='word_1_787' title='bbox 3030 5279 3262 5348; x_wconf 84' lang='lat' dir='ltr'><strong>paratior</strong></span> <span class='ocrx_word' id='word_1_788' title='bbox 3291 5279 3518 5345; x_wconf 83' lang='lat' dir='ltr'><strong>aptiorve</strong></span> 
     </span>
    </p>
   </div>
   <div class='ocr_carea' id='block_1_108' title="bbox 1927 5367 3518 5454">
    <p class='ocr_par' dir='ltr' id='par_1_108' title="bbox 1927 5367 3518 5454">
     <span class='ocr_line' id='line_1_108' title="bbox 1927 5367 3518 5454; baseline -0.009 -16"><span class='ocrx_word' id='word_1_789' title='bbox 1927 5384 2119 5453; x_wconf 76' lang='lat' dir='ltr'><strong>ﬁerem.</strong></span> <span class='ocrx_word' id='word_1_790' title='bbox 2163 5381 2356 5436; x_wconf 80' lang='lat' dir='ltr'><strong>At&#39;ille</strong></span> <span class='ocrx_word' id='word_1_791' title='bbox 2383 5381 2540 5454; x_wconf 85' lang='lat' dir='ltr'><strong>jussit</strong></span> <span class='ocrx_word' id='word_1_792' title='bbox 2581 5375 2779 5432; x_wconf 85' lang='lat' dir='ltr'><strong>Isaiam</strong></span> <span class='ocrx_word' id='word_1_793' title='bbox 2820 5373 3155 5446; x_wconf 84' lang='lat' dir='ltr'><strong>prophetam;</strong></span> <span class='ocrx_word' id='word_1_794' title='bbox 3203 5367 3356 5421; x_wconf 89' lang='lat' dir='ltr'><strong>credo</strong></span> <span class='ocrx_word' id='word_1_795' title='bbox 3382 5367 3518 5439; x_wconf 82' lang='lat' dir='ltr'><strong>quod</strong></span> 
     </span>
    </p>
   </div>
   <div class='ocr_carea' id='block_1_109' title="bbox 1922 5459 3515 5547">
    <p class='ocr_par' dir='ltr' id='par_1_109' title="bbox 1922 5459 3515 5547">
     <span class='ocr_line' id='line_1_109' title="bbox 1922 5459 3515 5547; baseline -0.01 -18"><span class='ocrx_word' id='word_1_796' title='bbox 1922 5490 2032 5547; x_wconf 77' lang='lat' dir='ltr'><strong>pra:</strong></span> <span class='ocrx_word' id='word_1_797' title='bbox 2071 5473 2267 5527; x_wconf 64' lang='lat' dir='ltr'><strong>caeteris</strong></span> <span class='ocrx_word' id='word_1_798' title='bbox 2312 5468 2583 5542; x_wconf 82' lang='lat' dir='ltr'><strong>Evangelii</strong></span> <span class='ocrx_word' id='word_1_799' title='bbox 2610 5467 2993 5532; x_wconf 75' lang='lat' dir='ltr'><strong>vocationisque</strong></span> <span class='ocrx_word' id='word_1_800' title='bbox 3022 5459 3250 5530; x_wconf 83' lang='lat' dir='ltr'><strong>gentium</strong></span> <span class='ocrx_word' id='word_1_801' title='bbox 3281 5459 3344 5512; x_wconf 87' lang='lat' dir='ltr'><strong>sit</strong></span> <span class='ocrx_word' id='word_1_802' title='bbox 3377 5477 3515 5530; x_wconf 75' lang='lat' dir='ltr'><strong>pra:-</strong></span> 
     </span>
    </p>
   </div>
   <div class='ocr_carea' id='block_1_110' title="bbox 1921 5547 3516 5636">
    <p class='ocr_par' dir='ltr' id='par_1_110' title="bbox 1921 5547 3516 5636">
     <span class='ocr_line' id='line_1_110' title="bbox 1921 5547 3516 5636; baseline -0.009 -16"><span class='ocrx_word' id='word_1_803' title='bbox 1921 5565 2188 5620; x_wconf 85' lang='lat' dir='ltr'><strong>nuntiator</strong></span> <span class='ocrx_word' id='word_1_804' title='bbox 2217 5566 2465 5636; x_wconf 87' lang='lat' dir='ltr'><strong>apertior.</strong></span> <span class='ocrx_word' id='word_1_805' title='bbox 2503 5561 2700 5616; x_wconf 80' lang='lat' dir='ltr'><strong>Verum</strong></span> <span class='ocrx_word' id='word_1_806' title='bbox 2742 5566 2920 5611; x_wconf 88' lang='lat' dir='ltr'><strong>tamen</strong></span> <span class='ocrx_word' id='word_1_807' title='bbox 2949 5565 3069 5603; x_wconf 85' lang='lat' dir='ltr'><strong>cum</strong></span> <span class='ocrx_word' id='word_1_808' title='bbox 3099 5547 3374 5616; x_wconf 74' lang='lat' dir='ltr'><strong>propheta:</strong></span> <span class='ocrx_word' id='word_1_809' title='bbox 3413 5550 3516 5606; x_wconf 85' lang='lat' dir='ltr'><strong>ltu-</strong></span> 
     </span>
    </p>
   </div>
   <div class='ocr_carea' id='block_1_111' title="bbox 1916 5639 3513 5731">
    <p class='ocr_par' dir='ltr' id='par_1_111' title="bbox 1916 5639 3513 5731">
     <span class='ocr_line' id='line_1_111' title="bbox 1916 5639 3513 5731; baseline -0.005 -19"><span class='ocrx_word' id='word_1_810' title='bbox 1916 5659 2005 5731; x_wconf 84' lang='lat' dir='ltr'><strong>jus</strong></span> <span class='ocrx_word' id='word_1_811' title='bbox 2035 5658 2168 5714; x_wconf 85' lang='lat' dir='ltr'><strong>satis</strong></span> <span class='ocrx_word' id='word_1_812' title='bbox 2196 5659 2407 5726; x_wconf 85' lang='lat' dir='ltr'><strong>assequi</strong></span> <span class='ocrx_word' id='word_1_813' title='bbox 2451 5669 2669 5708; x_wconf 90' lang='lat' dir='ltr'><strong>sensum</strong></span> <span class='ocrx_word' id='word_1_814' title='bbox 2704 5664 2809 5702; x_wconf 92' lang='lat' dir='ltr'><strong>non</strong></span> <span class='ocrx_word' id='word_1_815' title='bbox 2835 5648 3042 5731; x_wconf 68' lang='lat' dir='ltr'><strong>posset.</strong></span> <span class='ocrx_word' id='word_1_816' title='bbox 3073 5639 3190 5708; x_wconf 73' lang='lat' dir='ltr'><strong>eius</strong></span> <span class='ocrx_word' id='word_1_817' title='bbox 3221 5639 3513 5698; x_wconf 73' lang='grc' dir='ltr'>ιθειὶοιιειη</span> 
     </span>
    </p>
   </div>
   <div class='ocr_carea' id='block_1_112' title="bbox 237 5730 3070 5818">
    <p class='ocr_par' dir='ltr' id='par_1_112' title="bbox 237 5730 3070 5818">
     <span class='ocr_line' id='line_1_112' title="bbox 237 5730 3070 5818; baseline 0 -24"><span class='ocrx_word' id='word_1_818' title='bbox 237 5752 295 5794; x_wconf 78' lang='lat' dir='ltr'><strong>ex</strong></span> <span class='ocrx_word' id='word_1_819' title='bbox 323 5735 536 5793; x_wconf 84' lang='lat' dir='ltr'><strong>Arianis</strong></span> <span class='ocrx_word' id='word_1_820' title='bbox 585 5736 750 5810; x_wconf 85' lang='lat' dir='ltr'><strong>(Ibid.</strong></span> <span class='ocrx_word' id='word_1_821' title='bbox 776 5780 790 5804; x_wconf 93' lang='lat'><strong>,</strong></span> <span class='ocrx_word' id='word_1_822' title='bbox 844 5755 987 5792; x_wconf 84' lang='lat' dir='ltr'><strong>nam.</strong></span> <span class='ocrx_word' id='word_1_823' title='bbox 1023 5735 1156 5808; x_wconf 83' lang='lat' dir='ltr'><strong>i7),‘</strong></span> <span class='ocrx_word' id='word_1_824' title='bbox 1190 5743 1279 5812; x_wconf 86' lang='lat' dir='ltr'><strong>qui</strong></span> <span class='ocrx_word' id='word_1_825' title='bbox 1329 5743 1581 5812; x_wconf 89' lang='lat' dir='ltr'><strong>angelum</strong></span> <span class='ocrx_word' id='word_1_826' title='bbox 1632 5753 1820 5798; x_wconf 88' lang='lat' dir='ltr'><strong>sancto</strong></span> <span class='ocrx_word' id='word_1_827' title='bbox 1917 5730 1973 5806; x_wconf 73' lang='lat' dir='ltr'><strong>in</strong></span> <span class='ocrx_word' id='word_1_828' title='bbox 1997 5747 2141 5804; x_wconf 80' lang='lat' dir='ltr'><strong>aliud</strong></span> <span class='ocrx_word' id='word_1_829' title='bbox 2176 5759 2384 5818; x_wconf 83' lang='lat' dir='ltr'><strong>tempus</strong></span> <span class='ocrx_word' id='word_1_830' title='bbox 2406 5752 2558 5800; x_wconf 84' lang='lat' dir='ltr'><strong>ratus</strong></span> <span class='ocrx_word' id='word_1_831' title='bbox 2585 5748 2668 5795; x_wconf 84' lang='lat' dir='ltr'><strong>est</strong></span> <span class='ocrx_word' id='word_1_832' title='bbox 2697 5730 3070 5791; x_wconf 61' lang='lat' dir='ltr'><strong>diﬂefelldi&#39;m-</strong></span> 
     </span>
    </p>
   </div>
   <div class='ocr_carea' id='block_1_113' title="bbox 241 5829 1822 5920">
    <p class='ocr_par' dir='ltr' id='par_1_113' title="bbox 241 5829 1822 5920">
     <span class='ocr_line' id='line_1_113' title="bbox 241 5829 1822 5920; baseline 0.006 -34"><span class='ocrx_word' id='word_1_833' title='bbox 241 5830 348 5887; x_wconf 80' lang='lat' dir='ltr'><strong>viro</strong></span> <span class='ocrx_word' id='word_1_834' title='bbox 371 5841 636 5887; x_wconf 88' lang='lat' dir='ltr'><strong>astantem</strong></span> <span class='ocrx_word' id='word_1_835' title='bbox 665 5846 722 5888; x_wconf 91' lang='lat' dir='ltr'><strong>se</strong></span> <span class='ocrx_word' id='word_1_836' title='bbox 748 5829 950 5888; x_wconf 83' lang='lat' dir='ltr'><strong>vidisse</strong></span> <span class='ocrx_word' id='word_1_837' title='bbox 980 5829 1177 5904; x_wconf 82' lang='lat' dir='ltr'><strong>alebat,</strong></span> <span class='ocrx_word' id='word_1_838' title='bbox 1206 5844 1262 5893; x_wconf 90' lang='lat' dir='ltr'><strong>et</strong></span> <span class='ocrx_word' id='word_1_839' title='bbox 1286 5851 1406 5920; x_wconf 65' lang='lat' dir='ltr'><strong>quae</strong></span> <span class='ocrx_word' id='word_1_840' title='bbox 1428 5838 1628 5918; x_wconf 83' lang='lat' dir='ltr'><strong>pOpulo</strong></span> <span class='ocrx_word' id='word_1_841' title='bbox 1656 5853 1822 5920; x_wconf 83' lang='lat' dir='ltr'><strong>expo-</strong></span> 
     </span>
    </p>
   </div>
   <div class='ocr_carea' id='block_1_114' title="bbox 248 5924 977 6002">
    <p class='ocr_par' dir='ltr' id='par_1_114' title="bbox 248 5924 977 6002">
     <span class='ocr_line' id='line_1_114' title="bbox 248 5924 977 6002; baseline -0.003 -20"><span class='ocrx_word' id='word_1_842' title='bbox 248 5931 391 5984; x_wconf 85' lang='lat' dir='ltr'><strong>neret</strong></span> <span class='ocrx_word' id='word_1_843' title='bbox 406 5966 422 5994; x_wconf 88' lang='lat'><strong>,</strong></span> <span class='ocrx_word' id='word_1_844' title='bbox 453 5924 555 5998; x_wconf 86' lang='lat' dir='ltr'><strong>ipsi</strong></span> <span class='ocrx_word' id='word_1_845' title='bbox 581 5934 977 6002; x_wconf 81' lang='lat' dir='ltr'><strong>suggerentem.</strong></span> 
     </span>
    </p>
   </div>
   <div class='ocr_carea' id='block_1_115' title="bbox 1992 5818 3514 5914">
    <p class='ocr_par' dir='ltr' id='par_1_115' title="bbox 1992 5818 3514 5914">
     <span class='ocr_line' id='line_1_115' title="bbox 1992 5818 3514 5914; baseline -0.014 -21"><span class='ocrx_word' id='word_1_846' title='bbox 1992 5843 2084 5899; x_wconf 80' lang='lat'><strong>80.</strong></span> <span class='ocrx_word' id='word_1_847' title='bbox 2125 5839 2251 5914; x_wconf 74' lang='lat' dir='ltr'><strong>(An.</strong></span> <span class='ocrx_word' id='word_1_848' title='bbox 2288 5837 2444 5909; x_wconf 79' lang='lat'><strong>587.)</strong></span> <span class='ocrx_word' id='word_1_849' title='bbox 2490 5829 2682 5889; x_wconf 87' lang='lat' dir='ltr'><strong>statim</strong></span> <span class='ocrx_word' id='word_1_850' title='bbox 2724 5835 2884 5893; x_wconf 85' lang='lat' dir='ltr'><strong>atque</strong></span> <span class='ocrx_word' id='word_1_851' title='bbox 2915 5829 3125 5914; x_wconf 77' lang='lat' dir='ltr'><strong>tempus</strong></span> <span class='ocrx_word' id='word_1_852' title='bbox 3169 5818 3367 5887; x_wconf 87' lang='lat' dir='ltr'><strong>adfuit,</strong></span> <span class='ocrx_word' id='word_1_853' title='bbox 3408 5839 3514 5892; x_wconf 90' lang='lat' dir='ltr'><strong>quo</strong></span> 
     </span>
    </p>
   </div>
   <div class='ocr_carea' id='block_1_116' title="bbox 1933 5911 3514 5997">
    <p class='ocr_par' dir='ltr' id='par_1_116' title="bbox 1933 5911 3514 5997">
     <span class='ocr_line' id='line_1_116' title="bbox 1933 5911 3514 5997; baseline -0.016 -2"><span class='ocrx_word' id='word_1_854' title='bbox 1933 5911 2314 5997; x_wconf 82' lang='lat' dir='ltr'><strong>catechumeni</strong></span> <span class='ocrx_word' id='word_1_855' title='bbox 2353 5945 2416 5989; x_wconf 85' lang='lat' dir='ltr'><strong>se</strong></span> <span class='ocrx_word' id='word_1_856' title='bbox 2461 5924 2530 5980; x_wconf 87' lang='lat' dir='ltr'><strong>ad</strong></span> <span class='ocrx_word' id='word_1_857' title='bbox 2559 5918 2883 5991; x_wconf 84' lang='lat' dir='ltr'><strong>baptismum</strong></span> <span class='ocrx_word' id='word_1_858' title='bbox 2909 5911 3127 5973; x_wconf 87' lang='lat' dir='ltr'><strong>inscribi</strong></span> <span class='ocrx_word' id='word_1_859' title='bbox 3154 5920 3373 5982; x_wconf 87' lang='lat' dir='ltr'><strong>curant,</strong></span> <span class='ocrx_word' id='word_1_860' title='bbox 3413 5914 3514 5969; x_wconf 88' lang='lat' dir='ltr'><strong>sub</strong></span> 
     </span>
    </p>
   </div>
  </div>
