4102 6360
577 359 648 418 95
818 417 829 425 ,
913 355 919 361 ’
1791 355 1955 414 νιτΑ
1993 354 2198 415 SANC'I

2301 356 2607 419 \MBROSII
3913 370 3967 428 93

578 489 879 538 extremam
904 477 1114 535 scilicet
1146 475 1633 550 quadragesimum,
1658 476 2025 548 Augustinus,
2055 473 2173 530 Ali-
2201 477 2473 540 Amones
2515 481 2633 551 illi,
2700 489 2795 537 aut
2843 482 2980 540 forte
3036 482 3241 543 chartis
3292 498 3675 557 numquam
3738 487 3968 544 mandati
4033 418 4038 557 Ε

577 575 670 646 pio
696 590 816 641 suo,
842 583 893 630 et
924 572 1033 627 tilio
1060 570 1339 627 Adcodato
1366 568 1775 635 comitantibus,
1810 568 2175 624 Mediolanum
2277 582 2424 629 sunt.

578 666 761 733 rediit,
792 676 849 722 ut
888 665 1046 721 simul
1076 666 1128 719 in
1179 664 1425 720 ordinem
1471 663 1897 733 compelentinm
1926 661 2177 719 admitte-
2349 667 2440 721 87.
2496 666 2698 722 ﬂorum
2747 676 3073 724 tractatuum
3124 670 3397 725 ordinem
3466 672 3655 742 cogit
3712 672 3865 729 liber
3914 676 3967 728 de

578 770 766 817 rentur
793 777 807 815 :
844 758 964 824 Ubi,
995 758 1070 814 ait
1100 759 1215 826 ille,
1261 768 1462 829 tempus
1492 758 1721 823 advenit,
1753 773 1861 839 quo
1884 773 1964 809 me
1990 773 2177 812 nomen
2278 759 2727 817 Benedictionibus
2742 760 3171 818 Patriarcharum
3192 764 3488 832 (Admon.
3516 766 3586 819 in
3610 765 3813 821 eumd.
3834 766 3960 836 lib.).

576 856 702 911 dare
736 864 1014 927 aportcret,
1044 855 1225 909 relicto
1254 871 1376 908 rure
1420 853 1780 907 Mediolanum
1816 855 2174 908 remeavimus.
2282 852 2433 908 llunc
2462 853 2606 908 brevi
2635 855 2926 910 intervallo
2954 855 3403 911 lucubrationem
3438 858 3530 914 de
3558 874 3687 929 qua
3722 862 3960 930 proxime

577 950 812 1020 Contigit
854 960 1066 1017 autem,
1097 958 1157 1003 ut
1188 958 1317 1003 tunc
1354 949 1616 1017 temporis
1646 949 1709 1002 de
1738 948 2022 1003 moralibus
2050 966 2179 1018 quo-
2214 946 2227 953 ”
2280 962 2380 1002 nos
2407 947 2744 1013 dicebamus,
2794 957 3039 1004 secutum
3084 966 3229 1015 esse,
3273 960 3472 1021 atque
3534 962 3692 1008 ante
3746 953 3954 1008 alteram

577 1041 831 1096 tidianum
880 1057 1163 1096 sermonem
1206 1040 1440 1095 haberet
1491 1039 1812 1095 Ambrosius
1867 1039 1979 1111 (De
2009 1040 2173 1113 Mysi.
2280 1040 2549 1095 Ambrosii
2581 1046 2645 1097 ad
2692 1042 2988 1098 Maximum
3022 1044 3351 1115 legationem
3408 1045 3686 1117 publice
3728 1062 3957 1117 pronun-

574 1152 691 1208 cap.
732 1135 780 1201 i,
816 1152 868 1189 n.
919 1134 995 1208 1).
1043 1134 1189 1189 Alibi
1237 1147 1366 1188 vero
1412 1132 1748 1188 declaratum
1780 1142 1862 1189 est
1912 1134 2177 1189 moralem
2282 1135 2470 1188 tiatum
2504 1134 2780 1202 probabile
2809 1145 2912 1190 cst.

576 1230 757 1294 istam,
778 1243 938 1299 quam
963 1226 1066 1281 hoc
1091 1227 1212 1282 loco
1237 1226 1418 1281 innuit
1444 1225 1585 1281 idem
1610 1226 1904 1296 episcopus
1926 1226 2175 1299 (Admon.
2352 1229 2439 1284 88.
2467 1228 2583 1284 lam
2618 1230 2897 1286 veniamus
2924 1231 2991 1287 ad
3018 1231 3311 1287 secundam
3344 1232 3547 1289 istam
3584 1234 3946 1305 legationem.

573 1322 626 1376 in
677 1322 769 1375 lib.
827 1321 891 1374 de
942 1315 1199 1386 Abrah.),
1252 1317 1675 1387 disputationem
1721 1319 1897 1389 aptius
1944 1319 2174 1389 intelligi
2280 1321 2483 1378 Omnes
2511 1324 2734 1394 lmjuscc
2764 1326 2975 1396 tyranni
3007 1336 3186 1381 motus
3212 1328 3346 1383 satis
3372 1328 3767 1398 premebant
3796 1327 3944 1382 Italia:

575 1413 893 1480 neutiquam
928 1424 1109 1479 posse,
1144 1424 1304 1479 quam
1345 1409 1414 1465 de
1442 1409 1822 1476 Sermonibus,
1869 1424 1937 1464 ex
1981 1411 2178 1481 quibus
2282 1418 2573 1486 provinciis
2597 1433 2724 1473 eum
2753 1418 3059 1487 imminere,
3103 1420 3515 1492 spuliandique
3561 1420 3939 1477 Valentiniani

574 1505 702 1560 libri
722 1504 791 1559 de
823 1502 1147 1558 Patriarchis
1176 1502 1462 1572 compositi
1485 1509 1635 1558 sunt.
1665 1502 1831 1558 Primi
1859 1504 2177 1559 earumdem
2282 1511 2570 1566 consilium
2596 1512 2828 1583 cepisse.
2860 1512 3073 1568 Justina
3107 1513 3209 1569 hoc
3254 1524 3417 1570 tanto
3472 1517 3767 1587 periculo
3794 1514 3937 1570 vehe-

576 1599 910 1656 collocantur
960 1597 1081 1652 libri
1131 1596 1195 1650 de
1240 1594 1531 1663 Abraham,
1565 1612 1670 1667 quo
1706 1597 1758 1651 in
1811 1611 1976 1667 opere
2002 1596 2180 1653 sancti
2284 1616 2498 1659 menter
2537 1606 2807 1674 perculsa,
2852 1607 3056 1661 nullius
3096 1621 3254 1676 opem
3302 1610 3785 1678 prtesentiorem
3814 1607 3937 1661 arbi-

579 1692 744 1763 bujus
772 1692 871 1746 viri
917 1691 1193 1762 impigram
1233 1690 1358 1760 ﬁdei
1393 1690 1711 1745 devotionem
1740 1690 2060 1747 Ambrosius
2084 1690 2182 1746 de-
2284 1705 2425 1751 trata
2466 1708 2579 1763 est,
2631 1714 2794 1770 quam
2847 1699 3022 1772 sancti
3062 1698 3357 1754 Ambrosii.
3398 1700 3807 1772 Quapropter
3830 1713 3929 1753 cum

580 1795 850 1843 monstrat
894 1784 1033 1859 (Lib.
1063 1784 1127 1838 de
1151 1783 1373 1853 Ioseph.
1422 1798 1541 1853 cap.
1573 1786 1626 1849 t,
1672 1800 1815 1838 num.
1849 1786 1929 1854 7),
1963 1784 2031 1839 ab
2060 1784 2180 1855 ipso
2287 1787 2375 1843 hic
2424 1791 2742 1845 memoriam
2777 1771 3094 1861 injuriarum
3145 1792 3346 1847 nullam
3378 1771 3725 1859 retineret,
3757 1800 3929 1861 rogatu

580 1894 798 1951 quoque
824 1877 981 1933 lactis
1003 1877 1305 1948 impletum,
1330 1875 1474 1947 quod
1501 1876 1585 1930 vix
1599 1875 1784 1947 jejuna
1805 1875 2033 1946 quadam
2058 1874 2177 1931 idea

2301 1881 2529 1949 ajusdem
2580 1884 2944 1955 imperatricis
3007 1901 3199 1941 rursus
3254 1886 3422 1957 legati
3496 1887 3584 1943 ad
3647 1897 3923 1958 tyrannum

582 1971 893 2045 philosophi
922 1971 1260 2028 intellexere.
2220 2038 2227 2043 Ι
2285 1973 2434 2029 illum
2466 1992 2603 2030 onus
2635 1978 2858 2032 subivit.
2894 1977 3006 2049 Ego
3036 1988 3174 2044 tuus,
3204 1980 3413 2048 inquit,
3477 1981 3696 2035 iterum
3747 1980 3921 2049 legatus

654 2066 747 2121 81.
778 2063 942 2119 Liber
971 2064 1033 2119 de
1079 2062 1236 2119 Isaac
1277 2072 1326 2118 et
1355 2064 1530 2117 anima
1573 2062 1711 2118 duos
1751 2062 1874 2116 illos
1910 2062 2175 2131 sequitur.

585 2155 683 2211 llic
707 2166 886 2212 autem
912 2171 979 2211 eo
1001 2154 1335 2227 pertinetgut
1362 2156 1414 2209 iu
1437 2155 1630 2212 eodem
1660 2164 1849 2208 sancto
1871 2151 2182 2223 patriarcha

583 2248 797 2304 sincera
846 2250 1029 2303 mentis
1077 2250 1359 2321 puritatem
1405 2248 1577 2303 oculis
1627 2246 1923 2316 subjiciens
1954 2244 2180 2319 (Ibid),

584 2342 757 2411 ipsum
790 2339 992 2397 Christi
1022 2341 1269 2408 Domini,
1298 2340 1602 2395 Rebeccam
1632 2353 1761 2394 vero
1798 2338 1917 2408 ejus
1958 2353 2183 2395 uxorem

584 2434 849 2491 Ecclesiae
872 2446 1057 2507 typum
1080 2435 1358 2489 exstitisse
1384 2430 1698 2504 patefaciat:
1729 2446 1830 2487 nec
1859 2446 1963 2487 non
1978 2441 2186 2487 utrum-

585 2544 690 2599 que
714 2529 862 2595 illum
892 2528 1180 2598 conjugem
1210 2526 1405 2582 anima:
1433 2525 1610 2581 ﬁdelis
1636 2540 1760 2581 cum
1790 2526 1996 2581 caelesti
2022 2541 2187 2597 spon-

588 2636 652 2676 so
678 2620 882 2690 nuptiis
910 2620 1309 2676 accommodet.

534 2696 537 2699 ’
660 2713 750 2769 82.
785 2713 939 2781 Quod
967 2713 1020 2768 in
1052 2713 1234 2769 libello
1264 2712 1531 2783 superiori
1560 2710 1883 2767 Ambrosius
1912 2710 1980 2766 de
2009 2710 2189 2766 anima

590 2805 988 2875 disputaverat,
1022 2821 1144 2861 eum
1187 2806 1427 2869 induxit,
1461 2816 1519 2862 ut
1562 2807 1709 2861 edita
1737 2804 1913 2875 opella
1945 2806 2007 2860 de
2046 2806 2190 2861 Bono

594 2898 809 2967 Mortis,
841 2899 974 2955 nihil
1008 2901 1251 2957 terribile
1280 2901 1461 2956 inesse
1503 2901 1665 2955 morti
1698 2900 1919 2971 planum
1953 2899 2187 2966 faceret;

2282 2069 2491 2140 repetivi
2522 2068 2743 2137 Gallias,
2783 2080 2831 2124 et
2872 2071 3001 2125 mihi
3028 2072 3178 2126 dulce
3223 2089 3316 2143 pro
3359 2074 3559 2128 salute
3594 2085 3697 2128 tua
3732 2073 3914 2144 primo,

2285 2161 2471 2216 deinde
2497 2179 2590 2232 pro
2630 2180 2776 2234 pace,
2808 2174 2960 2235 atque
2989 2166 3176 2235 pietate
3211 2181 3312 2236 qua
3337 2169 3636 2237 fraternas
3693 2164 3915 2233 reliquias

2286 2256 2604 2326 postulabas,
2636 2258 2865 2312 nondum
2890 2274 2984 2330 pro
3011 2268 3059 2313 te
3077 2275 3309 2324 securus,
3327 2270 3375 2313 et
3394 2261 3532 2329 jam
3564 2277 3677 2333 pro
3704 2261 3913 2329 fraterne

2287 2346 2480 2401 honore
2507 2349 2761 2404 sollicitus
2784 2350 2890 2421 (De
2913 2350 3067 2406 Obitu
3096 2350 3328 2418 Valent.,
3357 2368 3494 2406 num
3525 2353 3659 2423 28).
3686 2351 3784 2407 His
3808 2363 3908 2403 ver-

2289 2439 2373 2495 bis
2417 2456 2578 2497 causa
2629 2441 2914 2513 legationis
2962 2445 3204 2514 aperitur
3253 2462 3265 2497 :
3318 2444 3439 2515 ipse
3501 2462 3655 2501 vero
3706 2451 3905 2500 sanctus

2289 2536 2564 2601 Antistes,
2606 2552 2768 2607 quem
2801 2553 2867 2593 ex
2908 2552 2970 2593 ea
3016 2552 3327 2593 successum
3376 2539 3688 2604 retulerit,
3725 2535 3899 2604 scripta

2291 2632 2673 2689 Valentiniano
2723 2635 2951 2704 cpistola
2992 2634 3317 2706 signiﬁcavit
3371 2634 3592 2706 (Epist.
3641 2631 3900 2703 24),out-

2293 2742 2523 2797 nemque
2553 2742 2735 2783 rerum
2765 2741 2886 2783 cum
2931 2736 3163 2800 tyranno
3190 2728 3287 2783 abs
3312 2741 3372 2783 se
3410 2738 3713 2799 gestarum
3740 2731 3893 2795 perte-

2296 2818 2415 2874 xuit
2438 2819 2708 2874 ordinem.
2744 2820 2892 2876 Hanc
2930 2821 3214 2892 epistolam
3245 2821 3371 2876 dum
3405 2821 3666 2887 rediret,
3703 2833 3770 2873 ex
3798 2817 3892 2885 ipso

2295 2911 2492 2967 itinere
2543 2911 2746 2969 Caesari
2800 2914 2975 2980 misit;
3024 2930 3092 2970 ne
3142 2913 3285 2971 forte
3332 2915 3461 2986 quis
3508 2919 3885 2971 antevertens,

4002 2826 4019 3015 ς

503 3978 511 3989 ,
603 3927 849 3983 Solebant
875 3970 889 3996 ,
937 3929 1279 3999 expositione
1309 3941 1530 3985 sanctus
1568 3930 1857 4001 episcopus
1897 3928 2002 3984 rite
2046 3927 2201 3982 insti-

592 2994 861 3066 simulquc
890 2996 1198 3052 adstrueret
1238 2996 1461 3052 omnino
1492 3006 1784 3064 oportere,
1839 3005 1897 3049 ut
1941 2996 2193 3049 abdicatis

592 3091 826 3159 corporis
865 3089 1708 3162 delectationibus,,cupiditatibus
1749 3088 2002 3153 omnibus,
2043 3104 2194 3143 mun-
2295 3113 2424 3169 σερε
2450 3115 2632 3154 rerum
2662 3100 2904 3155 omnium
2936 3100 3111 3156 factus
3148 3102 3370 3167 certior,
3398 3101 3675 3157 adversus
3699 3097 3883 3151 hOSIem

593 3183 744 3254 dique
768 3182 1019 3239 illecebris
1048 3183 1189 3259 (Lib.
1223 3185 1287 3238 de
1309 3181 1457 3238 Bono
1488 3181 1649 3238 Mart.
1673 3199 1789 3253 cap.
1823 3182 1887 3247 '5,
1919 3200 1974 3237 η.
2004 3181 2085 3255 9),
2135 3182 2191 3238 in
2229 3258 2260 3263 _
2300 3199 2407 3245 tam
2447 3191 2865 3259 formidabilem,
2894 3192 2986 3263 qui
3021 3209 3143 3247 eum
3176 3192 3489 3263 opprimere
3520 3191 3675 3262 apud
3713 3203 3773 3245 se
3798 3192 3884 3238 sta-

597 3287 912 3347 perpetuum
941 3258 1145 3332 swculo
1172 3277 1489 3335 moriamur.
2216 3258 2264 3322 Ο
2297 3292 2493 3349 luerat,
2525 3291 2747 3353 paratus
2790 3258 2955 3339 esset.
3002 3258 3486 3356 Duplicisgeneris
3529 3258 3830 3357 episcopos,
3853 3287 3876 3325 ³

666 3369 756 3423 85.
792 3368 886 3422 llis
903 3368 1249 3423 sermonibus
1269 3367 1335 3422 ad
1359 3366 1743 3437 prreparaudos
1770 3367 2193 3422 catechumenos
2296 3393 2526 3449 quorum
2555 3379 2939 3434 communione
2971 3381 3185 3449 penitus
3223 3379 3518 3446 abstinuit,
3567 3374 3714 3449 apud
3741 3367 3880 3428 Maxi-

598 3459 1013 3528 appositissimis
1065 3459 1254 3514 imbuti
1296 3458 1625 3529 Augustinus
1669 3472 1830 3527 atque
1883 3458 2004 3522 alii,
2055 3474 2194 3544 aqua

2301 3487 2447 3527 mum
2479 3470 2681 3543 reperit
2711 3469 3053 3528 Ambrosius.
3088 3473 3305 3528 Priores
3350 3483 3544 3539 erant,
3599 3471 3692 3542 qui
3728 3464 3876 3521 eidem

601 3549 813 3604 vivilica
855 3541 907 3603 in
940 3550 1222 3620 pervigilio
1255 3549 1559 3620 paschatis,
1608 3550 1753 3621 quod
1784 3566 1858 3604 vn
1889 3548 1997 3605 kal.
2029 3541 2195 3607 Maias
2297 3541 3032 3624 Μθχῖηιοροηηηυηίοεωηι
3058 3567 3250 3636 “bid”
3275 3582 3418 3620 nam,
3440 3566 3572 3639 12);
3604 3541 3745 3619 unde
3766 3558 3875 3613 Pall-

601 3641 729 3695 anni
779 3643 1064 3710 przesentis
1109 3642 1439 3697 celebratum
1495 3642 1768 3708 diximus,
1814 3642 1968 3697 tincti
2022 3642 2193 3698 fuere.

2301 3658 2442 3713 linus
2472 3658 2650 3728 ipsum
2678 3674 2707 3714 a
2745 3660 2902 3714 beato
2933 3657 3163 3726 prmsule
3192 3656 3600 3711 cummunionis
3629 3644 3872 3708 consortio

603 3737 850 3792 lnitiatos
904 3751 1060 3793 sacro
1089 3738 1357 3809 baptismo
1392 3737 1679 3793 confestim
1716 3740 2196 3792 ‘sacramcntorum
2299 3752 2567 3822 primum
2592 3761 2869 3807 asseverat
2901 3750 2994 3821 (ιη
3026 3749 3147 3805 vna
3174 3751 3349 3817 Amo“
3378 3766 3526 3803 "om,
3565 3748 3683 3816 19)⁹
3709 3753 3762 3798 ιιι
3784 3740 3869 3809 jam

604 3849 726 3906 quae
760 3847 1099 3908 receperant,
1128 3839 1271 3893 sicut
1300 3848 1355 3894 et
1384 3836 1575 3893 eorum
1604 3853 1726 3908 quae
1757 3836 2018 3893 occultari
2047 3835 2199 3907 prius
2301 3845 2506 3899 dictum
2557 3856 2641 3900 est
2672 3863 2684 3897 ;
2745 3844 3079 3912 posteriores
3117 3857 3281 3908 vero,
3330 3843 3419 3912 qui
3461 3842 3696 3912 aliquos,
3726 3836 3868 3889 deum

2302 3938 2419 3993 licet
2448 3954 2481 3990 a
2509 3937 2634 4007 ﬁde,
2678 3937 2746 3990 ad
2768 3953 2941 3992 necem
2970 3935 3203 4007 petebant
3230 3934 3424 4009 (Epist.
3460 3934 3557 4001 24,
3590 3948 3727 3987 num.
3774 3922 3865 3991 l2).

2303 4044 2500 4098 nempe
2522 4027 2805 4096 lthaciani,
2836 4044 2866 4083 a
2895 4029 3093 4100 quibus
3117 4028 3259 4099 apud
3290 4028 3583 4083 Maximum
3612 4027 3865 4082 accusatus

2302 4129 2388 4178 est
2417 4121 2811 4189 Priscillianus,
2843 4132 2898 4178 et
2930 4122 3116 4176 iisdem
3148 4121 3452 4191 agentibus,
3485 4135 3612 4175 cum
3642 4119 3750 4188 ipse
3778 4120 3863 4165 ιυηι

2303 4215 2422 4284 ejus
2471 4223 2770 4270 sectatores
2819 4214 2997 4286 gladio
3052 4216 3284 4269 truncati
3338 4221 3482 4268 sunt.
3542 4212 3690 4267 Hanc
3722 4197 3862 4260 snncli

2305 4304 2581 4361 Ambrosii
2620 4306 2977 4361 constantiam
3010 4316 3065 4361 et
3107 4306 3275 4361 animi
3322 4303 3739 4374 magnitudinem
3778 4304 3861 4347 ιιοη

2308 4397 2430 4453 tulit
2461 4405 2767 4470 tyrannus:
2810 4398 2906 4454 sed
2954 4399 3191 4468 graviter
3235 4406 3540 4454 commotus
3580 4393 3732 4469 jussit
3764 4395 3861 4443 eum

2305 4489 2419 4543 sine
2440 4506 2586 4543 mora
2632 4491 2831 4562 regredi
2858 4489 3074 4563 (Ιὺὶά.).
3655 4532 3665 4537 -

2380 4579 2474 4636 89.
2503 4581 2766 4639 Maximus
2795 4582 3112 4638 redeuutem
3146 4598 3373 4653 propere
3411 4592 3652 4647 secutus,
3680 4571 3863 4633 nemine

2310 4675 2632 4743 obsistente,
2665 4677 2869 4733 Italiam
2894 4678 3127 4733 invasit:
3157 4677 3573 4733 Valentinianus
3614 4686 3733 4729 vero
3765 4676 3857 4721 me‘

2314 4777 2471 4823 tuens
2501 4784 2566 4823 ne
2591 4768 2859 4825 incideret
2887 4770 2941 4824 in
2968 4770 3086 4839 ejus
3115 4785 3328 4834 manus,
3352 4780 3407 4825 et
3433 4768 3623 4825 eadem
3650 4764 3862 4821 inhuma-

2313 4862 2481 4918 nitate
2523 4862 2592 4918 ab
2620 4876 2686 4917 eo
2729 4871 3074 4931 tractaretur,
3112 4877 3276 4932 quam
3315 4861 3606 4916 Gratianus
3646 4856 3858 4925 expertus

2310 4966 2459 5023 erat;
2488 4972 2788 5013 conscenso
2816 4958 3050 5028 navigio,
3068 4958 3217 5013 venit
3240 4955 3699 5017 Thessalonicam,
3727 4950 3859 5011 Seque

2312 5047 2436 5103 ﬁdei
2469 5063 2533 5102 ac
2564 5048 2817 5119 prmsidio
2845 5048 3136 5104 Theodosii
3171 5057 3339 5103 totum
3380 5045 3665 5103 commisit.
3707 5030 3857 5094 Proh?

2308 5156 2434 5211 gum
2463 5139 2803 5195 Theodosius
2830 5140 3046 5208 excepit
3077 5154 3334 5210 perquam
3367 5138 3671 5193 humaniter
3699 5149 3711 5186 :
3739 5135 3859 5183 eum‘

2311 5233 2434 5289 dem
2461 5247 2594 5288 vero
2636 5232 2723 5303 pie
2767 5232 3050 5288 admonuit
3093 5232 3190 5287 has
3237 5240 3413 5286 tantas
3441 5230 3623 5285 clades
3658 5225 3719 5280 ob
3756 5228 3854 5289 ρτο·

2312 5338 2606 5398 pugnatam
2638 5326 2890 5382 ltazresim
2912 5326 3167 5381 Arianam
3192 5340 3256 5380 ac
3275 5326 3590 5380 divexatam
3610 5312 3859 5378 Ecclesia!“

2312 5417 2637 5473 catholicam
2671 5417 2932 5472 divinitus
2964 5417 3235 5472 immissas
3266 5432 3335 5472 ne
3362 5417 3648 5472 dubitaret.

2388 5510 2479 5565 90.
2513 5510 2748 5565 Tametsi
2781 5518 2960 5565 autem
2990 5508 3281 5564 Ambrosio
3307 5510 3569 5565 Maximus
3594 5493 3859 5562 intentavis—

2314 5615 2399 5659 set
2427 5604 2806 5659 acerbissimas
2845 5603 3053 5669 minas,
3093 5619 3202 5657 non
3232 5603 3307 5657 illi
3346 5612 3555 5665 tamen,
3604 5609 3660 5655 ut
3682 5590 3853 5668 quidem

2312 5697 2547 5759 videtur,
2592 5698 2847 5751 damnum
2888 5694 3092 5751 intulit.
3141 5694 3321 5765 Usque
3364 5694 3502 5751 adeo
3551 5695 3702 5748 etiam
3746 5673 3857 5752 apud

2318 5790 2492 5846 malos
2537 5792 2944 5847 venerationem
2986 5790 3193 5846 invenit
3227 5792 3399 5866 virtus
3424 5776 3444 5845 l
3496 5787 3693 5867 Frater
3726 5781 3854 5867 QP“?

2315 5868 2427 5957 tam
2452 5876 2720 5941 recensita
2765 5874 2925 5954 lntjus
2961 5890 3172 5965 quoque
3198 5860 3457 5965 temporis
3482 5860 3601 5961 esse
3639 5860 3856 5936 credlml'.‘

2294 3014 2535 3062 mentem
2569 3008 2735 3077 ipsius
2767 3008 3001 3078 maligne
3041 3017 3362 3078 occuparet;
3390 3016 3449 3063 et
3477 3008 3657 3064 simul
3688 3013 3746 3060 ut
3769 3001 3889 3072 pric-

605 4020 743 4077 tuit:
791 4037 894 4093 qua
922 4023 1138 4094 quidem
1166 4040 1232 4078 ex
1274 4023 1546 4079 catechesi
1591 4023 1789 4078 librum
1833 4021 1897 4076 de
1943 4019 2203 4092 Mysteriis

606 4116 803 4172 factum
832 4130 1081 4194 putamus
1108 4122 1357 4189 (Admon.
1386 4124 1439 4178 in
1468 4124 1556 4177 lib.
1590 4122 1655 4177 de
1681 4121 1891 4194 Περι).

677 4211 767 4266 84.
784 4212 966 4267 Rediit
983 4215 1048 4268 ad
1072 4216 1294 4270 moralia
1318 4227 1593 4286 praecepta
1619 4228 1842 4272 sanctus
1856 4215 2199 4281 Ambrosius,

608 4312 664 4359 et
711 4313 768 4358 ut
815 4306 1098 4362 candidam
1130 4308 1275 4363 illam
1321 4310 1718 4391 neophytorum
1749 4308 1984 4376 (turbam
2032 4322 2063 4362 a
2112 4324 2203 4363 re-

609 4394 825 4452 deundo
854 4399 904 4452 in
937 4399 1215 4467 sacculum,
1239 4402 1321 4455 cui
1349 4416 1445 4470 per
1473 4400 1738 4475 baptisma
1768 4400 2015 4453 nuntium
2042 4399 2206 4454 remi-

611 4497 827 4554 serant,
857 4487 1053 4544 fortius
1079 4491 1386 4547 deterreret
1413 4508 1429 4559 ;
1477 4492 1599 4547 ideo
1629 4505 1912 4547 sermones
1963 4505 2204 4560 pronun-

614 4578 797 4646 tiavit,
832 4580 921 4650 qui
970 4597 1112 4637 nunc
1140 4582 1342 4637 redacti
1396 4584 1449 4638 in
1501 4582 1777 4638 librariam
1818 4581 2069 4649 formam,
2102 4583 2205 4638 sub

612 4673 770 4727 titulo
793 4673 914 4729 libri
937 4676 1000 4731 de
1030 4674 1183 4746 Fuga
1207 4677 1382 4732 saeculi
1402 4676 1470 4733 ad
1497 4691 1596 4733 nos
1627 4691 1924 4749 pervenere
1953 4676 2198 4747 (Admon.

613 4764 665 4818 in
694 4767 864 4821 eumd.
895 4766 1036 4839 lib.).

685 4860 774 4916 85.
808 4862 1333 4919 Commentationcm
1370 4864 1506 4919 hanc
1533 4863 1811 4935 excipiunt
1853 4862 1963 4918 duo
1992 4863 2113 4919 libri
2142 4865 2206 4919 de

612 4950 778 5007 Iacob
805 4963 851 5008 et
885 4954 1005 5010 Vita
1036 4955 1204 5024 beata,
1237 4958 1288 5010 in
1319 4956 1513 5028 quibus
1540 4954 1865 5011 Ambrosius
1890 4956 2205 5027 singularem

613 5047 776 5100 animi
800 5045 1130 5118 laborumque
1150 5048 1450 5119 patientiam
1474 5048 1526 5103 in
1557 5048 1748 5104 eodem
1777 5058 1966 5104 sancto
1993 5049 2208 5102 imitan-

592 5142 736 5198 ‘dam
764 5156 1071 5211 proponens
1098 5141 1239 5211 (Lib.
1265 5158 1281 5196 1
1312 5142 1374 5197 de
1397 5142 1617 5209 Ioseph.
1653 5150 1788 5213 patr.
1819 5159 1937 5211 cap.
1962 5142 2015 5207 1,
2045 5158 2098 5195 η.
2127 5142 2202 5209 1),

612 5233 1003 5291 beatitudinem
1057 5233 1108 5288 in
1159 5233 1572 5301 calamitatibus,
1624 5232 2095 5299 alﬂictationibus,
2143 5247 2208 5288 ac

613 5327 895 5385 doloribus
921 5343 1042 5384 esse
1069 5328 1297 5399 positam
1326 5328 1605 5383 evidenter
1630 5327 1808 5383 docet.

686 5423 775 5478 86.
815 5422 933 5478 Non
983 5420 1332 5493 prmtermisit
1378 5420 1599 5492 Josephi
1646 5420 1931 5475 historiam
1968 5418 2210 5478 Antistes

616 5525 820 5585 noster,
864 5517 960 5572 sed
1001 5518 1055 5571 in
1084 5530 1205 5573 eam
1234 5530 1343 5569 non
1374 5515 1545 5570 semel
1572 5514 1735 5570 verba
1775 5511 1925 5581 fecit,
1960 5528 2070 5583 pra:
2098 5530 2203 5569 eae-

620 5610 751 5666 teris
797 5609 1037 5680 ejusdem
1090 5608 1410 5681 patriarcha:
1456 5608 1707 5673 dotibus,
1756 5608 2062 5663 casdtatem
2092 5607 2210 5676 ejus

617 5702 833 5774 egregie
877 5703 1171 5772 praedicans
1217 5702 1384 5774 (Ibid.
1435 5719 1483 5756 ε.
1531 5700 1587 5768 6,
1628 5718 1773 5756 nam.
1821 5700 1890 5757 50
1915 5710 1964 5754 et
2005 5698 2118 5773 38).
2150 5699 2208 5755 In

625 5790 768 5849 idem
796 5801 1169 5862 argumentum
1206 5792 1316 5863 jam
1348 5792 1633 5865 superiore
1658 5806 1804 5848 anno
1833 5792 2207 5849 concionatum

624 5868 681 5947 5e
730 5874 854 5949 eise
900 5880 1010 5947 illic
1056 5874 1312 5953 testaturt
1368 5876 1555 5949 verum
1599 5882 1690 5947 aut
1737 5876 2055 5947 exciderunt
2100 5899 2211 5947 scre
