4102 6360
180 282 252 339 97

1087 280 1182 337 EX
1222 280 1386 339 EJUS
1423 279 1838 341 POTISSIMUM
1876 280 2187 342 SCRIPTIS
2225 279 2604 356 COLLECTA.

3425 285 3495 342 98

180 398 369 465 plures
398 395 681 470 epistolas,
711 394 904 465 quibus
927 405 1148 452 sanctus
1179 398 1270 452 Vir
1291 399 1581 452 multorum
1607 398 1786 452 dubiis
1815 398 1862 457 A
1892 412 2124 468 cumque
2155 408 2210 454 ut
2234 400 2429 455 librum
2458 409 2707 471 quartum
2739 398 2923 455 Esdra:
2956 399 3319 469 pervolveret,
3351 399 3492 455 mul-

179 489 290 542 sibi
320 504 416 556 per
457 489 672 543 litteras
701 488 944 543 certatim
985 489 1279 559 propositis
1325 505 1586 559 responsa
1621 490 1787 544 dedit.

179 579 239 634 In
285 579 482 634 harum
532 595 760 635 numero
785 580 1026 649 epistola:
1069 581 1135 634 ad
1173 580 1396 636 Sudiutn
1443 581 1562 634 duzc
1605 580 1792 650 reponi

181 683 419 744 possunt
464 672 667 745 (Epist.
728 673 800 742 25
843 683 892 727 et
936 672 1051 743 26).
1124 672 1178 728 ln
1239 673 1488 728 saeculari
1539 672 1655 727 foro
1708 673 1796 727 hic

179 762 350 834 judex
383 773 533 820 erat:
572 765 616 819 is
663 781 783 820 cum
833 763 1044 820 videret
1094 765 1432 820 Priscilliauo
1481 766 1796 837 urgentibus

187 859 490 915 lthacianis
518 860 718 930 'capitis
749 860 1130 925 condemnato,
1157 859 1412 936 recedere
1439 860 1700 928 plurimos
1731 860 1798 914 ab

186 968 380 1008 eorum
429 955 675 1009 omnium
707 954 1090 1011 communione
1121 956 1210 1026 qui
1243 953 1529 1024 capitalem
1577 964 1800 1010 senten-

188 1045 320 1100 tiam
354 1045 408 1100 in
434 1047 746 1116 quempiam
780 1047 1051 1112 tulissent,
1100 1047 1406 1103 sciscitatus
1432 1056 1550 1102 erat
1581 1062 1645 1102 ex
1674 1052 1802 1102 Am—

187 1138 400 1207 brosio,
434 1158 563 1196 num
595 1141 695 1197 sibi
728 1158 758 1196 a
790 1142 959 1197 sacris
983 1152 1128 1198 esset
1154 1141 1564 1207 abstinendum,
1587 1141 1801 1210 quoties

188 1234 432 1303 aliquem
493 1244 750 1292 extremo
799 1237 1065 1307 supplicio
1121 1237 1237 1308 ipse
1299 1236 1617 1290 addixisset.
1673 1234 1804 1304 Ejus

189 1326 537 1398 interrogato
569 1329 888 1386 Ambrosius
911 1330 978 1382 ita
1007 1327 1590 1398 reSponditzPlerique
1613 1335 1804 1396 sponte

190 1432 252 1474 se
280 1419 589 1485 abstinent,
614 1429 670 1476 et
701 1420 990 1474 laudantur
1014 1420 1257 1490 quidem,
1287 1435 1386 1474 nec
1416 1419 1520 1488 ipsi
1551 1433 1646 1474 eos
1686 1419 1804 1473 lau-

192 1511 328 1565 dare
360 1526 470 1566 non
503 1526 822 1582 possumus,
853 1512 942 1578 qui
974 1512 1348 1567 auctoritatem
1380 1510 1627 1580 Apostoli
1657 1519 1806 1564 eate-

195 1619 301 1657 nus
332 1605 716 1670 observamus,
745 1614 794 1658 ut
826 1605 892 1659 iis
919 1606 1352 1659 communionem
1379 1618 1484 1657 non
1509 1601 1807 1656 audeamus

199 1712 424 1766 negare.
480 1696 687 1752 Deinde
728 1712 854 1751 vero
904 1698 1054 1767 quasi
1096 1697 1382 1767 episcopus
1423 1697 1487 1748 ad
1535 1694 1805 1749 exhiben—

1900 498 2008 543 tum
2042 491 2270 558 impulit.
2319 493 2465 548 Idem
2496 493 2865 548 Horontianus
2909 493 2978 549 de
3003 491 3322 562 quibusdam
3352 492 3497 562 Apo-

1897 580 2021 634 stoli
2055 582 2233 635 verbis
2257 598 2484 652 quorum
2507 585 2574 639 ab
2604 585 2890 641 Ambrosio
2915 585 3075 640 citata
3103 585 3316 640 fuerant
3343 595 3499 640 ante-

1899 671 2176 737 cedentia,
2208 674 2334 743 quid
2375 677 2463 730 ille
2510 678 2768 745 sentiret,
2798 679 2936 734 scire
2967 679 3194 746 optavit.
3225 676 3503 733 Satisfeeit

1899 764 2068 834 ipsius
2123 765 2385 820 voluntati
2438 767 2677 825 Antistes
2733 781 2918 825 uester
2968 769 3164 843 (Epist.
3223 771 3348 842 ⁸56),
3404 769 3502 826 sed

1900 871 2089 910 eorum
2119 859 2406 912 verborum
2431 861 2716 917 occasione
2742 861 3012 933 imperare
3033 864 3134 919 sibi
3166 880 3271 918 non
3304 864 3502 934 potuit,

1902 948 2029 1018 quin
2064 951 2305 1020 martyrii
2349 951 2746 1019 oportunitates
2790 954 2890 1008 sibi
2933 967 3148 1025 ereptas
3199 956 3339 1026 apud
3381 971 3506 1011 cum

1903 1039 2127 1096 defieret
2150 1041 2484 1112 gravissimis
2511 1043 2692 1099 verbis
2720 1061 2731 1096 :
2758 1044 2948 1110 Quales
2968 1050 3282 1114 occasiones,
3308 1049 3506 1120 inquit,

1906 1134 2098 1200 habui,
2147 1146 2194 1189 et
2227 1135 2288 1190 de
2334 1137 2446 1205 ipso
2495 1153 2657 1208 prope
2707 1138 2810 1206 [ine
2856 1151 3122 1195 revocatus
3172 1159 3287 1198 sum
3316 1143 3508 1215 (lbid.,

1905 1243 2047 1280 num.
2081 1226 2138 1296 4)
2164 1227 2177 1280 !

1980 1320 2071 1374 9st.
2127 1319 2511 1388 Simplicianus
2554 1321 2844 1377 Ambrosio
2892 1323 3260 1395 significavit,
3314 1336 3514 1398 quanta

1857 1481 1873 1500 ,
1909 1412 2186 1482 voluptate
2216 1413 2440 1469 affectus
2471 1425 2618 1471 esset
2647 1417 2711 1470 iis
2735 1417 2998 1486 legendis,
3027 1435 3147 1488 qua:
3172 1419 3226 1474 in
3261 1421 3517 1479 Paulinas

1909 1506 2170 1574 epistolas
2202 1507 2265 1562 ad
2296 1508 2553 1578 populum
2583 1508 2920 1566 disseruerat
2954 1529 2967 1566 :
3001 1529 3273 1584 quamque
3302 1526 3516 1585 gratum

1909 1597 2013 1653 sibi
2043 1608 2186 1654 esset
2240 1600 2496 1665 futurum,
2530 1601 2577 1655 si
2607 1601 2734 1672 quid
2770 1603 2991 1673 insuper
3019 1605 3262 1674 ejusdem
3294 1608 3516 1677 generis

1911 1688 1978 1744 ad
2027 1706 2084 1746 se
2127 1692 2383 1747 mitteret.
2428 1693 2599 1763 Major
2629 1707 2742 1749 erat
2788 1695 3062 1751 Ambrosii
3094 1713 3221 1767 erga
3265 1698 3411 1755 hunc
3438 1701 3522 1756 vi-

200 1788 327 1842 dam
362 1790 545 1858 potius
575 1790 681 1845 reis
711 1789 1052 1844 clementiam
1086 1803 1248 1860 quam
1277 1788 1625 1843 severitatem
1658 1786 1807 1841 illum
1837 1793 1886 1854 Β
1912 1798 2033 1839 rum
2059 1783 2428 1852 observantia,
2459 1802 2619 1855 quam
2641 1796 2699 1840 ut
2721 1787 2837 1857 ejus
2865 1789 3064 1858 optatis
3094 1805 3201 1844 non
3224 1802 3515 1848 annuerct.

203 1880 488 1936 hortatur.

275 1971 365 2027 91.
394 1974 509 2030 Hoc
535 1976 698 2030 etiam
725 1983 966 2046 tempore
993 1977 1190 2046 saepius
1212 1973 1279 2029 ad
1308 1975 1570 2030 lrenmum
1600 1973 1812 2029 charis-

206 2066 406 2122 simum
439 2068 608 2124 lilium
625 2079 677 2124 et
708 2068 966 2124 Ecclesia:
989 2069 1410 2124 Mediulanensis
1437 2068 1813 2137 presbyterum

209 2166 304 2212 aut
347 2158 641 2216 diaconum
692 2161 910 2232 scripsit
961 2162 1304 2216 Ambrosius.
1363 2161 1542 2215 Prima
1592 2160 1815 2229 epistola

210 2249 622 2310 Deuterouomii
664 2269 882 2310 versum
924 2254 1174 2309 enucleat
1207 2252 1404 2326 (Epist.
1458 2252 1578 2322 27),
1627 2259 1682 2306 et
1725 2266 1817 2305 so-

208 2343 463 2400 cietatem
523 2349 853 2416 perditorum
907 2347 1186 2403 hominum
1237 2347 1426 2400 suadet
1481 2345 1815 2400 cvitaudam.

201 2435 455 2495 Secunda
504 2458 608 2498 non
658 2444 828 2498 multo
856 2453 977 2512 post
1003 2450 1189 2496 secuta
1236 2441 1430 2518 (Epist.
1475 2439 1595 2511 28),
1650 2439 1820 2508 ipsius

203 2533 396 2600 vitam,
420 2545 488 2589 ut.
508 2546 632 2607 pote
657 2537 890 2591 hominis
913 2534 1166 2591 diviniori
1193 2536 1510 2590 charactere
1528 2534 1818 2598 nobilitati,

211 2627 406 2693 probat
455 2629 845 2698 perfectiorem
901 2644 1022 2684 esse
1081 2629 1314 2695 debere,
1372 2644 1436 2684 ac
1476 2629 1821 2683 smeularium

213 2727 637 2781 conversatione
663 2726 832 2780 multo
860 2726 1208 2781 sanctiorem.
1247 2724 1447 2780 Eodem
1481 2724 1570 2779 die
1598 2725 1820 2779 domum

220 2827 473 2868 reversus
519 2833 550 2871 a
578 2817 773 2886 vigiliis
802 2827 1020 2872 sanctus
1049 2818 1371 2887 Episcopus,
1395 2817 1588 2872 studiis
1618 2817 1730 2872 suis
1758 2818 1825 2873 de

223 2920 376 2960 more
406 2911 686 2979 repetitis,
736 2926 951 2964 versum
993 2911 1318 2980 Scriptura),
1371 2926 1529 2980 quem
1581 2909 1741 2964 modo
1772 2909 1825 2965 in

226 2998 420 3066 synaxi
450 3000 658 3054 cantari
688 2999 953 3067 audierat,
981 3002 1264 3056 revolvere
1288 3000 1470 3054 animo
1497 3003 1684 3068 coepit.
1722 3000 1830 3054 Ad-

229 3091 400 3144 tnovit
449 3095 632 3146 Statim
687 3108 904 3146 manum
934 3091 1174 3158 calamo,
1224 3101 1278 3146 ct
1329 3100 1546 3146 exarata
1599 3092 1828 3158 epistola

1918 1875 2211 1944 Epistolam
2246 1877 2408 1946 igitur
2453 1878 2520 1932 ad
2559 1879 2710 1933 illum
2741 1879 2917 1946 dedit,
2963 1897 3066 1952 qua
3098 1884 3414 1954 complexus
3456 1899 3523 1940 ea

1916 1966 2113 2033 fuerat,
2146 1985 2266 2038 qua:
2293 1970 2344 2024 in
2369 1969 2536 2025 alium
2563 1972 2804 2042 Apostoli
2837 1982 3038 2028 textum
3073 1979 3525 2045 pronuntiaverat

1916 2074 2097 2114 coram
2147 2060 2384 2129 populo:
2417 2061 2510 2117 ubi
2549 2072 2809 2132 praeterea
2852 2064 2901 2118 id
2951 2067 3274 2134 probaverat
3312 2068 3521 2124 liberta-

1919 2164 2018 2208 tem
2049 2158 2279 2208 nostra-tn
2309 2156 2363 2208 in
2393 2155 2586 2210 Christi
2617 2173 2726 2212 esse
2754 2159 3010 2226 sapientia
3038 2160 3232 2233 (Epist.
3270 2161 3382 2234 57).
3415 2163 3524 2220 Sed

1921 2245 2328 2302 hoeultimum
2379 2263 2569 2303 rursus
2633 2260 2917 2318 repetens,
2981 2268 3139 2308 veras
3184 2255 3402 2312 divitias
3466 2258 3520 2312 iu

1921 2339 2112 2394 eadem
2163 2356 2374 2409 quoque
2423 2341 2687 2410 sapientia
2739 2357 2859 2398 esse
2902 2347 3103 2414 positas
3158 2347 3278 2402 aliis
3327 2349 3524 2407 litteris

1921 2438 2067 2490 clare
2101 2435 2438 2491 demonstrat
2468 2436 2662 2508 (Epist.
2693 2437 2806 2510 58).

1999 2526 2088 2580 95.
2116 2525 2359 2596 Denique
2380 2528 2522 2582 circa
2544 2528 2595 2583 id
2621 2531 2878 2600 temporis
2904 2531 3222 2588 Faustinum
3240 2536 3529 2605 quemdam

1925 2618 2176 2673 amissam
2205 2634 2452 2676 sororem
2498 2623 2714 2677 virtutis
2745 2624 3034 2694 singularis
3065 2641 3128 2682 ac
3157 2627 3338 2683 meriti
3370 2628 3531 2685 femi-

1927 2728 2048 2766 nam
2082 2714 2338 2784 lacrymis
2372 2715 2654 2786 lugentem
2702 2731 2836 2772 sane
2866 2719 3169 2775 immodicis
3213 2720 3536 2782 Ambrosius

1928 2821 2024 2876 per
2051 2805 2334 2874 epistolam
2365 2808 2676 2864 consolatus
2698 2819 2778 2864 est
2810 2809 3006 2881 (Epist.
3034 2811 3152 2884 59).

2002 2898 2091 2953 96.
2128 2899 2256 2970 (An.
2291 2900 2445 2971 588.)
2469 2901 2743 2956 Justitiam
2774 2903 3029 2958 Arianam
3060 2906 3204 2961 illam
3231 2906 3541 2978 imperatri-

1932 3004 2048 3043 cem
2080 2990 2238 3058 vulgo
2272 2991 2584 3047 existimant
2612 3010 2719 3048 non
2754 2997 3047 3052 revertisse
3078 2996 3132 3052 in
3162 2997 3365 3054 Italiam
3391 3044 3406 3065 ,
3440 3002 3537 3058 sed

1933 3081 1990 3134 iu
2029 3083 2143 3152 luga
2176 3082 2288 3151 ipsa
2322 3083 2432 3138 fato
2457 3086 2831 3153 concessisse;
2866 3089 2937 3142 ita
2970 3099 3026 3144 ut
3059 3107 3162 3147 non
3207 3095 3323 3149 sine
3352 3096 3539 3155 divino

231 3189 391 3241 tertia
437 3187 703 3244 lrenzeum
755 3188 1198 3258 interpretatione
1271 3186 1509 3256 ejusdem
1583 3184 1828 3240 versiculi

1933 3172 2138 3244 judicio
2189 3193 2306 3246 qua:
2353 3178 2511 3232 toties
2552 3179 2899 3235 Ambrosium
2943 3183 3145 3252 ejicere
3173 3172 3244 3240 ‘in
3289 3189 3540 3245 exsilium

233 3281 557 3335 exhortatus
600 3291 682 3336 est
708 3280 904 3352 (Epist.
957 3280 1071 3351 29),
1107 3288 1164 3334 ut
1195 3295 1289 3348 per
1339 3279 1522 3332 tnundi
1555 3289 1837 3348 contemp-

237 3379 350 3426 tum
377 3383 542 3444 atque
563 3372 850 3443 repudium
875 3386 1130 3442 supremo
1161 3371 1303 3423 bono
1329 3371 1484 3424 unice
1507 3370 1830 3425 adhaereret.

240 3464 334 3518 Vix
369 3465 646 3523 ferendam
677 3465 903 3521 dederat
934 3465 1072 3520 hanc
1098 3463 1405 3534 epistolam,
1441 3477 1562 3518 cum
1589 3464 1740 3518 locus
1770 3479 1834 3519 ex

231 3559 430 3629 Aggan
473 3562 521 3617 ei
551 3559 848 3626 succurrit,
885 3559 1008 3614 huic
1041 3559 1139 3626 ipsi
1169 3565 1489 3626 argumento
1521 3557 1678 3623 plane
1705 3572 1837 3611 con-

229 3651 483 3718 veniens,
517 3653 605 3721 qui
636 3652 912 3706 materiam
945 3648 1326 3706 elucubranda:
1353 3657 1560 3719 quarta:
1591 3648 1838 3718 epistola:

236 3743 600 3812 suppeditavit
635 3742 830 3815 (Epist.
867 3740 980 3812 '50).

311 3837 403 3892 9'2.
432 3837 668 3893 lrenzeus
701 3837 861 3891 tantis
891 3835 1289 3891 benevolentia:
1315 3849 1379 3888 ac
1404 3833 1671 3889 facilitatis
1715 3836 1840 3888 Am-

240 3931 512 3989 brosianac
531 3933 852 3990 testimoniis
868 3933 1144 4003 pellectus,
1171 3946 1278 3986 non
1297 3929 1567 3984 dubitavit
1588 3938 1837 3984 sanctum

242 4024 569 4097 Episcopum
633 4040 793 4095 super
858 4025 1022 4079 variis
1091 4021 1478 4093 qurestiouibus
1535 4021 1839 4074 consulere.

243 4118 616 4186 Qurestionum
649 4118 765 4188 ejus
808 4118 923 4172 base
955 4117 1122 4186 prima
1155 4114 1281 4181 fuit,
1317 4123 1495 4169 utrum
1521 4113 1691 4181 major
1721 4128 1846 4165 cen-

244 4212 410 4266 senda
455 4197 600 4268 esset
630 4226 817 4266 eorum
845 4210 1100 4274 charitas,
1147 4208 1238 4279 qui
1295 4206 1363 4260 ab
1419 4202 1718 4276 unguiculis
1749 4203 1845 4258 Dei

246 4304 511 4373 obsequio
553 4317 610 4358 se
648 4302 1068 4372 mancipassent,
1116 4315 1184 4353 an
1215 4312 1348 4353 vero
1379 4312 1566 4353 eorum
1599 4296 1686 4364 qui
1722 4310 1847 4362 pro-

246 4399 470 4453 vectiori
504 4405 709 4450 tantum
741 4395 942 4450 aetate?
989 4392 1157 4463 llujus
1200 4389 1348 4446 dubii
1380 4388 1524 4444 haud
1569 4386 1849 4458 injucundi

245 4474 665 4560 explicationem
697 4487 921 4559 epistola
954 4501 1060 4541 una
1095 4485 1414 4555 complexus
1446 4483 1625 4552 primo
1673 4481 1849 4536 fuerat

1939 3280 2127 3322 conata
2162 3267 2363 3336 fuerat,
2401 3271 2551 3326 exsul
2595 3283 2757 3342 atque
2783 3276 3020 3330 extorris
3049 3277 3162 3348 ipsa
3206 3291 3537 3338 moreretur.

1941 3359 1995 3414 Si
2025 3375 2129 3428 qua
2150 3359 2307 3414 etiam
2332 3361 2642 3431 conjectura
2670 3365 2720 3417 in
2741 3363 2946 3420 Paulini
2977 3369 3159 3425 verbis
3183 3373 3342 3428 statui
3373 3376 3545 3444 possit

1940 3450 2029 3523 (In
2059 3451 2175 3506 Vita
2202 3453 2348 3509 Δηώ.
2382 3472 2434 3508 n.
2474 3455 2590 3528 20),
2625 3458 2839 3514 circiter
2869 3460 3012 3517 hunc
3042 3479 3239 3521 annum
3254 3470 3546 3540 contigisse

1938 3542 2201 3609 dicemus,
2245 3555 2304 3599 ut
2345 3562 2530 3617 magus
2571 3549 2824 3620 quidam,
2884 3553 3254 3626 Innocentius_
3285 3562 3541 3632 nomine,

1941 3651 2063 3690 cum
2099 3650 2446 3708 torqueretur
2476 3641 2544 3696 ob
2590 3644 2735 3698 varia
2768 3646 2974 3702 scelera
2994 3692 3007 3714 ,
3037 3650 3320 3709 confessus
3349 3653 3541 3726 fuerit,

1940 3728 2150 3786 Justina
2187 3732 2540 3802 gubernante,
2574 3735 2900 3793 conductum
2943 3752 3117 3798 semet
3145 3745 3213 3800 ab
3239 3744 3454 3803 Arianis
3489 3757 3548 3804 ut

1942 3820 1994 3876 in
2030 3823 2354 3894 Episcopum
2386 3827 2568 3897 populi
2597 3829 2722 3883 odia
2749 3831 3042 3900 excitaret,
3093 3838 3426 3892 exsecranda
3459 3855 3548 3894 sa-

1943 3916 2145 3972 crificia
2165 3919 2492 3986 celebrasse,
2523 3921 2616 3975 sed
2643 3922 2796 3977 irrito
2824 3935 3041 3978 conatu.
3071 3927 3265 3982 Subtlit
3289 3929 3547 3988 Paulinus

1946 4008 2140 4081 (Ibid.)
2207 4027 2422 4065 manum
2480 4015 2817 4082 percussoris
2869 4015 2936 4069 ad
2997 4016 3344 4075 Ambrosium
3398 4024 3548 4079 missi

1947 4103 2252 4167 exaruisse,
2309 4111 2470 4172 atque
2509 4119 2546 4169 _a
2597 4114 2784 4159 sancto
2833 4107 2951 4161 viro
2999 4108 3172 4164 eidem
3227 4111 3393 4168 fuisse
3424 4131 3550 4172 mox

1948 4198 2274 4252 restitutam.
2296 4197 2692 4270 Narrat(Ibid.,
2718 4200 2808 4271 21)
2841 4211 3021 4271 postea
3046 4203 3281 4260 Probum
3306 4224 3546 4278 curasse,

1951 4300 2008 4346 ut
2035 4308 2167 4362 puer
2212 4292 2452 4348 notarius
2481 4293 2840 4350 deduceretur
2877 4297 2945 4352 ad
2987 4297 3330 4358 Ambrosium
3351 4345 3365 4370 ,
3394 4307 3550 4377 cujus

1949 4383 2214 4439 beneficio
2235 4400 2264 4438 a
2292 4385 2540 4442 dazmone
2570 4387 2916 4445 liberaretur.

2024 4478 2113 4533 97.
2146 4477 2278 4534 Cum
2324 4478 2706 4535 Valentiniano
2744 4483 2954 4538 transiit
2985 4483 3324 4543 Theodosius
3364 4488 3414 4544 in
3448 4489 3553 4546 Ita-

195 4616 212 4634 .
246 4555 570 4638 Ambrosius
602 4555 798 4655 (Epist.
848 4579 974 4648 51),
1019 4587 1074 4631 at
1105 4593 1230 4631 mox
1260 4576 1417 4630 aliam
1459 4574 1526 4629 de
1573 4573 1762 4628 eadem
1792 4589 1851 4629 re
1875 4555 1928 4618 Ῑ)
1961 4572 2119 4638 liam,
2153 4587 2217 4627 ac
2252 4571 2462 4628 duabus
2488 4575 2729 4630 victoriis
2770 4576 2838 4632 dc
2879 4578 3110 4635 Maximo
3142 4592 3372 4652 tyranno
3394 4585 3554 4643 citius

247 4676 628 4746 superaddidit
657 4673 847 4747 (Epist.
885 4670 998 4744 52).
1051 4671 1300 4740 Acceptis
1349 4678 1530 4724 autem
1581 4668 1851 4739 prioribus

250 4771 452 4828 litteris
479 4771 712 4826 lrenaeus
741 4767 810 4823 ob
839 4768 1016 4822 locum
1047 4764 1334 4836 quemdam
1367 4761 1774 4818 Deuterouomii
1800 4762 1851 4815 in

253 4864 335 4921 his
365 4868 592 4922 citatum
620 4860 951 4917 difficultatis
998 4856 1200 4927 aliquid
1241 4869 1455 4926 passus,
1489 4853 1621 4909 illud
1656 4854 1852 4907 iterum

255 4957 353 5027 ipsi
385 4957 691 5029 proposuit,
722 4971 750 5010 a
773 4970 882 5026 quo
913 4962 964 5007 ct
993 4959 1228 5020 optatam
1262 4948 1504 5017 ejusdem
1537 4947 1853 5018 qumStionis

256 5053 522 5105 continuo
543 5048 750 5117 accepit
776 5045 1098 5102 solutionem
1131 5039 1324 5114 (Epist.
1356 5039 1471 5111 55).

328 5142 414 5198 95.
451 5141 816 5197 Horontianus
841 5136 1012 5193 sancti
1037 5133 1284 5189 Doctoris
1309 5142 1361 5187 et
1391 5133 1508 5202 ipse
1535 5129 1854 5201 discipulus,

261 5237 347 5307 qui
375 5236 700 5292 clericorum
732 5233 785 5288 in
816 5229 1173 5287 contubernio
1216 5226 1482 5281 educatus
1509 5226 1576 5281 ab
1609 5224 1856 5288 infantia,

263 5331 514 5383 manibus
534 5325 804 5381 Ambrosii
827 5323 1086 5377 diaconus
1099 5329 1190 5373 aut
1210 5317 1495 5390 presbyter
1511 5324 1860 5372 consecratus

262 5417 470 5484 fuerat,
519 5425 905 5489 praeceptorem
955 5428 1110 5468 suum
1168 5410 1550 5490 interrogavit,
1599 5406 1860 5477 numquid

266 5514 501 5570 humana
550 5513 726 5564 anima
773 5507 1010 5564 cmlestis
1053 5516 1196 5561 esset
1242 5502 1600 5559 substantiae?
1647 5499 1868 5555 Duabus

268 5607 516 5678 epistolis
551 5603 744 5675 (Epist.
779 5602 846 5656 54
881 5608 928 5653 et
956 5599 1078 5667 55),
1109 5597 1334 5667 quarum
1369 5595 1604 5665 priorem
1656 5591 1868 5646 brevis-

269 5700 406 5755 simo
425 5699 604 5769 Spatio
618 5703 800 5750 secuta
827 5690 1089 5762 posterior
1113 5699 1216 5756 est,
1238 5698 1457 5745 sanctus
1482 5686 1685 5743 Praesul
1715 5685 1866 5738 illum

275 5793 458 5852 docuit
507 5790 704 5846 anima:
760 5793 959 5842 nostrae
1015 5790 1258 5838 naturam
1313 5795 1435 5838 esse
1489 5776 1822 5850 spiritualem
1853 5816 1867 5842 ,

1955 4667 2264 4734 reportatis,
2311 4665 2636 4737 Aquileiam,
2674 4684 2782 4738 quo
2838 4679 3097 4742 tyrannus
3129 4674 3218 4729 ille
3248 4689 3308 4730 se
3331 4691 3554 4748 recepe-

1953 4769 2057 4825 rat,
2087 4760 2371 4815 obsidione
2397 4760 2569 4815 ciuxit
2602 4777 2614 4813 :
2641 4778 2748 4830 qua
2787 4776 3089 4834 expugnata
3114 4767 3168 4821 in
3201 4767 3349 4822 illum
3375 4770 3556 4839 gladio

1953 4853 2354 4908 animadvertit.
2409 4853 2685 4909 Summam
2739 4855 2790 4908 in
2839 4855 2924 4910 his
2973 4857 3214 4914 victoriis
3264 4859 3557 4917 Theodosii

1955 4945 2376 5002 moderationem
2424 4947 2671 5000 certatim
2719 4946 2962 5004 historici
3008 4950 3256 5005 laudibus
3315 4953 3560 5008 cumula-

1966 5048 2128 5093 runt:
2160 5039 2354 5108 quibus
2400 5039 2444 5093 si
2477 5038 2769 5108 quidquam
2823 5042 3061 5112 adjicere
3088 5044 3470 5100 induceremus
3504 5045 3560 5099 in

1964 5133 2224 5196 animum,
2257 5131 2486 5185 instituti
2520 5132 2689 5185 nostri
2729 5134 2990 5189 terminos
3012 5135 3418 5189 excederemus.
3443 5133 3563 5189 Non

1965 5233 2142 5278 tamen
2175 5238 2460 5292 possumus
2481 5223 2608 5292 quin
2633 5239 2695 5278 ea
2718 5241 2838 5294 quae
2863 5227 3131 5280 Ambrosii
3157 5224 3404 5295 precibus
3433 5240 3567 5281 con-

1963 5320 2128 5372 cessit
2151 5317 2464 5386 imperator,
2494 5316 2868 5391 Ambrosianis
2902 5319 3081 5373 verbis
3113 5318 3197 5369 hic
3220 5315 3515 5373 efferamus
3551 5339 3566 5375 :

1969 5409 2158 5476 Debeo,
2200 5409 2392 5478 inquit,
2445 5408 2704 5476 beneﬁciis
2759 5410 2879 5474 tuis,
2915 5407 3120 5478 quibus,
3154 5415 3350 5473 petente
3370 5423 3469 5473 me,
3507 5411 3573 5464 li-
3641 5450 3651 5465 .

1970 5503 2156 5557 berasti
2191 5502 2440 5572 plurimos
2491 5499 2554 5552 de
2580 5498 2792 5563 exsiliis,
2824 5500 2888 5551 de
2924 5495 3233 5562 carceribus,
3281 5495 3346 5550 de
3373 5498 3574 5556 ultima:

1973 5596 2107 5649 necis
2129 5592 2398 5661 suppliciis
2428 5589 2623 5660 (Epist.
2645 5587 2740 5652 40,
2757 5603 2899 5640 num.
2917 5586 3030 5651 25).

2042 5686 2132 5741 98.
2159 5682 2376 5738 Maximi
2417 5679 2667 5750 partibus
2699 5675 3017 5744 profligatis,
3045 5676 3199 5729 venit
3227 5675 3579 5734 Theodosius

1977 5775 2363 5839 Mediolanum,
2397 5769 2540 5827 unde
2579 5765 2898 5823 Ambrosius
2945 5765 3249 5837 Aquileiam
3295 5767 3579 5838 profectus
