4102 6360
589 249 658 316 '99
1801 241 1958 304 Vl’l‘A
1999 217 2250 308 saucii
2289 235 2614 308 Atililtostt
3893 237 3974 294 tu
4027 150 4031 316 ξ

591 381 728 427 erat.
765 365 1119 425 Ambrosiani
1151 365 1352 422 itineris
1395 377 1515 438 quae
1542 375 1699 420 causa
1731 361 1916 426 fuerit,
1951 361 2174 434 ignora-
2203 355 2252 426 Α
2279 360 2592 432 gislatoretn
2641 357 2780 418 nihil
2809 357 3118 430 scripsisse,
3149 359 3300 432 quod
3345 371 3500 416 non
3559 357 3862 416 divinitus
3885 361 3974 428 ipse

595 472 700 517 tur.
721 461 988 532 Opinatus
1013 469 1096 514 est
1121 457 1409 532 cardinalis
1435 455 1702 510 Bai-anius
1747 453 1850 526 (Ad
1901 471 2025 508 ann.
2051 453 2178 522 388)
2281 451 2790 522 recepisset,rarias
2807 451 3236 510 rationeseidem
3255 453 3528 526 promit
3557 450 3974 510 solvendoltuis:

593 563 908 624 susceptum
935 552 1060 606 illud
1083 551 1265 614 luisse,
1297 561 1351 604 ιιι
1371 549 1684 614 Valeriano,
1715 549 1806 620 qui
1835 563 1955 604 eam
1987 547 2182 618 gtther-
2281 545 2600 618 problemati
2625 543 2784 602 valde
2809 545 3110 618 appositas.

595 655 816 702 traverat
843 643 1162 708 Ecclesiam,
1195 641 1532 698 sufﬁceretur
1557 657 1732 698 novus
1757 637 2182 712 episcopus.Ve-
2357 637 2478 694 illi.
2513 635 2662 694 Idem
2713 639 2874 696 etiam
2928 637 3298 696 Horontianus
3329 639 3738 696 sciscitatus
3759 647 3872 703 est.
3901 652 3976 694 est

593 736 894 796 rnmtamen
951 733 1254 796 astruendat
1307 735 1432 790 huic
1489 732 1736 806 opinioni
1813 731 2182 788 testimonium
2285 745 2380 790 set
2417 731 2612 790 diebus
2657 747 2842 808 rerum
2887 731 3214 790 universitas
3273 741 3518 788 creata
3581 727 3972 800 essetiCujtts

593 831 800 886 nullum
829 829 1069 898 reperire
1091 837 1192 884 est.
1229 825 1530 900 Utcumque
1553 837 1734 882 autem
1761 841 1819 882 se
1849 841 1938 882 res
1965 825 2183 894 habeat,
2285 823 2642 894 quaestionem
2691 823 2861 884 altera
2909 823 3138 896 epistula
3183 823 3364 884 solvit
3421 823 3830 882 Ambrosius
3869 821 3972 896 (Ep.

590 921 905 980 Ambrosius
935 921 1132 978 ibidem
1165 931 1292 978 tunc
1331 922 1673 986 versabatur,
1717 935 1838 976 cum
1871 919 2076 992 perlata
2100 926 2188 976 est
2289 919 2460 988 κων).

589 1018 656 1074 ad
687 1035 809 1074 eum
840 1017 978 1073 fama
1013 1017 1082 1074 de
1129 1015 1514 1074 Theodosiano
1539 1015 1778 1096 quodam
1809 1013 2012 1082 edicto,
2040 1010 2188 1084 quod
2361 1011 2480 1068 105.
2509 1013 2746 1072 Sabinus
2791 1029 3032 1088 quoque,
3055 1027 3086 1070 a
3117 1029 3226 1086 quo
3267 1015 3596 1076 similiter
3631 1017 3858 1074 lectum
3881 1015 3972 1070 itte

588 1123 776 1168 contra
831 1115 1144 1196 episcopum
1189 1109 1358 1166 ϐαδινί
1387 1111 1634 1166 Callinici
1657 1153 1672 1180 ,
1705 1110 1797 1166 ubi
1841 1125 1872 1166 a
1915 1108 2188 1166 nonnullis
2287 1115 2372 1166 rat
2403 1105 2798 1172 Hexaemeron.
2829 1123 2862 1170 a
2891 1115 3082 1166 sancto
3107 1109 3226 1168 viro
3259 1108 3448 1180 petiit
3489 1125 3618 1180 per
3655 1110 3968 1174 litteras,a

587 1205 1008 1260 christianorum
1054 1201 1278 1260 Judaica
1323 1218 1598 1275 synagoga
1643 1203 1866 1258 incensa
1900 1200 2100 1274 luerat,
2133 1207 2189 1258 et
2289 1200 2484 1260 alicubi
2519 1201 2588 1258 de
2637 1201 2874 1274 paradisi
2907 1203 3186 1260 terrestris
3235 1201 3366 1258 loco
3427 1202 3970 1268 disseruisset,aut

585 1309 772 1355 contra
795 1297 1092 1352 monachos
1116 1296 1206 1368 qui
1227 1295 1732 1352 Valentinianorutn
1757 1293 2022 1370 templum
2042 1308 2188 1350 com-
2289 1307 2410 1364 qua:
2439 1301 2586 1350 esset
2605 1291 2726 1362 ejus
2759 1293 2826 1350 de
2853 1293 2948 1350 illo
2977 1291 3292 1350 sententia?
3317 1291 3708 1364 Rescripsit
3753 1291 3966 1358 Ambro-

587 1391 898 1458 busserant,
922 1389 1066 1445 idem
1093 1397 1366 1444 sanxerat.
1385 1389 1617 1458 Scripsit
1647 1388 1922 1462 enemplo
1953 1388 2188 1460 itnpcra-
2289 1385 2402 1438 sius
2429 1381 2552 1454 (Ep.
2583 1382 2676 1456 65)
2711 1383 2778 1442 de
2825 1385 2914 1442 illa
2969 1389 3290 1454 quzestione,
3355 1385 3454 1442 de
3517 1402 3654 1457 qua
3697 1387 3836 1456 .jam
3863 1395 3966 1438 ante

587 1486 692 1542 tori
725 1493 948 1541 sanctus
979 1483 1225 1540 Antistes
1255 1483 1304 1536 in
1345 1483 1574 1556 gratiam
1607 1483 1848 1554 episcopi
1884 1497 1946 1536 ac
1995 1493 2188 1540 tnotta-
2292 1475 2690 1552 disputaret-at,
2711 1477 2764 1532 in
2789 1475 2938 1534 hisce
2961 1476 3112 1534 libris
3139 1479 3486 1548 neutiquam
3521 1479 3774 1548 egisse:
3799 1487 3961 1548 postea

589 1577 817 1634 chorum
852 1595 864 1630 :
897 1577 991 1632 sed
1041 1591 1166 1632 cum
1190 1573 1536 1632 Theodosius
1557 1589 1742 1630 aurem
1771 1581 2188 1646 purpuratorum
2295 1578 2474 1624 tamen
2501 1571 2550 1624 in
2575 1584 2670 1624 sua
2697 1572 3054 1642 responsione
3081 1579 3188 1628 tant
3221 1570 3578 1626 secundum
3607 1567 3962 1636 καθιππερί-

589 1670 833 1727 consiliis
860 1671 976 1741 plus
1022 1685 1181 1742 aequo
1207 1668 1736 1746 pra‘bens,etliclum
1765 1683 1921 1724 suum
1954 1682 2062 1722 non
2104 1679 2192 1730 re-
2218 1743 2259 1746 _
2295 1663 2546 1720 ritualem
2579 1705 2595 1728 ,
2647 1679 2806 1736 quam
2855 1663 3117 1734 ethicam,
3161 1663 3302 1720 hanc
3331 1664 3684 1724 exatninat
3741 1659 3956 1720 difﬁcul-

589 1769 862 1832 vocasset,
901 1763 1071 1836 prima
1103 1743 1228 1818 data
1258 1762 1545 1818 occasione
1585 1776 1766 1818 coram
1819 1761 2009 1816 eodem
2043 1759 2192 1830 priu-
2217 1743 2268 1812 Β
2297 1765 2482 1816 talem.

589 1856 710 1926 cipe
739 1854 1126 1922 concionantii,
1175 1864 1324 1910 tanta
1367 1871 1488 1910 cum
1517 1855 1764 1912 libertate
1811 1855 2190 1928 indignitatem
2369 1849 2742 1920 10LScripsit
2771 1851 2966 1906 iterum
2995 1849 3231 1908 Sabinus
3254 1851 3632 1920 Ambrosio,
3669 1847 3950 1906 nuntiarit-

591 1945 704 2003 dati
755 1947 1005 2020 rescripti
1055 1947 1474 2012 demoustravit,
1503 1958 1562 2002 ut
1613 1947 1730 2020 ejus
1783 1948 2193 2004 rerocationem
2294 1959 2400 2016 que
2429 1953 2760 2000 sectatorem
2810 1943 3100 2016 quen‘tdam
3159 1943 3510 2014 Apollinarii
3551 1942 3802 2000 venisse
3849 1938 3946 1994 PII-

593 2058 700 2096 non
719 2042 1022 2098 concedere
1051 2058 1158 2100 non
1187 2041 1424 2112 potuerit
1451 2043 1624 2100 bonus
1651 2041 2193 2114 imperator.Quam-
2293 2038 2552 2104 centiam,
2577 2047 2634 2098 et
2659 2038 2712 2096 in
2761 2053 2825 2096 ea
2853 2039 2986 2096 urbe
3015 2053 3234 2096 errores
3279 2053 3416 2096 suos
3485 2036 3942 2096 disseminassc:

589 2137 670 2194 vis
701 2147 881 2194 autem
933 2138 1257 2214 episcopalis
1307 2137 1692 2210 generositatis
1721 2136 1861 2190 haud
1897 2136 2054 2192 facile
2083 2131 2191 2192 isto
2293 2143 2416 2190 cum
2445 2145 2572 2186 vero
2603 2130 2676 2186 ibi
2706 2129 2896 2194 fuisset
2931 2129 3262 2194 confutatus.
3295 2129 3404 2188 iter
3455 2129 3722 2202 cepisse
3753 2124 3940 2182 διδάξο-

588 2232 842 2302 excmplo
871 2233 1176 2303 reperiatur
1213 2233 1360 2288 aliud
1401 2233 1670 2294 nobilius;
1703 2233 1828 2302 quia
1855 2239 2034 2288 tamen
2066 2247 2192 2288 cum
2295 2223 2498 2280 ianum.
2531 2223 2664 2280 Huic
2691 2225 2948 2296 episcopo
2979 2223 3590 2294 responsutnmittens
3627 2219 3940 2278 Ambrosius
4029 2219 4038 2280 ξ

586 2325 728 2396 apud
753 2325 1036 2382 Paulinum
1059 2323 1153 2400 (In
1185 2324 1307 2380 Vita
1334 2325 1513 2378 Ambr.
1537 2341 1591 2378 η.
1615 2321 1736 2392 22),
1769 2329 1880 2378 tum
1913 2323 1966 2388 in
1981 2321 2194 2380 duabus
2297 2325 2484 2372 noster
2531 2315 2662 2390 (Ep.
2699 2315 2818 2388 46),
2859 2333 3116 2374 erronem
3167 2316 3318 2374 illum
3347 2313 3692 2374 Hediolani
3737 2312 3936 2400 clanctt'

587 2417 830 2487 epistolis
858 2399 1238 2471 Ambrosianis
1267 2425 1457 2474 exacte
1480 2415 1808 2474 describitur
1833 2413 2026 2488 (Epist.
2051 2412 2121 2474 40
2146 2425 2194 2480 et
2293 2406 2404 2464 illm
2439 2409 2647 2476 placitis
2667 2411 2782 2466 suis
2819 2409 3042 2468 inlicere
3065 2409 3278 2468 anitnos
3305 2418 3600 2464 conatum
3639 2421 3796 2470 esse,
3825 2411 3872 2458 et
3891 2399 3934 2452 in

587 2509 682 2578 4i)
713 2510 799 2563 hic
819 2509 884 2562 de
916 2508 1109 2564 eodem
1147 2507 1298 2578 plura
1331 2507 1516 2564 dicere
1538 2505 1982 2578 supersedemus.
2077 2571 2084 2580 '
2295 2499 2669 2572 locosaliquos
2691 2499 2956 2556 librorum
2981 2515 3224 2566 suorum,
3249 2501 3314 2556 de
3341 2497 3494 2556 Fide
3523 2499 3742 2572 procul
3765 2493 3924 2554 dubii).

661 2601 749 2656 99.
777 2599 890 2664 Hoc
923 2614 1067 2654 anno
1092 2597 1284 2670 pagani
1311 2598 1492 2654 denuo
1523 2599 1826 2668 periculum
1869 2599 2050 2656 facere
2091 2599 2196 2660 mi.
2297 2595 2520 2648 multum
2539 2593 2882 2650 clamitasse:
2907 2593 3080 2650 hacre
3097 2601 3398 2672 comperta.
3429 2608 3580 2652 sese
3613 2583 3926 2656 misissequ

591 2697 738 2752 nime
763 2694 1104 2762 dubitarunt,
1131 2711 1258 2752 num
1290 2711 1317 2750 a
1348 2693 1659 2756 Theodosio
1681 2693 2024 2764 profanarum
2067 2693 2194 2750 reli-
2297 2687 2479 2742 verbis
2505 2685 2618 2740 suis
2647 2685 2722 2750 illi
2753 2684 2963 2742 diceret
2992 2700 3098 2742 non
3128 2701 3198 2740 ex
3225 2685 3502 2742 charitate
3531 2687 3730 2756 ipsum
3755 2691 3918 2751 agere;

589 2790 810 2861 giouum
835 2789 946 2859 jam
973 2789 1174 2860 saepius
1219 2788 1444 2860 petitam
1487 2788 1936 2850 instaurationem
1969 2797 2196 2858 possent
2294 2794 2354 2836 se
2381 2777 2682 2844 enimvero,
2705 2779 2881 2862 ut_qui
2909 2778 3074 2834 homo
3101 2789 3270 2844 esset.
3299 2779 3480 2842 errori
3519 2775 3802 2832 similiter
3822 2780 3920 2826 esse

590 2880 914 2936 extundere.
940 2881 1326 2953 Symmachum
1351 2879 1406 2934 in
1433 2879 1532 2934 hac
1563 2881 1726 2938 etiam
1751 2879 2014 2950 petitione
2042 2889 2196 2944 ante-
2302 2871 2625 2940 obnoxium,
2648 2881 2810 2942 atque
2835 2869 2969 2928 adeo
2988 2887 3092 2926 non
3117 2885 3390 2938 recusare,
3411 2872 3562 2941 quin
3591 2868 3790 2938 lapsus
3811 2870 3913 2917 suos

589 2974 872 3046 signanum
899 2989 1020 3044 sese
1041 2974 1336 3044 prn'buisse
1355 2989 1461 3030 non
1488 2988 1631 3044 aegre
1652 2973 1924 3028 credimus
1951 2989 1965 3040 ;
1994 2981 2196 3029 atvero
2297 2965 2487 3028 lubens
2517 2974 2856 3036 agnosCeret,
2909 2966 2954 3020 si
2990 2964 3092 3020 sibi
3125 2965 3378 3042 privatim
3433 2963 3913 3024 ostenderentur:

586 3083 708 3124 cum
736 3067 1084 3124 Ambrosium
1113 3068 1274 3124 etiam
1307 3067 1405 3122 hac
1438 3067 1552 3124 vice
1569 3067 1885 3122 christiana:
1911 3067 2196 3140 religionis
2297 3057 2392 3112 sed
2425 3055 2488 3110 ad
2535 3064 2840 3111 extremum
2871 3070 2996 3112 cum
3045 3057 3378 3128 pertinacem
3405 3053 3572 3112 hunc
3607 3050 3906 3110 ltmreticum

590 3167 883 3232 patronum
915 3142 1259 3230 offendisset,
1293 3161 1564 3230 repulsam
1596 3175 1624 3214 a
1646 3161 1862 3216 CreSare
1891 3138 2084 3230 passus
2107 3139 2262 3216 estC
2295 3149 2456 3206 latius
2487 3163 2785 3220 propagare
2832 3163 2962 3208 suos
3003 3164 3222 3214 errores
3273 3148 3686 3210 intellexisset,
3715 3138 3908 3198 tandem

589 3253 977 3324 turpissimam.
1004 3253 1059 3307 ld
1105 3264 1292 3310 narrat
1335 3252 1452 3322 ipse
1499 3251 1902 3308 Ambrosinsad
1929 3268 2050 3307 eum
2075 3269 2190 3308 mo-
2299 3244 2422 3300 huic
2467 3243 2566 3314 ipSi
2597 3242 2810 3314 pllbiice
2857 3242 3094 3300 ferulam
3117 3257 3178 3300 se
3209 3255 3407 3314 prtetet‘
3437 3243 3636 3316 fugam.
3665 3233 3802 3296 ηίίιίί
3829 3243 3898 3285 κ’

588 3345 716 3401 dum
769 3363 782 3398 :
818 3343 1000 3398 Postea
1029 3345 1182 3398 etiam
1209 3345 1601 3398 clementissimo
1620 3344 1917 3416 imperatori
1943 3342 2188 3400 Theoda-
2301 3339 2544 3412 liquisse.

591 3438 669 3490 sio
714 3452 888 3490 coram
931 3436 1164 3488 intimavi
1189 3477 1206 3506 ,
1251 3446 1404 3502 atque
1458 3435 1512 3488 in
1561 3451 1616 3490 at
1669 3434 1842 3490 dicere
1882 3451 1984 3490 non
2030 3435 2189 3490 dubi-
2370 3435 2495 3490 lOEi.
2519 3432 2838 3490 Ambrosius
2865 3449 2970 3488 una
3018 3447 3140 3490 cum
3171 3431 3408 3504 epistola
3453 3447 3558 3488 sua
3589 3443 3718 3488 eam
3755 3421 3894 3480 eiii"l

591 3530 714 3594 tavi,
757 3529 840 3582 cui
872 3527 1103 3584 intimavi
1140 3538 1348 3581 senatus
1413 3527 1664 3596 legatione
1693 3526 2016 3598 Itujusmodi,
2069 3527 2190 3582 licet

595 3613 708 3676 non
771 3629 906 3675 totus
987 3628 1196 3673 senatus
1273 3619 1602 3692 poposcerit,
1649 3618 1988 3674 insinuationi
2063 3635 2191 3674 mea:

596 3715 802 3769 laudent
828 3729 1095 3768 assensum
1141 3711 1360 3780 detulit,
1397 3722 1443 3766 et
1478 3712 1554 3766 sic
1595 3710 1852 3782 aliquibus
1905 3711 1974 3766 ad
2020 3712 2190 3785 ipsum

593 3809 771 3866 diebus
829 3826 929 3864 non
968 3808 1197 3866 accessi:
1232 3824 1324 3864 nec
1363 3807 1572 3864 moleste
1621 3805 1772 3873 tulit,
1815 3807 1938 3876 quia
1963 3823 2066 3860 non
2095 3823 2190 3878 pro

592 3907 718 3962 meis
748 3905 1028 3962 commodis
1073 3905 1346 3974 faciebam,
1379 3901 1470 3958 sed
1515 3901 1654 3974 quod
1684 3911 1730 3956 et
1779 3901 1900 3974 ipsi,
1923 3911 1974 3958 et
2003 3901 2192 3956 anima:

591 4017 716 4056 mete
741 4000 1006 4071 proderat,
1049 3999 1102 4056 in
1127 4007 1402 4072 conspectu
1428 3997 1563 4070 regis
1613 3996 1756 4066 loqui
1783 4012 1882 4052 non
1905 3994 2190 4068 confunde-

592 4094 684 4148 bar
713 4093 840 4166 (Ep.
877 4095 968 4161 57,
1015 4095 1170 4149 ’nttm.
1197 4091 1310 4166 4).²

667 4185 791 4240 100.
827 4184 954 4257 (An.
987 4184 1139 4258 589.)
1173 4185 1464 4242 Sermones
1491 4191 1629 4258 quos
1655 4183 2091 4256 complectuntur
2127 4181 2190 4238 li-

591 4275 676 4332 bri
724 4275 1122 4343 Hexaemeron,
1151 4285 1395 4332 extrema
1440 4276 1668 4348 hujusce
1717 4277 1846 4350 anni
1891 4275 2190 4346 quadrage-

594 4369 752 4436 sima,
794 4379 850 4421 ut
881 4367 1164 4424 docuimus
1216 4369 1464 4438 (Admon.
1517 4369 1569 4428 in
1599 4367 1735 4428 hunc
1779 4365 1947 4436 libr.),
1977 4365 2190 4424 habitos

595 4476 720 4516 esse
738 4460 1021 4538 probabile
1045 4459 1371 4524 est.Eorum
1408 4473 1512 4514 non
1543 4475 1668 4522 raro
1690 4459 1849 4528 binos
1880 4456 2073 4528 eodem
2102 4455 2192 4510 die

2299 3529 2836 3594 commentationem,
2853 3542 3010 3596 quam
3035 3525 3460 3595 reprehenderat.
3489 3515 3894 3594 Apollinaris“.

2298 3619 2499 3678 Sabino
2523 3619 2776 3686 miserat;
2813 3629 2869 3676 ut
2900 3635 3060 3690 quam
3091 3633 3376 3676 censuram
3408 3617 3476 3672 de
3511 3618 3612 3672 illa
3639 3602 3894 3670 lerretJt"

2296 3714 2428 3771 bere
2459 3714 2562 3768 sibi
2583 3713 2932 3784 signiﬁcaret.
2966 3712 3165 3768 Verum
3203 3729 3325 3772 cum
3357 3711 3590 3768 eosdem
3622 3709 3792 3766 libros
3809 3696 3892 3754 mi-

2298 3823 2400 3864 nus
2429 3807 2683 3872 distincte
2705 3814 2958 3862 exaratos
2989 3804 3225 3862 Sabinus
3253 3805 3432 3878 legere
3463 3821 3580 3862 non
3619 3795 3880 3872 potuisset,

2297 3915 2394 3958 eos
2425 3900 2636 3956 remisit
2677 3899 2743 3956 ad
2773 3898 3127 3962 Ambrosium
3153 3915 3168 3954 :
3195 3913 3335 3968 quos
3357 3895 3582 3968 quidem
3607 3883 3886 3964 elegantius

2296 3992 2529 4064 scriptos
2580 4005 2767 4052 rursus
2793 3990 2880 4046 hic
2909 3999 3094 4050 noster
3118 3989 3188 4058 ad
3213 3989 3364 4046 illum
3395 3991 3720 4060 episcopum.
3747 3988 3882 4036 cur“

2295 4087 2373 4142 vit
2403 4084 2778 4166 perferendos,
2809 4085 2993 4140 addita
3013 4087 3180 4144 etiam
3227 4083 3329 4138 alia
3358 4083 3594 4154 epistola
3627 4077 3754 4152 (Ep.
3781 4064 3880 4134 47).

2293 4179 2350 4236 ίη
2375 4194 2480 4250 illia
2505 4177 2572 4234 de
2601 4177 2924 4248 Scriptnris,
2973 4185 3138 4250 prout
3164 4176 3396 4238 Sabinus
3442 4175 3562 4254 ipse
3595 4166 3872 4244 optaverat.

2296 4271 2696 4346 caputaliquod
2749 4270 3142 4336 excutiebalur.

2372 4340 2492 4432 λοῦ·
2527 4340 2642 4432 lioc
2673 4367 2848 4438 ipsum
2883 4381 3018 4438 Opus
3041 4364 3340 4436 perlectum
3361 4377 3394 4430 a
3421 4360 3630 4420 Sabino
3655 4365 3710 4414 et
3735 4340 3873 4438 simul

2295 4461 2652 4532 approbatum
2693 4433 3058 4522 'AIllbl‘Osius_
3089 4459 3332 4530 recepit:
3375 4456 3472 4513 sed
3517 4453 3774 4514 continuo
3815 4433 3872 4492 ad

593 4551 1000 4626 pronuntiabat.
1022 4552 1132 4608 Sed
1162 4552 1216 4607 in
1249 4553 1413 4608 tantis
1432 4551 1713 4622 laboribus
1736 4550 1787 4606 id
1811 4549 1910 4620 ipsi
1941 4557 2058 4606 erat
2083 4563 2188 4604 non
2217 4541 2268 4604 D
2294 4556 2544 4620 eumdem
2593 4555 2738 4618 anna
2787 4556 2958 4621 misit,
3005 4553 3151 4624 quod
3190 4563 3246 4610 ut
3289 4567 3480 4608 severe
3531 4539 3868 4626 examinareit

595 4659 761 4714 parvo
782 4643 1001 4712 Solatia,
1031 4643 1173 4716 quod
1203 4643 1441 4700 ﬁdelium
1473 4657 1694 4714 gregem
1739 4643 2084 4710 ethnicorum
2110 4649 2194 4696 al-

595 4753 699 4808 que
729 4736 1110 4812 licereticornm
1138 4736 1504 4802 conversione
1527 4735 1582 4792 in
1611 4736 1732 4792 dies
1756 4719 1942 4808 augeri
1971 4734 2192 4808 consipi-

595 4832 766 4894 ciebat
799 4831 936 4904 (Lib.
963 4846 1020 4886 ιιι
1044 4827 1300 4886 Hexaem.
1331 4846 1378 4884 c.
1410 4830 1495 4900 1,).
1524 4845 1665 4896 num.
1691 4826 1770 4901 5).

666 4921 1012 4980 iOl.Statim
1065 4931 1227 4992 atque
1275 4935 1412 4992 opus
1461 4919 1832 4982 Hexaemeron
1880 4919 2190 4984 absolutum

592 5017 784 5083 fuit,et
810 5017 863 5072 in
893 5015 1189 5072 amicorum
1219 5013 1725 5088 discipulorumque
1752 5015 1922 5086 sancti
1950 5013 2190 5086 episcopi

593 5129 788 5172 manus
817 5111 1084 5184 pervenit,
1113 5109 1404 5188 diligenter
1429 5109 1497 5166 ab
1529 5109 1610 5178 eis
1641 5107 1916 5170 evolutum
1948 5119 2051 5186 est.
2080 5108 2192 5166 Ho-

594 5205 880 5262 rontianus
908 5219 976 5259 ex
1000 5217 1191 5259 eorum
1233 5214 1458 5264 numero
1491 5200 1576 5256 ubi
1608 5201 1892 5268 attentiori
1919 5208 2099 5268 mente
2127 5198 2194 5255 il-

593 5299 684 5356 lud
719 5299 1056 5374 perlegisset,
1087 5294 1388 5366 admiratus
1428 5304 1507 5374 est
1558 5310 1736 5366 neque
1765 5294 1984 5366 Moysen
2013 5308 2187 5366 neque

596 5392 937 5470 Ambrosium
962 5405 1238 5462 exponere
1260 5397 1485 5456 conatos
1510 5404 1634 5454 esse
1660 5405 1757 5458 cur
1779 5389 1942 5446 homo
1967 5389 2188 5456 ultimus

597 5494 964 5552 creaturarum
987 5491 1136 5542 esset
1154 5479 1431 5562 conditus.
1452 5481 1638 5552 itaque
1658 5498 1755 5556 pro
1773 5483 1865 5548 illo
1883 5482 2006 5554 jure
2029 5483 2189 5550 lami-

599 5571 865 5646 liaritatis,
889 5577 1030 5648 quod
1061 5579 1111 5635 ei
1143 5561 1466 5656 Concessum
1509 5575 1688 5644 fuerat
1715 5578 1783 5654 ab
1809 5577 1930 5650 ipso
1955 5577 2193 5648 Ambro-

599 5665 705 5734 sio,
734 5669 884 5744 illum
911 5685 974 5728 ea
999 5669 1068 5726 de
1090 5685 1148 5738 re
1178 5668 1550 5746 interrogavit.
1575 5668 1715 5738 iluic
1733 5671 2015 5748 respondit
2034 5685 2190 5730 sanc-

605 5764 692 5818 tus
731 5763 974 5821 Antistes
1015 5759 1210 5836 (Epist.
1257 5763 1435 5837 xuu),
1463 5773 1669 5826 etcum
1715 5765 2070 5838 praemisisset
2089 5764 2190 5824 Le-

2297 4649 2598 4716 obtestatus
2651 4659 2754 4716 est.
2811 4649 3232 4720 Unumquemque
3263 4689 3278 4716 ,
3353 4647 3528 4718 inquit
3592 4641 3721 4717 (EP-
3767 4624 3867 4729 4%);

2297 4745 2491 4816 fallunt
2510 4761 2606 4810 sua
2631 4744 2850 4813 scripta,
2881 4753 2928 4798 et
2955 4719 3134 4808 autem
3157 4749 3468 4814 pratereunt
3495 4757 3516 4808 ;
3543 4749 3697 4806 atque
3713 4739 3762 4786 ut
3785 4719 3867 4794 βίίί

2295 4837 2448 4892 etiam
2469 4836 2724 4906 deformes
2751 4835 3028 4902 delectant,
3059 4834 3132 4904 sic
3155 4835 3310 4900 etiam
3343 4832 3650 4902 scriptorem
3681 4819 3864 4880 indecor

2295 4945 2376 4992 res
2403 4945 2664 4984 sermones
2693 4929 2933 5000 palpant.
2983 4926 3216 4996 Pulchre
3245 4925 3298 4984 id
3327 4922 3544 4996 quidem
3583 4931 3738 4991 atque
3759 4919 3865 4980 pru'

2295 5019 2508 5086 denter,
2536 5019 2629 5075 sed
2656 5035 2784 5086 eum
2815 5020 3036 5090 insuper
3077 5018 3182 5080 alia
3223 5017 3468 5089 quaedam
3508 5029 3670 5084 causa
3697 5010 3859 5064 move-

2292 5115 2388 5186 bat
2409 5132 2424 5182 ;
2448 5117 2500 5172 in
2522 5130 2590 5172 eo
2615 5115 2760 5178 enim
2789 5114 2929 5172 libro
2961 5131 3066 5176 una
3091 5130 3158 5178 ex
3175 5112 3464 5184 praecipuis
3489 5111 3616 5178 ﬁdei
3637 5093 3886 5178 quaestio"

2294 5207 2454 5274 "ibus
2479 5207 2804 5278 agitabatur.
2837 5207 2904 5262 Et
2929 5205 3062 5272 hinc
3103 5205 3286 5276 colligi
3315 5217 3476 5276 posse
3503 5201 3658 5258 nobis
3677 5191 3858 5278 videtur

2291 5315 2400 5356 non
2429 5277 2592 5356 alium
2619 5299 2818 5362 librum
2843 5298 2932 5362 hic
2956 5297 3250 5369 designari,
3275 5310 3438 5368 quam
3483 5295 3547 5364 de
3572 5277 3860 5366 incarnatio-

2293 5393 2374 5446 nis
2405 5390 2695 5446 ﬂaminica:
2721 5399 3043 5458 sacramento
3067 5406 3088 5458 ;
3130 5405 3236 5461 qua
3265 5389 3318 5444 in
3355 5386 3533 5457 opella
3575 5397 3678 5440 non
3706 5372 3854 5432 solum

2299 5487 2625 5554 Arianorum
2670 5497 2728 5550 et
2757 5487 3210 5556 Sabellianorum.
3233 5485 3328 5546 sed
3353 5484 3692 5557 potissimum
3717 5463 3857 5542 Δροισ

2297 5577 2672 5648 linaristartun
2699 5595 2918 5646 errores
2947 5579 3318 5648 confutantur.
3798 5645 3827 5658 η

2371 5673 2494 5738 107.
2521 5672 2616 5730 His
2645 5672 2916 5740 Ambrosii
2943 5672 3012 5740 ad
3041 5671 3294 5738 eumdem
3337 5667 3598 5732 Sabinum
3641 5649 3854 5734 episl01i5

2299 5766 2510 5826 accedit
2533 5766 2636 5826 alia
2665 5763 2814 5838 (Ep.
2860 5766 2934 5824 49
2951 5766 2996 5838 ),
3035 5767 3093 5828 in
3136 5780 3246 5840 qua
3285 5779 3346 5824 se
3383 5773 3674 5830 numquam
3701 5747 3848 5812 minus

4019 3793 4039 4080 δ
