4102 6360
157 282 255 354 toi

1055 291 1152 350 EX
1181 291 1347 350 EJUS
1385 283 1800 354 POTISSIMUH
1830 287 2140 364 SCRIPTIS
2176 285 2567 347 COLLECTA.

3362 293 3468 352 102

151 428 280 470 esse
310 412 519 480 solum,
566 426 728 484 quam
781 424 902 466 cum
945 409 1093 466 solus
1138 421 1304 475 esset,
1339 409 1474 466 scite
1513 406 1771 478 disputat.
1806 402 1853 464 Α
1885 405 2050 459 ηἱιιιὶο
2077 406 2318 461 conﬁsus
2364 403 2706 471 Ambrosius,
2755 403 3045 462 Mediolani
3094 403 3381 460 concilium
3411 406 3479 460 ad

151 506 266 562 Sed
295 507 434 562 alias
465 505 590 578 ejus
615 505 681 562 ad
726 505 874 560 illum
926 502 1186 573 epistolas
1229 501 1355 559 inde
1394 499 1775 572 cognoscimus

154 601 461 668 interiisse,
498 598 649 671 quod
678 596 1018 671 frequentius
1047 596 1101 658 ei
1132 608 1192 652 se
1223 593 1556 664 scripturum
1585 589 1638 646 iu
1673 591 1774 645 hac

156 691 460 763 promittit.

162 850 167 854 ι
236 783 362 839 103.
401 783 727 840 Ambrosius
751 780 948 838 litteris
963 775 1644 850 CltromatiiAquileiensis
1659 789 1780 828 cer-

156 880 268 936 tior
297 876 482 934 factus
505 875 974 948 jucundissimum
996 873 1044 929 ei
1075 873 1340 938 futurum,
1373 871 1417 928 si
1451 885 1548 941 per
1576 869 1780 936 episto-

158 974 242 1030 las
268 972 339 1030 de
387 973 578 1046 prisco
632 970 837 1028 findere
865 968 1142 1040 quidpiam
1185 974 1441 1021 tractaret
1472 979 1486 1029 ;
1513 961 1779 1019 continuo

160 1065 228 1122 ad
285 1066 466 1136 ipsum
522 1063 792 1130 scribens,
825 1060 1113 1118 historiam
1162 1059 1380 1114 Balaam
1437 1054 1778 1127 pseudopro-

162 1160 348 1230 phetae
388 1156 789 1226 interpretatus
827 1160 911 1210 est
940 1151 1070 1230 (Ep.
1096 1153 1172 1221 L).
1204 1147 1432 1206 Etiamsi
1457 1155 1637 1206 autem
1679 1143 1782 1208 hac

161 1249 217 1310 in
249 1247 489 1318 epistola
522 1247 704 1303 eidem
735 1243 1052 1300 Chromatio
1081 1241 1216 1298 alias
1233 1240 1544 1300 additurum
1573 1253 1632 1294 se
1660 1235 1779 1306 pol-

162 1341 418 1409 liceatur,
451 1340 661 1396 nullam
692 1349 874 1404 tamen
901 1336 968 1391 ad
997 1351 1121 1392 eum
1172 1333 1482 1405 reperimus
1508 1329 1610 1392 nisi
1640 1328 1783 1390 hanc

165 1434 372 1490 solam.

243 1524 370 1580 109.
404 1523 543 1578 Cum
577 1523 767 1578 Romte
792 1518 1066 1579 Joviniani
1091 1532 1307 1576 errores
1334 1516 1543 1588 publice
1572 1511 1783 1583 erupis-

169 1629 317 1681 sent,
354 1615 607 1688 Syricius
639 1625 789 1686 pont.
816 1629 961 1672 max.
999 1610 1331 1684 presbyteris
1381 1609 1497 1679 suis
1549 1607 1783 1676 aliisque

173 1710 396 1766 clericis
427 1710 482 1763 in
514 1708 808 1776 concilium
865 1722 970 1762 una
997 1704 1327 1768 convocatis,
1363 1699 1779 1756 haeresiarcham

1877 495 2020 566 quod
2066 497 2307 568 episcopi
2336 496 2639 553 Galliarum
2691 506 3086 562 convenerant,
3133 512 3358 554 securus
3385 512 3480 552 ce-

1881 586 2143 642 lebrabat.
2176 588 2490 644 Habebatur
2512 591 2600 646 illa
2650 591 2890 662 synodus
2914 602 3136 664 prepter
3175 589 3484 646 lthaciauos

1880 677 2398 750 ordinationen'tque
2422 679 2620 738 Felicis
2649 682 2991 740 Trevirensis
3041 683 3110 742 ab
3137 683 3217 738 eis
3264 681 3484 749 factam,

1880 786 1984 842 qua
2017 773 2287 830 universa}
2314 771 2502 832 Gallia:
2536 775 2912 834 turbabantur.
2937 776 3078 842 Quid
3118 784 3301 832 autem
3325 789 3491 845 super

1882 879 1942 919 ea
1982 855 2169 930 causa,
2214 879 2334 936 quae
2359 881 2387 918 a
2420 866 2742 935 quibusdam
2801 869 2946 928 male
2975 870 3192 939 ponitur
3219 885 3362 924 anno
3389 884 3484 926 su-

1889 955 2110 1028 periori.
2145 955 2245 1020 hac
2285 956 2338 1014 in
2383 958 2594 1028 synodo
2650 968 2911 1027 statutum
2959 961 3142 1027 fuerit,
3192 962 3486 1018 concilium

1883 1048 2240 1116 Taurineuse,
2275 1064 2394 1108 ceu.
2429 1049 2483 1113 6,
2519 1051 2697 1118 innuit
2744 1051 2796 1108 in
2847 1053 2962 1108 hanc
3000 1053 3162 1122 verba
3225 1071 3238 1108 :
3282 1054 3344 1109 Si
3399 1051 3488 1123 qui

1883 1141 1946 1196 ab
1975 1144 2110 1215 ejus,
2129 1141 2331 1214 Felicis
2357 1142 2630 1210 videlicet,
2665 1145 3018 1204 communione
3046 1162 3101 1200 se
3127 1145 3382 1206 voluerint
3408 1161 3490 1202 εθ-

1882 1245 2150 1301 (ιαεειτατβ
2184 1276 2198 1302 ,
2253 1236 2308 1294 in
2360 1246 2549 1292 nostra:
2602 1237 2746 1304 pacis
2777 1239 3093 1292 consortium
3131 1239 3488 1308 suscipiuntur

1874 1330 2033 1410 juxta
2060 1327 2258 1389 litteras
2280 1327 2580 1392 venerabilis
2609 1329 2865 1386 memoria
2888 1329 3145 1388 Ambrosii
3172 1331 3397 1402 epircOpi
3412 1330 3491 1388 vel

1885 1419 2134 1485 Romana:
2151 1420 2397 1490 Ecclesia:
2421 1423 2699 1480 sacerdotis
2729 1422 2927 1484 dudum
2941 1424 3071 1486 latas
3100 1421 3286 1495 (Cone.
3315 1423 3475 1486 Taur.

1887 1531 2002 1580 can.
2037 1514 2116 1587 6).
2144 1514 2346 1572 Verum
2383 1517 2501 1570 istae
2529 1516 2728 1576 littera:
2755 1516 2822 1572 de
2849 1517 3045 1587 quibus
3078 1516 3165 1572 hic
3196 1517 3397 1584 agitur,
3424 1516 3493 1574 ad

1885 1610 2206 1664 memoriam
2229 1619 2470 1672 nostram
2504 1623 2611 1663 non
2637 1616 3025 1681 pervenerunt.
3061 1607 3332 1664 Caeterum
3357 1608 3487 1664 dum

1885 1711 2122 1772 emptum
2147 1703 2436 1758 concilium
2464 1687 2926 1772 prosequerentur
2946 1701 3024 1757 illi
3045 1701 3498 1773 episcopi,Theo-

178 1803 330 1859 illum
360 1812 526 1872 atque
571 1801 690 1872 ejus
719 1807 1026 1855 commenta
1056 1795 1460 1862 eondemnavil-
1517 1792 1784 1862 Quoniam
1817 1798 1865 1872 Β
1891 1795 2078 1866 (iusius
2094 1797 2270 1852 victus
2303 1797 2657 1866 persuasione
2676 1798 2936 1854 comitum
2962 1796 3286 1862 aulicorum,
3313 1811 3340 1848 a
3373 1795 3493 1866 qui-

183 1912 321 1954 vero
353 1896 653 1958 nonnullos
678 1910 709 1952 e
734 1893 1016 1964 monachis
1045 1892 1161 1963 ejus
1188 1889 1466 1954 asceterii,
1501 1886 1644 1959 quod
1670 1887 1782 1941 Me-

177 1990 382 2046 diolani
435 2005 605 2060 prope
653 2003 837 2050 muros
867 1986 1144 2043 conditum
1173 1993 1292 2040 erat
1322 2025 1337 2049 ,
1370 1983 1531 2037 iidem
1565 1995 1785 2054 errores

180 2083 523 2148 infecerant;
569 2083 624 2138 in
666 2096 787 2138 eam
844 2080 1030 2136 urbem
1087 2078 1238 2146 misit
1281 2076 1510 2146 legatos,
1538 2071 1785 2144 aquibus

183 2173 445 2247 synodica
469 2174 698 2244 epistola
724 2171 896 2245 (Tom.
923 2188 982 2236 ll,
1011 2188 1131 2244 pag.
1165 2167 1293 2240 965)
1317 2168 1382 2222 ad
1410 2166 1558 2221 illam
1593 2163 1786 2220 Eccle-

185 2267 322 2320 siam
349 2275 466 2320 tuto
499 2267 854 2334 perferretur.
886 2264 1142 2334 Acceptis
1193 2262 1276 2316 his
1305 2259 1526 2326 litteris,
1557 2257 1789 2312 Ambro-

183 2360 302 2416 sius
329 2377 491 2431 quem
518 2360 785 2438 praecipue
813 2361 939 2416 dicti
972 2359 1298 2424 monasterii
1325 2373 1455 2413 cura
1483 2355 1784 2427 spectabat,

185 2457 419 2513 clericos
445 2456 706 2514 Ecclesia:
729 2473 842 2512 sua:
888 2465 1130 2524 actutum
1162 2455 1531 2526 congregavit,
1560 2468 1623 2510 ac
1653 2467 1791 2522 pra:-

187 2550 436 2605 sentibus
463 2551 653 2621 legatis
682 2549 993 2621 pontiﬁciis,
1024 2547 1274 2603 eamdem
1305 2546 1558 2602 haeresim
1583 2546 1636 2600 in
1666 2560 1788 2610 suo,

188 2648 248 2694 ut
279 2641 358 2694 sic
390 2641 701 2710 loquamur,
736 2640 904 2696 natali
934 2639 1055 2695 solo
1085 2637 1247 2694 simul
1277 2637 1592 2694 confodere.
1621 2636 1793 2693 Sauc-

186 2741 268 2786 tus
297 2731 390 2790 Vir
420 2749 586 2800 porro
616 2733 810 2788 litteris
838 2731 1005 2786 totius
1033 2741 1337 2785 conventus
1369 2729 1590 2784 nomine
1620 2729 1793 2799 scrip-

181 2823 270 2889 tis,
295 2839 399 2878 non
426 2827 604 2879 modo
633 2826 847 2880 concilii
877 2826 1205 2882 sententiam
1227 2823 1557 2894 signiﬁcavit
1582 2839 1795 2888 summo

182 2915 426 2986 pontiﬁci
454 2932 478 2968 ;
523 2932 711 2972 verum
761 2917 922 2974 etiam
971 2925 1288 2985 argumenta
1321 2913 1655 2969 validissima
1696 2913 1799 2968 ibi-

188 3008 312 3064 dem
337 3011 656 3078 proposuit,
690 3008 886 3079 quibus
908 3009 1147 3068 amentia
1191 3007 1351 3077 hujus
1395 3006 1621 3066 haeresis
1674 3021 1801 3075 pro-

190 3099 485 3173 [ligabatur
498 3144 511 3156 .

1887 1889 1988 1948 bus
2012 1905 2126 1946 rem
2161 1889 2611 1962 periculosissimi
2657 1903 2723 1944 ac
2772 1884 3220 1959 perniciosissimi
3257 1887 3495 1958 exempli

1887 1983 2008 2040 fore
2040 1983 2408 2055 ingerebatur,
2439 1983 2486 2038 si
2515 1983 2745 2039 rebellio
2775 1981 3085 2048 istiusmodi
3116 1989 3364 2042 maneret
3395 1981 3500 2042 im-

1889 2077 2077 2147 punita
2111 2116 2125 2138 ,
2176 2075 2324 2132 cives
2365 2075 2884 2136 Tltessalonicenses
2919 2075 3261 2134 atrocissime
3311 2074 3493 2144 puniri

1884 2167 2046 2239 jussit
2075 2187 2090 2226 :
2116 2184 2224 2239 quo
2246 2186 2310 2232 ex
2334 2169 2552 2226 decreto
2575 2160 2873 2226 innumera:
2901 2170 3080 2228 caades
3101 2185 3206 2241 qua
3233 2170 3491 2234 sontium,

1892 2276 1996 2332 qua
2027 2263 2357 2326 insontium,
2385 2271 2712 2332 perpetrata:
2740 2273 2891 2320 sunt.

1969 2355 2093 2414 115.
2121 2353 2354 2420 Concilii
2386 2355 2576 2422 Patres
2626 2365 2790 2420 tanta:
2847 2356 3198 2418 immanitatis
3239 2355 3504 2412 certiores

1895 2447 2048 2518 facti,
2076 2465 2238 2522 quam
2281 2449 2603 2522 gravissime
2631 2451 2776 2508 illam
2804 2451 3065 2510 tulerunt.
3093 2450 3295 2506 Eorum
3325 2465 3496 2517 nemo,

1894 2551 1956 2599 ut
1998 2544 2318 2600 Ambrosius
2373 2553 2604 2602 testatur
2633 2543 2763 2619 (Ep.
2807 2546 2898 2613 51,
2925 2562 3065 2604 num.
3097 2545 3175 2618 6),
3216 2562 3320 2600 non
3352 2546 3500 2618 inge-

1898 2637 2052 2702 muit,
2077 2637 2254 2692 nullus
2285 2637 2612 2694 mediocriter
2639 2639 2836 2707 accepit
2862 2654 3002 2704 :non
3032 2650 3141 2698 erat
3169 2639 3296 2708 {acti
3316 2638 3390 2691 tui
3412 2637 3505 2700 ab-

1899 2729 2088 2788 solutio
2119 2731 2173 2786 in
2202 2729 2460 2792 Ambrosii
2483 2731 2878 2797 communione;
2906 2730 2961 2784 in
2990 2746 3069 2788 me
3098 2730 3252 2792 etiam
3280 2727 3508 2799 amplius

1902 2822 2163 2884 commisti
2196 2833 2596 2895 exaggeraretur
2641 2822 2869 2890 invidia,
2904 2823 2948 2880 si
2997 2838 3145 2878 nemo
3193 2820 3384 2878 diceret
3411 2817 3511 2882 Dei

1903 2915 2064 2968 nostri
2091 2916 2561 2980 reconciliationem
2596 2919 2709 2986 fore
2739 2915 3103 2978 necessariam.
3135 2914 3215 2974 Ita
3249 2912 3512 2985 loqueba-

1906 3015 1991 3070 tur
2019 3019 2247 3062 sanctus
2277 3006 2520 3066 Antistes
2544 3025 2559 3073 ;
2587 3025 2710 3078 cum
2740 3010 2885 3080 enim
2905 3009 3272 3066 Theodosium
3298 3010 3514 3068 audiret

1908 3099 2125 3170 regredi
2154 3099 2542 3168 Mediolanum,
2577 3116 2767 3156 recens
2793 3100 2936 3156 illius
2977 3103 3174 3158 vulnus
3205 3104 3308 3168 levi
3337 3101 3516 3158 adhuc

270 3195 394 3252 110.
431 3195 568 3252 Post
601 3210 800 3257 annum
829 3192 956 3261 585,
1008 3192 1104 3256 sed
1147 3201 1274 3258 ante
1321 3193 1429 3249 590
1477 3192 1723 3266 (Admon.
1752 3193 1807 3247 in
1919 3207 2081 3250 manu
2105 3191 2444 3254 tractandum
2467 3201 2637 3257 ratus,
2673 3209 2851 3263 neque
2880 3203 3058 3248 tamen
3084 3194 3166 3250 vel
3209 3195 3374 3250 latum
3409 3210 3513 3250 un-

196 3288 342 3344 easd.
377 3287 603 3358 Enarr.)
635 3289 854 3359 scripsit
880 3286 1196 3342 Ambrosius
1219 3300 1370 3340 suam
1401 3285 1456 3340 iu
1489 3285 1753 3356 psalmum
1784 3300 1800 3340 t

198 3381 644 3442 Enarrationem,
673 3379 759 3434 cui
791 3388 843 3435 et
874 3379 1138 3450 praemisit
1178 3376 1603 3449 pulcherrimam
1659 3393 1804 3448 prte-

200 3472 460 3534 fationem
493 3475 547 3530 in
587 3489 779 3540 omnes
798 3471 1060 3542 psalmos,
1087 3481 1372 3540 utramque
1389 3479 1571 3525 autem
1601 3486 1665 3525 ex
1691 3485 1806 3526 ser-

201 3565 458 3626 monibus
507 3565 724 3636 publice
769 3564 968 3620 habitis
1023 3570 1458 3634 coagmentatam
1497 3580 1510 3628 ;
1563 3563 1806 3634 quando-

203 3657 423 3727 quidem
456 3658 506 3712 iu
554 3658 892 3714 auditoribus
943 3656 1056 3711 suis
1101 3655 1548 3718 catechumenos.
1583 3664 1640 3711 et
1684 3670 1802 3721 eos,

204 3749 279 3804 uti
313 3749 546 3815 videtur,
565 3766 632 3805 ex
662 3749 855 3805 ordine
875 3749 1304 3819 competentium
1337 3757 1657 3804 numeratos
1683 3762 1804 3804 esse

208 3841 442 3914 ipsemet
474 3843 698 3910 indicat,
730 3859 841 3914 quo
900 3857 1025 3914 pars
1076 3855 1323 3910 extrema
1377 3841 1804 3912 quadragesimae

209 3944 361 3991 certo
382 3935 719 4008 designatur.
742 3938 1125 3994 Enarrationes
1149 3939 1200 3998 in
1226 3937 1464 4010 psalmos
1490 3953 1613 4001 xcv,
1633 3952 1799 4006 xcvtt,

212 4041 378 4082 vattt
406 4036 461 4082 et
505 4043 615 4091 LXI,
638 4043 771 4100 quas
820 4028 984 4084 etiam
1010 4044 1041 4085 e
1072 4028 1418 4088 sermonibus
1447 4030 1612 4096 factas
1643 4038 1806 4084 autu-

212 4132 425 4173 mamus
475 4116 722 4189 (Ibidem)
759 4160 774 4184 ,
823 4119 1015 4180 eodem
1072 4120 1293 4178 circiter
1349 4131 1594 4192 tempore
1648 4120 1809 4178 editae

213 4217 361 4263 sunt.
420 4235 433 4246 ·

285 4301 404 4356 111.
438 4301 605 4374 (Ann.
625 4301 779 4376 590.)
794 4302 1014 4360 Librum
1037 4303 1100 4359 de
1113 4303 1234 4360 Elia
1254 4313 1301 4360 et
1324 4303 1536 4380 Jejunio
1558 4305 1817 4380 demons-

215 4394 747 4467 travimns(Admon.
797 4396 851 4450 in
879 4396 1027 4452 illum
1047 4381 1174 4470 tib.)
1227 4411 1484 4466 conSIare
1537 4401 1812 4458 extribus

216 4474 598 4554 sermonibus;
627 4502 854 4557 quorum
881 4490 968 4560 qui
1000 4494 1208 4560 primus
1244 4501 1347 4558 est,
1377 4493 1443 4548 ad
1475 4494 1813 4564 capesccnda

1911 3300 2071 3356 gnem
2096 3284 2456 3352 recedendum
2486 3301 2513 3342 a
2544 3286 2854 3356 disciplina,
2889 3301 2955 3343 ex
2979 3287 3170 3344 eadem
3199 3288 3332 3344 urbe
3363 3287 3518 3354 exire

1911 3377 2213 3441 constituit,
2237 3377 2393 3449 cujus
2421 3381 2687 3435 rationem
2720 3379 2858 3436 hanc
2891 3380 2991 3451 ipsi
3031 3381 3244 3438 reddit:
3286 3381 3513 3454 Offerre.

1911 3471 2122 3542 inquit.
2180 3488 2282 3526 non
2327 3472 2494 3528 audeo
2543 3475 2879 3544 sacriﬁcium,
2929 3476 2973 3530 si
3011 3476 3238 3536 volueris
3279 3479 3519 3542 assistere

1912 3563 2101 3636 (Ibid,
2137 3581 2279 3620 num.
2309 3566 2421 3636 15).
2456 3567 2662 3633 Quibus
2702 3568 2919 3638 quidem
2945 3571 3126 3628 verbis
3153 3572 3401 3642 quamvis
3423 3572 3521 3628 de-

1911 3655 2147 3720 clarabat
2171 3673 2199 3710 a
2225 3657 2346 3726 jure
2369 3661 2774 3722 communionis
2806 3662 2956 3718 illum
2995 3663 3231 3726 alienum
3269 3682 3282 3730 ;
3313 3664 3517 3724 nullam

1912 3758 2092 3812 tamen
2120 3749 2220 3815 illi,
2256 3751 2398 3814 unde
2420 3751 2823 3820 offenderetur,
2854 3769 3077 3820 causam
3126 3754 3463 3825 relinquebat
3494 3773 3509 3823 ;

1913 3841 2114 3912 quippe
2135 3841 2228 3914 qui
2257 3843 2485 3909 secretis
2515 3843 2713 3904 litteris
2743 3844 2844 3910 ista
2875 3846 3247 3914 catmuitteret
3279 3861 3290 3898 :
3327 3847 3515 3903 Scriba

1913 3953 2072 3998 manu
2101 3953 2236 4004 mea,
2270 3920 2467 4007 inquit,
2495 3938 2632 4010 quod
2650 3939 2793 3992 solus
2833 3940 2972 4009 legas
3001 3938 3192 4009 (Ibid.,
3223 3956 3368 3998 nunt.
3405 3939 3516 4010 14).

1915 4025 2029 4086 [tuo
2078 4037 2134 4088 et
2174 4028 2280 4086 hoc
2311 4046 2527 4102 quoque
2576 4030 2922 4106 significavit,
2969 4032 3072 4094 sibi
3117 4032 3378 4090 divinitus
3403 4033 3518 4106 ipsa

1914 4131 2063 4177 nocte
2085 4139 2186 4194 qua
2212 4123 2472 4202 proﬁcisci
2493 4125 2725 4196 parabat,
2762 4125 3095 4198 prohibitqu
3146 4143 3290 4196 esse,
3324 4145 3390 4185 ne
3429 4131 3520 4196 illo

1921 4226 2212 4286 prmsente,
2259 4218 2429 4274 sacris
2488 4217 2752 4276 altaribus
2779 4230 3116 4291 operaretur.
3152 4222 3434 4282 Postremo
3457 4240 3526 4282 er.

1923 4306 2026 4362 hac
2049 4307 2276 4378 epistola
2309 4309 2525 4365 discere
2548 4319 2780 4380 possunt
2807 4327 3001 4372 omnes
3027 4314 3290 4384 episcopi,
3323 4326 3523 4383 quanta

1921 4414 2046 4454 cum
2075 4400 2358 4472 prudentia
2405 4410 2460 4458 et
2481 4405 2734 4460 cautione
2773 4421 2901 4477 erga
2947 4405 3222 4480 principes
3253 4408 3303 4462 in
3334 4409 3519 4480 gravia

1923 4493 2190 4564 qumpiam
2215 4494 2440 4550 crimina
2463 4495 2646 4565 lapsos
2666 4512 2725 4553 se
2745 4514 2937 4569 gerere
2961 4498 3227 4558 debeant:
3261 4511 3313 4558 et
3335 4518 3527 4573 quent-

215 4578 648 4650 quadragesima:
678 4597 844 4650 opera
869 4583 1114 4638 stimulat
1138 4582 1507 4654 Christianos,
1540 4589 1817 4654 secundus
1843 4583 1897 4660 Ι)
1924 4583 2214 4652 admodum
2246 4600 2340 4642 eos
2394 4595 2647 4657 oporteat
2689 4589 2870 4645 minus
2913 4590 3175 4650 adhibere
3209 4594 3525 4660 acerbitatis

218 4681 280 4724 ac
307 4673 502 4736 tertius
537 4673 897 4743 percipienda
939 4675 1040 4730 sub
1092 4675 1334 4746 ejusdem
1385 4679 1816 4754 quadragesima:

219 4757 379 4817 ﬁnem
426 4763 736 4836 baptismali
791 4766 980 4834 gratiae
1009 4779 1382 4838 competentes
1415 4782 1698 4842 praeparat.
1731 4773 1814 4836 Ex

219 4848 325 4908 illis
355 4869 484 4911 vero
518 4855 678 4920 simul
727 4857 1032 4926 conjunctis
1065 4859 1385 4916 Ambrosius
1408 4871 1595 4918 noster
1629 4863 1812 4920 Basilii

222 4951 469 5020 exemplo
503 4949 701 5030 librum
738 4954 1028 5024 compegit.

298 5040 418 5120 H2.
443 5041 584 5112 Cum
608 5043 799 5100 civitas
822 5043 1207 5112 Thessalonica
1228 5047 1281 5114 in
1305 5049 1628 5116 seditionem
1660 5067 1815 5112 uersa

222 5133 510 5200 praefectos
559 5138 852 5206 nonnullos
889 5139 1278 5207 interemisset,
1309 5156 1502 5212 poenas
1547 5145 1683 5202 tanti
1711 5145 1821 5202 cri-

139 5224 147 5230 '
222 5222 380 5282 minis
401 5229 481 5296 ab
509 5243 571 5284 ea
601 5231 925 5304 repetendas
973 5232 1304 5288 existimavit
1334 5235 1696 5306 ’i'heodosius.
1717 5237 1824 5293 Ve-

225 5330 338 5373 rum
384 5321 720 5377 Ambrosius
765 5323 852 5392 qui
901 5323 1248 5379 clementiam
1293 5325 1451 5398 hujus
1479 5328 1742 5400 principis
1764 5327 1820 5384 in

229 5409 432 5470 misera:
494 5414 649 5467 istius
698 5414 849 5469 urbis
884 5417 1117 5488 gratiam
1142 5416 1433 5487 implorare
1475 5435 1596 5475 cum
1633 5421 1823 5490 primis

231 5496 526 5575 festinavit,
555 5515 663 5560 tam
690 5505 863 5561 calide
913 5518 1130 5580 tamque
1180 5520 1494 5572 constanter
1516 5511 1825 5570 Theodosio

233 5587 440 5666 institit,
477 5607 534 5651 ut
565 5596 650 5651 hic
682 5598 934 5669 injuriam
965 5599 1114 5672 illam
1145 5601 1578 5676 condonaturum
1610 5619 1669 5670 se
1701 5619 1825 5674 pro-

245 5685 477 5749 mitteret
495 5679 812 5762 (Pautin.in
841 5690 954 5746 Vita
982 5693 1186 5761 Ambr.,
1210 5711 1354 5774 num.
1379 5694 1493 5774 24).
1524 5695 1636 5768 Hoc
1657 5696 1828 5772 impe-

1926 4690 2086 4746 quam
2136 4678 2592 4750 mansuetudinis.
2625 4679 2762 4749 Quid
2813 4681 2956 4750 enim
3007 4683 3216 4754 pienius
3247 4686 3526 4758 prudeniis

1925 4768 2084 4839 hujus
2114 4770 2528 4840 moderationis,
2562 4787 2725 4844 quam
2775 4775 2868 4842 illa
2901 4775 3062 4846 verba
3091 4795 3102 4830 :
3140 4775 3426 4846 Prretendi,
3453 4780 3531 4848 ait

1925 4860 2280 4936 (Ibid.,num.
2312 4864 2425 4933 15),
2449 4867 2809 4937 αεθῖίιιιάίηευι
2829 4871 3061 4940 corporis
3087 4887 3264 4930 revera
3295 4887 3524 4942 gravem,

1924 4965 1971 5029 et
2000 4957 2098 5034 nisi
2119 4975 2153 5013 a
2173 4958 2294 5028 uiris
2317 4959 2600 5020 mitioribus
2627 4961 2713 5026 uix
2730 4962 3033 5032 leuandum;
3061 4963 3142 5032 uel
3168 4966 3331 5039 emori
3361 4975 3530 5030 tamen

1921 5052 2238 5122 maluissem,
2270 5069 2425 5125 quam
2453 5056 2727 5122 adventum
2749 5066 2896 5112 tuum
2925 5057 3081 5128 biduo
3111 5070 3202 5124 aut
3234 5060 3406 5124 triduo
3425 5073 3527 5118 non

1927 5157 2300 5214 extinctorem.

1999 5239 2126 5308 114.
2157 5240 2541 5308 Tlteodoretus
2582 5249 2776 5307 auctor
2804 5249 2887 5310 est
2919 5240 3057 5312 (Lib.
3110 5259 3144 5308 v
3174 5241 3320 5316 Hist.
3352 5237 3530 5308 Ecc(.,

1927 5345 2044 5402 cap.
2071 5329 2184 5402 18),
2210 5331 2594 5402 imperatorem
2626 5340 2910 5402 postquam
2960 5346 2990 5386 a
3026 5333 3218 5402 synaxi
3245 5331 3530 5402 ecclesias:

1930 5423 2032 5494 tica
2068 5432 2211 5490 totos
2239 5439 2335 5480 vttt
2369 5439 2584 5480 menses
2627 5424 3001 5493 abstinuisset,
3040 5422 3236 5490 natalis
3268 5422 3536 5491 Dominici

1929 5514 2071 5584 festo
2099 5517 2152 5586 in
2195 5518 2497 5588 Ecclesiam
2551 5518 2742 5576 venire
2782 5515 3141 5584 voluissetat
3185 5517 3426 5587 graviter
3454 5519 3538 5588 in-

1930 5609 2198 5682 crepjmm
2226 5609 2295 5678 ab
2323 5609 2632 5678 Ambrosio,
2656 5623 2763 5680 non
2797 5605 2946 5682 prius
2973 5604 3182 5678 ingredi
3212 5609 3534 5684 retulissent

1935 5716 2079 5768 esse.
2111 5717 2271 5772 quem
2295 5710 2352 5759 et
2370 5701 2600 5773 publicae
2624 5695 2961 5770 paenitentiae
2988 5709 3156 5768 caput
3197 5702 3544 5772 ευωεοξεεοι,

242 5782 428 5840 ratoris
446 5783 742 5856 promisso,
768 5783 910 5848 sicut
937 5791 992 5842 et
1025 5785 1204 5852 innata
1242 5785 1424 5874 eidem
1449 5788 1689 5844 bonitate
1716 5773 1835 5858 plus
1934 5801 1992 5850 et
2018 5794 2255 5873 laturum
2279 5808 2340 5864 se
2363 5793 2538 5863 legem
2570 5783 2900 5859 eiuscemodi
2929 5797 3074 5855 εεεει
3098 5793 3396 5863 pollicitus,
3427 5808 3546 5866 qua:
