4156 6370
580 318 685 374 105

1823 314 1986 371 VITA
2025 315 2272 373 SANCTI
2311 315 2646 377 AMBROSII

3778 323 3884 380 104

580 449 732 490 reum
757 433 921 488 ullum
954 441 1198 488 extremo
1242 430 1507 501 supplicio
1538 430 1641 486 nisi
1667 439 1785 501 post
1816 431 1957 487 diem
1986 448 2013 485 a
2044 447 2174 487 con-
2199 433 2248 492 Α
2277 433 2347 487 sit
2376 434 2618 489 moribus
2655 433 2766 489 suis
2807 447 2869 490 ac
2901 435 3246 492 sermonibus
3267 435 3433 491 vitam
3465 435 3698 491 aliorum
3725 439 3879 510 quasi

581 526 928 583 demnatione
955 527 1307 596 ’trigesimum
1357 521 1498 578 affici
1558 524 1889 594 prohiberet.
1927 525 2176 595 Implevit

581 617 873 689 imperator
915 629 1203 688 utrumque
1243 616 1568 687 promissum
1603 616 1894 686 ;quodque
1918 617 2177 688 adpubli-

580 727 698 767 cam
733 711 1127 782 paenitentiam,
1157 719 1299 764 tanta
1355 725 1477 765 cum
1531 709 1616 766 sui
1668 709 2000 767 demissione
2030 711 2174 766 illam

576 804 866 874 amplexus
928 813 1033 869 est,
1080 810 1138 856 ut
1166 801 1320 856 nobis
1369 812 1674 872 temperare
1719 819 1826 857 non
1877 803 2173 868 valeamus,

577 897 703 968 quin
732 896 908 952 locum
940 895 1006 950 de
1034 895 1124 950 illa
1158 895 1577 951 Ambrosianum
1603 897 1952 967 subjiciamus
1989 916 2000 952 :
2025 898 2177 953 Stra-

576 991 646 1043 vit
695 1005 861 1056 omne,
918 987 1094 1058 inquit
1141 986 1247 1058 (De
1289 989 1410 1042 obit.
1460 987 1683 1055 Tlteod.,
1733 1007 1875 1045 num.
1907 990 2024 1059 34),
2078 1007 2174 1061 quo

573 1082 850 1148 nitebatur,
882 1065 1086 1152 insigne
1112 1081 1312 1151 regium
1343 1099 1360 1134 :
1391 1080 1595 1150 deﬂevit
1628 1082 1677 1135 in
1708 1079 1944 1136 Ecclesia
1992 1099 2174 1152 pecca:

574 1182 685 1228 tum
730 1189 881 1228 suum
907 1214 920 1238 ,
975 1172 1112 1242 quod
1158 1182 1204 1226 et
1231 1173 1453 1227 aliorum
1499 1173 1684 1243 fraude
1727 1174 2018 1245 obrepserat
2047 1191 2064 1228 :
2091 1192 2177 1246 ge-

573 1268 700 1320 mitu
733 1274 779 1320 et
817 1265 1059 1336 lacrymis
1093 1266 1256 1319 oravit
1287 1265 1508 1319 veniam.
1544 1265 1697 1330 Quod
1739 1268 1926 1336 privati
1972 1267 2178 1321 erubes-

572 1369 714 1425 cunt,
748 1376 848 1413 non
873 1359 1072 1413 erubuit
1095 1360 1377 1426 imperator
1400 1358 1602 1429 publice
1621 1375 1776 1430 agere
1797 1360 2178 1430 paenitentiam;

573 1468 731 1523 neque
756 1450 894 1506 ullus
915 1461 1090 1523 postea
1111 1452 1220 1506 dies
1237 1452 1356 1522 fuit,
1387 1468 1486 1521 quo
1514 1468 1615 1506 non
1638 1451 1789 1504 illum
1816 1452 2010 1506 doleret
2037 1469 2178 1507 erro-

575 1561 701 1599 rem.
748 1543 912 1599 Addit
945 1549 1140 1600 citatus
1168 1543 1547 1599 Theodoretus
1592 1543 1731 1614 (Lib.
1783 1561 1837 1610 v,
1857 1562 1975 1615 cap.
2001 1545 2090 1618 18)
2125 1554 2178 1601 et

571 1651 694 1692 cum
728 1651 792 1692 eo
833 1636 994 1692 etiam
1035 1636 1374 1692 Sozomenus
1399 1635 1536 1709 (Lib.
1571 1652 1667 1704 vn,
1699 1653 1816 1706 cap.
1844 1635 1940 1706 9.5)
1971 1653 2074 1691 nou
2107 1641 2173 1692 ita

575 1729 744 1798 multo
766 1737 888 1799 post
909 1728 1298 1796 Theodosium,
1329 1744 1448 1784 cum
1484 1729 1776 1784 interesset
1804 1728 2093 1794 sacrificio,
2122 1737 2178 1786 ct

2279 526 2524 593 condire,
2555 526 2759 594 idcirco
2816 534 2895 582 tot
2938 530 3330 599 praeceptiones
3363 531 3472 585 illic
3505 530 3724 585 intexta:
3755 539 3882 585 sunt

2279 617 2501 672 cuilibet
2547 617 2827 674 hominum
2880 619 3177 675 conditioni
3227 621 3511 691 perutiles,
3539 629 3598 676 ut
3642 621 3880 677 fructum

2279 725 2385 764 non
2418 711 2689 767 modicum
2720 712 2846 768 inde
2878 712 3099 769 haurire
3126 713 3380 769 omnibus
3410 715 3590 770 liceat.

2355 804 2477 857 117.
2501 802 2770 860 Caeterum
2795 805 3153 862 Ambrosiana
3179 809 3511 877 sollicitudo,
3543 827 3663 881 qua:
3689 826 3882 867 omnes

2277 899 2499 951 omnino
2522 899 3010 968 complectebatur,
3045 901 3400 956 monasticam
3431 917 3537 957 non
3570 905 3884 976 nt-gligebat

2277 989 2668 1057 professionem
2701 1008 2716 1056 ;
2745 993 2983 1048 ρωποι)ῑὶ
3013 994 3212 1065 quippe
3245 994 3298 1049 in
3330 994 3719 1052 Mediolauensi
3754 998 3883 1053 sub-

2279 1085 2435 1140 urbio
2458 1088 2615 1156 positi
2647 1089 2892 1144 meminit
2931 1090 3262 1159 Augustinus
3291 1106 3303 1142 :
3335 1087 3403 1143 Et
3427 1100 3558 1154 erat,
3603 1091 3878 1163 inquiens,

2277 1181 2648 1234 monasterium
2675 1181 2980 1247 Mediolani,
3010 1182 3217 1253 plenum
3247 1183 3390 1238 bonis
3433 1169 3683 1254 fratribus
3735 1195 3885 1240 extra

2277 1273 2484 1339 mantia,
2510 1273 2601 1326 sub
2628 1273 2896 1328 Ambrosio
2919 1275 3194 1340 nulritore,
3212 1284 3258 1330 et
3286 1292 3390 1330 non
3419 1278 3755 1349 noveramus(
3765 1277 3876 1333 Lib.

2279 1379 2369 1419 vut
2397 1363 2584 1436 Conf.,
2611 1384 2664 1420 η.
2693 1368 2804 1438 15).
2840 1368 3024 1440 Neque
3055 1369 3141 1424 hic
3175 1379 3406 1438 tantum,
3452 1372 3546 1427 sed
3578 1372 3704 1427 alibi
3745 1388 3883 1442 quo-

2277 1475 2381 1529 que
2414 1461 2634 1516 illorum
2681 1463 3072 1518 monachorum
3121 1479 3227 1518 non
3260 1466 3378 1518 sine
3406 1463 3615 1520 honore
3645 1465 3883 1520 mentio-

2278 1569 2400 1607 nem
2430 1553 2558 1608 facit
2582 1553 2722 1626 (Lib.
2756 1571 2768 1609 ι
2801 1557 2864 1611 de
2919 1556 3056 1610 Mor.
3089 1554 3237 1610 Eccl.
3267 1558 3430 1622 catin,
3456 1565 3501 1610 c.
3534 1557 3648 1628 55).
3681 1557 3882 1613 Verum

2277 1647 2422 1703 inter
2461 1649 2633 1704 bonos
2660 1650 2782 1703 illos
2827 1651 3138 1720 apostolica:
3167 1651 3293 1705 vita:
3339 1651 3640 1706 imitatores
3662 1651 3768 1706 duo
3797 1650 3884 1706 in-

2277 1742 2424 1795 venti
2453 1751 2600 1808 sunt,
2659 1743 2747 1812 qui
2788 1742 3085 1813 proditoris
3133 1742 3413 1814 perfidiam
3466 1744 3875 1799 aemularentur.

573 1823 641 1878 ad
679 1823 850 1878 altare
879 1823 1211 1878 oblationem
1267 1837 1421 1877 suam
1463 1821 1786 1889 obtulisset,
1841 1823 2164 1878 remansisse

2279 1832 2442 1888 Erant
2488 1834 2554 1888 iis
2593 1836 2809 1888 nomina
2860 1835 3186 1890 Sarmationi
3238 1845 3292 1889 et
3346 1835 3696 1901 Barbatiano,
3743 1851 3882 1905 quos

574 1919 712 1974 intra
743 1917 1014 1973 cancellos
1042 1917 1366 1988 presbyterii
1393 1933 1404 1968 :
1429 1915 1776 1971 Ambrosium
1806 1932 1936 1972 vero
1958 1917 2173 1973 misisse

573 2010 642 2066 ad
681 2010 855 2076 illum,
885 2009 978 2080 qui
1003 2025 1126 2065 eum
1156 2020 1405 2064 moneret
1430 2010 1562 2064 solis
1593 2009 1809 2066 clericis
1841 2009 1893 2064 in
1921 2011 2024 2064 isto
2053 2010 2172 2065 loco

570 2104 650 2160 fas
671 2119 792 2160 esse
817 2105 1150 2169 consistere;
1180 2113 1237 2159 et
1268 2102 1350 2157 his
1380 2103 1604 2159 monitis
1626 2103 1776 2158 illico
1801 2105 2045 2174 paruisse
2073 2105 2172 2158 im-

573 2203 900 2267 peratorem.
936 2195 1264 2250 Memoratus
1298 2194 1674 2250 'l'heodoretus
1713 2201 1767 2249 et
1797 2196 1898 2250 hoc
1928 2195 2173 2265 adjuugit

571 2287 735 2361 (Loco
756 2285 890 2359 cit.),
929 2287 1177 2343 eumdem
1212 2287 1508 2357 principem
1548 2301 1653 2340 non
1690 2286 1851 2358 longo
1880 2299 2001 2356 post
2031 2297 2170 2342 tem-

571 2397 702 2454 pore
731 2398 851 2438 cum
881 2383 935 2437 in
976 2382 1197 2438 basilica
1221 2380 1824 2450 ConstantinOpolitana
1853 2381 2172 2436 invitaretur

570 2493 602 2532 a
648 2479 925 2546 Nectario,
957 2486 1017 2533 ut
1043 2477 1234 2533 altaris
1283 2487 1433 2549 septa
1486 2477 1881 2547 ingrederetur,
1914 2477 2051 2533 hanc
2077 2492 2171 2533 vo-

569 2585 687 2626 cem
719 2572 967 2627 emisisse
1003 2569 1250 2626 Antistiti
1302 2578 1506 2626 nostro'
1537 2580 1644 2624 tam
1673 2570 1966 2641 gloriosam
2001 2589 2012 2623 :
2040 2569 2172 2640 Epi-

567 2681 803 2737 scopum,
828 2675 1036 2737 excepto
1066 2665 1358 2732 Ambrosio,
1391 2665 1507 2719 novi
1530 2666 1807 2720 neminem.

644 2760 703 2814 11
721 2757 1033 2826 Ρῑ.,(]ἱι·οἰιει’
1058 2759 1218 2814 etiam
1245 2759 1346 2814 hoc
1367 2757 1540 2828 ipsum
1567 2768 1777 2829 tempus
1798 2759 1904 2813 duo
1927 2759 2171 2828 potentis-

566 2852 684 2906 simi
712 2862 760 2906 et
792 2851 1156 2922 sapientissimi
1187 2850 1470 2906 Persarum
1499 2850 1796 2916 Ambrosii,
1829 2860 1889 2905 ut
1914 2850 2170 2905 Paulinus

566 2955 752 3001 narrat
775 2943 865 3017 (In
907 2943 1023 2999 Vita
1039 2944 1216 2999 Ambr.
1241 2944 1428 3014 11.25),
1452 2943 1591 2998 fama
1612 2945 1771 2999 exciti
1783 2943 2168 3014 ,‘Mediolanum

572 3049 841 3095 venerunt
877 3054 944 3096 eo
972 3040 1090 3095 solo
1117 3038 1370 3105 consilio,
1418 3047 1479 3093 ut
1529 3053 1625 3108 per
1655 3054 1714 3094 se
1751 3038 1852 3107 ipsi
1879 3054 2170 3109 cognosce-

567 3142 711 3200 rent,
744 3147 811 3187 an
845 3132 943 3187 viri
983 3133 1268 3204 prmseutia
1316 3130 1475 3187 fama:
1507 3130 1899 3203 responderet:
1932 3133 2044 3202 qui,
2078 3147 2171 3187 eo-

561 3227 684 3282 dem
716 3227 945 3282 Paulino
971 3234 1132 3291 teste.
1165 3226 1478 3280 admirantes
1514 3225 1857 3279 discesserunt
1883 3224 1945 3278 ab
1977 3240 2056 3278 eo.

635 3318 909 3392 116.(Αη.
933 3319 1084 3389 591.)
1107 3318 1210 3373 Per
1233 3317 1286 3372 id
1315 3317 1575 3387 temporis
1596 3318 1829 3370 maxima
1863 3331 1992 3386 pace
2022 3314 2164 3370 frue-

561 3413 720 3470 batur
748 3395 1067 3468 Ambrosius
1089 3414 1369 3468 amborum
1392 3411 1655 3467 beneficio
1689 3412 2099 3480 imperatorum,
2132 3425 2163 3464 a

561 3509 756 3579 quibus
782 3507 1024 3576 impense
1050 3506 1376 3576 diligebatur
1427 3505 1838 3573 colebaturque.
1875 3503 2022 3558 llanc
2065 3502 2162 3574 igi-

563 3612 649 3658 tur
682 3601 1123 3671 trauquillitatem
1158 3616 1228 3656 ne
1266 3601 1442 3669 perire
1473 3600 1702 3664 sineret,
1736 3613 1834 3668 per
1861 3596 1965 3651 hoc
1991 3597 2158 3652 otium

558 3693 775 3749 clericis
798 3691 933 3759 suis,
963 3701 1020 3747 ut
1048 3707 1181 3746 sane
1209 3691 1444 3756 videtur,
1475 3690 1643 3745 libros
1687 3704 1815 3745 suos
1864 3694 1926 3742 de
1959 3688 2160 3760 Ofﬁciis

560 3785 924 3842 Ministrorum
950 3785 1307 3842 elucubravit.
1333 3784 1536 3851 Quibus
1581 3782 1801 3855 quidem
1851 3782 2006 3837 libris
2045 3796 2160 3836 ser-

557 3897 750 3938 mones
779 3881 988 3952 aliquos
1038 3880 1203 3935 variis
1255 3879 1588 3948 temporibus
1617 3918 1632 3944 ,
1693 3886 1749 3931 et
1794 3876 1913 3946 ipso
1942 3890 2158 3946 quoque

555 3974 848 4032 sacerdotii
885 3973 969 4030 sui
1001 3973 1154 4029 initio
1188 3972 1562 4044 pronuntiatos
1592 3970 1732 4026 idem
1766 3969 2033 4033 inseruit;
2063 3984 2159 4023 uo-

553 4080 708 4128 verat
737 4069 881 4126 enim
913 4070 1018 4125 vita
1049 4070 1396 4130 clericorum.
1419 4083 1554 4138 quos
1580 4081 1807 4122 necesse
1835 4076 1917 4120 est
1941 4065 2159 4120 czeteris

552 4164 876 4220 Christianis
920 4162 1171 4232 exemplo
1203 4164 1541 4232 praelucere,
1596 4159 1730 4213 nihil
1783 4157 1988 4214 debere
2036 4171 2157 4211 esse

551 4257 794 4314 sanetius
824 4274 836 4310 :
868 4271 929 4312 ac
960 4263 1245 4326 propterea
1294 4254 1583 4309 maximam
1634 4267 1851 4320 semper
1881 4250 1931 4303 in
1962 4248 2154 4303 iisdem

552 4354 640 4408 vel
668 4349 1022 4406 iuformandis
1048 4363 1234 4402 curam
1277 4346 1593 4410 adhibebat,
1625 4343 1707 4398 vel
1735 4341 2001 4412 eligendis
2029 4356 2156 4395 cau-

553 4443 778 4501 tionem.
823 4440 1009 4512 Neque
1059 4439 1198 4495 forte
1244 4437 1437 4493 lectori
1485 4434 1647 4491 fuerit
1697 4433 2074 4502 injucundum,
2108 4433 2151 4487 si

549 4539 828 4610 geminum
855 4536 973 4607 ejus
1015 4534 1095 4590 rei
1127 4533 1405 4602 specimen
1434 4529 1605 4600 ipsius
1628 4527 1809 4583 verbis
1839 4525 1925 4580 hic
1959 4541 2154 4596 propo-

2276 1927 2593 1983 Ambrosius
2641 1928 2998 1983 Enarratione
3039 1929 3089 1984 in
3150 1928 3417 1998 psalmum
3473 1943 3631 1982 xxxvi
3685 1927 3878 1998 (Num.

2274 2018 2368 2091 49)
2400 2020 2685 2076 obscurius
2719 2020 3057 2092 perstringit,
3092 2006 3143 2074 in
3187 2019 3421 2091 epistola
3477 2037 3604 2076 vero
3644 2021 3712 2075 ad
3747 2020 3884 2075 Ver-

2273 2114 2535 2168 celleoses
2590 2113 2714 2184 (Ep.
2756 2114 2845 2178 65,
2897 2131 3037 2167 num.
3073 2114 3103 2167 7
3154 2124 3200 2167 et
3248 2115 3379 2183 seq.)
3409 2114 3638 2183 propriis
3683 2113 3880 2185 depin-

2273 2209 2352 2280 git
2378 2209 2652 2264 coloribus
2678 2226 2689 2261 :
2717 2223 2852 2278 quos
2889 2208 3041 2264 locos
3066 2207 3215 2262 adire
3240 2216 3494 2277 poterunt
3526 2208 3582 2272 ii,
3613 2208 3702 2278 qui
3724 2207 3881 2277 plura

2274 2302 2342 2358 de
2371 2302 2585 2356 illorum
2621 2302 2770 2356 vitiis
2802 2310 2963 2372 atque
3007 2301 3288 2356 erroribus
3319 2300 3728 2356 desiderabunt.

2348 2395 2471 2450 118.
2515 2393 2828 2472 (Αιιη59ὶ.)
2859 2393 3118 2449 Vertente
3165 2408 3308 2448 anno
3347 2394 3662 2464 superiore,
3697 2393 3879 2448 Theo-

2274 2486 2461 2542 doslus
2486 2486 2766 2542 Orientem
2796 2488 3090 2558 repetierat
3111 2529 3126 2554 ,
3157 2495 3210 2541 et
3237 2486 3670 2541 Valentinianum
3701 2487 3751 2541 in
3778 2487 3880 2541 im-

2274 2581 2426 2650 perio
2451 2596 2558 2650 quo
2586 2595 2617 2634 a
2644 2580 2879 2635 Maximo
2915 2580 3092 2634 fuerat
3133 2579 3393 2648 spoliatus
3413 2619 3427 2645 ,
3471 2580 3714 2650 quietum
3741 2579 3878 2634 reli-

2273 2684 2481 2744 querat.
2515 2674 2716 2729 Verum
2745 2690 2868 2730 cum
2893 2674 3110 2744 juvenis
3141 2673 3227 2728 hic
3258 2675 3507 2744 princeps
3536 2674 3777 2729 venisset
3821 2675 3874 2728 in

2273 2765 2506 2834 Gallias,
2534 2777 2585 2821 ut
2615 2767 2733 2822 illas
2755 2781 2783 2821 a
2816 2766 3166 2822 barbarorum
3194 2766 3640 2836 impressionibus
3670 2773 3878 2819 tutare—

2275 2873 2382 2922 tur.
2413 2875 2473 2915 ea
2510 2875 2638 2929 pace
2665 2874 2770 2914 non
2799 2859 2890 2914 diu
2932 2859 3136 2930 potitus
3167 2867 3287 2926 est,
3318 2873 3478 2928 quam
3514 2857 3743 2928 imperio
3778 2873 3873 2924 pa-

2274 2965 2395 3006 rere
2412 2950 2916 3006 statuerat.Etenim
2935 2951 3368 3005 increbrescente
3384 2949 3520 3003 fama
3537 2949 3873 3004 imminentis

2273 3043 2570 3099 barbarica:
2602 3043 2918 3112 irruptionis
2944 3043 2998 3098 in
3029 3042 3257 3110 Italiam,
3292 3053 3512 3110 rogatus
3540 3041 3637 3095 fuit
3664 3057 3694 3095 a
3727 3056 3870 3112 prte-

2274 3138 2414 3191 feeto
2439 3147 2492 3190 et
2520 3135 2919 3206 magistratibus
2945 3143 3164 3190 sanctus
3200 3133 3523 3189 Ambrosius
3544 3173 3560 3200 ,
3589 3141 3648 3187 ut
3676 3132 3745 3188 ad
3776 3134 3874 3188 im-

2196 3217 2240 3282 C
2276 3239 2577 3300 peratorem
2613 3230 3080 3298 proﬁcisceretur,
3127 3243 3359 3298 eumque
3387 3227 3451 3282 ad
3493 3242 3650 3298 opem
3692 3227 3870 3282 eidem

2269 3323 2473 3394 regioni
2505 3323 2677 3378 reditu
2707 3339 2806 3378 suo
2835 3323 3164 3378 offerendam
3195 3323 3493 3378 induceret.
3530 3322 3645 3377 Non
3687 3331 3869 3378 tamen

2268 3414 2372 3470 hoc
2419 3417 2521 3470 iter
2565 3416 2653 3470 ille
2699 3417 2972 3486 suscepit,
3005 3415 3127 3486 quia
3175 3417 3390 3470 interim
3437 3414 3603 3484 Alpes
3633 3415 3871 3470 transire

2269 3510 2550 3563 nuntiatus
2580 3517 2661 3564 est
2688 3508 3121 3564 Valentinianus.
3153 3509 3266 3564 Sub
3300 3508 3414 3563 haec
3443 3507 3623 3562 allata:
3654 3515 3784 3562 sunt
3805 3506 3874 3562 ad

2273 3613 2519 3659 sanctum
2559 3603 2872 3658 Antistitem
2914 3602 3272 3657 Valentiniani
3317 3602 3486 3672 ipsius
3519 3602 3712 3656 litterae
3763 3600 3872 3672 (De

2267 3695 2420 3750 Obitu
2463 3697 2693 3764 Valent.,
2745 3713 2888 3750 num.
2921 3695 3052 3765 25),
3098 3695 3294 3764 quibus
3335 3710 3566 3764 propere
3611 3708 3870 3749 accerse~

2262 3791 2454 3856 batur,
2488 3797 2600 3843 tum
2648 3789 2790 3859 quod
2835 3787 3098 3858 baptizari
3131 3789 3197 3842 ab
3224 3803 3289 3842 eo
3319 3787 3518 3854 vellet,
3568 3797 3679 3842 tum
3713 3787 3863 3858 quod

2262 3901 2383 3940 eum
2410 3887 2642 3953 praedem
2669 3882 2790 3938 ﬁdei
2819 3899 2930 3937 sua:
2953 3881 3238 3952 Arbogasti
3263 3882 3446 3937 comiti
3469 3883 3598 3936 dare
3617 3892 3867 3951 cuperet.

2263 3978 2424 4034 Hisce
2476 3977 2682 4032 nuntiis
2723 3976 2966 4031 turbatus
3011 3977 3360 4042 Ambrosius,
3407 3976 3554 4030 illico
3599 3975 3742 4030 viam
3787 3975 3872 4030 in-

2261 4086 2489 4140 gressus
2519 4079 2624 4134 est,
2652 4068 2875 4139 jamque
2923 4069 3197 4137 superabat
3227 4069 3434 4139 Alpium
3456 4071 3587 4141 juga
3618 4067 3817 4140 (Ιῡῑά.)
3848 4110 3872 4136 ,ι

2260 4180 2382 4220 cum
2413 4163 2650 4218 infelicis
2675 4162 2820 4217 illius
2843 4163 3185 4232 imperatoris
3210 4164 3421 4231 accepit
3446 4178 3654 4218 necem.
3677 4163 3873 4217 Caesus

2260 4268 2442 4312 autem
2470 4265 2554 4312 est
2602 4271 2631 4310 a
2673 4255 2819 4310 dicto
2858 4256 3054 4310 comite
3087 4254 3264 4310 idibus
3293 4255 3432 4323 Maii
3472 4255 3645 4325 pridie
3672 4255 3873 4311 Pente~

2259 4362 2458 4416 costes,
2485 4364 2658 4404 annos
2683 4357 2888 4403 tantum
2913 4364 2979 4402 xx
3011 4356 3188 4402 natus.
3225 4347 3329 4402 lter
3355 4363 3510 4401 suum
3535 4347 3862 4402 Ambrosius

2258 4445 2442 4500 statim
2478 4443 2709 4512 relegit,
2743 4442 2926 4497 multis
2960 4441 3214 4513 lacrymis
3244 4439 3376 4495 illud
3415 4439 3671 4509 irrigans.
3720 4439 3872 4495 Nihil

2259 4537 2402 4591 enim
2447 4536 2566 4606 ejus
2615 4535 2808 4590 dolore
2864 4534 3105 4590 tenerius
3157 4542 3370 4605 poterat
3421 4532 3681 4603 cogitari,
3733 4546 3866 4586 cum

550 4646 783 4696 namus;
807 4629 887 4684 sic
908 4643 1037 4698 ergo
1060 4626 1151 4681 ille
1181 4638 1194 4678 :
1223 4622 1558 4688 Meministis,
1582 4621 1700 4690 ﬁlii,
1732 4618 2008 4690 quemdam
2032 4618 2162 4672 ami—
2185 4611 2240 4673 D
2266 4644 2446 4684 secum
2475 4629 2592 4699 ipse
2618 4627 2922 4698 reputabat,
2954 4635 3210 4697 quantum
3238 4625 3330 4680 me
3358 4641 3385 4678 a
3419 4640 3510 4692 se,
3539 4638 3868 4695 quamquam

549 4741 664 4780 cum
705 4739 819 4778 cum
853 4720 1047 4777 sedulis
1079 4734 1132 4773 se
1153 4717 1411 4772 videretur
1442 4712 1799 4769 commendare
1820 4711 2030 4782 ofﬁciis,
2061 4711 2157 4766 hoc

550 4818 665 4873 solo
690 4827 860 4872 tamen
888 4816 944 4870 in
972 4815 1168 4869 clerum
1195 4828 1227 4865 a
1265 4827 1347 4865 me
1375 4826 1476 4864 non
1523 4816 1801 4880 receptum,
1824 4806 1961 4876 quod
1987 4814 2158 4876 gestus

551 4914 663 4984 ejus
691 4909 972 4982 plurimum
1001 4906 1305 4960 dedeceret:
1336 4903 1553 4957 alterum
1581 4916 1781 4971 quoque
1797 4914 1912 4952 cum
1939 4899 1992 4951 in
2021 4898 2158 4952 clero

547 5007 870 5078 reperissem,
896 5002 1117 5072 jussisse
1147 5016 1225 5054 me
1253 5015 1315 5053 ne
1337 5012 1583 5068 umquam
1612 4995 1816 5066 praeiret
1848 4992 2011 5056 mihi;
2037 4991 2158 5062 quia

546 5099 680 5154 velut
709 5096 934 5168 quodam
958 5091 1228 5148 insolentis
1286 5092 1516 5146 incessus
1544 5089 1746 5143 verbere
1775 5086 1955 5142 oculos
1981 5084 2157 5155 feriret

546 5209 804 5248 meos.....
849 5206 942 5244 nec
971 5188 1157 5261 fefellit
1177 5188 1446 5252 sententia,
1479 5197 1691 5252 uterque
1713 5185 1847 5238 enim
1873 5181 1937 5235 ab
1968 5179 2153 5235 Eccle-

546 5287 625 5340 sia
653 5285 897 5352 recessit;
927 5291 981 5336 ut
1007 5283 1176 5352 qualis
1222 5281 1427 5335 incessu
1477 5278 1814 5349 prodebatur,
1848 5274 1966 5328 talis
1990 5272 2149 5342 perﬁ-

552 5376 640 5430 dia
693 5376 852 5431 animi
895 5375 1360 5430 demonstraretur.
1395 5369 1634 5435 Namque
1663 5369 1794 5423 alter
1823 5367 2020 5420 arianaz
2073 5364 2154 5417 iu-

545 5469 832 5540 festationis
861 5477 1086 5537 tempore
1106 5467 1258 5536 [idem
1275 5465 1520 5528 deseruit,
1545 5463 1675 5516 alter
1705 5459 1936 5534 pecunia:
1980 5457 2151 5511 studio

542 5579 607 5618 ne
621 5563 881 5636 judicium
893 5562 1083 5616 subiret
1104 5559 1446 5626 sacerdotale,
1468 5575 1520 5612 se
1536 5567 1765 5610 nostrum
1789 5553 1989 5626 negavit
2007 5552 2147 5622 (Lib.

542 5669 562 5710 ι
590 5655 770 5728 Ofﬁc.,
801 5674 849 5713 c.
880 5655 969 5722 18,
989 5671 1132 5710 num.
1175 5654 1288 5725 7:2).
1324 5653 1400 5706 Ex
1452 5651 1536 5705 his
1590 5648 1812 5705 abunde
1839 5647 2018 5717 quivis
2073 5646 2153 5700 in-

543 5749 745 5820 telligat
775 5751 878 5802 hoc
901 5747 1033 5802 illud
1076 5763 1244 5814 Opus,
1285 5761 1392 5816 quo
1423 5743 1491 5798 de
1529 5741 1722 5812 agitur,
1755 5741 1991 5794 maxime
2037 5753 2155 5793 em-

541 5843 692 5904 nium
716 5843 931 5902 clericis
949 5840 1210 5900 deStiuari
1236 5858 1250 5897 :
1283 5851 1336 5898 at
1365 5855 1498 5898 vero
1525 5854 1647 5895 cum
1681 5837 1894 5909 horum,
1920 5835 2155 5894 cilicium

2269 4731 2348 4776 tot
2397 4736 2460 4776 ac
2509 4722 2671 4774 tantis
2719 4729 2907 4789 septus
2951 4719 3259 4789 episc0pis,
3291 4718 3552 4788 baptizari
3583 4726 3867 4788 optasset,

2265 4823 2631 4884 quantumque
2662 4813 2714 4867 in
2746 4811 2978 4867 adventu
3011 4828 3109 4867 suo
3149 4811 3266 4881 spei
3295 4811 3584 4880 posuisset,
3639 4811 3734 4864 sed
3764 4826 3866 4880 po-

2268 4909 2533 4963 tissimum
2555 4907 2819 4976 jacturam
2845 4905 2912 4959 ab
2934 4903 3175 4960 Ecclesia
3200 4904 3393 4960 factam
3423 4902 3826 4959 lamentabatur
3853 4920 3867 4956 :

2269 4999 2521 5056 Percussa
2542 5041 2556 5064 ,
2609 4999 2907 5069 inquiebat,
2936 5016 3070 5064 eras,
3107 4997 3362 5063 Ecclesia,
3396 4998 3447 5051 in
3479 4995 3716 5063 maxilla,
3747 5013 3868 5050 cunt

2267 5094 2526 5147 amitteres
2571 5091 2916 5157 Gratianum;
2970 5091 3233 5162 praebuisti
3277 5099 3323 5144 et
3361 5090 3608 5153 alterunt,
3657 5089 3869 5160 quando

2258 5186 2348 5239 tibi
2381 5184 2779 5238 Valentinianus
2809 5193 3012 5254 ereptus
3039 5191 3111 5236 est
3142 5181 3190 5253 (1
3201 5182 3332 5248 bid.,
3365 5197 3507 5234 num.
3539 5180 3618 5251 6).

2336 5276 2458 5331 119.
2484 5278 2692 5344 Corpus
2717 5274 2865 5329 illius
2888 5290 2994 5328 non
3023 5273 3195 5328 multo
3225 5280 3348 5343 post
3374 5273 3604 5328 relatum
3635 5272 3735 5326 fuit
3754 5271 3872 5326 Me-

2261 5367 2574 5433 diolanum,
2610 5367 2844 5437 dumque
2886 5365 3208 5422 Ambrosius
3255 5365 3320 5420 ad
3361 5365 3480 5435 ejus
3531 5364 3870 5435 sepulturam

2260 5462 2553 5518 Theodosii
2575 5461 2824 5515 mandata
2847 5458 3388 5530 opperiebatur,eum
3414 5457 3573 5528 hujus
3603 5456 3869 5527 principis

2263 5553 2539 5627 praevertit
2565 5537 2819 5624 epistola,
2839 5567 2947 5622 qua
2961 5551 3398 5621 compatiebatur
3421 5550 3540 5621 ejus
3563 5549 3864 5606 mteSIitiae.

2259 5648 2339 5704 Ad
2369 5663 2529 5718 quam
2571 5645 2858 5717 epistolam
2891 5643 3213 5700 Ambrosius
3244 5645 3583 5716 respondens
3607 5689 3620 5712 ,
3656 5643 3868 5700 silentii

2259 5739 2342 5796 sui
2373 5738 2637 5794 rationem
2669 5736 2879 5802 reddit,
2916 5746 3027 5791 tum
3059 5737 3375 5807 imperatori
3412 5738 3732 5792 tcstilieatur
3757 5735 3869 5791 sibi

2262 5832 2408 5889 nulla
2437 5832 2542 5887 alia
2571 5847 2629 5887 re
2654 5829 3016 5888 Valentiniani
3043 5830 3127 5885 sui
3155 5827 3490 5888 desiderium
3517 5828 3694 5902 majus
3715 5826 3870 5885 esci-
