4102 6360
197 278 307 339 105

191 492 279 548 sul
314 491 537 565 (Epist.
573 495 705 570 55),
757 508 952 553 tantam
979 499 1296 555 derationem
1341 518 1464 572 erga
1485 500 1656 555 Deum
1697 515 1815 554 nos-

195 593 336 640 trunt
367 587 612 644 induerat
640 632 656 659 ,
711 599 858 661 atque
881 599 1024 645 tanto
1064 591 1118 645 in
1147 607 1228 646 nte
1257 592 1555 646 incubuerat
1582 589 1771 659 affectu
1797 607 1815 658 ;

196 688 256 733 ut
283 696 439 752 quem
475 693 599 738 ante
631 685 1043 754 persequebatur,
1069 702 1202 740 nunc
1223 687 1453 760 diligeret
1480 702 1496 740 :
1525 703 1676 757 quem
1697 694 1819 740 ante

203 784 259 830 ut
289 775 656 834 adversarium
699 779 1005 852 repellebat,
1041 797 1175 834 nunc
1204 790 1256 835 ut
1289 790 1548 853 parentem
1591 789 1815 852 putaret.

203 867 284 924 De
333 870 620 942 sepultura
668 887 800 928 vero
858 873 1004 929 illius
1049 874 1306 945 principis
1365 883 1648 945 postquam
1703 873 1821 930 haec

205 962 476 1032 prmmisit
510 979 524 1016 :
560 962 704 1020 Sunt
749 964 937 1020 tabula:
962 965 1341 1038 pop/cyretias,
1391 966 1602 1037 inquit,
1632 966 1821 1035 pretio-

203 1053 469 1122 sissimw,
537 1056 727 1126 quibus
781 1059 1030 1113 vestiatur
1087 1059 1415 1129 Operculum,
1475 1075 1576 1130 quo
1627 1058 1823 1131 regales

203 1147 406 1202 exuviis
451 1148 803 1217 claudantur;
831 1151 1090 1207 continuo
1118 1152 1380 1207 admonet
1427 1151 1645 1208 easdem
1693 1167 1826 1207 exu-

205 1241 326 1296 vias
355 1285 369 1307 ,
399 1258 470 1299 ne
494 1243 707 1300 caloris
733 1255 868 1301 testu
898 1246 1281 1312 solverentur,
1315 1257 1526 1302 mature
1558 1248 1827 1302 tumulan-

205 1332 328 1399 das,
354 1344 410 1390 et
439 1336 611 1390 simul
638 1337 801 1392 etiam
829 1347 886 1392 ut
906 1337 1074 1394 iusta:
1105 1349 1159 1394 ct
1184 1339 1366 1395 Grata:
1393 1339 1647 1396 exstincti
1675 1341 1826 1412 prin-

207 1425 348 1498 cipis
377 1443 640 1485 sororum
665 1431 834 1486 nimio
865 1432 1036 1488 luctui
1065 1434 1465 1490 consuleretur.

289 1523 418 1579 120.
462 1524 736 1580 Mandatis
769 1525 1062 1582 Theodosii
1100 1527 1462 1584 Mediolanum
1493 1529 1690 1598 allatis,
1724 1530 1830 1588 Va-

216 1613 529 1671 lentiniano
561 1618 784 1674 circiter
814 1619 1048 1674 medium
1077 1618 1278 1676 Julium
1300 1620 1442 1692 justa
1476 1622 1652 1677 soluta
1681 1633 1830 1680 sunt.

217 1708 340 1764 Jam
385 1721 616 1767 venerat
662 1711 714 1766 in
757 1712 1042 1768 ecclesiam
1091 1715 1310 1770 sanetus
1351 1715 1634 1782 Antistes,
1682 1727 1737 1772 et
1778 1717 1831 1772 in

1125 289 1214 348 EX
1258 288 1422 349 EJUS
1462 289 1884 348 POTISSIMUM
1924 287 2234 346 SCRIPTIS
2274 287 2658 347 COLLECTA.
2749 316 2758 320 -

195 398 324 466 tari,
376 415 543 470 quam
576 402 726 474 quod
762 403 859 458 tuis
905 403 1154 460 institutis
1175 447 1189 471 ,
1219 405 1398 463 aiebat
1427 406 1652 462 sanctus
1677 422 1815 476 prm-
1841 402 1889 464 Α

3419 295 3525 355 106

1993 403 2116 459 125.
2142 403 2467 474 lnCapuana
2490 403 2700 473 synodo
2723 405 2897 476 capita
2922 406 3027 463 duo
3050 407 3260 465 fuerant
3287 409 3516 480 agitata:

1922 494 2152 564 primum
2177 496 2245 552 ad
2269 497 2510 552 Flaviani
2539 513 2658 553 cum
2687 499 2921 570 Evagrio
2945 499 3012 556 de
3034 499 3369 556 Anticcltena
3393 501 3523 555 sede

1919 591 2343 646 controversiam
2369 591 2679 660 pertinebat
2704 609 2717 646 :
2744 595 3044 650 secundum
3073 595 3138 650 ad
3166 594 3368 650 Bonosi
3403 611 3526 651 can-

1920 697 2034 738 sam
2062 694 2280 754 propter
2292 693 2538 754 negatam
2554 687 2799 758 Deiparze
2815 702 3128 760 perpetuam
3153 691 3524 760 virginitatem

1923 775 1975 831 in
1995 774 2259 846 judicium
2288 777 2481 831 vocati.
2513 777 2718 834 Prioris
2744 782 2936 852 capitis
2961 783 3198 854 cognitio
3223 782 3528 855 Theophilo

1926 866 2292 923 Alexandrino
2305 867 2682 940 Egyptiisqne
2705 873 2974 944 episc0pis
2995 892 3024 930 a
3051 877 3270 931 laudato
3291 876 3525 933 concilio

1925 960 2179 1015 attributa
2205 959 2404 1016 fuerat.
2435 961 2540 1017 Sed
2569 976 2689 1017 cum
2719 964 2942 1021 decreto
2985 970 3198 1025 concilii
3234 969 3526 1026 Flavianus

1891 1107 1896 1112 .
1926 1072 2120 1129 parere
2140 1057 2523 1134 detrectasset,
2556 1059 2764 1114 adierat
2788 1061 3192 1132 imperatorem,
3225 1083 3252 1119 a
3279 1082 3385 1136 quo
3427 1082 3529 1120 nu-

1927 1151 2279 1208 merosiorem
2303 1151 2570 1224 synodum
2598 1153 2981 1221 postulaverat.
3004 1156 3352 1212 Ambrosium
3385 1161 3530 1214 illius

1930 1244 2007 1300 rei
2051 1246 2362 1312 certiorem,
2405 1245 2620 1314 scriptis
2661 1245 2880 1311 litteris,
2934 1246 3141 1304 fecerat
3169 1251 3526 1322 Theophilus.

1933 1336 2068 1392 Huic
2091 1337 2412 1393 Ambrosius
2439 1351 2762 1408 responsura
2795 1336 2964 1405 dedit,
2994 1347 3053 1393 ut
3091 1341 3238 1395 litem
3271 1343 3438 1409 illaut,
3486 1343 3532 1398 si

1919 1431 2047 1510 ﬁeri
2081 1440 2286 1502 posset,
2321 1431 2477 1487 salvis
2502 1431 2710 1486 concilii
2753 1430 2981 1498 Nicami,
3015 1433 3105 1488 sed
3129 1445 3179 1488 et
3220 1437 3403 1507 synodi
3437 1435 3537 1490 Cu-

1936 1526 2140 1594 puensis
2168 1526 2386 1580 decretis
2415 1523 2613 1598 (Epist.
2645 1523 2762 1598 56),
2796 1537 3164 1597 componeret,
3200 1527 3363 1600 idque
3393 1547 3534 1585 nun-

1936 1619 2094 1675 tiaret
2121 1618 2365 1674 Romano
2394 1618 2682 1687 episcopo;
2714 1622 2918 1690 optime
2949 1623 3094 1677 enim
3129 1623 3232 1678 hoc
3257 1623 3420 1678 modo
3445 1640 3540 1695 pa-

1935 1725 2054 1767 cem
2083 1711 2364 1767 conciliari
2389 1725 2569 1781 posse,
2588 1711 2691 1768 illis
2719 1728 2850 1769 vero
2874 1729 2995 1784 qua:
3021 1729 3052 1769 a
3078 1714 3324 1772 Retnana
3348 1716 3543 1774 Eccle-

220 1804 585 1879 Et-angelium
606 1808 821 1879 publice
845 1811 1126 1866 recitatum
1150 1810 1314 1867 verba
1330 1810 1527 1867 fecerat
1551 1810 1654 1884 (De
1677 1810 1831 1867 Obitu
1861 1804 1910 1865 B
1937 1805 2018 1861 sia
2042 1804 2266 1876 probata
2287 1805 2536 1870 fuissent,
2553 1805 2844 1863 admodum
2869 1808 3106 1866 libenter
3127 1827 3186 1867 se
3208 1813 3544 1884 subscriptu-

231 1899 438 1957 Valent.
460 1945 474 1968 ,
507 1920 652 1958 nunt.
685 1904 755 1961 50
777 1904 797 1977 )
821 1922 835 1970 ;
871 1905 1012 1961 unde
1039 1906 1345 1976 colligimus
1391 1906 1482 1962 die
1509 1907 1790 1964 Dominico
1816 1949 1830 1974 ,

221 1993 308 2068 vel
340 1994 663 2052 solemniori
694 1998 875 2069 aliquo
921 1999 1085 2054 natali
1131 2000 1404 2056 celebrata
1435 2017 1560 2057 esse
1588 2001 1705 2057 tunc
1743 2015 1837 2072 pa-

225 2089 482 2146 rentalia.
515 2090 862 2162 Imperatoris
887 2093 1106 2150 demum
1147 2111 1380 2166 corpore
1407 2095 1458 2150 in
1487 2096 1711 2152 basilica
1739 2113 1837 2167 pro

227 2181 499 2254 d.’gnitate
535 2186 668 2241 tanti
694 2187 955 2260 principis
977 2189 1516 2260 magnificentissime
1544 2192 1834 2258 collocato,

229 2277 518 2334 funebrem
538 2278 592 2334 in
616 2280 766 2336 illum
791 2284 1092 2340 orationem
1119 2283 1306 2340 habuit
1327 2285 1671 2343 Ambrosius.
1694 2285 1836 2342 Nihil

229 2369 320 2425 illa
355 2373 568 2442 plenius
598 2373 816 2446 pietatis
842 2385 897 2432 et
920 2376 1203 2434 charitatis
1236 2396 1247 2432 ε
1278 2377 1420 2435 nihil
1445 2377 1514 2435 ad
1542 2379 1841 2439 eliciendas

231 2463 545 2520 auditorum
581 2467 851 2539 lacrymas
877 2469 1176 2528 efﬁcacius.

308 2556 435 2612 121.
470 2557 624 2628 Quod
652 2577 783 2618 vero
806 2563 1135 2635 praecipuum
1166 2574 1283 2635 est,
1317 2567 1588 2639 promittit
1612 2568 1751 2637 fore,
1785 2578 1844 2626 ut

237 2652 526 2706 nocturnis
553 2653 870 2727 diurnisque
890 2657 1140 2728 precibus
1161 2668 1456 2733 utrumque
1488 2662 1708 2719 fratrem
1733 2664 1845 2721 Deo

237 2743 620 2812 commendet,
665 2754 720 2802 et
763 2748 996 2804 omnibus
1027 2749 1366 2808 oblationibus
1396 2768 1494 2810 eos
1541 2753 1848 2826 frequentet

241 2832 410 2903 (Ibid.
436 2876 450 2901 ,
478 2853 624 2894 num.
649 2841 774 2912 78),
805 2859 910 2898 non
937 2859 1094 2901 secus
1122 2860 1184 2900 ac
1207 2846 1574 2904 Theodosium
1604 2865 1850 2906 sorores-

237 2941 344 2996 que
377 2926 744 2986 Valentiniani
773 2949 892 3005 qua:
915 2945 1073 2992 erant
1097 2938 1300 2993 actioni
1334 2949 1654 3008 praesentes.
1689 2941 1850 2996 Deni-

231 3032 338 3088 que
372 3017 560 3077 Deum
589 3034 994 3096 comprecatus,
1023 3036 1082 3082 ut
1111 3029 1163 3083 in
1185 3027 1600 3100 etelo'jungeret
1624 3031 1852 3086 fratrum

232 3113 446 3170 animas
533 3134 766 3189 quorum
815 3135 1044 3192 corpora
1069 3122 1182 3193 jam
1225 3124 1280 3179 in
1307 3124 1850 3198 sepulcrojungenda

240 3217 427 3292 essent
455 3209 635 3280 (Ibid.
659 3253 675 3281 ,
701 3231 756 3267 η.
787 3213 916 3285 79),
947 3229 980 3270 e
1007 3224 1260 3287 suggestu
1284 3218 1438 3274 exiit.

317 3303 446 3359 122.
482 3304 580 3361 His
611 3307 944 3378 temporibus
974 3309 1042 3365 ad
1084 3310 1358 3367 Titianum
1403 3313 1491 3368 cui
1519 3327 1644 3369 cum
1689 3323 1852 3384 nepte

246 3413 344 3455 sua
389 3399 513 3457 lites
548 3400 997 3471 intercedebant,
1044 3406 1259 3477 scripsit
1289 3407 1611 3464 Ambrosius
1635 3407 1849 3482 (Epist.

249 3495 343 3565 52)
375 3535 390 3562 ,
424 3504 479 3551 et
508 3510 632 3552 cum
663 3507 720 3552 ut
736 3513 803 3554 ex
832 3499 1029 3570 pietate
1055 3515 1176 3557 cum
1201 3501 1313 3572 ipsa
1343 3503 1628 3572 transigat,
1653 3503 1852 3561 exhor-

253 3594 400 3644 tatus
425 3597 531 3645 est.
579 3589 783 3647 Volunt
821 3603 1002 3649 autem
1047 3594 1264 3665 quidam
1293 3595 1439 3652 hunc
1480 3597 1656 3668 ipsum
1685 3598 1854 3655 Titia-

254 3701 383 3742 num
431 3687 753 3758 prtefectura
795 3691 1038 3761 praetorii
1083 3689 1400 3748 defunctum
1429 3708 1586 3760 esse,
1621 3695 1766 3766 quod
1798 3695 1851 3751 in

254 3776 480 3834 dubium
510 3782 752 3837 revocari
792 3796 953 3852 posse
977 3783 1068 3838 alii
1098 3793 1308 3853 putant.

327 3869 452 3926 125.
495 3871 626 3927 Erat
653 3882 776 3929 tunc
802 3873 1059 3930 Bononia:
1092 3875 1358 3933 Eusebius
1403 3877 1622 3949 quidam
1652 3879 1855 3936 nobilis

257 3975 312 4022 et
338 3967 577 4038 copiosas
603 3967 819 4024 familiae
845 3979 1007 4040 caput
1029 4011 1043 4037 ,
1076 3970 1166 4043 qui
1193 3986 1316 4027 cum
1351 3973 1640 4030 Ambrosio
1661 3977 1860 4048 episto-

258 4060 373 4116 larc
397 4060 785 4117 commercium
809 4060 1068 4134 agitabat.
1102 4062 1197 4119 llic
1223 4062 1363 4120 ﬁlios
1389 4079 1454 4121 ac
1475 4077 1702 4138 nepotes
1731 4084 1860 4124 suos

257 4154 566 4212 missitahat
590 4153 948 4211 Mediolanum
971 4154 1171 4227 (Epist.
1200 4158 1269 4214 54
1297 4169 1344 4214 et
1367 4158 1458 4231 55)
1477 4203 1492 4228 ,
1517 4170 1576 4216 ut
1605 4161 1705 4217 sub
1732 4177 1863 4217 ocu-

257 4246 324 4303 lis
357 4247 493 4303 tanti
524 4247 768 4305 Doctoris
813 4247 1255 4307 instituerentur.
1305 4250 1454 4307 Misit
1495 4263 1676 4309 autem
1719 4255 1862 4310 inter

259 4339 396 4394 alios
426 4339 766 4396 Ambrosiam
793 4342 1029 4412 puellam
1059 4356 1218 4398 sacro
1243 4343 1568 4417 virginitatis
1592 4346 1864 4403 velamine

259 4430 406 4488 illius
444 4433 697 4490 manibus
738 4435 1185 4494 consecrandam.
1226 4439 1425 4514 Sancto
1456 4439 1682 4497 Praasuli
1728 4441 1860 4497 nihil

257 4527 466 4596 gratius
500 4535 708 4596 poterat
733 4528 1002 4586 accidere.
1036 4530 1119 4586 Ad
1148 4533 1285 4588 hanc
1314 4533 1476 4604 igitur
1499 4538 1863 4592 consecratio-

261 4634 383 4674 nem
413 4619 700 4690 condicto,
734 4630 792 4677 ut
837 4622 992 4679 nobis
1020 4623 1266 4692 videtur,
1297 4626 1543 4683 Paschali
1572 4627 1731 4697 festo,
1767 4644 1863 4699 pu-

262 4713 466 4770 blicum
492 4727 798 4772 sermonem
831 4718 1218 4788 pronuntiavit,
1251 4719 1304 4774 in
1334 4735 1441 4790 quo
1465 4730 1520 4777 et
1548 4731 1734 4777 contra
1764 4720 1868 4777 Bo-

265 4810 384 4865 nosi
417 4819 742 4879 sectatores,
775 4826 804 4866 a
845 4811 1042 4882 quibus
1065 4823 1320 4884 perpetua
1362 4813 1544 4870 Maria:
1585 4813 1866 4887 virginitas

287 4900 662 4972 mpetebatur,
692 4901 855 4957 multa
897 4903 1206 4974 disputavit.
1239 4905 1481 4962 Pradixis
1521 4915 1700 4963 autem
1741 4907 1867 4964 huic

270 4990 521 5048 concioni
557 4992 765 5048 duobus
804 4995 1096 5066 capitibus,
1149 4995 1273 5052 inde
1295 4997 1602 5068 composuit
1625 4998 1865 5056 libellum

274 5101 441 5142 unum
465 5126 479 5153 ,
523 5087 610 5142 cui
641 5087 852 5142 titulum
888 5088 1015 5144 fecit
1051 5090 1116 5144 de
1153 5088 1489 5146 Institutione
1526 5091 1784 5164 Virginis,
1818 5103 1872 5150 et

273 5179 453 5237 cidem
479 5178 712 5236 Eusebio
733 5182 879 5237 illum
896 5183 1168 5256 inscripsit
1195 5184 1440 5256 (Admon.
1469 5186 1522 5241 in
1535 5187 1706 5241 eumd.
1734 5186 1872 5258 lib.).

346 5271 489 5344 121..
509 5271 740 5328 Exstant
766 5283 1027 5346 prmterea
1052 5277 1172 5332 duae
1193 5277 1441 5347 epistolae
1486 5278 1551 5334 ad
1580 5279 1874 5336 Eusebium

274 5367 686 5435 Ambrosianae,
738 5384 963 5437 quarum
1006 5372 1173 5427 altera
1213 5369 1415 5442 (Epist.
1458 5370 1549 5444 54)
1593 5375 1879 5430 remissam

277 5459 542 5518 offensam
571 5461 864 5530 apparitori
890 5503 904 5528 ,
939 5473 993 5519 et
1018 5463 1257 5519 Faustini
1287 5466 1436 5533 pueri
1467 5468 1598 5522 tussi
1629 5467 1879 5524 laboran-

280 5557 347 5612 tis
375 5555 444 5610 ad
479 5569 725 5611 sororem
754 5556 1041 5615 adventum
1086 5559 1159 5614 illi
1191 5560 1403 5615 nuntiat
1429 5577 1444 5615 :
1474 5561 1641 5616 altera
1673 5559 1875 5632 (Epist.

283 5648 400 5722 55)
461 5650 731 5723 significat
777 5651 1025 5709 eumdem
1074 5651 1393 5710 Faustinum
1442 5667 1565 5710 cum
1616 5655 1878 5710 Faustino

285 5758 439 5817 patre
467 5745 764 5802 Bononiam
796 5747 1034 5818 regredi,
1063 5748 1408 5806 manentibus
1436 5749 1651 5806 interim
1678 5748 1883 5807 Medio-

290 5841 400 5900 lani
429 5841 639 5900 duobus
666 5843 989 5900 Ambrosiis.
1015 5857 1017 5859 ‘

583 5941 862 6007 Panos.
931 5939 1104 6003 XIV.

1940 1914 2080 1954 rum.
2107 1899 2261 1966 Quod
2296 1914 2458 1967 porro
2480 1899 2547 1954 ad
2573 1900 2870 1965 Bonosum,
2895 1917 3130 1960 examen
3161 1905 3279 1975 ejus
3307 1907 3372 1960 ad
3399 1909 3545 1978 Any-

1938 1991 2081 2048 sium
2111 1990 2655 2047 Thessalonicensem
2686 1992 2929 2066 aliosque
2973 1997 3258 2067 episcopos
3290 1999 3547 2054 Macedo-

1939 2084 2043 2139 nia:
2088 2082 2471 2141 remittendum
2512 2087 2745 2140 censuit.
2797 2087 2865 2141 At
2919 2087 3081 2142 iidem
3139 2090 3399 2159 praesules
3451 2090 3546 2146 alii

1941 2179 2221 2250 episcopo,
2235 2177 2388 2249 cujus
2406 2193 2602 2235 nomen
2629 2179 2961 2252 incognitum
2977 2190 3079 2247 est,
3098 2182 3166 2238 de
3190 2185 3294 2241 hoc
3315 2187 3551 2257 scripse-

1940 2281 2084 2328 runt.
2140 2271 2238 2328 Hie
2290 2281 2473 2328 autent
2521 2273 2802 2345 respondit
2863 2290 3050 2330 eorum
3115 2277 3362 2346 epistolae
3415 2277 3550 2348 ipsis

1941 2373 2252 2437 competere
2299 2364 2404 2421 hoc
2427 2364 2691 2436 judicium
2741 2365 2914 2437 (Tom.
2960 2367 3040 2431 ll,
3088 2385 3208 2440 pag.
3245 2368 3447 2438 1008);
3497 2368 3550 2423 id

1943 2463 2087 2520 enim
2133 2460 2238 2516 illis
2281 2475 2309 2514 a
2357 2459 2568 2533 synodo
2593 2460 2862 2531 Capuensi
2903 2462 3291 2532 adjudieatum.
3325 2463 3551 2518 Interim

1945 2565 2124 2613 tamen
2171 2556 2225 2612 in
2253 2570 2348 2610 sua
2390 2555 2618 2625 epistola
2663 2556 2915 2611 eumdem
2950 2556 3221 2613 Bonosum
3272 2558 3338 2614 de
3368 2557 3554 2614 Maria:

1945 2651 2072 2707 ﬁliis
2088 2652 2213 2722 jure
2238 2655 2628 2725 reprehensum
2657 2658 3005 2714 asseveravit.

2025 2743 2146 2801 126.
2188 2745 2316 2818 (An.
2347 2747 2502 2820 595.)
2541 2749 2872 2822 Arbogastcs
2901 2762 3024 2821 post
3054 2751 3405 2808 interfectum
3447 2753 3554 2808 \‘a-

1948 2838 2326 2906 lentinianum,
2359 2851 2418 2896 ut
2438 2841 2550 2911 jam
2581 2842 2840 2911 diximus,
2868 2859 2990 2899 cum
3017 2859 3233 2902 sumere
3255 2863 3551 2917 purpuram

1951 2931 2066 3000 ipse
2091 2945 2199 2986 non
2227 2931 2482 2998 auderet,
2512 2933 2704 2990 eadem
2739 2935 3041 3005 Eugenium
3073 2938 3344 3008 quondam
3378 2956 3558 3010 gram-

1952 3024 2209 3078 maticum
2225 3034 2390 3096 atque
2404 3027 2680 3082 rhetorem
2701 3028 2854 3084 indui
2867 3029 3048 3099 jussit.
3069 3031 3165 3086 Hic
3187 3035 3370 3088 statim
3394 3044 3559 3103 atque

1954 3113 2254 3183 imperator
2290 3118 2558 3174 salutatus
2586 3129 2691 3185 est,
2722 3121 3008 3190 epistolam
3038 3123 3188 3178 dedit
3230 3127 3295 3180 ad
3328 3127 3560 3182 Ambro-

1876 3193 1922 3257 C
1955 3207 2116 3263 sium.
2139 3208 2247 3266 Sed
2269 3226 2370 3266 nec
2393 3226 2659 3282 responso
2680 3221 2903 3270 sanctus
2933 3213 3239 3286 Episcopus
3262 3217 3416 3272 illum
3445 3219 3563 3290 dig-

1957 3308 2117 3356 natus
2132 3309 2236 3368 est;
2258 3303 2381 3374 quia
2396 3303 2606 3360 scilicet
2620 3304 2733 3359 fore
2748 3305 3102 3376 prarvidebat,
3124 3318 3184 3363 ut
3203 3309 3289 3365 hic
3303 3320 3565 3383 tyrannus

1956 3395 2298 3452 ethnicorum
2322 3413 2430 3452 non
2455 3399 2709 3469 rejicerct
2725 3401 3036 3470 petitiones.
3056 3401 3122 3456 In
3139 3405 3460 3476 primordiis,
3484 3406 3567 3462 in-

1956 3491 2072 3562 quit
2098 3489 2292 3562 (Epist.
2318 3491 2433 3561 57),
2457 3494 2661 3562 imperii
2683 3495 2758 3548 tui
2782 3496 3024 3551 scribenti
3041 3515 3144 3554 non
3161 3501 3422 3572 rescripsi,
3446 3503 3566 3573 quia

1957 3585 2098 3639 istud
2113 3585 2455 3654 prtevidebam
2472 3587 2728 3656 futurum.
2743 3589 3120 3662 Continuoque
3132 3593 3314 3648 subdit
3331 3611 3343 3646 :
3368 3593 3561 3650 Tamen

1957 3678 2045 3733 ubi
2074 3681 2633 3752 causaemersitofﬁcii
2659 3685 2760 3737 ntei
2785 3701 2876 3753 pro
2907 3685 3006 3754 his,
3041 3689 3128 3756 qui
3156 3689 3562 3745 sollicitudinem

1957 3773 2036 3826 sui
2052 3773 2316 3846 gerebant,
2333 3776 2491 3828 etscri
2498 3775 2598 3845 psi,
2620 3783 2666 3828 et
2687 3780 2892 3847 rogavi;
2917 3788 2969 3831 ut
2991 3779 3304 3835 ostenderem
3317 3782 3370 3834 in
3393 3784 3567 3838 causis

1959 3865 2058 3922 Dei
2071 3868 2302 3938 timorem
2319 3869 2445 3922 mihi
2455 3871 2660 3941 justum
2681 3870 2863 3924 inesse.
2894 3871 2999 3927 Has
3026 3873 3452 3946 epistolas,quas
3471 3893 3570 3933 an-

1961 3975 2033 4016 no
2054 3961 2302 4031 proxime
2321 3961 2676 4031 elapsodatas
2690 3962 2857 4018 fuisse
2869 3964 3212 4020 manifestum
3245 3979 3349 4034 est,
3367 3969 3569 4028 invidia

1961 4056 2298 4125 antiquitatis
2327 4056 2503 4111 noluit
2523 4056 2589 4111 ad
2619 4057 2978 4127 posteriorem
3011 4068 3224 4116 (etatem
3256 4065 3567 4134 pervenire.

2039 4149 2162 4203 127.
2199 4149 2470 4220 Eugenius
2501 4149 2602 4206 sub
2644 4149 2857 4204 initium
2904 4156 3188 4221 praesentis
3233 4157 3362 4212 anni
3402 4157 3571 4230 Alpes

1965 4241 2252 4307 transivit,
2283 4257 2445 4313 quem
2476 4251 2534 4297 ut
2560 4241 2770 4298 audivit
2815 4253 3036 4300 sanctus
3068 4247 3389 4306 Ambrosius
3435 4267 3570 4308 ven-

1965 4341 2142 4391 turum
2165 4348 2382 4404 qu0que
2409 4333 2772 4390 Mediolanum
2793 4376 2806 4401 ,
2831 4351 2864 4392 e
2894 4338 3127 4407 vestigio
3154 4340 3281 4396 inde
3309 4345 3566 4413 recessit;

1967 4427 2092 4498 quia
2122 4426 2374 4482 nimirum
2399 4426 2542 4482 ferre
2567 4442 2674 4482 non
2705 4437 2920 4498 poterat
2948 4433 3296 4499 praesentiam
3329 4439 3569 4506 tyranni,

1968 4522 2058 4592 qui
2099 4521 2414 4592 petentibus,
2447 4528 2507 4574 ιιι
2532 4519 2790 4576 Paulinus
2833 4533 3140 4590 memorat,
3167 4522 3426 4582 Flaviano
3453 4540 3573 4585 tunc

1971 4612 2234 4684 prtcfecto,
2263 4621 2311 4666 et
2333 4611 2614 4683 Arbogaste
2642 4613 2844 4678 contite,
2875 4630 3019 4669 aram
3055 4615 3298 4672 Victoria:
3327 4628 3376 4673 et
3397 4637 3575 4693 sump-

1977 4713 2054 4758 tus
2082 4704 2572 4760 caeremoniarum...
2597 4703 2787 4759 oblitus
2808 4703 2933 4774 ﬁdei
2959 4720 3088 4771 sum,
3111 4709 3363 4763 concessit
3383 4708 3570 4781 (Paul.

1975 4797 2030 4852 in
2071 4795 2184 4852 Vita
2209 4797 2482 4862 Ambr.,n.
2511 4796 2642 4868 26f).
2663 4797 2770 4853 Sed
2801 4797 3103 4868 Eugenium
3135 4816 3257 4856 cum
3286 4805 3571 4873 gentilium

1977 4905 2164 4963 preces
2188 4890 2272 4946 bis
2300 4889 2612 4960 rejecisset,
2647 4891 2808 4946 tertio
2835 4891 3053 4947 tandem
3086 4894 3274 4951 eadem
3306 4897 3375 4953 de
3406 4915 3464 4954 re
3496 4902 3578 4957 in-

1977 4984 2318 5056 terpellatum
2339 4998 2530 5038 manus
2549 4983 2765 5039 dedisse
2787 4983 3142 5056 intelligimus
3163 5004 3228 5044 ex
3244 5004 3305 5044 ea
3325 4990 3577 5062 epistola,

1975 5096 2077 5152 qua
2124 5087 2344 5135 sanctus
2372 5077 2666 5160 episcopus
2712 5092 2960 5133 recessus
2990 5080 3071 5133 sui
3113 5079 3288 5137 eidem
3333 5083 3580 5150 Eugenio

1975 5175 2243 5231 rationem
2289 5171 2526 5229 reddidit
2569 5168 2768 5243 (Epist.
2821 5171 2921 5236 57,
2973 5189 3113 5228 nunt.
3144 5174 3224 5246 6).
3253 5174 3580 5237 Ambrosius

1979 5283 2163 5340 porro,
2183 5276 2241 5322 ut
2263 5266 2524 5322 Paulinus
2540 5262 2726 5328 docet,
2762 5261 3070 5318 Mediolano
3095 5265 3164 5318 ad
3198 5265 3583 5327 Bononiensem

1980 5362 2262 5429 ciuitatem,
2295 5371 2445 5431 atque
2471 5357 2592 5411 inde
2623 5355 2925 5410 Faventiam
2957 5371 3116 5423 usque
3135 5358 3359 5428 perrexit
3387 5357 3482 5430 (In
3511 5363 3583 5422 ν,

1987 5456 2198 5520 Ambr.,
2227 5471 2280 5507 n.
2322 5451 2391 5505 27
2416 5450 2458 5522 ).
2493 5446 2657 5503 Addit
2705 5445 2798 5500 ille
2823 5445 3058 5512 scriptor
3096 5446 3450 5504 Ambrosium
3493 5469 3594 5512 ηο-

1987 5557 2155 5604 strum
2184 5545 2312 5601 dum
2341 5537 2634 5599 Florentia:
2665 5543 2848 5598 esset,
2882 5533 3190 5605 PanSOphio
3220 5556 3389 5611 puero
3420 5543 3596 5604 vitam

1990 5639 2339 5699 restituisse:
2384 5632 2465 5686 Ad
2507 5644 2655 5700 quem
2703 5623 3052 5693 infantulunt,
3101 5629 3303 5701 inquit,
3359 5634 3600 5692 libellum

1990 5731 2329 5802 conscripsit,
2357 5733 2413 5781 ut
2441 5721 2579 5794 quod
2606 5733 2694 5787 per
2715 5713 2881 5768 wtatis
2905 5714 3176 5782 infantiam
3212 5727 3345 5780 scire
3363 5740 3473 5779 non
3504 5744 3603 5796 po.

1995 5836 2152 5898 terat,
2186 5817 2400 5893 legendo
2435 5813 2762 5882 cognosceret
2790 5802 2956 5876 (Ibid.
2978 5846 2992 5874 ,
3024 5823 3167 5866 man.
3194 5815 3306 5885 28).
