4102 6360
584 345 686 404 1οτ

584 553 688 610 nisi
716 553 826 608 kal.
854 553 1058 608 mensis
1080 551 1300 622 Augusti
1332 549 1457 605 anni
1486 549 1788 617 sequentis,
1818 563 2041 619 egresso
2063 549 2186 604 inde

584 655 888 702 memorato
919 653 1144 717 tyranno
1172 643 1370 715 (Epist.
1401 642 1512 713 6i).
1547 641 1661 708 Qua
1688 656 1819 695 vero
1846 642 1897 695 in
1927 641 2062 695 urbe
2089 655 2186 710 per

581 741 686 797 hoc
739 741 973 813 spatium
1035 740 1374 810 potissimum
1432 744 1808 792 commoratus
1864 734 1965 800 sit,
2027 734 2185 789 nobis

578 836 821 908 ignotum
851 845 935 891 est
968 853 980 888 :
1016 842 1360 905 compertum
1393 842 1574 887 autem
1604 829 1735 884 illud
1765 829 2030 885 habemus
2057 843 2180 883 cum

577 940 723 986 esset
743 928 1028 996 Bononitc,
1060 929 1128 984 ab
1156 944 1224 984 eo
1245 941 1475 998 corpora
1500 923 1694 979 Vitatis
1721 932 1885 993 atque
1917 920 2180 991 Agricolzc

573 1032 871 1094 martyrum
908 1019 1114 1076 Christi
1160 1021 1228 1076 de
1260 1019 1470 1075 tumqu
1513 1031 1612 1072 suo
1656 1017 1827 1072 levata
1860 1030 2018 1079 esse;
2059 1029 2180 1085 quas

569 1115 786 1187 quidem
829 1116 982 1187 prius
1034 1115 1088 1170 in
1139 1113 1336 1168 mediis
1380 1111 1512 1182 ipsis
1557 1108 1870 1166 ludzeorum
1912 1107 2180 1177 sepulcris

561 1209 817 1282 iacebant
847 1208 1124 1280 incognita
1146 1249 1162 1275 ,
1193 1207 1291 1260 nisi
1312 1221 1396 1272 se,
1421 1205 1496 1259 ait
1522 1203 1779 1258 Paulinus
1807 1243 1820 1266 ,
1846 1201 2010 1257 sancti
2027 1199 2176 1253 Mar-

566 1316 704 1379 tyres
730 1304 991 1360 sacerdoti
1012 1303 1112 1374 ipsi
1140 1299 1443 1356 revelassent
1466 1297 1646 1371 (Paul.
1665 1298 1719 1351 in
1748 1295 1868 1350 Vita
1891 1294 2094 1361 Ambr.,
2118 1311 2172 1348 ιι.

562 1399 658 1472 29)
681 1441 694 1465 ,
726 1408 820 1454 aut
857 1393 1317 1468 quemadmodum
1349 1393 1537 1464 plures
1572 1390 1793 1447 codices
1829 1385 2044 1459 legunt,
2090 1403 2176 1440 sa-

563 1495 760 1551 cerdoti
789 1493 954 1565 ipsius
983 1489 1232 1546 Ecclesia:
1257 1489 1567 1544 revelassent
1591 1529 1602 1552 ,
1636 1483 1962 1540 Bononiensi
2007 1481 2171 1537 nimi-

567 1606 692 1646 rum
722 1589 1002 1660 episcopo.

635 1681 759 1740 129.
803 1680 920 1736 Sub
947 1679 1088 1734 idem
1121 1687 1335 1748 tempus
1362 1683 1583 1746 rogatus
1611 1688 1642 1728 a
1673 1671 2006 1728 Florentinis
2043 1685 2171 1725 ssn-

556 1783 676 1830 ctus
728 1773 1088 1838 Ambrosius,
1147 1780 1206 1826 ut
1259 1769 1569 1826 dedicatum
1631 1782 1827 1822 novam
1882 1765 2166 1821 basilicam

1832 338 1989 396 VITA
2033 338 2282 402 SANCTI
2324 342 2636 404 AMBROSII

657 461 784 516 123.
822 457 942 516 Non
998 457 1159 516 rediit
1207 466 1424 514 sanctus
1471 455 1708 510 Antistes
1769 454 2129 511 Mediolanum

2279 477 2387 535 quo
2431 463 2693 519 Paternus
2725 463 3069 520 Ambrosium
3117 471 3359 520 nostrum
3418 461 3869 529 consuluerat,
3914 477 3952 517 ει
4019 490 4021 508 ι

2287 573 2446 628 quem
2477 558 2640 613 etiam
2682 571 2846 628 super
2875 557 3064 612 eadem
3107 572 3167 614 re
3210 557 3549 628 scripsisse
3582 553 3666 611 ad
3721 568 3951 611 salictum
4021 559 4023 606 ι

3861 342 3944 402 103

2286 648 2599 705 Antistitcm
2630 663 2696 702 ex
2739 647 2840 702 hac
2867 648 3090 718 epistola
3133 663 3506 720 cognoscere
3545 656 3675 704 est.

2358 745 2480 799 1'53.
2524 745 2650 815 (An.
2684 743 2838 812 594.)
2870 743 3040 813 Hujus
3089 758 3303 816 quoque
3351 743 3517 798 anni
3583 752 3824 815 partem
3873 742 3952 796 ali-

2283 853 2442 909 quam
2497 837 2787 893 Florentlte
2829 837 3009 908 exegit
3040 836 3400 903 Ambrosius;
3467 834 3948 908 quandoquidem

2282 933 2585 986 communis
2617 932 2718 985 fert
2741 930 2924 1001 opinio
2947 973 2962 996 ,
2995 929 3123 984 dum
3157 930 3209 984 in
3237 945 3298 985 ea
3331 929 3497 983 urbe
3548 941 3945 985 commorare-

2281 1032 2372 1078 tur
2394 1067 2407 1089 ,
2441 1024 2564 1079 illac
2594 1023 2873 1078 transiisse
2897 1031 3141 1077 sanctum
3171 1021 3478 1076 Paulinum
3504 1065 3523 1087 ,
3551 1030 3626 1076 ut
3650 1021 3948 1076 comitante

2280 1115 2539 1173 Therasia
2561 1117 2790 1186 conjuge
2811 1115 3001 1170 Nolam
3025 1114 3090 1170 ad
3114 1112 3309 1170 Felicis
3332 1115 3649 1188 martyris
3685 1113 3945 1185 templum

2279 1223 2339 1264 sc
2368 1209 2655 1279 reciperet.
2688 1207 2948 1262 Audierat
2974 1209 3084 1279 jam
3111 1215 3332 1264 sanctus
3357 1207 3718 1280 episcopus
3756 1215 3947 1278 quanto

2278 1301 2603 1356 caducarnm
2633 1317 2818 1356 rerum
2855 1309 3170 1374 contemptu
3204 1303 3320 1372 ipse
3361 1317 3430 1357 ac
3473 1301 3795 1358 Therasia
3839 1317 3942 1372 pre-

2279 1395 2412 1450 tium
2460 1395 2870 1463 possessionum
2916 1409 3174 1461 suarum,
3223 1409 3348 1466 quae
3392 1396 3671 1463 quidem
3739 1393 3941 1451 fuerant

2276 1491 2658 1562 amplissimae,
2697 1493 2748 1547 in
2781 1507 3045 1564 pauperes
3067 1501 3433 1564 erogaverant
3467 1509 3486 1546 :
3522 1506 3722 1564 quam
3751 1489 3938 1546 utrius-

2275 1599 2381 1653 que
2399 1584 2822 1653 generositatem
2843 1595 3034 1642 contra
3059 1586 3404 1641 secularium
3429 1585 3773 1641 hominum
3800 1584 3936 1639 obla-

2276 1677 2568 1743 trationes,
2603 1677 2799 1747 scripta
2847 1678 3050 1732 Sabino
3088 1678 3353 1748 epistola,
3407 1680 3549 1750 ipse
3603 1677 3931 1734 defenderat

2276 1767 2470 1842 (Epist.
2499 1769 2611 1841 58).
2642 1769 2772 1825 lnde
2792 1770 3104 1840 conjectura
3130 1772 3255 1827 licet
3276 1773 3512 1842 assequi
3552 1783 3791 1844 quanta
3818 1783 3926 1824 cum

554 1865 886 1924 Florentium
953 1864 1271 1931 accederet,
1343 1879 1448 1917 non
1511 1863 1684 1933 potuit
1750 1856 2164 1915 instantissimis
2196 1860 2241 1921 Β
2271 1863 2453 1919 Ιωιὶιὶε
2477 1874 2532 1919 et
2559 1862 2833 1934 voluptate
2861 1863 3011 1919 illum
3041 1865 3338 1936 exceperit.
3362 1863 3552 1920 Certe
3583 1881 3712 1922 non
3738 1878 3924 1934 repen-

556 1961 770 2018 illorum
803 1962 1092 2033 postulatis
1122 1975 1230 2016 non
1261 1973 1503 2013 annuere
1523 1999 1535 2021 ,
1566 1956 1778 2011 etiamsi
1812 1955 1922 2009 alio
1948 1969 2008 2010 se
2035 1968 2169 2008 con-

557 2053 699 2110 ferre
727 2053 845 2124 ipse
872 2055 1195 2110 decreverat
1213 2051 1462 2122 (Admon.
1493 2050 1545 2103 in
1573 2048 1663 2103 lib.
1701 2047 1924 2102 Exhort.
1963 2043 2162 2116 Virg.).

554 2143 661 2203 Per
687 2147 886 2217 jejunia
919 2146 1081 2216 igitur
1109 2143 1542 2215 quadragesimae
1583 2142 1634 2194 in
1661 2138 1912 2195 eamdem
1939 2137 2166 2191 veniens

549 2241 847 2304 civitatem,
873 2238 942 2294 de
973 2238 1214 2309 reliquiis
1252 2244 1565 2291 sanctorum
1590 2232 1889 2302 Martyrum
1920 2228 2014 2299 qtti
2046 2226 2150 2282 Bo-

555 2335 738 2399 noniae
784 2332 1061 2388 exhumati
1113 2330 1360 2395 fuerant,
1412 2327 1748 2397 fragmenta,
1803 2323 1891 2378 vel
1944 2332 2002 2377 ut
2047 2324 2164 2392 ipse

551 2439 712 2484 vocat
740 2426 987 2500 (Exhort.
1031 2425 1234 2498 γίνῃ),
1266 2423 1586 2493 apophoreta
1621 2434 1804 2475 secum
1828 2417 2016 2472 detulit
2042 2431 2164 2487 qua:

551 2523 608 2579 in
657 2521 886 2576 basilica
927 2519 1155 2574 dicanda
1202 2516 1547 2571 reconderet.
1580 2513 1728 2568 Inter
1770 2527 1954 2568 sacras
2002 2511 2162 2582 hujus

549 2611 986 2671 consecrationis
1014 2609 1369 2666 cmremonias
1397 2622 1704 2662 sermonem
1735 2605 1944 2670 habuit,
1975 2606 2028 2660 in
2053 2619 2162 2676 quo

550 2707 819 2764 Julianam
843 2703 1085 2768 viduam,
1109 2718 1230 2774 qua:
1253 2701 1396 2756 idem
1422 2698 1558 2754 illud
1582 2699 1839 2768 templum
1864 2697 2161 2753 aedificarat

548 2802 856 2874 sumptibus
887 2800 1022 2866 suis,
1070 2813 1279 2852 summe
1307 2795 1598 2868 praedicat;
1629 2802 1686 2849 et
1714 2794 1881 2849 relata
1913 2789 2157 2864 ejusdem

547 2895 935 2956 exhortatione
961 2893 1029 2950 ad
1062 2894 1267 2949 liberos
1284 2935 1297 2958 ,
1327 2891 1417 2962 qui
1439 2905 1631 2946 omnes
1653 2887 1814 2944 simul
1839 2903 1905 2944 ea
1926 2885 2158 2959 permoti

548 2991 664 3049 Deo
693 3007 754 3048 se
783 2991 1152 3052 devoverant,
1183 2985 1407 3042 eosdem
1439 2982 1555 3039 suis
1583 2982 1700 3053 ipse
1727 2981 1909 3037 verbis
1937 2980 2156 3036 tandem

545 3086 882 3156 alloquitur,
915 3093 1078 3153 atque
1113 3081 1180 3136 ad
1228 3080 1461 3135 virtutes
1490 3093 1681 3134 eorum
1730 3077 1979 3132 instituto
2023 3089 2155 3130 con-

543 3196 708 3252 gruas
758 3177 991 3249 impellit
1043 3175 1357 3232 et’iucitat.
1415 3173 1566 3227 Hanc
1610 3172 1784 3242 ipsam
1832 3170 2151 3226 concionem

544 3272 809 3329 habemus
847 3271 1012 3325 etiam
1058 3282 1203 3323 nunc
1248 3267 1300 3321 in
1339 3265 1524 3320 libello
1573 3265 1664 3335 qui
1696 3263 2010 3319 inscribitur
2038 3262 2150 3317 Ea:-
2176 3261 2223 3326 C

545 3365 775 3419 hortatio
809 3361 1160 3432 Virginitatis.

619 3455 745 3512 ιῑο.
781 3444 1125 3509 Diflicillimis
1156 3450 1483 3522 Eugeniana:
1517 3447 1904 3503 dominationis
1939 3455 2149 3516 tempo-

543 3550 696 3606 ribus
719 3591 734 3616 ,
770 3547 821 3604 id
852 3556 933 3603 est
952 3589 964 3610 ,
994 3546 1099 3600 hoc
1129 3560 1274 3601 anno
1305 3544 1386 3599 vel
1417 3542 1665 3613 proxime
1698 3541 1978 3613 sequenti,
2017 3542 2149 3597 Am-

545 3643 761 3700 brosius
786 3640 1074 3712 epistolam
1093 3637 1302 3694 Severo
1326 3635 1696 3705 Neapolitana:
1719 3633 1868 3690 sedis
1888 3633 2148 3704 episcopo

546 3736 795 3808 scripsit,
825 3751 930 3807 qua
961 3732 1224 3788 Iacobum
1246 3729 1536 3802 quemdam
1559 3727 1750 3782 ordine
1774 3726 2150 3798 presbyterum

545 3849 610 3889 ea:
633 3834 814 3888 ultimo
843 3828 1080 3886 Persidis
1105 3826 1222 3882 sinu
1247 3824 1441 3897 (Epist.
1469 3821 1562 3896 59)
1590 3822 1640 3876 in
1671 3820 1981 3890 Campania:
2020 3820 2149 3875 soli-

545 3926 758 3982 tudines
787 3941 846 3982 se
889 3923 1244 3992 recipientem
1293 3919 1370 3974 illi
1403 3915 1768 3973 commendat.
1817 3914 1932 3969 Non
1969 3922 2148 3968 tamen

543 4018 739 4076 desunt
768 4019 859 4090 qui
900 4019 1037 4072 hanc
1071 4015 1359 4086 epistolam
1390 4010 1457 4066 ad
1489 4009 1799 4065 Maximiani
1832 4007 1960 4063 belli
2007 4015 2148 4062 tem-

542 4129 676 4184 pora
705 4119 967 4169 censeant
993 4109 1358 4165 refert-udam.
1401 4103 1560 4172 Quod
1591 4103 1713 4159 loco
1751 4118 1852 4159 suo
1893 4100 2024 4157 satis
2051 4115 2149 4156 ex-

545 4204 802 4277 penditur
819 4202 1066 4277 (Admeti.
1093 4201 1147 4256 in
1171 4199 1341 4253 eantd.
1371 4196 1570 4268 epist.).

620 4298 743 4355 151.
775 4274 1012 4364 Scripsit
1030 4292 1118 4348 Vir
1146 4300 1368 4347 sanctus
1388 4288 1586 4358 (Epist.
1609 4289 1702 4358 60)
1727 4287 1888 4342 etiam
1914 4286 2150 4341 Paterno

543 4391 939 4461 amplissimum
997 4389 1259 4442 honorem
1315 4394 1647 4447 consecuta,
1701 4383 1795 4450 qui
1848 4396 1969 4435 cum
2039 4381 2150 4448 ﬁlio

546 4493 750 4555 neptem
774 4499 836 4537 ex
865 4481 976 4551 ﬁlia
999 4478 1310 4535 connubiali
1337 4475 1555 4531 vinculo
1581 4475 1811 4544 jungcre
1835 4473 2146 4539 statuisset,

545 4574 786 4646 episcopi
815 4573 898 4629 sui
931 4573 1031 4627 hac
1059 4572 1112 4627 in
1143 4585 1202 4627 re
1234 4569 1559 4626 sententiam
1591 4566 1770 4622 fuerat
1795 4566 2102 4622 sciscitatus
2126 4605 2144 4631 ,

2272 1958 2436 2012 tinam
2479 1973 2654 2028 neque
2692 1974 2953 2029 nuperam
2999 1959 3161 2016 fuisse
3202 1960 3484 2017 Ambrosii
3535 1975 3689 2016 cum
3737 1958 3919 2014 eodem

2270 2051 2497 2107 Paulino
2523 2051 2979 2109 necessitudinem
3012 2063 3200 2122 aperte
3230 2052 3496 2109 Paulinus
3534 2056 3680 2125 ipse
3709 2051 3919 2123 promea

2271 2153 2356 2199 tur
2372 2187 2386 2210 ,
2413 2146 2638 2216 loquens
2657 2148 2708 2200 iu
2737 2147 2853 2201 haec
2872 2147 3037 2202 verba
3064 2165 3078 2202 :
3102 2146 3362 2201 Ambrosii
3382 2163 3613 2217 semper
3638 2146 3913 2200 dilectione

2265 2238 2333 2291 ad
2359 2239 2513 2306 ﬁdem
2549 2239 2831 2294 innutritus
2855 2256 2968 2295 sunt
2987 2283 3001 2306 ,
3045 2250 3091 2294 et
3120 2258 3256 2294 nunc
3290 2242 3344 2295 in
3369 2242 3692 2296 sacerdmii
3733 2238 3910 2294 ordine

2265 2333 2560 2399 confovear.
2589 2330 2821 2402 Denique
2857 2349 2952 2388 suo
2998 2349 3080 2388 mc
3107 2334 3244 2388 clero
3289 2335 3577 2389 vindicare
3607 2335 3821 2398 volarit,
3857 2339 3905 2384 st

2265 2425 2358 2480 etsi
2377 2425 2590 2479 diversis
2609 2425 2737 2479 locis
2758 2426 2943 2497 degant
2960 2468 2974 2490 ,
2998 2427 3162 2496 ipsius
3181 2427 3446 2499 presbyter
3459 2443 3705 2482 censear
3721 2422 3895 2498 (Paul.

2263 2519 2316 2572 in
2342 2519 2509 2588 Epist.
2534 2519 2569 2572 4
2589 2561 2603 2585 ,
2645 2519 2714 2573 ad
2742 2519 2948 2592 Alyp.).
2978 2521 3162 2592 Neque
3203 2521 3306 2576 hoc
3339 2531 3560 2576 tantum
3606 2521 3746 2576 loco
3777 2521 3896 2574 Am-

2264 2614 2428 2669 brosii
2458 2614 2738 2680 meminit;
2770 2615 2864 2671 sed
2896 2630 3018 2670 cum
3045 2616 3173 2671 alibi
3195 2658 3208 2681 ,
3240 2625 3352 2670 tum
3387 2615 3479 2670 ubi
3515 2615 3762 2686 magnis
3798 2611 3891 2665 illis

2261 2720 2326 2761 sc
2353 2707 2557 2762 sanctis
2587 2707 2718 2762 viris
2743 2707 2834 2778 qui
2871 2722 3030 2763 sacro
3065 2708 3310 2764 cinerum
3356 2721 3601 2762 suorum
3639 2705 3888 2775 deposito

2262 2801 2440 2856 varias
2464 2802 2771 2870 provincias
2807 2801 3180 2867 illustrarunt,
3229 2802 3408 2872 ipsum
3453 2809 3881 2857 annumerans.

2258 2892 2338 2948 sic
2365 2892 2433 2948 de
2463 2892 2557 2947 illo
2579 2893 2724 2948 canit
2755 2910 2768 2946 :

2443 3029 2547 3096 Nec
2575 3034 2729 3081 minor
2751 3029 3174 3096 occiduisell‘nlsit
3198 3031 3354 3096 gratia
3381 3033 3553 3096 terris:

2445 3095 2728 3144 Ambrosius
2750 3094 2906 3154 Latio,
2934 3094 3221 3144 Vincentius
3251 3101 3413 3143 exstat
3448 3094 3647 3152 lberis;

2445 3158 2597 3209 Gallia
2621 3158 2898 3221 Martiuum,
2920 3157 3228 3221 Delphinum
3252 3158 3514 3217 Aquitania
3538 3156 3781 3221 sumpsit.

2629 3221 2706 3284 (s.
2728 3215 3063 3271 Pautjpoen't
3089 3222 3170 3286 27,
3194 3218 3258 3270 de
3281 3215 3399 3272 Nat.
3440 3221 3501 3270 s.
3528 3219 3647 3272 Fel.
3666 3215 3760 3267 'tt.
3775 3215 3796 3277 )

2327 3343 2450 3404 154.
2483 3344 2804 3402 Ambrosius
2830 3344 3169 3408 Mediolano,
3201 3353 3259 3402 ut
3301 3359 3464 3415 supra
3501 3343 3724 3400 dictum
3753 3345 3830 3396 est
3851 3375 3864 3401 υ

2252 3438 2376 3498 ideo
2404 3450 2737 3506 secesserat,
2788 3455 2858 3496 ne
2887 3439 3111 3511 Eugeuii
3155 3438 3413 3496 scelerati
3451 3439 3703 3494 hominis
3745 3448 3862 3490 cen-

2249 3545 2492 3606 spectum
2539 3535 2732 3603 ferret,
2765 3542 2821 3590 et
2851 3533 2985 3613 Overi
3025 3531 3316 3590 admodum
3367 3531 3526 3587 nobis
3567 3530 3755 3586 simile
3791 3529 3864 3580 est

2250 3629 2461 3688 clericis
2489 3629 2600 3686 suis
2625 3644 2750 3685 eum
2776 3627 3026 3684 districte
3046 3625 3419 3696 prohibuisse,
3443 3639 3514 3680 ne
3534 3640 3597 3680 se
3623 3632 3860 3679 contam-

2252 3722 2415 3777 nione
2447 3721 2688 3794 ejusdem
2719 3719 2934 3793 tyranni
2967 3719 3419 3776 contaminarent.
3463 3715 3693 3772 Munera
3722 3711 3857 3770 enim

2251 3815 2572 3889 imperatoris
2633 3814 2720 3887 Qui
2767 3830 2820 3867 se
2865 3812 3138 3885 sacrilegio
3191 3811 3619 3877 comnziscuerat,
3695 3800 3856 3872 inquit

2250 3909 2536 3974 Paulinus,
2583 3909 2646 3964 ab
2689 3907 2924 3964 Ecclesia
2969 3905 3372 3975 respuebantur,
3416 3919 3511 3958 nec
3553 3900 3746 3958 orandi
3783 3893 3853 3950 illi

2250 4020 2365 4058 cum
2387 4001 2624 4057 Ecclesia
2642 4002 2855 4056 societas
2883 3997 3198 4052 tribuebatur
3227 3995 3412 4067 (Paul.
3428 3997 3482 4052 in
3502 3995 3627 4050 Vita
3655 3989 3850 4051 Ambo,

2253 4112 2395 4150 num.
2423 4095 2538 4163 5|).
2566 4094 2893 4163 Arhogastes
2920 4106 3048 4147 vero
3075 4099 3130 4148 et
3156 4087 3481 4155 Flavianus,
3503 4103 3601 4158 qui
3631 4087 3705 4143 ob
3729 4096 3850 4139 con-

2251 4201 2456 4246 cessam
2486 4189 2600 4242 suis
2624 4185 2875 4258 precibus
2896 4183 3105 4255 profani
3129 4183 3302 4240 cultus
3329 4181 3733 4240 restitutionem
3757 4175 3849 4229 hac

2252 4280 2542 4352 ignominia
2570 4278 2872 4349 Eugenium
2903 4274 3046 4331 allici
3089 4289 3194 4332 non
3229 4273 3577 4344 ignorabant,
3605 4287 3674 4328 eo
3713 4269 3848 4326 furo-

2251 4377 2328 4432 ris
2355 4390 2639 4440 exarsere,
2683 4384 2740 4430 ut
2779 4373 3116 4430 minarentur
3155 4370 3470 4442 egredientes
3518 4368 3846 4425 Mediolano,

2252 4485 2368 4526 cum
2410 4470 2622 4524 victores
2653 4467 2842 4524 reuersi
2873 4475 3068 4530 essent,
3101 4463 3363 4520 stabulum
3391 4478 3445 4516 se
3478 4478 3591 4524 esse
3626 4462 3844 4532 facturos

2250 4563 2304 4615 in
2343 4559 2550 4616 basilica
2581 4559 2830 4615 Ecclesite
2864 4556 3300 4616 Mediolanensis.
3333 4564 3484 4625 atque
3513 4555 3732 4609 clericos
3760 4544 3842 4604 sub

545 4678 601 4726 et
644 4645 826 4724 abeo
862 4667 1119 4721 remissus
1150 4665 1218 4720 ad
1262 4663 1634 4722 Ambrosium.
1681 4661 1947 4718 Paternus
1990 4661 2151 4732 igitur
2177 4665 2230 4726 1)
2254 4655 2411 4710 armis
2438 4654 2744 4724 probaturos
2782 4651 2998 4726 (lbid.).
3032 4650 3182 4706 Hanc
3206 4659 3386 4703 autem
3415 4647 3715 4704 amentium
3755 4645 3840 4696 Ito-

545 4761 826 4817 destinatis
852 4760 917 4815 ad
947 4762 1089 4814 hunc
1113 4759 1326 4823 litteris,
1355 4757 1594 4813 rationes
1623 4771 1812 4813 omnes
1843 4756 2038 4827 quibus
2074 4754 2143 4811 ad

543 4856 908 4927 copulandum
963 4855 1113 4925 nepti
1183 4853 1513 4910 avunculum
1583 4853 1983 4924 impelleretur,
2040 4852 2141 4922 ipsi

542 4950 774 5020 aperuit.
802 4948 937 5002 lluic
965 4948 1211 5018 epistola:
1242 4949 1313 5002 ita
1343 4947 1629 5016 reSpondit
1655 4959 1876 5002 sanctus
1912 4945 2142 5002 Ambro-

541 5041 684 5106 sius,
735 5049 792 5096 ut
833 5039 994 5095 simul
1034 5040 1294 5108 episcopo
1331 5037 1551 5093 Paterni
1597 5038 1855 5094 honorem
1904 5038 2144 5094 deferret

538 5133 874 5205 legitimum,
923 5141 979 5188 et
1030 5134 1268 5188 rationes
1313 5134 1506 5202 quibus
1555 5134 1686 5189 illud
1729 5135 2136 5190 matrimonium

534 5223 740 5286 licitum
779 5243 906 5284 esse
945 5227 998 5281 in
1039 5232 1274 5280 mentem
1312 5225 1600 5282 induxerat
1643 5227 1783 5283 idem
1824 5228 2094 5284 Paternus
2121 5268 2135 5294 ,

537 5321 712 5378 nullas
731 5323 1047 5379 demonstra
1057 5326 1158 5374 ret.

610 5413 732 5474 152.
755 5416 1024 5472 Successit
1055 5428 1160 5469 non
1184 5409 1357 5469 caruit
1380 5415 1737 5471 Ambrosiana
1760 5415 1848 5471 illa
1874 5415 2134 5487 epistola;

537 5516 767 5574 namque
789 5511 949 5565 aliam
966 5509 1168 5582 (Epist.
1193 5507 1287 5578 84)
1307 5506 1422 5578 ejus
1444 5508 1706 5564 habemus
1723 5508 1791 5564 ad
1809 5508 2128 5581 Cynegium,

533 5593 590 5648 in
633 5615 734 5665 qua
785 5601 1012 5673 legimus
1055 5620 1070 5659 :
1116 5603 1225 5658 Avo
1288 5615 1517 5672 neptem,
1566 5611 1623 5656 ut
1663 5603 1876 5676 Opinor,
1924 5602 2134 5674 refudi;

531 5701 684 5756 quam
712 5696 879 5750 nescio
910 5697 1066 5765 plane
1091 5714 1192 5768 qua
1235 5696 1475 5769 Opinione
1510 5713 1695 5751 nurum
1722 5697 1819 5751 sibi
1851 5698 1965 5769 ﬁeri
1996 5697 2133 5751 desi-

526 5776 767 5850 derabat,
810 5795 866 5840 ut
907 5805 1060 5844 avum
1097 5807 1271 5847 socero
1308 5801 1544 5848 mutaret.
1581 5789 1738 5847 Hunc
1775 5792 1920 5848 enim
1951 5791 2129 5862 Cyne-

2250 4750 2453 4805 minum
2481 4750 2810 4820 impietatem
2835 4744 2976 4802 baud
3002 4742 3320 4814 impunitam
3347 4741 3452 4795 illis
3474 4739 3648 4798 fuisse
3673 4733 3840 4794 subdit

2247 4843 2523 4910 Paulinus,
2543 4854 2593 4897 et
2613 4841 2932 4897 Ambrosius
2953 4852 3169 4908 quoque
3192 4836 3334 4891 idem
3361 4843 3598 4891 testatur
3621 4831 3830 4905 (Enarr.

2243 4936 2301 4990 in
2349 4936 2480 5004 psal.
2529 4950 2725 5000 XXXVI,
2758 4949 2901 4987 num.
2951 4931 3078 5002 25),
3126 4927 3223 4986 sed
3273 4927 3587 4984 nominibus
3630 4923 3832 4988 comitis

2245 5030 2529 5100 utriusque
2559 5029 2777 5085 silentio
2803 5025 3157 5082 transmissis.

2321 5123 2445 5178 153.
2489 5121 2590 5178 Ubi
2621 5121 2849 5192 primum
2875 5117 3176 5172 Mediolano
3198 5115 3434 5172 excessit
3460 5114 3761 5186 Eugenius,
3784 5116 3836 5165 ut

2244 5215 2430 5284 COpiuS
2478 5215 2528 5270 in
2573 5211 2934 5269 Theodosium
2982 5210 3241 5274 duceret,
3297 5207 3350 5264 in
3399 5223 3521 5267 eam
3569 5209 3832 5264 civitatem

2240 5309 2456 5367 circiter
2484 5308 2594 5364 kal.
2631 5310 2900 5378 Augustas
2923 5302 3082 5360 rediit
3112 5303 3434 5361 Ambrosius
3464 5301 3672 5376 (Epist.
3703 5301 3790 5370 61)
3816 5338 3829 5362 ,

2239 5405 2442 5475 quippe
2462 5407 2551 5476 qui
2585 5420 2690 5459 non
2715 5402 3002 5459 revocaret
3031 5401 3084 5455 in
3113 5398 3332 5454 dubiant
3356 5399 3484 5468 quin
3510 5398 3637 5456 huic
3663 5397 3830 5454 eidem

2241 5496 2547 5553 Theodosio
2575 5496 2798 5567 iustitiae
2823 5509 2887 5550 ac
2918 5492 3130 5565 pietatis
3170 5500 3352 5563 partes
3388 5490 3702 5547 defendenti
3746 5486 3834 5546 ad-

2239 5593 2479 5650 futurum
2502 5600 2644 5647 esset
2668 5591 2895 5647 caeleste
2911 5585 3242 5660 praesidium.
3276 5584 3344 5641 Et
3395 5597 3590 5639 revera
3614 5594 3830 5654 magnus

2236 5687 2330 5743 ille
2358 5681 2610 5755 princeps
2647 5694 2754 5740 tam
2795 5680 3170 5743 admirabilem
3209 5677 3392 5734 retulit
3419 5677 3738 5742 victoriam,
3780 5680 3829 5730 ut

2235 5781 2496 5839 miracula
2544 5779 2740 5851 quibus
2783 5775 2975 5833 eadem
3019 5774 3286 5834 illustrata
3339 5780 3455 5839 est,
3511 5785 3622 5826 non
3674 5767 3830 5824 modo

516 5867 664 5937 ﬂium
704 5890 809 5934 non
853 5877 1164 5940 dubitamus
1190 5895 1315 5941 eum
1359 5883 1576 5945 Paterni
1621 5882 1793 5943 lilium
1843 5861 2006 5953 esse,
2051 5881 2122 5940 de
2231 5873 2441 5935 Prassul
2471 5881 2658 5932 noster
2695 5869 2934 5942 (Enarr.
2975 5867 3032 5922 in
3074 5866 3206 5938 psal.
3241 5879 3454 5930 xxxvi,
3507 5880 3660 5922 nam.
3686 5861 3822 5933 ες).

4023 658 4033 860 ἱ

4027 868 4039 1072 l
