4102 6360
222 321 344 377 100

1148 313 1244 379 EX
1283 310 1449 372 EJUS
1490 302 1908 373 POTISSIMUK
1944 303 2255 368 SCRIPTIS
2290 309 2676 371 COLLEC'I’A.

3440 316 3542 371 110

223 457 430 500 verum
473 439 639 498 etiam
693 431 1021 511 Augustinus
1051 435 1191 508 (Lib.
1215 451 1244 491 v
1283 435 1347 490 de
1386 432 1494 490 Civ.
1529 431 1665 498 Dei,
1715 446 1833 499 cap.
1865 428 1920 489 A
1943 429 2468 503 Constantinopolim
2500 434 2567 489 ad
2615 431 2866 504 sepulcra
2908 430 3261 488 decessorum
3308 432 3541 504 impera-

220 535 341 608 26)
365 579 378 601 ,
403 534 628 592 Orosius
659 533 797 603 (Lib.
824 547 898 588 vn
921 573 934 597 ,
958 548 1076 603 cap.
1101 527 1224 602 35),
1248 527 1577 584 Claudianus
1606 525 1835 596 (Paneg.

225 632 300 688 de
352 648 412 688 ιιι
456 647 600 687 cons.
634 627 837 684 Honor.
863 625 918 696 ),
962 625 1341 693 innumerique
1372 621 1462 677 alii
1491 619 1835 676 eelebrarint.

311 725 438 781 156.
491 724 619 780 Post
647 736 892 790 magnam
924 719 1069 774 illam
1098 716 1379 774 victoriam
1401 757 1414 782 ,
1459 723 1620 783 atque
1652 723 1836 783 tyran-

232 835 375 875 num
426 834 515 874 vtn
574 818 693 872 idus
748 811 1101 885 Septembres
1154 810 1222 866 de
1294 808 1475 866 medio
1527 804 1835 870 sublatum,

229 910 583 968 Theodosius
623 923 715 979 per
753 908 961 963 litteras
989 903 1265 960 mandavit
1287 900 1609 964 Ambrosio,
1644 911 1702 952 ut
1743 911 1842 967 pro

232 1018 495 1060 successu
515 1011 622 1059 tam
640 998 921 1072 auspicato
946 998 1194 1070 publicas
1215 995 1414 1068 gratias
1434 995 1546 1052 Deo
1566 991 1837 1050 redderet.
1855 1044 1862 1051 .

231 1097 518 1156 Satisl'ecit
570 1096 803 1154 Czesaris
875 1093 1156 1165 imperatis
1203 1089 1506 1146 incredibili
1566 1087 1845 1144 alacritate

230 1203 463 1249 sanctus
485 1192 771 1262 episcopus
799 1207 812 1244 :
847 1188 1005 1256 idque
1028 1184 1336 1243 Theodosio
1361 1183 1684 1254 significavit
1705 1182 1846 1238 datis

230 1283 468 1353 litteris,
509 1286 565 1342 in
605 1284 802 1355 quibus
851 1283 931 1340 sic
973 1281 1210 1352 loquitur
1248 1301 1261 1334 :
1313 1278 1602 1350 Epistolnm
1643 1278 1846 1349 pietatis

233 1389 344 1436 tua:
367 1378 524 1434 altari
556 1377 806 1449 imposui,
832 1376 1001 1446 ipsam
1030 1373 1222 1446 gestavi
1250 1388 1440 1438 manu,
1463 1387 1579 1430 cum
1608 1369 1848 1436 o/I’errem

231 1472 589 1543 sacriﬁcium;
621 1479 677 1526 ut
713 1469 842 1540 ﬁdes
881 1479 970 1523 tua
1013 1469 1070 1524 in
1111 1483 1223 1522 utea
1270 1481 1386 1520 voce
1435 1465 1754 1536 loqueretur,
1795 1470 1848 1515 ut

235 1567 416 1639 apices
457 1565 674 1639 Augusti
695 1563 1028 1620 sacerdotalis
1055 1561 1327 1618 oblationis
1351 1575 1557 1615 munere
1577 1563 1852 1630 fungeren-

239 1669 331 1720 tur
361 1658 379 1730 (
406 1658 576 1730 Epist.
608 1656 738 1728 61).
769 1655 972 1716 Deinde
1003 1656 1177 1726 ipsum
1218 1654 1383 1711 enixe
1418 1653 1754 1716 obtestatur,
1794 1660 1852 1705 ut

240 1749 313 1808 iis
341 1749 434 1820 qui
482 1748 824 1820 Eugenianas
876 1756 1056 1818 partes
1087 1747 1256 1804 secuti
1288 1754 1472 1810 erant,
1507 1745 1849 1816 ignosceret;

1945 533 2120 580 torum
2169 529 2517 594 transferret,
2549 526 2680 583 illud
2714 526 2923 582 funebri
2963 540 3159 597 pompa
3198 527 3252 582 in
3297 526 3542 585 Ecclesia

1942 617 2332 674 Mediolauensi
2382 621 2590 676 curavit
2640 620 2918 676 honorari.
2967 619 3214 677 Praesens
3255 620 3355 677 fuit
3397 623 3541 679 idem

1940 712 2034 768 ille
2058 713 2308 783 princeps
2337 712 2421 768 his
2449 717 2794 772 cteremoniis
2823 716 2910 791 (de
2942 716 3097 772 Obitu
3129 715 3333 772 Theod.
3357 759 3371 783 ,
3400 734 3549 772 num.

1942 806 2040 875 5);
2067 815 2122 862 et
2147 807 2265 878 ipso
2286 806 2561 871 audiente,
2591 825 2714 864 cum
2746 810 2954 881 regium
2978 825 3178 881 corpus
3210 819 3339 868 ante
3374 811 3546 868 altare

1943 909 2093 958 esset
2121 901 2467 968 collocatum,
2495 903 2659 957 nobili
2687 903 2847 959 simul
2875 914 2930 961 et
2968 907 3263 962 christiana
3295 909 3546 963 oratione

1945 994 2241 1051 Theodosii
2282 995 2508 1050 virtutes
2547 995 2786 1052 laudavit
2816 999 3156 1055 Ambrosius.
3186 1001 3304 1068 Quo
3346 1001 3398 1056 in
3431 1003 3548 1072 epi-

1946 1091 2102 1146 cedio
2131 1105 2255 1144 cum
2286 1091 2541 1146 victorias
2573 1090 2639 1144 ab
2667 1106 2733 1146 eo
2777 1094 3021 1164 principe
3048 1097 3340 1154 salutifera:
3371 1099 3552 1155 crucis

1947 1181 2215 1238 beneﬂcio
2241 1192 2425 1254 partas
2456 1183 2781 1250 celebraret,
2817 1187 2870 1241 in
2903 1186 3144 1257 ejusdem
3175 1190 3549 1248 inventionem

1947 1278 2056 1331 late
2081 1277 2361 1347 digressus
2390 1286 2473 1333 est
2505 1276 2668 1344 (Ibid.
2701 1320 2715 1344 ,
2748 1296 2800 1332 η.
2827 1281 2930 1346 45,
2962 1291 3009 1335 et
3037 1282 3193 1355 seq.).
3228 1284 3308 1340 Ad
3339 1297 3554 1356 postre-

1951 1386 2100 1426 mum
2123 1386 2256 1428 vero
2279 1379 2516 1428 mentem
2537 1371 2760 1428 Honorii
2783 1386 3020 1430 maerore
3039 1389 3145 1429 non
3171 1375 3279 1431 levi
3308 1390 3553 1448 propter-

1951 1477 2014 1518 ea
2063 1462 2361 1534 dejectam,
2393 1463 2537 1534 quod
2569 1463 2672 1520 sibi
2699 1463 2864 1521 funus
2904 1466 3136 1535 patrium
3166 1468 3556 1526 Constantino-

1952 1559 2120 1630 polim
2149 1569 2319 1630 usque
2360 1561 2614 1632 prosequi
2665 1577 2760 1630 per
2806 1562 3018 1634 imperii
3066 1566 3418 1622 necessitates
3458 1567 3560 1622 ml-

1955 1650 2104 1706 nime
2131 1650 2354 1719 liceret,
2402 1653 2597 1707 solatio
2627 1653 2937 1711 demulcere
2967 1656 3019 1711 in
3065 1656 3182 1727 ipsa
3211 1659 3556 1727 peroratione

1956 1753 2186 1799 conatus
2216 1753 2300 1799 est
2331 1743 2522 1815 (lbid.,
2548 1762 2695 1800 num.
2723 1748 2794 1803 55
2819 1757 2866 1802 et
2890 1748 3008 1821 56).

241 1844 485 1901 maxime
513 1859 643 1900 vero
668 1844 713 1899 si
743 1858 851 1900 non
884 1843 1112 1900 alterius
1153 1842 1401 1898 criminis
1425 1840 1664 1897 admisso
1701 1848 1855 1897 tene—
1883 1830 1933 1893 B
2033 1837 2102 1891 l5
2143 1877 2157 1890 .
2199 1835 2489 1893 Theodosii
2521 1850 2750 1896 mortem
2777 1841 2918 1912 apud
2977 1842 3257 1898 Paulinunt
3290 1844 3556 1900 continuo

243 1947 457 1997 rentur.
475 1937 610 1996 Huic
635 1938 878 2010 epistolae
901 1937 1112 2008 adjecta
1139 1946 1220 1994 est
1244 1936 1484 1993 secunda
1507 1935 1710 2009 (Epist.
1736 1934 1853 2007 62),

244 2043 303 2092 et
327 2050 455 2091 mox
485 2033 680 2091 tertia:
707 2033 801 2089 sed
824 2033 975 2088 illam
1003 2033 1259 2104 iniquitas
1289 2040 1598 2101 temporum
1623 2030 1858 2086 interce-

248 2128 357 2200 pit;
388 2131 501 2184 htcc
523 2144 655 2184 vero
678 2143 781 2199 qua
811 2126 967 2183 venia
1011 2127 1118 2182 illis
1158 2126 1490 2196 postulatur,
1517 2125 1608 2195 qui
1649 2124 1717 2179 ad
1755 2124 1860 2180 Ec-

251 2221 544 2280 clesiarum
582 2222 790 2294 asylum
822 2220 1173 2291 confugerant
1200 2261 1214 2287 ,
1247 2219 1313 2274 ad
1357 2227 1599 2275 nostram
1638 2226 1856 2273 aetatem

251 2324 571 2372 conservata
618 2323 722 2370 est.
765 2313 908 2382 Quin
957 2313 1134 2369 etiam
1171 2313 1292 2384 pius
1335 2314 1573 2367 Antistes
1622 2310 1707 2366 his
1749 2326 1857 2366 non

252 2418 572 2476 contentus,
616 2408 941 2478 Aquileiam,
988 2417 1048 2462 ut
1091 2406 1286 2462 asserit
1329 2405 1585 2462 Paulinus
1610 2403 1701 2477 (In
1739 2404 1860 2458 Vita

249 2500 433 2557 Ambr.
457 2542 472 2564 .
507 2519 558 2556 η.
588 2501 653 2557 51
680 2499 697 2572 )
723 2543 736 2565 .
773 2502 999 2570 ipsemet
1031 2499 1200 2554 adivit
1241 2499 1622 2568 imperatorem
1646 2538 1660 2562 ,
1695 2513 1724 2552 a
1754 2514 1863 2569 quo

246 2595 514 2667 quidquid
549 2593 732 2664 petiit,
760 2603 1084 2649 consecutus
1111 2602 1212 2649 est.
1242 2592 1413 2662 Hujus
1445 2593 1706 2664 principis
1753 2593 1864 2649 cle-

252 2687 517 2746 mentiam
546 2688 597 2743 in
631 2687 818 2742 hostes
847 2686 1016 2743 victos
1046 2687 1292 2741 certatim
1319 2685 1540 2741 laudant
1570 2685 1825 2741 Paulinus
1846 2727 1861 2751 ,

255 2780 627 2848 Augustinus,
655 2779 917 2847 Orosius,
965 2778 1328 2844 Claudianus,
1364 2790 1526 2848 atque
1570 2779 1662 2833 alii
1708 2797 1720 2832 :
1769 2780 1864 2834 sed

261 2873 575 2944 adiunctum
599 2873 874 2942 quoddam
895 2881 1162 2930 memorat
1189 2873 1525 2935 Ambrosius,
1558 2873 1868 2943 neutiquam

269 2964 550 3034 indignum
577 2965 722 3035 quod
744 2964 1017 3021 referatur
1051 2983 1063 3018 :
1099 2965 1236 3031 Quid
1262 2965 1399 3034 quod
1427 2965 1730 3033 prwclaram
1752 3007 1766 3029 ,
1795 2967 1872 3021 in-

266 3061 415 3132 quit,
465 3060 680 3129 adeptus
721 3060 1019 3124 victoriam,
1062 3070 1230 3114 tamen
1274 3060 1396 3128 quia
1432 3060 1601 3114 hostes
1634 3061 1874 3126 prostrati

266 3165 389 3210 sunt
410 3197 426 3221 ,
453 3155 701 3210 abstinuit
721 3171 752 3208 a
783 3155 1036 3210 consortio
1069 3163 1501 3210 sacramentorum
1521 3196 1535 3219 ,
1563 3154 1723 3208 donec
1766 3153 1875 3209 Do-

1961 1931 2172 2003 excipit
2194 1947 2476 1988 sacrorum
2507 1933 2838 2004 lipsanornm
2867 1935 3086 1998 ,Nazarii
3133 1952 3196 1993 ac
3248 1937 3393 1994 Celsi
3426 1939 3565 1995 Mar-

1963 2035 2140 2097 tyrum
2195 2026 2457 2081 revelatio
2511 2027 2674 2083 beato
2728 2027 2978 2084 Antisliti
3047 2029 3310 2086 divinitus
3381 2032 3563 2087 atﬂata

1963 2115 2204 2190 (Paulin.
2235 2119 2289 2172 in
2316 2117 2381 2174 ν.
2408 2118 2609 2183 Ambr.,
2635 2137 2778 2175 num.
2813 2121 2882 2176 52
2909 2132 2955 2176 et
2980 2121 3136 2194 seq.),
3165 2134 3219 2179 et
3243 2125 3559 2181 eorumdem

1963 2209 2019 2266 in
2042 2209 2322 2265 basilicam
2351 2211 2719 2280 apostolorum
2760 2212 2828 2268 ab
2860 2213 2979 2283 ipso
3022 2215 3298 2272 celebrata
3335 2219 3567 2274 transla-

1964 2301 2060 2357 tio.
2090 2301 2236 2358 ldem
2266 2303 2500 2374 scriptor
2527 2313 2794 2360 memorat
2819 2321 3248 2378 energumenum
3275 2311 3344 2364 ab
3372 2311 3565 2366 eodem

1965 2403 2156 2450 Sancto
2205 2393 2346 2451 inter
2399 2397 2832 2456 cerurionandum
2891 2413 2920 2454 a
2974 2399 3224 2460 dmmone
3281 2403 3567 2462 liberatum

1966 2485 2173 2552 fuisse;
2208 2499 2261 2545 et
2292 2505 2416 2546 mox
2447 2492 2723 2564 subjungit
2748 2509 2984 2565 quonam
3009 2497 3209 2553 indicio
3238 2508 3455 2554 sanctas
3482 2516 3570 2556 re-

1967 2580 2164 2653 liquias
2197 2583 2284 2652 pio
2314 2584 2537 2642 Prtesuli
2563 2589 2830 2644 revelatas
2859 2604 2982 2645 esse
3029 2591 3448 2663 intelligeretur,
3483 2594 3571 2651 his

1970 2677 2151 2732 verbis
2180 2677 2403 2750 loquens
2429 2698 2442 2735 :
2494 2683 2601 2736 Sed
2630 2683 2726 2738 Itoc
2745 2693 2858 2739 erat
2883 2684 3088 2756 signum
3119 2694 3166 2740 et
3195 2687 3407 2742 releuati
3429 2706 3569 2744 mar-

1973 2772 2120 2842 tyris,
2144 2773 2188 2826 si
2219 2784 2428 2828 sanctus
2458 2774 2718 2831 Sacerdos
2734 2777 2806 2831 ad
2835 2779 3002 2833 locum
3028 2780 3098 2834 ad
3116 2796 3262 2850 quem
3294 2799 3576 2855 numquam

1973 2875 2124 2920 antea
2155 2865 2343 2934 fuerat,
2377 2878 2580 2922 oratum
2608 2871 2727 2926 isset
2760 2869 2952 2943 (lbid.,
2999 2889 3142 2928 num.
3175 2874 3298 2947 35).
3347 2876 3581 2933 Sancto-

1974 2973 2098 3014 rum
2125 2968 2302 3014 autem
2331 2961 2558 3017 istorum
2581 2978 2870 3035 corporum
2899 2976 3106 3036 partem
3136 2984 3242 3024 non
3307 2972 3579 3028 modicam

1980 3048 2322 3106 Ambrosium
2354 3052 2498 3107 dono
2528 3056 2741 3111 misisse
2769 3056 2837 3111 ad
2866 3069 3114 3114 sanctum
3145 3060 3431 3118 Paulinum
3471 3065 3580 3121 Νο-

1982 3141 2051 3196 lae
2082 3151 2207 3197 tunc
2237 3145 2610 3217 presbyterum
2636 3163 2703 3204 ex
2735 3149 2896 3220 hujus
2921 3150 3090 3221 ipsius
3121 3155 3362 3212 carmine
3383 3169 3584 3228 cogno-

266 3248 396 3302 mini
425 3247 564 3302 circa
592 3264 646 3302 se
669 3248 896 3318 gratiam
917 3247 1150 3317 ﬁliorum
1179 3247 1494 3319 experiretur
1513 3246 1738 3301 adventu
1775 3246 1879 3319 (De
1907 3219 1953 3288 C
1985 3236 2208 3303 εθίιηυσο
2237 3239 2327 3296 Ubi
2368 3240 2569 3298 dieitur
2601 3258 2614 3296 τ

271 3341 427 3398 Obitu
466 3339 700 3410 Theod.,
750 3358 805 3398 ιι.
853 3339 970 3413 54).
1017 3341 1182 3398 Nobis
1220 3357 1384 3412 porro
1428 3357 1534 3397 non
1584 3342 1879 3397 difficulter

267 3435 392 3506 quis
420 3433 752 3504 persuaserit
779 3434 1029 3490 eumdem
1060 3434 1407 3490 Ambrosium
1437 3434 1528 3504 qui
1561 3433 1874 3490 Theodosio

268 3533 377 3581 tam
396 3523 608 3582 fervens
625 3525 873 3580 hortator
891 3525 1068 3581 fuerat
1093 3526 1159 3582 ad
1182 3526 1566 3591 Clementiam,
1593 3537 1873 3586 auctorem

268 3617 490 3688 insuper
518 3617 586 3672 ob
611 3615 841 3673 ellnsum
869 3618 1188 3689 sanguinem
1215 3618 1267 3675 ei
1301 3618 1464 3676 fuisse
1495 3619 1560 3675 ad
1587 3620 1728 3676 hanc
1751 3635 1868 3678 ca:-

271 3709 427 3770 lestis
454 3712 779 3778 sacramenti
801 3711 1215 3767 abstinentiam.

348 3803 472 3858 157.
516 3802 700 3858 Redux
730 3804 1015 3860 Mediolani
1046 3815 1267 3862 sanctus
1289 3807 1608 3878 episcopus,
1641 3807 1877 3865 Enarra-

275 3897 454 3956 tiones
483 3912 608 3953 suas
650 3896 895 3970 (Admeti.
939 3905 992 3954 in
1025 3899 1219 3956 Enarr.
1268 3902 1320 3955 in
1347 3899 1508 3973 psal.)
1549 3902 1604 3958 in
1638 3904 1877 3972 psalmos

275 4005 427 4056 xxxv
447 4032 462 4055 ,
493 4005 653 4047 xxxvr
673 4032 687 4058 ,
716 4007 902 4048 xxxvn
922 4034 935 4056 ,
967 4009 1172 4050 xxxvm
1197 4037 1211 4061 ,
1241 4011 1404 4050 xxxix
1434 4004 1488 4050 et
1517 4012 1620 4063 ιιι..
1645 3997 1713 4052 de
1753 4013 1875 4066 sug-

277 4093 435 4155 gestu
464 4085 860 4158 pronuntiavit.
903 4085 962 4140 In
995 4087 1103 4144 illis
1128 4088 1272 4144 enim
1312 4105 1434 4143 cum
1482 4089 1880 4146 Theodosianm

277 4195 346 4237 ex
377 4179 624 4252 Eugenio
650 4180 894 4236 victoria:
918 4180 1010 4236 liat
1040 4183 1246 4238 mentio
1265 4225 1279 4248 ,
1301 4186 1448 4254 ipsas
1471 4193 1562 4238 aut
1587 4183 1688 4240 sub
1716 4183 1877 4240 linem

278 4273 566 4344 prmsentis
585 4273 732 4339 anni,
764 4281 858 4330 aut
898 4275 1000 4330 sub
1031 4275 1243 4332 initium
1300 4277 1642 4337 subsecuturi
1672 4277 1882 4334 habitas

282 4382 406 4424 esse
431 4383 538 4422 non
570 4368 912 4438 ambigimus.

358 4459 482 4518 158.
509 4459 635 4531 (An.
657 4461 806 4532 395.)
832 4461 944 4518 Hoc
958 4477 1103 4518 anno
1126 4463 1345 4520 ineunte
1361 4465 1682 4522 Ambrosius
1699 4477 1882 4523 noster

285 4554 641 4620 acerbissimo
669 4553 858 4610 dolore
885 4557 1170 4612 contectus
1197 4567 1311 4624 est,
1343 4573 1463 4614 cum
1498 4558 1838 4616 Theodosius
1863 4601 1879 4627 ,

2073 3373 2165 3446 Hic
2187 3381 2242 3446 et
2264 3376 2713 3446 N‘azariusldartyr,
2736 3395 2887 3446 quem
2912 3396 3122 3436 munere
3148 3384 3244 3438 fido

2075 3437 2263 3489 Nobilis
2284 3440 2529 3513 Ambrosii
2555 3437 2796 3513 substraia
2820 3455 2987 3513 tuente
3012 3451 3178 3513 recepi
3197 3437 3341 3512 ,ietc.

2328 3504 2413 3568 (S.
2441 3505 2613 3569 Paul.,
2642 3508 2807 3560 Poem.
2833 3507 2913 3572 2t,
2939 3509 3003 3563 de
3021 3504 3144 3565 Nat:
3163 3504 3221 3566 ε’.
3249 3515 3377 3578 Fel.,
3402 3517 3477 3576 9.)

1980 3610 2085 3668 Sed
2113 3618 2170 3668 et
2197 3612 2282 3667 his
2308 3613 2548 3682 reliquiis
2575 3613 2709 3670 alias
2733 3631 2946 3688 quoque
2963 3618 3064 3676 SS.
3096 3620 3330 3680 Protasii
3356 3640 3419 3682 ac
3445 3626 3582 3685 Ger-

1980 3707 2113 3764 vasii
2143 3708 2352 3763 additas
2375 3708 2539 3765 fuisse
2561 3709 2701 3766 idem
2727 3709 2983 3770 Paulinus
3014 3717 3215 3773 iudicat
3236 3718 3432 3791 (Epist.
3463 3723 3581 3795 εὶ),

1983 3802 2050 3857 ad
2078 3801 2337 3858 Severum
2367 3803 2637 3870 scribens,
2669 3807 2826 3874 cujus
2857 3806 3010 3864 locus
3039 3812 3248 3867 consuli
3281 3824 3474 3883 potest.

2056 3895 2181 3950 MO.
2225 3894 2358 3952 Huic
2388 3897 2549 3950 etiam
2577 3899 2827 3965 tempori,
2859 3908 2952 3955 aut
2977 3903 3169 3958 saltem
3227 3922 3333 3962 non
3366 3919 3579 3969 remoto

1985 3988 2204 4044 attribui
2234 3990 2430 4046 debent
2458 4007 2737 4048 sermones
2788 3994 2844 4060 ii,
2891 4009 3026 4065 quos
3076 3997 3326 4056 redactos
3375 4003 3428 4058 in
3460 4005 3582 4062 libri

1985 4082 2214 4138 formam
2243 4085 2343 4139 sub
2365 4086 2520 4140 titulo
2546 4086 2665 4142 libri
2715 4087 2780 4142 de
2813 4087 3056 4145 Nabuthe
3089 4092 3369 4152 Jesraelita
3392 4098 3585 4159 hodie-

1986 4191 2092 4247 que
2116 4177 2333 4232 volvere
2362 4178 2487 4234 licet
2517 4178 2760 4251 (Admon.
2787 4183 2841 4236 in
2864 4183 3020 4239 hunc.
3048 4187 3187 4260 lib.).
3224 4187 3348 4247 Illos
3375 4208 3584 4252 sermo-

1987 4285 2086 4326 nes
2112 4270 2291 4326 dedita
2321 4285 2484 4342 opera
2540 4272 2821 4330 habendos
2872 4276 2974 4332 sibi
3005 4284 3306 4350 proposuit,
3363 4293 3475 4341 tum
3524 4298 3582 4344 ut

1987 4364 2262 4421 crudelem
2293 4364 2518 4422 divitum
2548 4369 2627 4422 sui
2659 4371 2917 4440 temporis
2941 4374 3231 4445 castigaret
3278 4379 3578 4452 avaritiam,

1990 4467 2101 4515 tum
2134 4469 2193 4515 ut
2219 4475 2481 4532 pauperes
2510 4464 2564 4516 in
2593 4463 2888 4520 tolerandis
2917 4467 3029 4522 suis
3068 4469 3304 4527 miseriis
3329 4474 3583 4534 subleva-

1989 4563 2075 4609 ret
2104 4569 2168 4608 ac
2218 4553 2502 4609 solaretur.
2552 4555 2822 4624 Quantum
2874 4559 3094 4631 inopum
3144 4565 3454 4625 afﬁceretur
3504 4574 3587 4628 in-

286 4664 449 4722 quem
477 4663 582 4705 non
612 4648 774 4706 modo
801 4658 1051 4720 tanquam
1082 4651 1341 4712 Ecclesiae
1367 4653 1689 4724 imperiique
1724 4625 1882 4711 colu.
1909 4625 1966 4690 Ῑ)
1991 4646 2292 4702 commodis
2323 4655 2377 4702 ct
2401 4647 2820 4716 calamitatibus,
2851 4651 3071 4710 abunde
3122 4671 3186 4712 ex
3241 4658 3466 4718 Paulino
3495 4662 3588 4738 (In

287 4757 416 4800 men
447 4756 664 4814 semper
691 4753 1009 4814 aspexerat,
1055 4743 1150 4800 sed
1191 4745 1351 4800 etiam
1384 4762 1542 4818 quem
1585 4747 1667 4803 sui
1697 4763 1886 4804 aman-

291 4835 559 4892 tissimum
602 4851 893 4907 numquam
925 4851 1034 4894 non
1065 4847 1350 4906 senserat,
1379 4842 1487 4894 vita
1518 4839 1773 4897 decessit.
1809 4843 1884 4899 De

292 4928 437 4985 illius
463 4927 611 4984 obitu
651 4930 728 4984 sic
757 4928 1014 4986 Paulinus
1041 4930 1280 5002 loquitur
1325 4949 1340 4988 :
1388 4931 1501 4988 Nec
1527 4933 1650 5003 diu,
1707 4936 1880 5008 inquit

299 5018 390 5094 (In
426 5019 548 5076 Vita
571 5020 747 5076 Antbr.
768 5060 784 5088 ,
817 5038 870 5076 η.
897 5021 1014 5092 52),
1043 5025 1294 5095 susceptis
1321 5024 1445 5095 ﬁliis
1471 5027 1524 5102 in
1554 5026 1809 5098 Ecclesia,
1834 5040 1882 5085 et

297 5115 499 5170 traditis
535 5113 840 5183 Sacerdoti,
869 5117 923 5170 in
961 5117 1054 5172 hac
1083 5119 1195 5173 luce
1236 5121 1356 5191 fuit.
1399 5121 1721 5178 Ambrosius
1757 5140 1886 5181 vero

295 5209 447 5266 illum
477 5210 776 5282 principem
803 5210 871 5267 ad
899 5223 1132 5268 mortem
1165 5229 1336 5286 usque
1355 5218 1556 5272 amoris
1579 5218 1636 5278 in
1655 5233 1715 5274 se
1739 5223 1888 5274 testi-

288 5303 482 5375 ,monia
512 5302 824 5362 exhibuisse
850 5313 1039 5376 aperte
1060 5305 1324 5380 signiﬁcat
1348 5311 1430 5366 his
1455 5314 1636 5380 paucis
1668 5312 1848 5370 verbis
1873 5333 1887 5367 :

299 5393 476 5450 Dilexi
497 5397 664 5450 virum
684 5439 696 5460 ,
730 5396 933 5467 inquit,
965 5401 1053 5465 qui
1080 5417 1160 5456 me
1193 5402 1247 5456 in
1275 5404 1526 5473 supremis
1559 5408 1667 5460 suis
1705 5408 1888 5463 ultimo

298 5491 488 5565 Spiritu
508 5491 796 5562 requirebat
822 5490 924 5564 (De
955 5492 1111 5549 Obitu
1132 5495 1332 5551 Theod.
1359 5539 1370 5562 ,
1403 5514 1456 5552 η.
1483 5499 1596 5567 35).
1625 5498 1772 5555 Obiit
1795 5517 1892 5556 au-

303 5593 435 5651 tem,
491 5592 550 5640 ut
598 5584 763 5656 vulgo
792 5585 995 5653 volunt,
1046 5602 1176 5643 xvut
1226 5587 1490 5647 kalendas
1543 5591 1886 5651 Februarias.

302 5675 517 5750 Elapsis
547 5685 730 5732 autem
753 5676 821 5734 ab
851 5676 938 5732 illa
968 5689 1142 5736 morte
1163 5679 1354 5736 diebus
1378 5684 1751 5756 quadraginta,
1785 5687 1899 5742 Ho-

305 5771 494 5827 norius
525 5769 728 5836 Catsar,
763 5768 854 5840 qui
884 5784 950 5825 ex
972 5769 1192 5828 Oriente
1212 5774 1276 5830 ad
1304 5783 1507 5844 patrem
1537 5789 1780 5836 extremo
1802 5796 1902 5836 suo

1999 4737 2067 4794 V.
2098 4738 2302 4807 Ambr.,
2333 4755 2479 4794 num.
2528 4741 2622 4811 40)
2661 4745 3038 4813 cognoscitur:
3093 4763 3270 4821 neque
3293 4755 3433 4812 ullus
3463 4737 3588 4828 pro-

1994 4829 2138 4886 fecto
2160 4831 2437 4886 dubitandi
2468 4832 2615 4888 locus
2645 4844 2748 4898 est,
2780 4837 2907 4906 quin
2939 4837 3267 4910 locupletum
3300 4845 3583 4911 hominum

1995 4923 2383 4991 inhumanitas,
2414 4941 2532 4995 quze
2564 4936 2683 4996 post
2707 4927 2993 4986 decessum
3027 4932 3315 4993 Theodosii
3345 4944 3517 4998 crevit
3537 4947 3588 5001 in

1997 5016 2341 5081 immensum,
2359 5032 2451 5073 eas
2466 5018 2720 5090 querelas
2746 5035 2812 5075 ex
2840 5022 3005 5090 ipsius
3022 5039 3116 5081 ore
3134 5029 3372 5099 coegerit
3400 5048 3583 5093 erum-

1995 5131 2149 5187 pere,
2168 5130 2302 5186 quas
2330 5115 2468 5169 intra
2495 5116 2806 5186 pectusjam
2834 5120 3112 5176 continere
3137 5139 3240 5176 non
3272 5126 3411 5193 polis
3440 5141 3578 5188 erat.

2071 5210 2194 5264 Ml.
2237 5207 2365 5281 (An.
2401 5207 2553 5282 396.)
2587 5209 2698 5264 Hoc
2745 5225 2888 5266 anno
2937 5215 3038 5269 sub
3092 5218 3372 5272 consulatu
3418 5237 3587 5282 novo.

1997 5323 2118 5365 rum
2145 5307 2528 5376 imperatorum
2561 5305 2775 5361 Arcadii
2828 5318 2991 5377 atque
3019 5308 3237 5362 Honorii
3269 5318 3581 5385 exemplum

2001 5411 2260 5469 Paulinus
2285 5414 2467 5460 narrat
2489 5402 2580 5472 (In
2610 5401 2894 5464 V.Ambr.,
2915 5417 3056 5452 num.
3085 5398 3180 5465 34)
3222 5401 3426 5460 editum
3451 5423 3597 5482 esse,

2002 5518 2113 5574 quo
2140 5502 2280 5555 Deus
2304 5497 2423 5564 ipse
2453 5491 2840 5556 manifestavit,
2873 5504 3033 5559 quam
3068 5489 3380 5549 inviolatum
3410 5498 3599 5561 Eccle-

2005 5596 2212 5652 siarum
2245 5589 2452 5654 asylum
2471 5600 2592 5641 esse
2619 5590 2884 5653 oporteat.
2905 5579 3034 5633 Nam
3050 5581 3342 5639 Cresconio
3364 5593 3598 5658 quodam

2010 5705 2042 5745 a
2069 5686 2334 5746 militibus
2349 5697 2415 5738 ex
2449 5677 2686 5736 Ecclesia
2717 5689 2812 5743 per
2838 5673 2946 5725 vim
2969 5686 3177 5742 erepto,
3207 5693 3326 5732 cum
3348 5681 3602 5747 injuriam

2016 5787 2266 5841 locorum
2289 5786 2562 5830 sacrorum
2581 5773 2882 5839 prostratus
2893 5765 2958 5818 ad
2975 5765 3142 5822 altare
3156 5770 3607 5842 lugeretAmbro-

242 5905 250 5912 .
311 5862 509 5922 morbo
537 5861 873 5920 laborantem
909 5872 1164 5928 venerat,
1207 5862 1516 5938 priusquam
1563 5870 1681 5940 ejus
1709 5886 1906 5943 corpus
2013 5877 2156 5943 eius,
2187 5877 2441 5928 reversos
2463 5863 2516 5917 in
2538 5859 2758 5915 Circum
2787 5854 2911 5912 illos
2941 5857 3139 5916 milites
3168 5861 3408 5934 leopardi
3433 5863 3612 5920 lania-
