4102 6360
529 357 624 412 ill
1232 338 1392 398 VlTA
1433 335 1677 398 SANCTl
1715 328 2037 392 AMBROSll
2066 327 2161 388 EX
2197 325 2414 387 IPSIUS
2453 324 2758 386 SCRIPTIS
2792 323 3170 386 COLLECTA.
3851 322 3944 377 ΗΞ

527 474 740 526 verunt.
766 460 976 534 Eoipso
1002 458 1119 516 loco
1141 457 1278 514 idem
1302 455 1551 512 Paulinus
1568 450 1914 527 (inVAntbr.,
1943 466 1997 504 n.
2019 447 2139 515 55),
2170 445 2216 504 A
2247 443 2388 513 quod
2421 445 2589 498 Sacris
2617 443 2805 499 litteris
2834 435 3257 510 interpretandis
3301 435 3650 504 imparem
3705 445 3778 487 se
3830 446 3946 486 e~se

530 571 656 634 post
703 558 933 614 amicam
991 553 1133 608 illam
1188 548 1607 620 correptionem,
1660 559 1762 616 qua
1793 539 2135 597 Tlteodulum
2243 540 2594 614 proﬁtebatur
2628 558 2640 592 ε
2676 553 2774 594 nec
2802 537 2982 592 minus
3019 533 3183 588 itii-ini
3235 531 3332 586 zeli
3375 529 3746 592 indicium,
3806 528 3946 596 quod

533 651 854 712 Mutinensis
882 647 1138 704 Ecclesitc
1167 653 1349 715 postea
1381 643 1693 714 episeopum
1745 633 1974 706 proximi
2027 633 2141 700 lap-
2241 643 2429 690 contra
2462 632 2748 687 lucreticos
2801 638 2859 686 et
2909 629 3137 684 Arianos
3183 623 3495 696 imprimis
3535 624 3624 677 ad
3683 622 3944 675 ultimum

536 767 630 806 sus
661 741 1081 804 commonefecit
1101 749 1318 794 sanctus
1345 737 1433 791 hic
1463 743 1652 790 noster
1682 749 1697 798 ;
1755 726 2027 783 subnectit
2055 739 2141 779 reo
2242 727 2487 796 spiritum
2514 717 3360 794 pugnarcnum'mamintermisit
3385 734 3406 771 :
3435 715 3746 786 denique
3767 714 3824 768 in
3852 715 3946 767 hoc

532 846 676 915 ginae
722 839 1224 895 Marcomannorum
1279 830 1345 886 ad
1386 826 1734 884 Ambrosium
1788 820 2136 891 legationem.
2241 820 2444 876 elTulsit
2474 819 2641 890 ipsius
2661 817 2899 873 charitas
2928 815 2978 870 in
3002 829 3219 886 gregem
3245 827 3449 876 suum,
3495 809 3686 879 quod
3729 822 3946 877 prmpa—

529 907 629 994 illa
663 936 870 1006 regina,
905 933 1043 987 sicut
1075 927 1325 1000 perhibet
1364 923 1566 979 Cilalus
1593 927 1814 983 θυειον,
1848 913 2142 970 Vocaballﬂ'
2244 915 2414 972 rando
2431 915 2494 969 ad
2519 914 2759 984 ejusdem
2775 926 2927 966 usutn
2942 907 3382 980 spiritalipabulo
3415 907 3943 960 immortuusest.

530 996 763 1098 Fritigil,
793 996 915 1098 quae
943 996 1143 1079 famam
1169 1015 1451 1074 Ambrosii
1481 1030 1604 1068 cum
1633 1008 1959 1071 audivisset,
2014 1005 2142 1059 mis-

2327 1013 2442 1067 Hii.
2484 1008 2758 1066 Ambrosii
2783 1009 2890 1061 vita
2920 1004 3201 1060 meditatio
3223 1000 3428 1057 mortis
3466 998 3798 1054 continua
3829 996 3947 1050 fne-

527 1125 599 1181 sis
629 1092 987 1178 Mediolanum
1015 1112 1315 1170 muneribus
1358 1108 1427 1162 ad
1472 1105 1787 1166 Ecclesium,
1825 1117 1918 1173 per
1948 1099 2142 1169 legatos
2246 1115 2351 1170 rat,
2383 1113 2439 1160 et
2485 1104 2658 1173 ipsum
2723 1109 2847 1156 ante
2894 1113 3182 1168 corporum
3237 1094 3526 1152 Gervasii
3584 1108 3668 1148 ac
3701 1092 3943 1148 Protasii

529 1215 834 1286 postulavit,
867 1221 926 1266 ttt
959 1207 1168 1277 scriptis
1208 1204 1376 1276 ipsius
1413 1201 1630 1272 qualiter
1679 1196 1888 1251 credere
1916 1193 2140 1258 deberet,
2246 1209 2542 1270 martyrum
2575 1194 2983 1251 translationem
3009 1190 3078 1246 de
3108 1189 3314 1245 tumulo
3334 1203 3453 1243 suo
3471 1187 3622 1258 jam
3655 1186 3946 1255 cogitasse

524 1277 923 1386 informarelur.
958 1305 1040 1358 Ad
1066 1317 1219 1374 quant
1246 1299 1336 1355 ille
1365 1295 1636 1369 epistolam
1670 1293 1789 1363 fecit
1836 1288 2143 1358 prwclaram
2246 1291 2431 1363 illique
2458 1290 2635 1345 locum
2662 1287 3036 1358 designavisse
3059 1283 3258 1354 (Epist.
3292 1282 3386 1346 22,
3414 1297 3612 1335 num.
3653 1277 3786 1350 l3),
3847 1293 3939 1333 ex-

525 1373 821 1468 in'modum
851 1373 1149 1460 catechisnti
1184 1395 1375 1470 (Ibid.,
1406 1409 1549 1448 num.
1580 1388 1696 1462 57).
1751 1387 2009 1443 Dolemus
2063 1384 2142 1439 in-
2246 1388 2518 1458 ploratum
2546 1394 2649 1440 est.
2681 1383 2857 1454 Atque
2884 1381 3022 1435 adeo
3051 1378 3230 1434 nullus
3261 1376 3598 1432 mirabitur
3634 1373 3810 1445 quod
3857 1386 3942 1426 suo

531 1503 750 1560 (ej-ﬁsse,
781 1498 923 1553 hanc
953 1465 1239 1566 epistolam
1275 1507 1290 1556 ;
1323 1488 1524 1559 quippe
1551 1499 1655 1556 qua
1685 1483 1845 1546 lecta,
1880 1488 2031 1537 tanto
2056 1478 2145 1534 tle-
2247 1496 2438 1553 prema
2463 1480 2698 1534 instante
2730 1476 2900 1547 ipsius
2928 1473 3060 1529 bora
3089 1470 3322 1528 candide
3345 1469 3477 1525 suis
3516 1469 3650 1525 ista
3681 1465 3934 1523 dixerit:

535 1595 740 1651 siderio
773 1587 996 1646 videndi
1026 1583 1302 1642 Ambrosii
1335 1577 1542 1650 Fritigil
1593 1575 1884 1642 exarserit,
1925 1582 1984 1628 ut
2021 1588 2141 1628 eam
2250 1572 2376 1628 Non
2407 1573 2478 1626 ita
2507 1572 2638 1625 inter
2667 1585 2753 1624 vos
2775 1569 2900 1633 vixi,
2939 1575 2994 1620 ut
3018 1564 3210 1636 pudeat
3239 1580 3319 1618 me
3346 1563 3548 1616 eicere
3578 1577 3603 1615 :
3641 1576 3752 1614 nec
3778 1561 3937 1612 timeo

532 1648 868 1748 obvvcausam
919 1693 975 1742 et
1030 1683 1262 1754 ipsamet
1319 1648 1534 1733 venerit
1582 1671 1992 1730 Mediolanum:
2045 1666 2143 1725 sed
2248 1668 2402 1733 mori,
2435 1668 2559 1738 quia
2588 1664 2869 1719 Dominum
2926 1662 3117 1716 bonum
3157 1658 3406 1712 habmus
3457 1654 3700 1726 (Paul.
3773 1653 3834 1706 in
3873 1648 3927 1701 ν.

537 1800 661 1840 cum
704 1797 810 1838 non
841 1779 945 1834 nisi
977 1751 1100 1848 post
1129 1774 1336 1830 obitum
1363 1769 1537 1826 sancti
1567 1766 1823 1824 Praesulis
1863 1765 1994 1821 illuc
2021 1778 2144 1835 per-
2247 1758 2451 1824 Ambr.,
2484 1774 2626 1813 num.
2657 1756 2773 1827 45).
2824 1755 2977 1822 Quod
3010 1751 3228 1824 quidem
3275 1751 3498 1805 dictum
3573 1758 3930 1818 magnorum

537 1878 798 1941 venisset,
831 1881 1039 1929 tantum
1069 1869 1272 1925 laboris
1297 1867 1566 1922 incassum
1604 1861 1788 1918 cessit.
2174 1845 2223 1907 Β
2253 1853 2495 1908 virorum
2524 1849 2935 1906 admirationem
2968 1861 3184 1916 semper
3214 1842 3514 1909 excitavit,
3577 1851 3648 1896 et
3707 1843 3928 1910 Augus-

611 1971 735 2026 ΗΞ.
781 1966 1059 2024 Limenius
1086 1960 1511 2020 Vercellensium
1563 1958 1876 2031 episcopus,
1931 1963 1985 2010 et
2014 1967 2142 2009 suc-
2250 1946 2347 2000 lini
2379 1961 2488 2015 pra:
2515 1944 2727 1999 cxx-teris
2753 1959 2769 2009 ;
2799 1941 2866 1996 de
2890 1941 2990 1995 hoc
3017 1939 3161 1994 enim
3189 1935 3480 1993 Possidius
3532 1936 3637 1990 sic
3693 1940 3926 1989 testatus

537 2079 724 2122 cessor
755 2060 932 2118 sancti
961 2057 1204 2123 Eusebii,
1236 2054 1452 2111 circiter
1497 2029 1612 2107 hoc—
1646 2061 1862 2122 tempus
1909 2055 2141 2102 tnortem
2247 2047 2332 2095 est
2361 2057 2372 2092 :
2403 2037 2472 2093 Et
2497 2040 2549 2092 in
2578 2039 2679 2099 his.
2708 2037 2900 2108 inquit,
2929 2043 3102 2089 noster
3123 2032 3441 2105 Augustinus
3469 2046 3675 2084 senex
3710 2029 3921 2083 climata

536 2157 786 2229 oppetiit.
821 2155 877 2210 ln
910 2150 1226 2208 sufﬁciendo
1257 2148 1334 2204 illi
1384 2159 1703 2203 successore
1745 2115 1926 2197 clerus
1956 2154 2018 2194 ac
2050 2152 2145 2209 po-
2249 2149 2309 2186 ac
2334 2133 2523 2187 librata
2551 2129 2918 2185 admirabatur
2944 2137 2989 2182 et
3017 2126 3269 2182 laudabat
3313 2125 3467 2180 verba
3509 2122 3735 2195 (Pass.
3763 2123 3820 2174 in
3864 2115 3916 2170 ι’.

535 2213 696 2322 pulus
715 2249 859 2305 illius
884 2246 1033 2303 urbis
1057 2243 1240 2300 abiere
1267 2243 1319 2297 in
1348 2242 1525 2295 varias
1545 2248 1724 2309 partes
1755 2243 1918 2305 atque
1944 2232 2140 2298 studia,
2249 2228 2494 2299 August.,
2526 2244 2643 2296 cap.
2667 2224 2784 2294 27).
2818 2223 3010 2278 Causa:
3039 2233 3218 2276 autem
3271 2219 3432 2288 hujus
3483 2213 3914 2273 admirationis

536 2355 592 2403 et
615 2343 924 2401 diutissime
950 2338 1249 2397 convenire
1278 2337 1419 2391 inter
1447 2349 1507 2388 se
1539 2347 1649 2386 non
1680 2329 1987 2385 valuerunt.
2015 2326 2146 2381 Am-
2250 2323 2392 2394 apud
2421 2323 2677 2378 eumdem
2708 2319 3016 2374 Possidinm
3050 2317 3216 2372 videri
3265 2325 3527 2387 possunt.
3565 2313 3700 2369 Nec
3738 2321 3913 2366 tamen

538 2440 756 2497 brosius
786 2438 878 2494 ubi
910 2436 1015 2492 hoc
1043 2431 1289 2498 rescivit,
1322 2428 1552 2485 moleste
1606 2425 1727 2480 tulit
1761 2442 1774 2478 :
1816 2438 2047 2492 cumque
2077 2421 2146 2476 ad
2252 2416 2358 2472 alia
2382 2433 2503 2488 quze
2536 2432 2564 2470 a
2593 2415 2817 2470 Paulino
2845 2428 3060 2485 quoque
3090 2409 3502 2476 referuntur,de
3537 2408 3671 2464 hoc
3701 2415 3912 2478 postre-

537 2535 740 2604 ipsum,
773 2539 961 2600 utpote
980 2523 1482 2595 MetrOpolitanum,
1517 2517 1678 2588 hujus
1703 2514 2149 2572 dissidiicorrec-
2257 2531 2346 2570 mo
2398 2511 2670 2566 Ambrosii
2723 2525 2914 2581 agone,
2952 2509 3131 2563 minus
3180 2505 3498 2561 admiranda
3571 2513 3744 2566 sunt,
3798 2511 3908 2568 quae

543 2627 621 2683 tio
645 2597 969 2696 pertineret,
1000 2619 1174 2675 eidem
1201 2615 1461 2672 Ecclesiae
1490 2612 1722 2682 amplam
1758 2611 1911 2680 juxta
1939 2624 2002 2663 ac
2031 2608 2147 2664 ele-
2255 2607 2537 2664 brevitatis
2566 2621 2696 2676 ergo
2722 2603 3208 2676 praetermittimus.
3256 2599 3435 2670 Quare
3477 2607 3547 2653 ut
3604 2597 3904 2653 veniamus

540 2683 759 2789 gantem
787 2683 1008 2782 scripsit
1037 2708 1322 2781 epistolam
1353 2705 1551 2776 (Epist.
1584 2701 1699 2774 65).
1729 2702 1787 2757 In
1821 2717 1885 2757 ea
1929 2699 2153 2756 Vercel-
2264 2700 2330 2754 ad
2362 2699 2577 2754 beatam
2611 2707 2842 2752 mortem
2870 2695 3039 2749 sancti
3070 2691 3359 2757 Prmsulis,
3410 2691 3460 2745 in
3497 2691 3637 2763 ipso
3677 2683 3905 2744 articulo

543 2811 724 2867 tenses
751 2806 817 2862 ad
848 2819 1035 2877 pacem
1066 2817 1129 2858 ac
1155 2800 1417 2856 mentium
1447 2798 1707 2853 unitatem
1757 2793 1994 2866 graviter
2018 2792 2151 2847 hor-
2261 2802 2479 2847 sanctus
2506 2791 2813 2846 llonoratus
2841 2789 3126 2859 episcopus
3148 2784 3629 2849 Vercellensium,
3665 2772 3901 2836 Limenii

548 2913 716 2967 tatur,
745 2909 856 2954 tum
889 2895 953 2951 ad
985 2891 1336 2966 explicandas
1369 2904 1460 2944 eas
1496 2888 1658 2944 dotes
1703 2897 1866 2957 atque
1896 2885 2149 2949 virtutes,
2260 2901 2567 2952 successor,
2588 2885 2767 2940 divina
2792 2897 2922 2938 voce
2953 2892 3035 2937 ter
3057 2879 3388 2946 admonitus,
3415 2878 3676 2933 divinam
3702 2872 3896 2931 eueha-

546 3012 668 3070 quac
701 2995 752 3050 in
782 2990 1071 3049 candidato
1099 2986 1344 3058 ejusdem
1376 2983 1726 3054 episcopatus
1773 2979 2041 3035 debebant
2069 2978 2152 3031 in-
2262 2981 2467 3036 ristiam
2490 2980 2538 3034 ei
2567 2977 2893 3033 ministravit
2925 2995 2937 3030 :
2971 2989 3131 3045 quam
3161 2971 3318 3029 simul
3348 2980 3514 3043 atque
3545 2971 3650 3044 pie
3711 2978 3898 3024 susceo

547 3104 694 3157 esse,
725 3085 920 3159 stylnm
943 3089 1297 3146 convertens,
1350 3079 1420 3133 ita
1451 3075 1688 3148 loquitur
1721 3092 1733 3128 :
1791 3072 1909 3128 Duo
1939 3073 2151 3145 pariter,
2261 3077 2359 3148 pit,
2391 3075 2559 3146 ipsius
2589 3073 2766 3128 anima
2790 3071 2844 3127 in
2873 3070 3151 3128 caelestem
3204 3067 3432 3139 patriam
3475 3064 3732 3121 vinculis
3781 3071 3893 3116 cor-

549 3180 744 3251 inquit,
777 3177 915 3249 exigi
944 3175 1206 3239 uidentur,
1238 3168 1538 3226 monasterii
1567 3165 1900 3232 continentia,
1927 3176 1974 3219 et
1999 3164 2156 3218 disci-
2266 3169 2450 3241 poi-eis
2481 3168 2654 3222 libera
2680 3165 2936 3221 evolavit,

552 3180 744 3251 inquit,
777 3177 915 3249 exigi
944 3177 1206 3239 uidentur,
1238 3177 1536 3226 monasterii
1567 3177 1900 3232 conttnentta,
1927 3177 1974 3219 et
1999 3177 2156 3218 atsct-

552 3275 695 3346 plina
724 3271 972 3326 Ecclesia:
1003 3265 1194 3336 (lbid.,
1218 3281 1364 3319 nam.
1395 3261 1488 3335 66)
1521 3279 1536 3327 ;
1567 3275 1635 3316 eo
1661 3259 1805 3330 quod
1837 3273 2032 3328 nempe
2055 3256 2159 3312 hoc

2426 3184 2450 3222 s
2483 3177 2654 3222 libera
2680 3177 2936 3221 evotavu.
4039 3192 4040 3251 ι

2420 3262 2468 3318 li.
2511 3261 2862 3328 Prosequitur
2913 3268 3094 3315 autem
3148 3257 3289 3314 idem
3345 3254 3617 3312 Paulinus
3677 3254 3733 3309 in
3773 3261 3885 3306 eum

553 3345 842 3434 utrumque
870 3361 1176 3417 institutum
1199 3373 1228 3411 a
1259 3362 1418 3412 beato
1447 3353 1684 3409 Eusebio
1711 3353 1766 3406 in
1796 3351 1886 3406 illa
1917 3349 2163 3404 Ecclesia

2420 3373 2491 3412 tm
2518 3374 2530 3410 :
2565 3354 2591 3409 Ι
2600 3355 2699 3409 nde
2725 3355 2795 3408 ad
2819 3353 3106 3409 Ecclesium
3135 3356 3390 3426 majorem
3412 3350 3743 3405 antelucana
3773 3345 3889 3397 hom
4039 3388 4040 3427 ι

557 3461 717 3517 simul
751 3459 999 3529 junctum
1047 3462 1184 3510 erat.
1243 3452 1527 3509 Postremo
1555 3451 1609 3504 in
1663 3447 2059 3506 Sarmationem
2110 3452 2165 3502 et
2270 3466 2376 3521 qua
2401 3447 2673 3517 defunctus
2701 3455 2797 3512 est,
2829 3462 3022 3516 corpus
3070 3445 3239 3514 ipsius
3269 3451 3528 3512 portatum
3562 3451 3689 3497 est:
3738 3437 3888 3504 ibique

561 3527 943 3608 Barbat‘ianum
996 3545 1270 3602 invehitur
1317 3543 1506 3615 (lbid.,
1537 3559 1679 3596 num.
1741 3541 1820 3611 7),
1868 3537 2166 3595 monachos
2273 3542 2454 3597 eadem
2481 3541 2580 3611 fuit
2608 3550 2777 3605 nocte,
2805 3555 2906 3607 qua
2924 3537 3252 3610 vigilavimus
3277 3537 3329 3590 in
3361 3535 3557 3607 pascha
3590 3531 3790 3607 (Paul.
3835 3527 3882 3579 iu

565 3652 860 3716 apostatas,
895 3641 964 3696 de
993 3637 1318 3709 quibusjam
1349 3635 1553 3690 dictum
1581 3643 1704 3689 est:
1751 3636 1840 3703 qui
1892 3632 2167 3688 Vercellas
2281 3637 2348 3690 V.
2379 3636 2579 3702 Ambr.,
2613 3651 2756 3688 num.
2788 3631 2904 3705 48).
2934 3631 3144 3700 Quibus
3190 3630 3370 3686 verbis
3417 3641 3614 3700 aperte
3649 3619 3880 3683 ostendi-

565 3745 828 3795 venerant
873 3749 979 3790 non
1005 3734 1215 3787 tantum
1257 3729 1484 3785 haeresis
1534 3725 1956 3784 disseminandte
1979 3741 2166 3797 causa,
2279 3739 2365 3785 tur
2393 3729 2542 3784 illum
2573 3728 2778 3784 obitum
2809 3727 2911 3783 sub
2939 3736 3236 3782 extremam
3268 3725 3414 3780 ferite
3453 3732 3628 3780 sexta:
3677 3727 3881 3777 noctem

565 3847 752 3890 verum
781 3830 944 3886 etiam
976 3823 1222 3883 fovenda:
1251 3821 1630 3880 dissensionis.

2277 3823 2545 3891 evenisse,
2579 3837 2641 3878 ac
2663 3830 2911 3878 sanctum
2954 3835 3154 3892 corpus
3187 3828 3299 3875 toto
3340 3818 3566 3875 sabbato
3621 3826 3680 3874 et
3724 3821 3877 3881 usque

641 3929 766 3986 M5.
799 3925 937 3997 Quid
967 3922 1214 3981 eli‘ecerit
1237 3921 1328 3977 illa
1377 3919 1630 3991 epistola,
1675 3927 2014 3990 compertum
2065 3931 2174 3972 non
2280 3920 2346 3976 ad
2375 3917 2666 3975 matutinas
2712 3915 2873 3972 horas
2929 3913 3205 3986 paschalis
3259 3913 3529 3968 mansisse
3589 3912 3647 3967 in
3702 3904 3880 3965 eadem

573 4024 872 4080 habemus:
903 4033 1090 4076 verum
1112 4017 1156 4072 si
1183 4013 1317 4071 lides
1345 4011 1630 4070 tribuenda
1653 4012 1724 4066 sit
1749 4010 1898 4067 Actis
1923 4009 2176 4068 Gauden-
2281 4022 2487 4093 majore
2513 4018 2731 4075 basium
2758 4034 2772 4071 ε
2806 4014 2948 4071 unde
2977 4013 3266 4085 colligitur,
3322 4025 3442 4067 cum
3477 4009 3571 4064 ίιιο
3603 4021 3750 4065 anno
3779 4013 3880 4057 mc-

574 4119 631 4172 tii
651 4113 1025 4176 Novarieusis,
1054 4110 1270 4182 ipsimet
1290 4107 1578 4164 Ambrosio
1599 4106 2048 4179 proﬁciscendum
2076 4105 2180 4161 fuit

2283 4123 2553 4171 moratum
2582 4111 2778 4167 festum
2809 4111 2863 4163 in
2913 4121 3085 4162 nonas
3139 4105 3326 4177 aprilis
3363 4104 3569 4160 mensis
3618 4093 3876 4158 inciderit,

577 4213 630 4266 ἰιι
657 4210 806 4265 illam
860 4206 1073 4270 urbem,
1104 4213 1166 4259 ut
1215 4200 1540 4258 dissidentes
1589 4201 1802 4257 animos
1845 4200 1913 4256 ad
1952 4214 2181 4256 concor-
2286 4207 2461 4280 pridie
2487 4219 2657 4262 nonas
2683 4203 2828 4260 diem
2867 4202 3069 4258 obiisse
3097 4209 3342 4256 sanctum
3365 4197 3705 4270 episcopum,
3749 4180 3874 4262 (ιιιοά

579 4303 721 4358 diam
765 4305 1066 4356 ι’θνοοπθῑ·
2288 4298 2798 4370 martyrologiorum
2825 4295 3066 4351 omnium
3097 4306 3367 4350 consensu
3387 4290 3552 4347 etiam
3601 4284 3877 4345 conﬁrma.

658 4394 784 4451 144.
829 4386 1262 4464 (An.397.)-Hic
1312 4401 1487 4442 annus
1515 4387 1725 4442 felicem
1773 4390 1900 4440 vitm
1950 4386 2184 4442 Ambro-
2290 4404 2398 4451 ιυιι,

587 4490 753 4544 siana:
802 4481 1115 4540 coronidem
1177 4479 1489 4550 imposuit;
1541 4477 1979 4549 quandoquidem
2043 4482 2184 4534 intra

2367 4487 2491 4543 147.
2533 4486 2655 4543 Non
2687 4487 3000 4558 ignoramus
3034 4482 3445 4540 Ambrosianam
3476 4487 3711 4536 mortem
3758 4484 3877 4530 non'

587 4582 730 4637 illius
751 4590 968 4634 cursum
1000 4581 1220 4630 sanctus
1247 4571 1546 4643 Episcopus
1577 4579 1682 4625 tam
1714 4571 2052 4642 egregiarum
2079 4573 2187 4628 vir-

2294 4583 2396 4639 nisi
2427 4581 2782 4652 subsequenti
2811 4594 2955 4640 anno
2987 4579 3040 4633 in
3073 4574 3380 4632 Marcellini
3407 4573 3670 4630 ehronico
3694 4576 3870 4625 renun‘

591 4683 762 4730 tutum
791 4669 986 4741 quibus
1015 4667 1066 4721 in
1101 4665 1346 4722 Ecclesia
1375 4679 1670 4736 numquam
1700 4680 1808 4719 non
1840 4665 2186 4736 precluxerat,
2215 4649 2271 4712 Ῑ)
2298 4677 2440 4732 nari.
2464 4674 2570 4732 sed
2596 4649 2702 4730 non
2737 4673 2811 4728 ita
2839 4681 3089 4728 exactum
3136 4679 3220 4725 est
3273 4666 3404 4722 illud
3457 4664 3778 4726 ειιιιοηῑροη,
3829 4656 3877 4708 ut

594 4777 776 4836 totque
796 4758 2041 4830 laborum,periculorumquegravissimorum,
2067 4779 2188 4833 qua:
2299 4787 2404 4826 non
2439 4769 2608 4824 multa
2637 4767 2812 4824 eidem
2836 4780 2978 4821 anno
3023 4779 3171 4834 saepe
3207 4761 3462 4828 ascribat,
3503 4776 3626 4831 qum
3659 4762 3783 4815 sunt
3808 4745 3876 4804 di-

593 4877 688 4932 ι)το
722 4856 959 4914 Εουιεδίθ
1015 4853 1364 4920 ευδιίηυθΐθὶ,
1421 4867 1448 4906 ³
1497 4852 1629 4918 θεον
1673 4855 1898 4924 Optimo.
1930 4857 2191 4926 ιηθκίηιο,
2298 4858 3057 4920 versorumtetecontrario
3109 4844 3279 4912 multa
3328 4853 3582 4920 diversis,
3633 4865 3748 4923 quae
3773 4845 3882 4901 sunt

593 4954 816 5022 "berem
864 4945 1168 5002 mercedem
1213 4953 1493 5002 assecutus
1522 4952 1624 5000 est.
1657 4945 1917 5004 Paulinus
1946 4951 2038 5020 qui
2068 4951 2194 5007 ulti-
2301 4955 2567 5027 ejusdem.
2613 4953 2714 5021 Qui
2747 4968 2879 5008 vero
2928 4950 3068 5005 hanc
3124 4958 3423 5020 sequuntur
3467 4942 3874 5016 chronologiam.

593 5060 803 5101 morum
833 5049 1049 5096 actuum
1078 5038 1319 5110 ejusdem
1351 5038 1522 5094 sancti
1572 5049 1844 5110 spectator
1887 5043 2005 5111 fuit,
2059 5047 2194 5102 satis
2300 5064 2420 5104 cum
2444 5047 2694 5104 eumdem
2733 5045 2938 5101 obitum
2967 5044 3020 5098 in
3064 5059 3136 5098 xv
3165 5043 3274 5098 kal.
3327 5043 3491 5096 Maias
3553 5033 3875 5096 referendum

590 5135 905 5211 singulatim
931 5133 1048 5188 illos
1077 5141 1344 5188 recenset.
1374 5131 1430 5186 in
1463 5132 1669 5188 eisdem
1693 5151 1821 5190 vero
1849 5136 1981 5192 illud
2008 5149 2194 5197 osten-
2300 5152 2564 5211 cogantur
2591 5140 2904 5206 defendere,
2939 5153 3115 5210 neque
3143 5138 3351 5194 idoneis
3381 5134 3679 5192 rationibus
3705 5132 3767 5190 ad
3792 5128 3878 5182 hoc

590 5248 709 5288 sum
732 5229 1003 5302 singulare
1034 5234 1138 5290 est,
1167 5225 1311 5296 quod
1345 5226 1660 5283 Ambrosius
1679 5243 1799 5284 cum
1833 5229 2059 5288 Paulino
2091 5235 2193 5305 ipsi
2305 5237 2545 5291 nitantur
2574 5250 2589 5301 ;
2635 5233 3147 5305 martyrologiorum
3201 5241 3255 5286 et
3297 5227 3661 5286 Eceiesiarum
3700 5222 3878 5284 Medio—

592 5327 786 5427 Psalmi
834 5338 960 5427 ut"
991 5318 1389 5427 Citatl‘alifmen‘l
1439 5318 1692 5425 dictaret,
1724 5321 1793 5378 ab
1842 5338 1908 5379 eo
1937 5325 2086 5382 visus
2112 5337 2197 5383 est
2304 5329 2543 5384 lanensis
2569 5336 2729 5398 atque
2760 5327 3017 5382 Romanae
3050 5324 3220 5398 magis
3270 5324 3623 5383 deferendum
3668 5311 3881 5378 auctoris

593 5416 808 5488 igneum
831 5417 1018 5472 orbem
1043 5413 1132 5485 qui
1157 5411 1307 5483 prius
1346 5411 1618 5468 Antistitis
1661 5414 1850 5470 vertici
1879 5421 2196 5488 superposi-
2305 5424 2397 5478 tati
2428 5423 2820 5478 existimamus.

598 5518 684 5565 tus
710 5518 1052 5581 apparuerat,
1076 5506 1279 5563 sensim
1309 5505 1447 5561 intra
1480 5515 1666 5576 pectus
1699 5523 1792 5576 per
1819 5525 1878 5564 os
1903 5512 2146 5569 hausisse
2177 5531 2190 5567 :
2380 5518 2501 5574 148.
2549 5515 2850 5572 Pretiosum
2879 5515 3042 5585 igitur
3065 5515 3236 5571 sancti
3287 5514 3399 5570 Viri
3425 5515 3708 5570 decessum
3737 5509 3813 5567 die
3835 5507 3879 5559 et

597 5604 749 5708 litim}.
771 5621 890 5659 θιιιιι
916 5599 1312 5708 νθξιθῐηθηῑίοτί
1360 5600 1557 5655 (“mm
1579 5601 1858 5659 οίιπῖιίιιῖε
1895 5604 2089 5660 ardere
2119 5605 2195 5660 in-
2300 5627 2463 5678 anno,
2499 5625 2633 5682 quos
2656 5609 2767 5681 jam
2805 5608 2980 5664 eidem
3027 5607 3439 5679 assignavimus,
3471 5611 3877 5672 constanterpo-

595 5695 789 5800 emilio
834 5693 1294 5800 εῖεηῑηοεξὺειιοβι
1346 5708 1493 5800 εωιῆ
1527 5693 1581 5749 in
1634 5703 1880 5800 extremo
1932 5696 2026 5800 illo
2065 5697 2189 5753 vita}
2301 5708 2518 5774 nimus;
2553 5707 2732 5762 ethoc
2755 5704 3032 5776 aptissime
3057 5703 3314 5760 convenit
3347 5717 3470 5758 cum
3511 5700 3722 5757 Paulini
3753 5692 3878 5757 ῑθειὶσ

587 5789 766 5856 spatio
789 5796 1083 5860 eruperunt
1102 5786 1307 5857 majora
1336 5787 1586 5859 quaedam
1609 5787 1866 5845 virtutum
1894 5789 2011 5861 ejus
2041 5791 2191 5848 testi-

2301 5803 2506 5870 monio,
2547 5801 2750 5858 diserte
2778 5799 3100 5856 asserentis.
3132 5798 3348 5853 beatum
3380 5796 3694 5852 Antistitem
3727 5784 3886 5854 Their"

585 5880 763 5936 monia
797 5896 812 5949 ;
837 5879 1064 5950 insignis
1092 5879 1648 5940 nimirummodestite
1674 5895 2054 5956 argumentum
2080 5899 2188 5959 εει,

2297 5896 2452 5958 dosio
2475 5897 2582 5966 fere
2607 5894 2885 5952 triennium
2907 5889 3254 5962 superstitem
3286 5890 3450 5948 fuisse
3482 5888 3664 5963 (Paul.
3695 5895 3750 5948 in
3785 5885 3879 5942 Vita
