4102 6360
249 257 278 315 1
305 262 380 319 15
997 270 1310 332 SELECTA
1348 273 1684 333 VETERUM
1723 274 2138 337 TESTIMONIA
2184 281 2272 338 DE
2311 281 2584 344 SANCTO
2623 285 2994 349 AMBROSIO.
3545 298 3650 356 114

249 380 498 448 Ambr.,
534 402 708 443 num.
741 389 862 460 32),
905 388 954 444 id
1005 399 1108 454 est,
1139 406 1244 445 non
1298 400 1464 446 totum
1512 393 1823 449 triennium.
1875 395 1932 450 Si
1962 397 2014 458 Α
2041 396 2278 455 Tametsi
2307 411 2484 459 autem
2511 380 2782 476 prmcipue
2810 407 2965 464 nobis
2988 410 3274 467 consilium
3315 413 3476 471 fuerit
3520 417 3650 471 Am-

249 475 424 530 eniin
459 493 634 535 anno
666 491 878 542 tantum
903 482 1028 546 598,
1085 499 1151 538 xv
1185 482 1291 538 kal.
1319 483 1503 548 Maias,
1560 485 1668 540 vita
1719 485 1937 542 functus
2040 491 2205 547 brosii
2237 475 2756 556 commentationem
2786 503 3032 559 ordinem
3066 519 3128 560 ac
3159 507 3362 564 seriem
3405 510 3648 566 breviter

251 577 354 676 est
383 609 401 635 ,
445 571 610 626 ultra
673 575 883 630 dictum
935 575 1166 646 spatium
1205 575 1516 632 Theodosio
1571 578 1937 648 supervixisse
2039 595 2355 653 contexere.
2384 600 2444 646 ut
2483 592 2608 649 inde
2640 595 2873 654 lectores
2895 599 2962 655 ad
2995 615 3179 656 earnm
3212 603 3448 658 studium
3495 605 3652 676 adju-

254 663 573 724 dicendus
607 673 726 726 erit
754 689 767 737 ;
799 686 921 726 enm
951 671 1092 726 idem
1127 673 1438 741 imperator,
1493 683 1549 727 ut
1573 673 1931 743 ostendimus,
2036 689 2295 735 varentur
2325 699 2339 747 ;
2369 683 2441 738 ita
2466 695 2642 742 tamen
2675 690 2842 759 ipsius
2885 693 3101 764 scriptis
3145 694 3281 751 facta
3325 663 3651 767 quoque'ac

257 777 488 820 mense
516 764 798 835 januario
828 766 953 821 anni
985 767 1092 824 595
1120 767 1314 822 abierit
1343 767 1407 820 ad
1459 766 1658 838 plures.
1710 765 1936 822 Accedit
2037 770 2266 827 virtutes
2299 773 2541 840 ejusdem
2583 794 2844 836 connexae
2865 795 3012 851 sunt,
3043 795 3102 840 ut
3124 786 3214 840 illa
3251 764 3484 856 junctim
3530 789 3652 844 nbi-

261 872 342 913 eo
375 859 713 916 concilium
731 861 1152 943 Carthaginense
1167 861 1267 916 hoc
1295 862 1767 932 ipsoannomense
1795 862 1932 932 Sep-
2035 877 2141 933 que
2173 878 2480 934 pr0ponere
2525 883 2808 926 necessum
2839 873 3208 932 habuerimus.
3241 877 3446 935 Passim
3492 895 3648 933 nam-

266 953 502 1009 tembri
537 954 802 1011 habitum
835 957 1017 1030 (Coac.
1054 955 1233 1011 Cat-th.
1268 973 1354 1010 an.
1383 955 1530 1024 597),
1574 971 1604 1009 a
1659 971 1766 1026 quo
1809 970 1934 1010 suc—
2035 972 2139 1027 que
2170 958 2262 1012 tibi
2311 971 2603 1016 occurrunt
2645 973 2735 1016 aut
2762 965 3027 1024 celsitudo
3059 970 3151 1024 illa
3198 972 3365 1026 animi
3416 973 3644 1028 terrori-

261 1062 484 1103 cessor
541 1050 835 1106 Ambrosii
897 1051 1315 1121 Simplicianus,
1373 1050 1524 1119 quasi
1571 1049 1690 1118 ejus
1735 1048 1932 1103 throno
2034 1051 2137 1106 bus
2165 1067 2228 1107 ac
2259 1054 2511 1124 periculis
2533 1071 2630 1126 pro
2655 1055 2856 1114 Christi
2887 1072 2939 1115 et
2964 1063 3222 1119 Ecclesiae
3245 1081 3406 1122 causa
3448 1069 3648 1124 cedere

258 1143 393 1213 jam
458 1143 804 1215 impositus,
855 1160 950 1215 per
988 1145 1270 1216 epistolam
1322 1143 1606 1198 consultus
1636 1141 1778 1210 fuit;
1839 1144 1929 1214 qui
2033 1144 2539 1208 nescii.autrursus
2557 1149 2818 1204 modeStia
2851 1150 3090 1209 hominis
3118 1156 3252 1212 nihil
3279 1159 3380 1213 sibi
3414 1175 3643 1230 usquam

255 1236 425 1292 enim
452 1245 684 1308 putant
711 1237 1124 1309 Simplicianum
1163 1247 1436 1309 tamquam
1465 1240 1640 1292 virum
1669 1237 1720 1292 in
1771 1253 1930 1308 argu-
2033 1239 2382 1294 attribuentis
2405 1242 2610 1296 :-modo
2640 1241 2907 1298 indefessa
2948 1249 3201 1317 pascendi
3233 1251 3411 1322 gregis
3440 1252 3646 1308 sollici—

259 1340 478 1388 mento
513 1333 682 1404 quod
714 1335 996 1406 agebatur,
1029 1332 1418 1404 pereruditnm.
1463 1332 1676 1386 vivente
1699 1331 1930 1388 Ambro—

267 1426 389 1493 sio,
429 1427 771 1482 consultum
794 1441 936 1491 esse,
968 1441 1067 1482 nec
1093 1427 1224 1482 satis
1243 1424 1534 1481 honoriﬁce
1548 1425 1616 1480 de
1641 1424 1929 1481 Ambrosio

265 1518 355 1573 illi
396 1520 698 1583 sentiunt,
742 1529 798 1574 et
836 1518 1178 1590 disciplinam
1229 1534 1416 1575 eorum
1471 1527 1772 1591 temporum
1824 1518 1928 1575 sibi

2036 1332 2184 1399 tudo,
2217 1333 2376 1388 modo
2413 1335 2600 1406 vigiles
2626 1345 2812 1390 contra
2845 1336 2998 1393 dolos
3058 1338 3435 1398 haereticorum
3478 1361 3643 1400 excu-

2033 1424 2136 1480 biae
2155 1440 2219 1481 ac
2259 1425 2509 1482 labores:
2555 1428 2679 1483 alibi
2702 1445 2910 1484 summa
2932 1430 3240 1503 benignitas
3267 1451 3394 1506 erga
3437 1453 3640 1509 panpe-

2033 1533 2120 1573 res
2151 1528 2312 1591 atque
2352 1521 2616 1592 captivos,
2666 1523 2865 1594 ubique
2896 1523 3116 1580 demum
3173 1527 3433 1584 adversus
3471 1529 3641 1586 Deum

267 1628 413 1672 esse
437 1617 695 1684 probant
720 1615 897 1672 minus
923 1617 1212 1687 cognitam.

355 1706 502 1762 M9.
542 1707 654 1764 Hic
680 1709 995 1764 omittemus
1025 1709 1112 1764 illa
1134 1709 1418 1776 miracula,
1460 1723 1579 1780 quae
1608 1707 1778 1764 sancti
1807 1707 1926 1763 obi-

2029 1627 2232 1684 resque
2273 1613 2485 1670 divinas
2528 1616 2821 1688 singularis
2870 1619 3033 1689 plane
3081 1621 3298 1690 pietas;
3340 1638 3476 1694 quas
3522 1625 3644 1696 qni-

2030 1708 2155 1763 dem
2207 1709 2434 1764 virtutes
2479 1709 2792 1766 christianis
2853 1713 3148 1780 omnibus,
3221 1718 3461 1771 maxime
3506 1733 3640 1774 vero

273 1809 404 1857 tum
470 1814 781 1859 consecuta
841 1816 966 1860 sunt
1014 1822 1028 1872 ;
1098 1805 1297 1876 quippe
1355 1820 1476 1877 quae
1519 1805 1702 1875 legere
1755 1803 2398 1868 liceatBsacerdotibus
2444 1806 2730 1863 imitationi
2790 1822 2912 1864 esse
2967 1810 3249 1878 convenit,
3292 1819 3349 1867 et
3395 1825 3495 1869 nos
3541 1828 3643 1885 op—

271 1896 434 1968 apud
486 1896 790 1952 Paulinum
841 1897 934 1967 (In
975 1897 1087 1952 Vita
1113 1899 1312 1966 Ambr.,
1357 1916 1498 1954 num.
1547 1898 1617 1955 48
1666 1907 1716 1954 et
1767 1896 1922 1970 seq.).

285 2027 540 2042 _——

278 2401 486 2459 Basitii
542 2419 614 2459 ea:
661 2405 878 2476 epistola
933 2406 1041 2471 55,
1091 2420 1208 2477 qua:
1252 2403 1320 2458 ad
1372 2402 1699 2458 Ambrosium
1753 2401 1924 2474 ipsum

955 2479 1150 2548 scripta
1177 2488 1271 2532 est.

356 2547 528 2613 Quod
594 2549 870 2606 interioris
898 2545 1133 2604 hominis
1161 2550 1234 2604 tui
1261 2546 1719 2620 pulchritudinem
1751 2545 1917 2620 veluti

280 2635 354 2674 ex
388 2620 680 2689 verit-gata
713 2637 1025 2676 sermonum
1056 2617 1275 2690 pictura
1295 2621 1729 2690 cognovimus...
1753 2617 1916 2690 glori-

283 2691 530 2762 ﬁcamus
561 2688 738 2748 Deum
785 2702 1030 2748 nostrum
1058 2688 1154 2762 qui
1186 2695 1236 2746 in
1290 2688 1517 2760 singulis
1550 2688 1916 2762 generationi-

281 2761 396 2817 bus
427 2777 530 2815 eos
564 2769 657 2831 qui
689 2764 789 2818 sibi
821 2761 1145 2834 placuerint,
1167 2764 1375 2832 deligit.
1401 2763 1500 2830 Qui
1533 2764 1663 2817 olitn
1692 2761 1908 2834 quidem

291 2847 363 2887 ex
386 2837 709 2906 llasml‘ibtls
737 2832 916 2889 ονίὶιιη
943 2836 1142 2903 populo
1165 2850 1264 2890 suo
1298 2835 1599 2906 principem
1633 2832 1907 2906 oscitavit,

291 2912 351 2976 et
392 2902 575 2976 Amos
617 2906 684 2959 de
733 2921 892 2976 grege
937 2902 1224 2975 caprarum
1271 2902 1544 2974 sumptum
1578 2903 1769 2976 spiritu
1814 2917 1913 2955 suo

294 2974 594 3046 instruxit,
632 2974 777 3030 nunc
803 2974 976 3030 virum
1004 2974 1071 3031 ex
1103 2979 1234 3031 urbe
1267 2978 1438 3046 regia,
1468 2977 1552 3030 cui
1583 2975 1747 3046 totius
1781 2987 1911 3042 gen-

297 3047 370 3099 tis
402 3045 752 3118 principatus
773 3049 1118 3102 concreditus
1141 3056 1278 3108 erat.
1311 3044 1570 3118 sapientia
1602 3044 1909 3107 sublimem.

294 3115 527 3190 generis
551 3115 822 3182 claritate,
842 3120 965 3173 vitae
989 3120 1306 3190 splendore,
1329 3115 1518 3174 orandi
1550 3116 1822 3190 facultate,
1857 3122 1912 3168 et

293 3189 472 3242 rebus
503 3193 866 3246 sa-irularibus
896 3188 1159 3247 illustrem
1191 3191 1255 3244 ad
1285 3205 1506 3260 gregum
1553 3188 1753 3242 Christi
1785 3200 1907 3260 pas-

285 3268 472 3334 turam
529 3262 703 3316 traxit
737 3281 752 3319 :
783 3263 875 3334 qui
915 3263 1178 3334 projectis
1215 3258 1530 3334 hujus—vitm
1560 3258 1905 3334 apibus‘nni-

274 3331 481 3396 versis,
535 3347 742 3404 proque
765 3328 964 3389 damno
993 3328 1190 3389 habitis
1221 3328 1592 3404 tit-Christum,
1623 3328 1907 3404 lucriface-

279 3411 388 3476 ret,
420 3416 521 3476 cor
537 3400 738 3459 innissa
771 3407 868 3459 sibi
898 3407 1075 3475 magni
1102 3421 1164 3460 ac
1195 3403 1442 3476 pra-clari
1476 3403 1694 3476 navigii,
1721 3400 1906 3456 Eccle-

283 3475 384 3530 siae
433 3474 706 3533 videlicet
735 3477 852 3543 Dei,
883 3477 936 3532 in
971 3473 1075 3532 {ide
1106 3473 1306 3532 Chiisti
1355 3473 1720 3543 gubernacula
1756 3487 1910 3526 acce-

293 3491 384 3529 sne
433 3491 706 3533 vtueticet
735 3491 852 3543 υει,
883 3494 936 3532 ιιι
971 3491 1075 3532 ttae
1106 3491 1306 3532 Ltntsu
1393 3491 1720 3529 unernacuia
1756 3491 1906 3526 acce-

293 3550 397 3620 pit.
432 3547 558 3620 Age
591 3549 774 3620 igitur,
809 3565 841 3601 ο
869 3548 1032 3604 homo
1060 3549 1174 3616 Dei,
1201 3491 1418 3618 quando
1454 3546 1671 3620 quidem
1705 3559 1811 3620 non
1838 3543 1906 3598 ab

296 3616 633 3692 horninibus
688 3621 945 3692 accepisti
1017 3630 1111 3676 aut
1174 3616 1371 3677 doctus
1432 3635 1492 3692 es
1552 3616 1904 3692 Evaltgelium

296 3691 536 3756 Christi,
566 3691 661 3747 sed
693 3690 886 3760 ipsete
916 3694 1176 3747 Dominus
1202 3709 1232 3747 e
1264 3692 1446 3748 medio
1468 3690 1710 3757 jndicnm
1742 3695 1904 3742 terrte

299 3761 655 3832 desumptum
679 3759 743 3818 ad
767 3764 1078 3819 cathedram
1103 3765 1455 3833 apostolicam
1481 3759 1775 3833 transtulit,
1795 3767 1902 3814 etc.

488 3831 767 3908 Gaudentii
795 3835 1032 3889 Brixiani
1061 3831 1289 3908 episcopi
1311 3844 1528 3888 tractatu
1557 3831 1732 3886 habito

753 3907 808 3960 in
851 3907 934 3961 die
963 3923 1070 3962 sua:
1092 3907 1470 3961 ordinationis.

379 3978 629 4034 Obsecro
659 3993 1002 4034 communem
1056 3991 1262 4048 patrem
1312 3978 1656 4033 Ambrosium
1692 3985 1747 4048 ut
1782 3983 1904 4044 post

303 4049 563 4120 exiguum
595 4065 770 4105 rorem
795 4046 1068 4105 sermonis
1096 4052 1222 4114 mei,
1249 4051 1363 4119 ipse
1386 4049 1567 4117 irriget
1596 4046 1760 4102 corda
1782 4062 1904 4120 ves-

305 4119 725 4180 tra’diyinarum
772 4124 1044 4192 mysteriis
1094 4123 1416 4176 litterarum.
1449 4120 1724 4188 Loquetur
1755 4119 1899 4172 enim

301 4192 513 4260 Spiritu
557 4202 745 4248 sancto
788 4211 896 4262 quo
924 4194 1112 4262 plenus
1142 4204 1244 4254 est,
1277 4203 1331 4246 et
1357 4194 1570 4246 llntnina
1608 4195 1674 4244 de
1715 4201 1904 4244 ventre

301 4267 424 4333 cjns
472 4268 640 4320 liuent
687 4282 839 4335 aquae
889 4268 1046 4331 vivae,
1081 4275 1135 4319 et
1186 4275 1434 4334 tanquam
1481 4262 1626 4317 Petri
1667 4263 1901 4332 apostoli

302 4350 616 4400 Successor,
647 4338 762 4408 ipse
802 4338 904 4392 crit
935 4354 995 4391 os
1028 4339 1400 4391 universorum
1430 4335 1898 4408 circumstantium

301 4407 684 4464 Sacerdotum.
739 4409 870 4462 Vide
910 4410 1060 4463 etiam
1102 4419 1250 4462 tract.
1301 4425 1406 4478 seq.
1454 4407 1541 4460 ubi
1597 4407 1901 4461 inventionis

301 4479 412 4534 SS.
457 4491 747 4551 martyrum
772 4479 1001 4535 Gervasii
1034 4498 1095 4534 ac
1126 4480 1350 4534 Prolasii
1381 4479 1628 4551 meminit.

356 4549 665 4624 Hieronymi
693 4569 754 4606 ex
778 4554 998 4624 epistola
1019 4553 1113 4617 Ἡ,
1140 4552 1207 4606 ad
1240 4549 1597 4624 Eustochium,
1632 4567 1747 4624 cap.
1771 4549 1858 4603 10.

2035 1906 2236 1954 tamus.

1200 2027 3618 2060 W

277 2125 833 2211 SELECTA
858 2128 1454 2213 VETERUM
1500 2126 2225 2216 TESTIMONIA
2276 2132 2436 2217 DE
2475 2131 2934 2216 SANCTO
2979 2134 3622 2227 AMBROSIO.

2028 2402 2173 2457 usias
2189 2401 2396 2479 dicit...
2412 2403 2682 2479 jungatur
2698 2417 2818 2479 cum
2839 2403 3184 2479 Beatitudine
3200 2406 3630 2479 tnaUrsicinns,

2022 2489 2142 2530 cum
2172 2473 2463 2531 Ambrosio
2485 2473 2725 2531 societur
2759 2473 3082 2532 Auxentius.
3114 2477 3268 2534 Absit
3297 2478 3399 2535 hoc
3441 2496 3468 2535 a
3519 2473 3632 2538 Ilo;

2023 2561 2180 2600 mana
2212 2547 2336 2612 fide,
2363 2556 2468 2602 etc.

2200 2617 2452 2689 Ejusdem
2481 2635 2547 2673 ea:
2572 2620 2794 2690 epistola
2821 2618 2908 2684 65,
2939 2621 3008 2674 ad
3033 2619 3447 2678 Parumne/tium.

2088 2689 2268 2764 Nuper
2295 2689 2615 2764 Ambrosius
2659 2692 2751 2764 sic,
2772 2693 3166 2749 llexaemerum
3195 2694 3448 2764 Origenis
3473 2711 3625 2754 com-

2021 2760 2228 2831 pilavit,
2260 2769 2318 2817 ut
2365 2762 2837 2836 magisllippolyti
2864 2764 3164 2822 sententias
3195 2760 3490 2838 Bas‘iliique
3536 2785 3624 2827 se-

2020 2841 2298 2902 queretur.

2224 2903 2475 2973 Ejusdem
2499 2923 2561 2961 ex
2587 2907 2804 2975 epistola
2825 2907 2916 2973 90,
2950 2910 3019 2962 ad
3047 2910 3414 2975 Augustinum.

2091 2974 2328 3053 Quorum
2361 2986 2420 3053 et,
2436 2974 2680 3053 priorem
2707 2978 3005 3052 (Origenem
3034 2974 3251 3053 scilicet)
3277 2992 3464 3039 noster
3489 2985 3619 3040 Ant-

2019 3044 2230 3099 brosius
2254 3047 2303 3100 in
2337 3049 2656 3114 quibusdam
2689 3044 2906 3105 securius
2936 3063 3042 3108 est.

2149 3115 2399 3194 Ejusdem
2422 3121 2721 3194 efcfpislola
2752 3122 2874 3183 151,
2905 3127 2992 3194 ad,
3014 3123 3220 3194 Algas.,
3248 3123 3443 3192 Quae“.
3473 3125 3526 3182 6.

2092 3186 2414 3263 Ambrosius
2453 3186 2871 3263 Mediolanensis
2910 3186 3216 3261 episcopus
3251 3186 3377 3263 quid
3415 3198 3482 3252 de
3512 3198 3616 3256 hoc

1940 3263 1985 3327 C
2019 3257 2413 3336 locgsenscrit,
2451 3262 2500 3336 in
2531 3257 3292 3336 con‘inientariis'ejnsilegere
3317 3270 3542 3336 poteris.

2089 3330 2338 3409 {Ejusdem
2359 3349 2423 3409 ea:
2447 3333 2702 3404 Apologia
2733 3335 2782 3409 l,
2806 3330 3048 3390 adversus
3073 3330 3341 3404 Rufinum,
3369 3355 3484 3409 cap.
3513 3342 3566 3396 l.

2085 3402 2140 3457 Si
2187 3405 2567 3459 auctoritatem
2609 3402 2760 3474 aperi
2820 3422 2918 3461 suo
2977 3402 3366 3476 prarstruebat,
3424 3402 3614 3472 volens

2011 3488 2150 3550 quos
2177 3485 2522 3550 sequeretur,
2553 3476 2876 3550 ostendere;
2913 3476 3097 3534 habuit
3137 3480 3189 3533 in
3225 3491 3473 3550 promptu
3514 3484 3611 3541 lli-

2010 3543 2276 3622 larinm...
2321 3545 2740 3622 Ambrosium...
2787 3559 2840 3603 et
2870 3561 3162 3622 martyrem
3196 3543 3614 3612 Victorinum...

2009 3615 2078 3670 de
2119 3617 2201 3670 bis
2257 3619 2509 3672 onmibus
2565 3628 2724 3683 tacet,
2755 3630 2809 3674 et
2835 3623 2986 3689 quasi
3011 3615 3299 3677 'columuis
3352 3624 3616 3684 Ecclesia:

2010 3690 2412 3763 praetermissis,
2446 3705 2532 3744 me
2557 3691 2731 3746 solum
2766 3691 2997 3763 pulicem
3037 3703 3094 3748 et
3136 3693 3291 3750 nihili
3334 3695 3612 3756 hominem

2007 3774 2103 3828 per
2128 3762 2355 3831 angulos
2380 3773 2739 3817 consectatur.

2390 3833 2523 3887 Item
2554 3849 2618 3888 ex.
2638 3834 2895 3906 Apologia
2932 3838 2985 3901 5,
3019 3853 3136 3904 cap.
3170 3839 3226 3894 '5.

2079 3902 2193 3974 Ego
2228 3919 2354 3978 inon
2391 3909 2638 3978 accusavi
2669 3902 2834 3973 quare
2879 3902 3163 3976 Origenem
3196 3923 3293 3978 pro
3322 3909 3608 3968 voluntate

2017 3977 2392 4039 transtuleris;
2431 3975 2537 4030 hoc
2567 3978 2712 4030 enim
2741 3987 2796 4032 et
2828 3977 2943 4045 ipse
2981 3975 3113 4040 ieci,
3139 3975 3341 4034 et'ante
3367 3997 3455 4034 me
3485 3981 3609 4036 Vic-

2009 4045 2240 4120 torinus,
2290 4046 2554 4120 Hilarius,
2608 4049 3035 4120 Ambrosiusque
3083 4049 3347 4106 fecerunt.
3401 4050 3603 4108 Eadem

2005 4117 2162 4190 etiam
2189 4119 2392 4190 dixerat
2423 4117 2475 4170 in
2505 4116 2755 4190 Apologia
2783 4118 2836 4190 2.
2862 4116 2979 4189 cap.
3013 4123 3066 4176 4.
3564 4171 3570 4190 ,

2114 4187 2370 4265 Ejusdem
2397 4183 2773 4265 MAG/ironico,
2799 4183 2944 4247 Crat.
2987 4208 3043 4248 ιιι
3073 4205 3120 4248 et
3150 4193 3334 4265 Equit.
3359 4213 3493 4252 coss.
3561 4183 3573 4196 ’

2077 4259 2206 4315 Post
2239 4260 2492 4316 Auxentii
2537 4277 2714 4318 seram
2771 4273 3027 4328 mortem,
3059 4259 3346 4322 Mediolani
3375 4269 3606 4325 Ambro-

2003 4333 2086 4415 sio
2111 4332 2430 4398 constituto,
2459 4335 2638 4390 omnis
2661 4334 2728 4390 ad
2757 4345 2958 4392 rectam
2989 4337 3148 4394 [idem
3179 4337 3330 4394 Italia
3373 4355 3604 4398 conver-

2006 4414 2154 4459 titur.

2110 4477 2290 4547 Ruﬁni
2316 4477 2658 4552 Aquileiensis
2689 4481 2972 4552 presbyteri
3004 4499 3066 4537 ex
3093 4481 3356 4538 Invectiva
3376 4483 3412 4538 2
3440 4487 3496 4539 in

2601 4549 2989 4624 Hieronymum.

375 4621 848 4712 Legas’Amhrosii
875 4625 1042 4712 nostri
1063 4639 1182 4712 qnze
1212 4638 1383 4693 nuper
1393 4623 1620 4712 Scripsit.
1649 4621 1713 4675 ad
1738 4635 1898 4712 sero:
1921 4650 1976 4712 Β
2035 4696 2046 4707 ⁸
2078 4621 2260 4704 V'irntn
2295 4623 2530 4696 (lacerat)
2563 4625 2706 4706 omni
2734 4621 3604 4712 ad'rnirili-qneflignumAmhro-

301 4710 417 4748 rem
446 4692 729 4764 opuscula,
763 4698 815 4749 in
847 4696 1046 4765 quibus
1074 4705 1224 4749 tanto
1254 4692 1311 4748 se
1356 4692 1543 4748 elludit
1575 4692 1810 4765 eloquio,
1837 4701 1897 4765 ut

301 4763 568 4838 quidquid
615 4766 682 4822 ad
733 4763 924 4822 laudes
958 4769 1226 4838 virginum
1258 4767 1512 4837 pertinet,
1557 4763 1894 4834 exquisierit,

301 4841 662 4907 expresserit,
694 4840 978 4894 ordinarii.

400 4909 658 4983 Ejusdem
685 4911 900 4983 exiliora
929 4913 992 4964 de
1017 4909 1369 4983 Scriptoribus
1397 4907 1795 4983 Ecclesiasticis.

375 4977 697 5037 Ambrosius
720 4977 1464 5051 Mediolanensis'episcOpns,
1488 4993 1662 5048 usque
1685 4977 1736 5032 in
1763 4992 1900 5045 prm-

302 5064 519 5109 scntem
548 5053 692 5108 diem
720 5054 944 5108 scribit:
968 5054 1035 5107 de
1062 5068 1192 5123 quo,
1225 5053 1346 5121 quia
1383 5065 1547 5121 super
1583 5057 1690 5114 est,
1719 5064 1896 5104 meum

301 5124 564 5190 judicium
595 5125 939 5185 subtraham;
975 5141 1041 5179 ne
1096 5127 1148 5178 in
1195 5126 1514 5179 alterutram
1569 5131 1775 5191 partem
1807 5129 1902 5176 aut

305 5195 548 5252 adulatio
579 5199 629 5251 in
660 5211 745 5251 me
772 5196 1223 5262 reprehendatur,
1247 5207 1340 5251 aut
1369 5193 1587 5248 veritas.

442 5266 721 5340 .Ejuxdem
751 5285 813 5323 ea:
843 5269 1097 5340 Apologia
1125 5267 1372 5340 adversus
1397 5266 1756 5340 Jorinianum.

377 5336 538 5407 Quod
569 5340 613 5393 si
642 5341 726 5393 cui
759 5336 1094 5409 aSpernm'et
1119 5338 1544 5409 reprehensione
1575 5337 1798 5406 dignum
1824 5336 1904 5409 vi-

377 5363 538 5407 υιιυυ
569 5363 613 5393 δι
642 5363 726 5393 CUI
759 5363 1009 5409 asperum
1038 5363 1094 5396 ει
1121 5363 1544 5409 Γερΐιτιιειιδιυιιυ
1575 5363 1798 5406 υΙδΙΙυΙΙΙ
1826 5363 1897 5390 γι-

291 5363 490 5475 πειιιτ,
523 5421 723 5464 tantam
774 5426 872 5466 nos
904 5412 1044 5466 inter
1091 5412 1454 5481 virginitatem
1496 5419 1545 5461 et
1576 5409 1790 5481 nuptias
1821 5407 1897 5463 fe-

301 5483 450 5540 cisse
470 5481 807 5547 distantiam,
824 5493 1017 5550 qnanta
1043 5479 1197 5537 inter
1212 5483 1534 5536 [ramentum
1551 5489 1604 5533 et
1633 5479 1894 5533 hordeum

304 5564 404 5618 cst,
450 5554 590 5624 legat
609 5553 779 5608 saneti
807 5553 1076 5609 Ambrosii
1103 5555 1166 5608 de
1203 5553 1384 5607 Viduis
1410 5552 1626 5624 librum,
1657 5563 1709 5604 et
1749 5551 1897 5624 inve-

308 5629 416 5683 niet
454 5622 600 5680 illum
630 5625 772 5679 inter
799 5635 993 5680 czetera
1027 5641 1146 5694 quae
1175 5625 1244 5680 de
1274 5623 1584 5693 virginitate
1616 5631 1670 5675 et
1701 5622 1902 5689 nuptiis

312 5697 625 5773 disputatﬂt,
647 5696 808 5773 etiam
835 5697 936 5750 hoc
966 5697 1188 5773 dixisse.

535 5767 786 5838 Ejusdem
812 5784 874 5821 ex
906 5769 1124 5838 epistola
1152 5767 1242 5831 57,
1277 5766 1344 5820 ad
1374 5764 1680 5818 Damasum.

381 5833 640 5913 Quisquis
669 5839 772 5897 tria
798 5833 944 5905 haec.
968 5839 1069 5896 hoc
1090 5847 1194 5907 est,
1217 5848 1327 5896 tres
1355 5839 1699 5908 hypostases,
1722 5833 1772 5889 id
1803 5843 1908 5901 est,

2001 4696 2140 4751 sium
2165 4694 2613 4765 episc0pum,'qui
2644 4712 2747 4750 non
2776 4696 2949 4750 Sttitlm
2977 4694 3392 4754 Mediolanensis
3415 4698 3603 4754 Ecc|e~

2004 4767 2136 4830 sim,
2184 4781 2373 4821 verum
2421 4768 2581 4821 etiam
2635 4769 2872 4836 omnium
2929 4768 3292 4825 Eetaleslartttn
3349 4771 3603 4826 columna

2002 4837 2340 4911 qnanlem‘et
2364 4839 2528 4911 turris
2561 4839 2991 4909 inexpugnabilis
3013 4839 3178 4894 fuit...
3206 4843 3295 4911 qui
3326 4843 3390 4895 ad
3421 4842 3604 4899 Eccle-

2003 4907 2206 4965 siarum
2250 4907 2346 4962 Dei
2375 4910 2602 4978 gloriam
2643 4907 2844 4964 electus
2876 4927 2904 4964 a
2934 4912 3044 4965 Deo
3073 4922 3194 4966 est:
3225 4907 3330 4980 ἰιιιί
3384 4912 3436 4966 in
3473 4929 3606 4968 con-

2001 4990 2190 5050 Speetu
2215 4980 2426 5035 Domini
2451 4980 2660 5036 loeutus
2677 4993 2779 5046 est,
2805 4983 2854 5038 in
2884 4993 3174 5054 conspectu
3197 4991 3601 5054 persecutorum

2005 5068 2214 5120 regum,
2265 5061 2320 5106 et
2368 5067 2474 5106 non
2508 5062 2588 5106 cst
2616 5056 2888 5107 confusus.
2921 5053 3248 5110 Ambrosius
3287 5062 3504 5107 sanctus
3535 5054 3604 5109 de

2005 5123 2211 5194 Spiritu
2241 5121 2443 5179 Sancto
2492 5139 2598 5178 non
2647 5125 2818 5178 solum
2868 5127 3072 5189 verbis,
3101 5127 3195 5180 sed
3227 5135 3284 5182 et
3335 5125 3604 5192 sanguine

2005 5211 2108 5251 Stto
2137 5195 2385 5265 scripsit;
2415 5195 2608 5266 obtulit
2628 5195 2770 5250 enim
2809 5197 3246 5266 persecutoribus
3287 5194 3604 5266 sanguinem

2005 5284 2186 5332 suum,
2215 5263 2374 5338 quem
2402 5267 2454 5338 in
2484 5281 2543 5320 se
2566 5265 2733 5321 fudit:
2759 5263 2852 5322 sed
2873 5283 2903 5321 a
2927 5267 3045 5338 Deo
3065 5268 3130 5319 ad
3157 5269 3294 5338 alios
3316 5263 3495 5338 adhuc
3521 5282 3612 5322 re-

2007 5334 2331 5394 servabatur
2384 5337 2668 5392 labores...
2714 5349 2960 5394 sanctum
3001 5336 3176 5389 virum
3230 5334 3606 5404 Ambrosium,

2007 5411 2162 5479 cujus
2187 5410 2367 5464 adhuc
2407 5407 2680 5478 prazclarie
2708 5410 2833 5464 vita:
2879 5407 3140 5462 memoria
3171 5407 3223 5460 in
3263 5405 3459 5460 animis
3487 5421 3608 5464 om-

2003 5483 2151 5536 nium
2183 5482 2344 5551 viget.

2267 5549 2548 5622 Augustini
2571 5565 2636 5602 ea:
2658 5551 2746 5622 tio.
2777 5565 2809 5622 v
2839 5547 3072 5622 confess.
3095 5559 3214 5612 cap.
3245 5547 3334 5622 1⁸5.

2086 5621 2218 5676 Veni
2267 5617 2629 5676 Mediolanum
2671 5619 2737 5672 ad
2787 5617 3132 5686 Ambrosium
3180 5619 3499 5686 episcopum
3561 5622 3615 5676 ιη

2009 5694 2230 5762 optimis
2264 5689 2600 5762 natumut-bi
2627 5699 2808 5751 terra),
2843 5685 2997 5762 pium
3019 5683 3489 5762 cultoremtuutn,
3516 5705 3620 5762 cu-

2007 5753 2097 5835 jus
2137 5774 2263 5835 tunc
2293 5760 2523 5835 eloquia
2556 5767 2790 5835 strenue
2821 5753 3201 5835 ministrabant
3249 5759 3462 5835 adipetn
3483 5757 3624 5835 fru-

2015 5822 2180 5890 iocati
2209 5835 2310 5899 tui,
2338 5822 2658 5885 et'ltetitiam
2689 5826 2826 5892 elei,
2859 5833 2914 5878 et
2941 5822 3180 5882 sobriam
3226 5822 3358 5884 vini'
3381 5825 3626 5884 ebriam-
