4102 6360
95 329 214 388 121
1302 338 1370 396 ΙΝ
1411 339 1547 397 SEX
1596 336 1846 397 LIBROS
1902 339 2397 401 IIEXAEMERON.
3404 345 3511 400 122

93 448 407 522 Congruit
451 457 687 524 quidem
717 460 866 515 titulo
895 476 1020 527 suo,
1051 460 1386 530 universaque
1413 464 1555 535 operi
1583 463 1807 518 divisio:
1832 464 1923 519 sed
1948 480 2062 517 cum
2078 470 2195 536 jam
2225 465 2342 519 inde
2367 483 2399 521 a
2459 463 2754 520 Cassiodori
2805 463 3056 520 senatoris
3085 462 3396 532 temporibus
3421 478 3512 516 sex

94 544 165 599 in
203 546 796 608 libros-distributmn
826 555 984 624 fuisse
1006 565 1286 624 appareat,
1323 566 1426 610 tam
1452 557 1676 629 antiqua:
1702 555 1938 612 divisioni
1961 565 2009 611 et
2035 556 2098 609 ab
2126 557 2237 625 ipso
2263 557 2532 613 Ambrosio
2560 560 2735 630 forsan
2774 557 3020 630 profecta:
3078 555 3359 628 quidquam
3397 555 3505 608 im-

99 650 352 697 mutare
387 645 592 701 visum
625 665 725 702 non
747 657 839 704 est.
3153 713 3161 718 -

195 735 462 793 Doctori
507 752 698 797 nostro
725 743 1027 815 Origenem,
1067 743 1407 816 Hippolytum
1435 761 1494 798 ac
1523 744 1773 799 Basiliam
1803 745 1855 798 in
1885 744 1982 798 hoc
2007 752 2307 814 argumento
2335 745 2591 812 prteivisse
2621 747 2764 800 docet
2792 746 3135 817 Hieronymus
3189 742 3398 814 (Epist.
3423 742 3508 814 :ad

113 826 488 886 Pammach.
527 849 695 904 supra
719 834 854 907 cit.).
883 834 1022 901 Quid
1050 847 1266 891 autema
1289 837 1546 907 prioribus
1569 837 1766 892 duobus
1793 847 2053 893 mutuatus
2080 838 2166 903 sit,
2197 855 2311 891 eum
2339 839 2536 892 laudati
2563 856 2740 894 eorum
2769 841 2884 896 libri
2913 841 2980 896 ad
3005 849 3205 896 (etatem
3257 848 3512 907 nostram,

114 932 182 976 ut
221 925 285 978 in
315 923 680 997 Prwfatione
707 930 899 984 dictum
922 940 1017 996 est,
1036 932 1246 986 minime
1267 933 1604 1002 pervenerint,
1623 932 1754 985 scire
1795 948 1896 986 non
1928 948 2199 1002 possumus
2222 948 2286 986 :a
2323 931 2519 986 Basilio
2548 948 2664 986 vero
2689 941 2740 986 ut
2768 949 2881 987 eam
2907 951 3058 1005 quam
3090 932 3314 1005 plurima
3337 947 3514 1001 samp-

117 1015 272 1071 sisse
304 1017 753 1090 haudquaquam
784 1024 1114 1092 inﬁciamar;
1148 1025 1220 1078 ita
1245 1025 1496 1079 serviliter
1523 1024 1662 1079 illius
1693 1041 1852 1096 opera
1890 1025 2144 1080 imitatum
2174 1041 2280 1080 esse
2299 1068 2311 1090 ,
2331 1034 2420 1078 aut
2442 1025 2587 1095 quasi
2615 1026 2874 1080 tralatoris
2900 1028 3060 1097 ofﬁcio
3105 1027 3340 1097 functum
3395 1040 3512 1095 per-

121 1125 440 1180 uegamus.
482 1112 778 1171 Enimvero
802 1117 894 1171 etsi
918 1117 1209 1188 frequenter
1236 1119 1377 1173 illius
1408 1120 1596 1174 insistit
1618 1119 1870 1192 vestigiis,
1903 1119 1964 1172 ab
2006 1119 2076 1174 eis
2119 1129 2285 1173 tamen
2312 1136 2448 1188 serpe
2484 1120 2673 1190 swpius
2708 1120 2932 1174 recedit:
2967 1121 3156 1192 quippe
3199 1119 3285 1190 qui
3327 1118 3518 1184 addat,

120 1204 379 1270 adimat,
418 1216 780 1282 transponat;
822 1212 924 1266 imo
967 1229 1058 1267 nec
1101 1211 1338 1284 religioni
1364 1212 1517 1267 ducat
1541 1214 1798 1267 contraria
1819 1214 2004 1268 sentire
2022 1211 2357 1282 Basilio(lib.
2393 1228 2446 1267 ιιι
2468 1254 2481 1275 ,
2523 1229 2570 1266 c.
2598 1211 2667 1278 ὥς
2702 1212 2790 1266 lib.
2823 1227 2898 1276 tv,
2933 1229 2978 1265 c.
3011 1213 3075 1277 7;
3111 1213 3200 1266 lib.
3233 1229 3282 1278 ν,
3315 1230 3360 1266 c.
3394 1211 3514 1282 18),

124 1316 299 1369 quem
332 1301 517 1356 etiam
556 1305 846 1370 interdum,
880 1305 1037 1360 tacito
1069 1307 1181 1360 licet
1209 1307 1432 1373 nomine,
1455 1323 1558 1361 non
1589 1306 1763 1360 leviter
1787 1308 2106 1377 perstringit.
2139 1305 2302 1360 Multa
2323 1323 2519 1377 quoque
2547 1323 2608 1361 ex
2645 1306 2879 1374 profanis
2911 1306 3208 1360 auctoribus
3264 1305 3440 1359 Plinio
3464 1314 3516 1360 et

93 1454 98 1458 δ
125 1393 265 1448 aliis
293 1396 480 1464 petita
512 1399 664 1467 operi
695 1415 790 1452 suo
819 1399 1068 1465 inseruit,
1109 1416 1224 1470 qua:
1251 1400 1395 1453 nullo
1422 1401 1623 1470 negotio
1651 1399 1817 1465 quivis
1847 1400 2031 1468 poterit
2058 1399 2346 1453 adnotare:
2370 1399 2460 1451 sed
2487 1398 2569 1451 hic
2601 1415 2701 1452 non
2741 1398 2938 1452 videtur
2988 1397 3478 1467 praetermittemlum
3497 1436 3514 1463 ,

133 1487 223 1542 ita
255 1487 472 1546 lusisse
504 1493 652 1546 hunc
679 1493 846 1564 ipsum
873 1493 1204 1564 exprimendo
1242 1491 1479 1565 Virgilio,
1509 1507 1563 1547 at
1594 1493 1656 1547 de
1674 1493 1856 1562 apibus
1887 1509 2042 1564 agens
2071 1492 2187 1562 (lib.
2216 1507 2267 1558 ν,
2301 1508 2346 1544 c.
2371 1491 2487 1559 2t),
2519 1491 2700 1546 solutis
2749 1505 2982 1544 versuum
3041 1490 3288 1555 numeris,
3337 1487 3514 1543 Poeta:

135 1582 316 1636 verba
348 1585 569 1656 saepius
597 1587 862 1642 retineret.

230 1674 429 1733 Porro
474 1679 647 1734 sicubi
683 1680 933 1736 Basiliam
959 1683 1186 1737 imitatus
1215 1691 1289 1737 est
1309 1726 1324 1750 ,
1350 1683 1405 1736 id
1434 1683 1510 1737 vel
1547 1683 1767 1737 maxime
1795 1684 1988 1753 factum
2024 1682 2076 1734 in
2107 1681 2390 1752 argumenti
2421 1681 2576 1736 totius
2612 1679 2972 1734 distributione
3001 1685 3152 1749 atque
3205 1669 3510 1732 meonomia.

150 1767 324 1824 Unde
346 1771 582 1826 minime
609 1771 1008 1828 dubitaverimus
1025 1818 1038 1841 ,
1064 1775 1186 1846 quin
1210 1777 1293 1829 hic
1315 1793 1570 1830 sermones
1594 1792 1770 1831 novem
1797 1818 1810 1840 ,
1841 1787 1964 1848 quot
1994 1777 2225 1831 videlicet
2252 1776 2393 1847 apud
2418 1775 2617 1830 beatum
2649 1773 2900 1829 Basiliam
2929 1782 3154 1840 exstant,
3211 1771 3515 1844 assignandi

147 1865 288 1920 sint.
347 1865 518 1923 Certe
568 1871 774 1940 quidem
820 1887 934 1925 eum
985 1888 1252 1926 numerum
1292 1872 1557 1927 adstruere
1587 1889 1855 1945 operosum
1883 1889 1982 1926 non
2006 1873 2117 1926 erit.
2153 1870 2267 1925 Duo
2295 1871 2426 1924 enim
2458 1871 2508 1922 in
2541 1870 2670 1922 libro
2692 1869 2840 1922 tertio
2891 1867 3304 1938 manifestissime
3331 1866 3516 1920 distin-

151 1968 438 2028 guuntur,
489 1977 716 2030 quorum
763 1962 896 2017 alter
949 1964 1126 2032 primis
1169 1965 1392 2036 quinque
1419 1966 1672 2036 capitibus
1719 1965 1976 2029 inclusus,
2007 1981 2153 2017 mane
2183 1963 2382 2018 habitus
2409 1973 2518 2028 est;
2541 1963 2691 2030 alter,
2723 1963 2810 2032 qui
2835 1979 2927 2034 per
2965 1962 3164 2033 reliqua
3202 1961 3358 2033 hujus
3401 1960 3521 2014 libri

159 2053 352 2123 capita
377 2056 709 2122 extenditur,
746 2072 972 2126 vespere.
1003 2057 1184 2127 Neque
1217 2075 1332 2113 vero
1375 2061 1544 2113 minus
1585 2059 1910 2129 perspicutmt
1956 2059 2135 2129 quinto
2177 2058 2304 2112 libro
2345 2059 2486 2114 binos
2520 2061 2756 2114 similiter
2785 2058 3068 2123 contineri,
3137 2071 3250 2110 cam
3297 2054 3512 2109 multum

160 2145 447 2217 discrepet
476 2148 527 2201 is
545 2190 560 2215 ,
591 2165 738 2220 quem
766 2151 999 2205 undecim
1030 2153 1285 2222 prioribus
1307 2152 1557 2226 capitibus
1580 2165 1819 2226 putamus
1845 2154 2290 2224 circumscriptum
2315 2197 2326 2218 ,
2358 2154 2421 2208 ab
2447 2170 2506 2207 eo
2535 2155 2622 2224 qui
2652 2154 2768 2206 inde
2791 2153 2856 2205 ad
2885 2152 3036 2220 ﬁnem
3058 2166 3216 2216 usque
3247 2147 3368 2203 libri
3391 2163 3516 2217 per-

167 2241 421 2295 ducitur.
450 2239 620 2296 Illum
645 2245 906 2299 matutinis
927 2244 1066 2299 horis
1096 2248 1481 2315 pronuntiatimt
1529 2263 1638 2300 esse
1687 2246 1986 2316 planissime
2019 2246 2281 2299 declarant
2322 2246 2498 2299 ultima
2541 2245 2725 2314 capitis
2754 2243 3012 2298 undecimi
3057 2242 3209 2296 verba
3230 2282 3245 2306 ,
3277 2239 3457 2310 quibus
3487 2253 3516 2292 e

169 2333 309 2386 solis
335 2337 463 2408 jam
494 2335 710 2390 nimium
741 2338 1060 2409 procedentis
1085 2341 1268 2394 ardore
1292 2350 1397 2394 tota
1429 2341 1750 2395 concluditur
1785 2341 1948 2396 oratio
1973 2356 1990 2394 :
2020 2341 2154 2394 Iumc
2179 2351 2346 2396 autem
2370 2340 2668 2410 vespertinis
2698 2339 2948 2404 habitum,
2979 2354 3037 2392 ea
3065 2351 3180 2408 qua:
3206 2335 3271 2390 de
3305 2343 3516 2388 noctur-

171 2424 261 2479 nis
313 2426 512 2482 avibus
558 2428 722 2496 dicit,
769 2430 988 2502 probant
1041 2433 1332 2497 evidenter;
1371 2443 1417 2487 et
1464 2445 1708 2506 pra'trrea
1760 2433 2022 2487 coneionis
2095 2435 2364 2503 confirmat
2411 2433 2674 2504 epilogus,
2723 2449 2823 2502 quo
2877 2431 2990 2502 pius
3043 2429 3246 2484 Prmsul
3286 2436 3520 2499 vergente

173 2519 433 2573 arctioris
449 2521 651 2593 jejunii
680 2523 764 2577 die
791 2525 1052 2580 auditores
1073 2526 1142 2578 ad
1168 2529 1444 2581 serotinum
1478 2528 1803 2598 refectionem
1845 2527 2074 2582 dimittit.
2104 2526 2426 2599 Quamquam
2452 2544 2567 2582 vero
2597 2544 2696 2580 non
2719 2528 2789 2579 ita
2813 2526 3035 2596 proclive
3063 2525 3126 2578 sit
3153 2524 3382 2578 evincere
3407 2523 3523 2592 pri-

177 2626 332 2664 mum
366 2627 580 2682 quoque
606 2614 793 2668 libram
824 2617 875 2670 in
902 2617 1030 2672 duos
1052 2635 1311 2673 sermones
1341 2621 1496 2690 fuisse
1525 2619 1767 2685 divisum,
1792 2619 1844 2672 in
1866 2636 1978 2675 eam
2008 2630 2174 2674 tamen
2205 2621 2496 2690 opinionem
2523 2619 2643 2673 hinc
2663 2619 2998 2679 adducimur,
3019 2616 3155 2688 quod
3175 2617 3306 2671 sein
3332 2615 3520 2685 capitis

186 2706 315 2775 finis
345 2705 485 2759 nihil
517 2707 665 2764 aliud
696 2714 940 2782 praeferre
966 2712 1213 2776 videatur,
1234 2713 1334 2766 nisi
1363 2714 1608 2768 orationis
1637 2714 2034 2775 conclusionem,
2065 2730 2178 2786 qua:
2207 2731 2319 2768 cum
2345 2715 2507 2783 prima
2535 2712 2799 2768 Basiliana
2832 2712 3044 2765 homilia
3071 2711 3283 2782 pulchre
3309 2726 3524 2764 consen-

191 2797 252 2849 tit
280 2812 297 2850 :
327 2798 536 2867 reliqua
561 2811 731 2855 autem
761 2802 970 2869 huiusce
1003 2803 1120 2857 libri
1151 2806 1322 2873 capita
1343 2846 1357 2870 ,
1386 2821 1499 2873 quia
1518 2815 1563 2859 et
1593 2807 1705 2877 ipsa
1733 2805 1970 2859 secundm
1995 2804 2178 2860 Basilii
2217 2805 2442 2860 homilia:
2472 2805 2730 2878 aptissime
2761 2804 3092 2872 respondent,
3122 2803 3277 2856 aliam
3317 2800 3524 2870 suisque

194 2892 440 2944 numeris
471 2891 759 2948 absolutam
790 2898 1070 2951 orationem
1093 2899 1215 2952 satis
1244 2898 1434 2969 liquido
1457 2914 1563 2968 pra:
1589 2915 1640 2952 se
1687 2901 1873 2970 ferant.
1897 2897 2080 2954 theri
2106 2898 2308 2954 tandem
2332 2899 2448 2953 libri
2469 2910 2520 2951 ut
2547 2899 2686 2969 apud
2707 2896 2983 2962 Basiliam,
3003 2897 3076 2949 ita
3095 2896 3249 2950 etiam
3275 2893 3357 2946 hic.
3371 2908 3518 2948 suum

196 2982 424 3053 quisque
449 2999 735 3039 sermonem
759 2988 1182 3057 complectantur.

277 3076 507 3144 Quicras
538 3078 755 3150 fortasse
779 3081 864 3134 cui
887 3082 1206 3153 potissimum
1241 3098 1376 3135 anno
1404 3070 1654 3136 tribuendi
1689 3082 1827 3135 sint?
1859 3081 2102 3149 Quamvis
2147 3083 2200 3137 id
2237 3092 2373 3137 certo
2415 3083 2628 3152 deﬁnire
2660 3099 2760 3136 non
2789 3082 3101 3147 audeamus,
3130 3090 3296 3133 tamen
3327 3079 3372 3133 si
3399 3077 3524 3148 quid

186 3171 526 3245 conjecturia
557 3174 706 3228 liceat
733 3174 1018 3246 indulgere,
1044 3174 1162 3229 illos
1183 3191 1318 3228 anno
1340 3175 1444 3231 ’589
1491 3175 1630 3229 haud
1658 3175 1815 3230 multo
1841 3177 2155 3244 antiquiores
2187 3174 2563 3230 arbitrabimur.
2589 3175 2715 3228 Cum
2738 3176 2872 3228 enim
2893 3175 2960 3228 ibi
2994 3174 3106 3246 (lib.
3133 3189 3222 3239 ιιι,
3255 3189 3302 3226 c.
3332 3173 3356 3226 1
3389 3185 3434 3226 et
3457 3175 3526 3241 5;

193 3265 288 3321 lib.
323 3281 379 3328 ν.
414 3282 441 3320 c
496 3265 585 3338 4)
614 3269 803 3322 mentio
839 3269 1170 3324 ecclesiastici
1212 3277 1414 3334 cantas,
1458 3285 1601 3340 quem
1635 3268 1918 3324 Mediolani
1957 3267 2046 3322 Vir
2073 3281 2280 3324 sanctus
2315 3285 2450 3322 anno
2478 3268 2581 3324 585
2612 3277 2697 3322 aut
2730 3267 2833 3323 536
2853 3309 2867 3332 ,
2899 3268 3216 3333 instituerat,
3245 3281 3346 3319 non
3377 3263 3531 3320 semel

201 3361 294 3431 fiat
316 3401 332 3428 ,
364 3371 486 3416 ante
521 3360 660 3415 illud
685 3371 885 3432 tempus
919 3360 1275 3416 Hexaemeron
1312 3379 1461 3416 suum
1485 3364 1832 3432 composuisse
1862 3363 2110 3418 dicendus
2141 3380 2241 3418 non
2266 3371 2358 3417 est.
2387 3360 2587 3417 Deinde
2606 3379 2658 3416 se
2675 3371 2793 3416 tunc
2825 3361 3162 3434 provectioris
3179 3361 3341 3431 fuisse
3365 3361 3535 3414 a'tatis

203 3473 308 3510 non
337 3455 640 3509 dissimulat
672 3471 692 3510 :
721 3455 852 3522 Quae
884 3456 1062 3524 pueri.
1098 3457 1328 3526 inquiens
1351 3456 1465 3526 (lib.
1498 3473 1572 3523 ιν,
1602 3474 1646 3511 c.
1675 3457 1754 3528 v),
1782 3458 2030 3522 risimus,
2066 3471 2128 3512 ea
2161 3473 2320 3512 scnes
2347 3472 2778 3514 commemorare
2805 3459 2893 3528 qui
2918 3457 3238 3527 possumus?
3264 3455 3346 3510 Ex
3384 3472 3529 3510 com-

210 3547 442 3601 maniori
482 3556 653 3600 autem
685 3547 1018 3618 chronologia
1047 3564 1147 3601 non
1176 3549 1249 3601 ita
1269 3565 1422 3603 senex
1454 3566 1590 3604 anno
1630 3549 1735 3605 397
1777 3550 1913 3605 diem
1949 3550 2071 3602 obiit
2109 3549 2441 3605 Ambrosias:
2461 3562 2779 3623 quapropter
2804 3569 2950 3607 suam
2976 3569 3089 3606 cum
3117 3561 3419 3605 senectutem
3449 3553 3535 3604 vix

213 3649 334 3695 ante
372 3656 568 3694 annum
617 3639 722 3696 589
767 3642 1073 3711 prwdicasse
1099 3642 1437 3714 judicaveris.
1483 3642 1688 3697 Accedit
1717 3642 1799 3698 his
1824 3643 1960 3713 quod
1986 3644 2096 3712 ipse
2122 3659 2235 3714 qate
2261 3644 2315 3697 id
2343 3646 2585 3717 temporis
2630 3647 2680 3699 in
2717 3645 2944 3701 Ecclesia
2981 3665 3076 3701 sua
3111 3645 3414 3716 agibantur,
3438 3647 3528 3700 de-

217 3733 442 3788 scribens
468 3733 612 3786 docet
623 3737 738 3806 jam
760 3750 860 3787 non
892 3733 1079 3788 multas
1105 3751 1211 3788 esse
1235 3737 1675 3807 congregationes,
1704 3737 1773 3790 ad
1797 3754 1926 3808 quas
1948 3739 2220 3808 separatim
2244 3740 2452 3810 pagani,
2489 3740 2814 3812 hxreticique
2840 3742 3146 3814 cogebantur
3174 3758 3189 3796 :
3219 3741 3325 3796 Sed
3355 3741 3529 3796 luctus

220 3836 326 3893 est,
351 3829 518 3899 inquit
540 3828 652 3899 (lib.
680 3845 758 3896 ιιι,
783 3846 829 3884 c.
865 3829 944 3902 9),
973 3845 1109 3884 unus
1133 3830 1392 3902 populus,
1423 3847 1490 3886 ex
1518 3831 1811 3900 luereticis,
1831 3839 1887 3888 ct
1906 3835 2156 3903 gentibus
2187 3835 2388 3904 repleta
2419 3843 2504 3890 est
2533 3836 2791 3891 Ecolesia.
2829 3837 2957 3902 Qtut’
2984 3853 3108 3890 sane
3136 3845 3383 3906 quantum
3410 3851 3528 3889 eam

220 3921 497 3993 assignatis
537 3923 848 3993 temporibus
879 3924 1390 3995 conveniant,facile
1409 3925 1570 3996 quivis
1595 3925 1875 3997 intelligat.
1921 3924 2042 3980 Hice
2087 3944 2304 3997 namque
2345 3939 2516 4000 aperte
2559 3929 2847 3998 significant
2879 3929 3048 3997 felices
3095 3927 3212 3980 illos
3243 3927 3383 3992 dies,
3413 3943 3528 3978 cum

224 4017 474 4072 exstincta
499 4015 712 4072 Iustina
735 4018 1057 4088 imperatriee
1085 4019 1390 4073 Arianorum
1418 4021 1652 4090 partibus
1681 4029 1785 4072 tam
1811 4021 2136 4089 pertinaciter
2153 4021 2381 4088 addicta,
2407 4026 2668 4090 confutan
2695 4024 3000 4091 repulsoque
3033 4019 3344 4091 Symmacho
3364 4020 3534 4073 ethni-

226 4126 406 4165 corum
458 4113 650 4166 rituum
693 4124 794 4166 tam
825 4113 947 4184 forti
979 4127 1378 4185 propugnatore,
1408 4116 1566 4168 victor
1594 4115 1801 4169 tandem
1827 4115 1892 4169 de
1913 4115 2142 4169 Maximo
2167 4127 2385 4186 tyranno
2417 4113 2737 4170 Theodosius
2765 4115 2987 4187 Magnas
3017 4126 3088 4170 tot
3117 4117 3211 4170 hoc
3234 4133 3368 4172 anno
3398 4118 3532 4189 leges

229 4203 390 4275 (Cod.
424 4206 524 4264 Th.
561 4208 638 4261 tit.
668 4209 732 4262 de
760 4225 880 4279 pag.
912 4218 956 4263 et
989 4209 1165 4264 lueret.
1191 4209 1232 4279 ),
1257 4219 1497 4280 tantaque
1527 4209 1800 4280 prudentia
1821 4210 2062 4263 adversus
2092 4225 2322 4279 paganos
2343 4218 2494 4277 atque
2521 4208 2784 4263 luereticos
2813 4211 2963 4276 tulit;
2986 4221 3039 4263 ut
3074 4227 3249 4264 eorum
3284 4213 3532 4281 plucimos

227 4301 279 4355 in
307 4300 554 4358 Ecclesia:
578 4303 840 4358 catholica:
869 4305 1040 4380 sinum
1064 4304 1356 4358 convolasse
1375 4304 1605 4378 ejusdem
1636 4304 1730 4358 crvi
1751 4305 2022 4374 scriptores
2045 4302 2325 4356 nataverint
2349 4301 2520 4370 (llier.
2553 4319 2632 4374 ep.
2667 4303 2719 4368 7;
2755 4301 2917 4356 Prud.
2947 4304 2982 4357 l.
3015 4319 3052 4370 I,
3088 4305 3138 4356 in
3166 4303 3379 4375 symb.).

301 4396 379 4449 Ad
403 4398 524 4451 anni
548 4414 702 4466 porro
733 4408 1078 4470 tempestatem
1103 4400 1239 4470 quod
1267 4401 1478 4466 attinet,
1511 4399 1723 4470 planum
1753 4399 1957 4468 quidem
1985 4395 2399 4461 estobservatum
2429 4396 2538 4450 istis
2584 4396 2758 4450 diebus
2792 4397 3051 4469 jejunium
3092 4413 3110 4451 :
3138 4397 3408 4451 verisimile
3432 4415 3532 4451 au-

233 4498 327 4544 tem
357 4508 456 4546 non
483 4491 632 4546 aliud
662 4494 819 4565 fuisse
845 4495 976 4548 illud
1005 4510 1158 4561 quam
1196 4495 1426 4549 exeuntis
1461 4494 1900 4563 Quadragesimw.
1953 4489 2158 4544 Etenim
2187 4490 2389 4546 eosdem
2418 4491 2538 4546 illos
2565 4491 2671 4544 dies
2701 4492 2976 4561 singularis
2997 4493 3245 4546 exstitisse
3269 4493 3532 4564 religionis

237 4603 291 4641 eo
315 4600 546 4644 constare
569 4599 763 4659 potest,
785 4589 923 4660 quod
952 4607 1151 4644 summa
1178 4607 1325 4645 mane
1354 4591 1574 4661 populus
1600 4589 1668 4643 ad
1694 4586 1980 4643 Ecclesium
2004 4589 2238 4658 frequens
2261 4589 2540 4658 conﬂueret
2559 4630 2572 4653 ,
2601 4588 2737 4641 unde
2758 4605 2861 4642 non
2885 4589 2982 4642 nisi
3004 4599 3118 4660 post
3145 4589 3268 4642 solis
3299 4593 3535 4643 occa’sum

235 4679 530 4737 discederet.
576 4681 761 4753 Itaque
791 4682 932 4737 haud
962 4683 1214 4738 immerito
1240 4682 1434 4738 dixeris
1461 4683 1585 4737 tales
1613 4683 1773 4754 fuisse
1799 4697 1913 4744 eos,
1937 4680 2114 4752 quales
2148 4682 2199 4734 in
2234 4681 2346 4752 ipsa
2380 4677 2602 4735 Justina'
2657 4683 2906 4736 servientis
2936 4683 3280 4751 persecutione
3311 4684 3374 4737 ab
3406 4683 3531 4737 Am-

240 4773 397 4831 brosio
417 4775 799 4844 describuntur,
823 4775 1030 4846 quando
1057 4792 1146 4846 per
1167 4792 1366 4832 sacram
1389 4775 1758 4829 hebdomadam
1790 4774 1930 4843 plebs
1961 4773 2123 4828 omnis
2143 4773 2211 4827 ad
2224 4772 2484 4843 ‘t'rgendam
2509 4775 2810 4827 matutinum
2833 4775 3266 4844 vespertinamque
3295 4777 3531 4846 synaxim

239 4870 579 4926 conveniebat.
616 4868 882 4923 Addamus
905 4869 1112 4936 insuper
1141 4869 1319 4924 eadem
1344 4868 1398 4922 in
1424 4869 1654 4937 utrisque
1675 4867 1886 4921 coetibus
1914 4878 2125 4940 peracta
2156 4881 2282 4921 esse.
2307 4863 2445 4919 Nam
2471 4865 2535 4918 de
2563 4865 2642 4920 his
2663 4867 2835 4920 scribit
2853 4879 3058 4920 sanctus
3084 4867 3306 4923 Antistes
3335 4868 3529 4940 (Epist.

245 4963 307 5015 ad
336 4962 548 5036 Marc.),
584 4963 703 5018 dies
728 4977 847 5018 esse
872 4962 1068 5032 quibus
1097 4961 1150 5016 in
1178 4961 1418 5016 Ecclesia
1453 4961 1764 5032 pamitenlia
1797 4960 2102 5027 relaxatur;
2126 4963 2188 5015 de
2216 4960 2321 5016 illis
2343 4961 2465 5033 (lib.
2490 4976 2543 5027 ν,
2572 4977 2619 5016 c.
2644 4961 2763 5030 25),
2790 4969 3000 5030 tempus
3019 4976 3138 5016 esse
3168 4977 3276 5032 quo
3297 4962 3540 5018 celebra-

245 5063 324 5110 tur
347 5057 677 5126 indulgentia
697 5063 1038 5126 peccatorum
1067 5071 1079 5107 :
1105 5053 1159 5106 in
1184 5052 1265 5107 his
1291 5053 1469 5107 lectam
1493 5051 1646 5106 Jona:
1671 5052 1990 5124 praphetiam
2012 5053 2190 5107 asserit
2216 5051 2410 5124 (Epist.
2439 5051 2507 5104 ad
2535 5049 2753 5122 Mam),
2771 5052 2822 5104 in
2855 5052 2959 5105 illis
2979 5052 3113 5104 idem
3131 5055 3414 5122 pt‘rrslilum
3436 5070 3536 5106 non

249 5147 439 5203 obscure
465 5149 706 5222 designat
729 5148 840 5215 (lib.
877 5164 928 5211 ν,
960 5163 1006 5201 c.
1041 5147 1097 5201 ll
1131 5155 1176 5200 et
1207 5146 1278 5200 ‘25
1303 5144 1348 5216 ).
1394 5143 1458 5198 In
1482 5144 1591 5199 istis
1617 5143 1773 5216 igitur
1799 5143 2122 5199 conventibus
2144 5160 2258 5197 cum
2280 5142 2457 5197 eodem
2480 5143 2563 5195 die
2583 5141 2657 5194 bis
2674 5141 2970 5211 aliquando,
2998 5139 3178 5193 Basilii
3206 5156 3365 5202 more,
3389 5141 3540 5194 verba

249 5224 456 5314 faceret,
492 5260 586 5298 sex
615 5244 825 5298 omnino
857 5241 1036 5297 diebus
1065 5248 1354 5311 susceptum
1385 5247 1742 5309 argumentum
1769 5237 2004 5304 absolvit,
2023 5235 2119 5290 hoc
2140 5246 2235 5302 est,
2256 5237 2392 5290 intra
2431 5233 2765 5289 hebdomadas
2787 5233 2941 5285 unius
2961 5233 3242 5302 angustias.
3272 5229 3463 5282 Probat
3490 5232 3546 5284 id

252 5339 437 5407 quidem
466 5355 500 5392 a
533 5337 677 5392 nobis
700 5336 936 5391 instituta
961 5349 1255 5391 sermonum
1278 5330 1491 5397 divisio;
1519 5339 1571 5384 at
1600 5328 1732 5383 illud
1757 5330 1890 5384 idem
1920 5329 2102 5384 evincit
2134 5329 2341 5398 ipsemet
2373 5326 2672 5382 Ambrosias
2703 5326 2755 5378 in
2785 5325 2893 5378 hxc
2915 5322 3064 5376 verba
3092 5323 3110 5388 (
3141 5321 3229 5372 lib.
3264 5335 3336 5385 v1,
3367 5335 3416 5373 c.
3451 5321 3536 5392 l):

254 5427 344 5498 Qui
365 5435 550 5506 (sermo
578 5429 770 5502 noster)
795 5431 897 5487 etsi
929 5445 1024 5502 per
1045 5427 1281 5500 quinque
1306 5425 1416 5497 jam
1445 5424 1562 5482 dies
1592 5437 1700 5480 non
1727 5422 1990 5482 mediocri
2021 5423 2207 5480 labore
2228 5422 2382 5479 nobis
2403 5420 2767 5494 processerit;
2801 5427 2978 5472 tamen
3005 5414 3264 5467 hodierno
3301 5411 3408 5476 die,
3439 5423 3538 5470 etc.
