4156 6370
565 319 673 380 1ὶῖ

1893 318 2143 380 SANCTI
2181 320 2508 381 AMBROSII

3768 322 3874 380 ili

685 455 3867 484 *Ἥ

928 572 1952 741 SANCTI
2164 572 3626 744 AMBROSII’

1734 833 2309 918 MEDIOLANENSIS
2375 833 2710 918 EPISCOPI

1473 1015 3020 1170 HEXAEMERON

1946 1245 2242 1324 LIBRI
2295 1247 2561 1326 SEX.ul

1674 1404 2716 1441 ψ

1757 1504 2104 1589 LIBER
2180 1502 2661 1594 PRIMUS.

1443 1662 1602 1734 DE
1694 1659 2111 1733 OPEBE
2213 1659 2593 1732 PRIMI
2690 1664 3007 1744 DIEI.

862 1829 906 1900 ι
936 1823 1162 1883 CAPUT
1201 1821 1490 1882 PRIMUM.
1526 1820 1751 1893 (Sermo
1791 1815 1866 1891 l.)

571 1942 649 2000 De
669 1942 849 1998 mundi
873 1942 1153 2016 principio,
1191 1942 1461 1996 duratione
1493 1949 1542 1993 et
1571 1937 1782 1993 unitate.
1821 1932 2167 2005 ΡΙιὶιοεορΙιο-

757 2052 874 2090 rum
902 2050 1102 2090 errores
1131 2037 1425 2108 referuntur
1450 2049 1510 2086 ac
1538 2029 1976 2100 perstringuntur.

644 2149 695 2204 ἰ.
713 2147 1016 2202 Tantumne
1035 2147 1308 2215 Opinionis
1323 2145 1682 2214 assumpsisse
1704 2142 1974 2207 homines,
1994 2149 2048 2195 nt
2070 2139 2169 2194 ali-

568 2239 659 2310 qui
681 2253 868 2295 eorum
894 2239 991 2294 tria
1009 2239 1273 2310 principia
1287 2239 1679 2295 constituerent
1694 2235 1958 2299 omnium,
1974 2234 2162 2298 Deum,

573 2341 629 2386 et
675 2332 958 2402 exemplar
985 2373 1000 2397 ,
1034 2340 1088 2386 et
1117 2331 1400 2386 materiam
1427 2370 1443 2395 ,
1477 2330 1613 2384 sicut
1641 2327 1795 2383 Plato
1817 2325 2172 2397 discipulique

568 2425 688 2494 ejus
713 2441 729 2491 ;
754 2433 809 2479 et
846 2439 909 2479 ea
941 2425 1253 2494 ineorrupta
1289 2465 1304 2490 ,
1348 2432 1403 2478 et
1441 2424 1681 2478 increata
1704 2464 1718 2488 ,
1751 2435 1816 2476 ac
1854 2421 1974 2476 sine
2016 2418 2171 2474 initio

566 2532 689 2573 esse
712 2526 1092 2571 asseverarent
1125 2532 1138 2570 :
1171 2516 1447 2586 Deumque
1488 2529 1594 2569 non
1645 2523 1918 2584 tamquam
1958 2519 2171 2567 creato-

567 2627 683 2668 rem
727 2612 1001 2676 materiae,
1035 2610 1132 2666 sed
1165 2620 1436 2680 tamquam
1470 2608 1732 2664 artiﬁcem
1762 2606 1827 2662 ad
1856 2606 2166 2675 exemplar,

565 2707 671 2764 hoc
700 2715 822 2772 est,
875 2705 1051 2760 ideam
1101 2705 1469 2760 intendentem
1500 2745 1516 2771 ,
1551 2703 1744 2760 fecisse
1799 2701 2058 2756 mundum
2097 2700 2167 2756 de

565 2797 790 2853 materia
813 2838 830 2865 ,
863 2812 1023 2866 quam
1057 2805 1252 2852 vocant
1299 2796 1493 2868 hylen,
1545 2810 1664 2866 quas
1691 2792 1946 2866 gignendi
1974 2805 2166 2847 causas

565 2891 728 2947 rebus
782 2889 1033 2946 omnibus
1091 2889 1309 2945 dedisse
1357 2897 1631 2944 asseratur
1676 2888 1897 2959 :ipsum
1951 2899 2166 2957 quoque

565 2990 617 3060 2
655 2985 912 3040 mundum
955 2986 1358 3055 incorruptum,
1401 2998 1500 3039 nec
1539 2992 1814 3049 creatum,
1847 2991 1937 3036 aut
1968 2979 2164 3036 factum

564 3079 945 3134 existimarent
969 3095 982 3132 :
1013 3077 1102 3131 alii
1133 3092 1350 3148 quoque
1376 3118 1390 3141 ,
1422 3085 1479 3130 ut
1508 3075 1828 3131 Aristoteles
1857 3088 1979 3129 cum
2005 3071 2164 3128 suisb

563 3172 944 3242 disputandum
987 3172 1222 3242 putavit,
1254 3170 1366 3225 duo
1405 3169 1665 3240 principia
1711 3179 2012 3240 ponerent,
2046 3183 2162 3222 ma-

562 3265 751 3320 teriam
781 3271 836 3319 ct
861 3264 1097 3335 speciem
1131 3305 1144 3330 ,
1175 3273 1230 3318 et
1258 3261 1476 3319 tertium
1503 3277 1624 3317 cum
1657 3261 1753 3328 iis,
1799 3259 1941 3331 quod
1973 3271 2166 3329 opera-

563 3360 761 3414 torium
785 3357 1008 3424 dicitur,
1039 3358 1123 3413 cui
1165 3365 1481 3426 suppeteret
1507 3361 1880 3426 competenter
1905 3350 2126 3408 efﬁcere
2148 3391 2163 3416 ,

562 3450 706 3521 quod
744 3450 1104 3505 adoriundum
1137 3457 1400 3519 putasset.

632 3541 689 3595 2.
735 3541 873 3610 Quid
901 3541 1068 3611 igitur
1097 3550 1204 3595 tam
1236 3539 1642 3602 inconveniens.
1671 3552 1832 3608 quam
1857 3546 1914 3592 ut
1940 3537 2160 3593 aeterni-

567 3647 733 3691 tatem
776 3636 962 3705 operis
1005 3650 1128 3690 cum
1156 3635 1252 3689 Dei
1283 3633 1674 3704 omnipotentis
1694 3632 2002 3688 aeternitate
2028 3645 2162 3686 con-

562 3729 852 3800 jungerent
881 3771 896 3796 ,
925 3728 1010 3784 vel
1045 3729 1220 3799 ipsum
1249 3743 1387 3798 opus
1421 3727 1588 3782 Deum
1633 3741 1754 3782 esse
1783 3726 2056 3788 dicerent;
2105 3733 2164 3780 ut

566 3822 799 3888 ctelmn,
833 3830 888 3877 et
910 3831 1109 3878 terram
1133 3863 1147 3886 ,
1204 3830 1259 3877 et
1290 3836 1440 3877 mare
1478 3820 1676 3876 divinis
1705 3830 2165 3891 prosequerentur

566 3914 911 3970 honoribus?
947 3915 1021 3970 Ex
1062 3932 1171 3987 quo
1221 3916 1423 3972 factum
1463 3927 1546 3972 est
1577 3957 1592 3982 ,
1640 3925 1697 3971 ut
1743 3924 1924 3986 partes
1977 3915 2162 3970 mundi

566 4007 701 4064 deos
738 4022 859 4064 esse
889 4009 1214 4076 crederent,
1247 4009 1499 4081 quamvis
1523 4009 1594 4065 de
1643 4009 1762 4080 ipso
1801 4009 2004 4066 mundo
2058 4025 2164 4064 non

567 4101 859 4156 mediocris
881 4101 1022 4157 inter
1050 4118 1145 4158 eos
1175 4103 1404 4172 quzestio
1437 4103 1524 4159 sit.

635 4193 702 4274 εὗζ
735 4192 868 4248 Nam
904 4195 1242 4268 Pythagoras
1288 4213 1452 4252 unum
1505 4197 1764 4253 mundum
1815 4197 2164 4254 asserit:alii

567 4289 996 4367 innumerabiles
1042 4290 1230 4346 dicunt
1260 4307 1382 4348 esse
1413 4292 1643 4349 mundos
1665 4333 1682 4360 ,
1713 4301 1771 4348 ut
1800 4293 2018 4364 scripsit
2061 4292 2166 4348 Dc-

567 4383 825 4438 mocritus
855 4425 871 4450 ,
903 4384 988 4438 cui
1036 4384 1330 4455 plurimum
1381 4385 1449 4440 dc
1478 4385 1723 4458 Pltysicis
1766 4396 2013 4443 vetustas
2036 4401 2165 4442 auc-

569 4476 803 4532 toritatis
839 4475 1056 4532 detulit.
1097 4475 1390 4548 Ipsumque
1436 4477 1692 4533 mundum
1733 4493 1951 4551 semper
1997 4478 2168 4536 fuisse

567 4580 623 4627 et
663 4572 776 4630 lore
805 4570 1131 4629 Aristoteles
1187 4580 1414 4644 usurpat
1468 4571 1699 4628 dicere:
1742 4583 1933 4630 contra
1979 4583 2157 4630 autem

568 4663 722 4718 Plato
753 4680 858 4719 non
887 4679 1104 4736 semper
1131 4664 1333 4732 fuisse,
1365 4665 1458 4722 sed
1487 4681 1702 4737 semper
1731 4664 1848 4723 fore
1890 4666 2168 4737 praesumit

565 4768 815 4812 astruere
848 4775 860 4811 :
905 4756 1123 4828 plurimi
1179 4774 1312 4815 vero
1337 4759 1390 4832 3
1418 4773 1517 4814 nec
1555 4758 1724 4816 fuisse
1765 4774 2016 4830 semper,
2068 4773 2168 4815 nec

567 4864 784 4920 semper
808 4849 924 4907 lore
951 4851 1168 4920 scriptis
1198 4853 1312 4907 suis
1342 4852 1720 4908 testiﬁcantur.

639 4938 695 4996 4.
737 4940 884 4998 Inter
927 4942 1022 4999 has
1062 4957 1250 5000 eorum
1295 4943 1666 5001 dissensiones
1692 4959 1810 5016 quae
1838 4951 2022 5016 potest
2047 4957 2170 5002 esse

570 5034 685 5091 veri
715 5035 1049 5093 aestimatio?
1078 5052 1202 5094 cum
1227 5037 1322 5094 alii
1355 5039 1614 5094 mundum
1647 5039 1822 5109 ipsum
1852 5038 2018 5096 Deum
2049 5039 2170 5096 esse

642 5228 666 5254 ιι
711 5214 911 5285 Scripti
955 5216 1099 5272 circa
1127 5233 1216 5272 an.
1251 5217 1381 5278 589.

639 5287 668 5327 ι)
710 5283 1109 5358 lvlanitscriptus
1156 5287 1504 5344 Corbeicnsis
1549 5303 1686 5343 unus
1734 5296 1787 5342 et
1830 5283 2174 5358 Colliertinns

570 5359 944 5430 disputandum
964 5353 1000 5432 ,⁷
1020 5370 1201 5428 putant
1247 5361 1350 5415 duo
1413 5361 1668 5432 principia
1716 5374 1935 5432 ponere.
1986 5353 2180 5432 Melius

570 5432 685 5504 alii,
711 5442 873 5500 atque
909 5431 1178 5488 editiones
1203 5475 1218 5499 ,
1251 5429 1542 5500 putavit...
1572 5429 1836 5504 ponerent.
1870 5429 2006 5504 ‘Hoc
2033 5429 2175 5504 quiin

575 5499 820 5557 ultimum
851 5505 1075 5558 verbum
1110 5499 1315 5574 pendet
1343 5521 1406 5559 ex
1437 5505 1553 5574 ipso
1573 5499 1730 5558 initio
1764 5501 1956 5572 capitis
1991 5518 2003 5554 :
2041 5499 2180 5555 Tun-

573 5584 811 5628 lumue...
844 5587 897 5629 ut
927 5576 1107 5646 aliqui,
1145 5586 1248 5631 etc.

655 5657 675 5684 ε
720 5646 816 5700 Ms.
844 5643 1249 5717 Regiu's,Corh.
1275 5657 1328 5703 et
1363 5646 1522 5700 Coll).
1553 5644 1802 5699 mundum
1821 5643 2175 5699 wsn’mntione.

582 5715 980 5785 Carnutensis‘,
1011 5721 1190 5773 mundi
1233 5720 1621 5774 arstimationem
1662 5717 1928 5770 volubilem
1955 5759 1969 5782 ,
2002 5730 2179 5771 rotun-

597 5790 1036 5858 dam,incitata,m.
1068 5795 1177 5852 Alii
1205 5804 1260 5851 et
1278 5794 1407 5850 edit.
1433 5791 1612 5846 mundi
1641 5789 1995 5847 wstimatione.
2016 5788 2178 5859 Bene,

2203 1815 2256 1878 A
2280 1815 2481 1885 dicant,
2515 1820 2657 1888 quod
2689 1821 2738 1876 ei
2788 1837 2943 1877 meus
2973 1821 3185 1892 divina,
3231 1835 3290 1881 ut
3322 1835 3542 1896 putant,
3588 1827 3770 1882 inesse
3799 1829 3880 1884 vi-

2271 1911 2495 1980 deatur;
2529 1913 2618 1967 alii
2645 1922 2830 1984 partes
2877 1917 2995 1984 ejus
3021 1959 3035 1982 ,
3069 1918 3161 1974 alii
3194 1927 3524 1990 utrumque;
3561 1920 3613 1975 in
3639 1935 3746 1991 quo
3774 1937 3879 1980 nec

2270 2019 2391 2074 quae
2416 2005 2580 2076 ﬁgura
2625 2005 2695 2061 sit
2733 2006 2958 2064 deorum
2986 2051 3002 2077 ,
3046 2026 3146 2066 nec
3197 2012 3287 2083 qui
3323 2029 3580 2068 numerus
3606 2054 3620 2078 ,
3655 2029 3755 2070 nec
3781 2015 3876 2085 qui

2274 2096 2451 2160 locus,
2485 2111 2575 2154 aut
2601 2100 2708 2154 vita
2741 2102 2952 2172 possit,
2979 2112 3073 2158 aut
3097 2120 3226 2160 cura
3259 2105 3667 2178 comprehendi.
3695 2106 3876 2176 Siqui-

2272 2191 2393 2246 dem
2423 2205 2442 2230 ε
2472 2193 2656 2249 mundi
2686 2197 3047 2252 aestimatione
3073 2197 3386 2264 volubilem,
3418 2198 3711 2256 rotundum
3732 2241 3744 2263 ,
3775 2215 3874 2254 ar.-

2271 2283 2526 2354 dentem,
2558 2286 2879 2358 quibusdam
2914 2290 3194 2347 incitatum
3228 2293 3492 2360 motibus,
3535 2293 3655 2349 sine
3705 2307 3872 2349 sensu

2275 2377 2444 2434 Deum
2471 2383 2764 2437 conveniat
2791 2381 3040 2454 intelligi,
3080 2383 3173 2456 qui
3197 2383 3398 2454 alieno,
3431 2400 3543 2442 non
3572 2399 3673 2442 suo
3716 2392 3869 2440 motu

2272 2471 2494 2528 feratur.

2906 2567 3136 2626 CAPUT
3175 2569 3241 2623 ll.

2274 2677 2473 2750 Moysi:
2516 2679 2690 2754 Opinio
2733 2682 2797 2738 de
2843 2684 2994 2738 initio
3039 2700 3246 2750 rerum,
3295 2694 3504 2739 auctore
3551 2686 3770 2750 mundi,
3822 2697 3876 2742 et

2342 2774 2602 2829 creatione
2630 2777 2877 2832 materiae.
2905 2775 3056 2832 Idem
3079 2778 3256 2832 multis
3286 2778 3579 2832 nominibus
3608 2794 3875 2833 common-

2342 2867 2497 2920 datur
2529 2883 2546 2921 :
2571 2868 2655 2921 cui
2676 2869 2766 2922 uni
2782 2909 2799 2938 ,
2819 2869 3045 2940 explosis
3065 2869 3248 2925 atomis
3274 2868 3528 2941 ideisque,
3557 2869 3874 2928 credendum

2341 2963 2646 3017 ostenditur.

2342 3079 2396 3135 5.
2443 3078 2595 3136 Unde
2621 3079 2807 3135 divino
2833 3081 3028 3151 spiritu
3054 3081 3365 3154 praevidens
3404 3088 3626 3136 sanctus
3655 3079 3872 3153 Moyses

2272 3172 2370 3228 hos
2393 3173 2670 3228 hominum
2694 3189 2916 3231 errores
2943 3173 3060 3230 fore
3088 3217 3102 3241 ,
3129 3183 3184 3230 et
3207 3173 3348 3229 forte
3373 3173 3485 3243 jam
3512 3173 3748 3242 cmpisse
3770 3216 3785 3240 ,
3817 3173 3870 3228 in

2269 3267 2501 3324 exordio
2529 3268 2802 3322 sermonis
2832 3269 2914 3322 sui
2944 3267 3024 3324 sic
3055 3269 3166 3335 ait,
3192 3265 3258 3321 In
3289 3267 3551 3337 principio
3582 3265 3698 3338 fecit
3731 3263 3870 3320 Dens

2268 3360 2446 3414 mlum
2477 3369 2521 3413 et
2551 3369 2740 3413 terram
2764 3359 2919 3431 (Gen.
2946 3375 2984 3427 ι,
3014 3358 3100 3432 Ι);
3133 3360 3342 3415 initium
3364 3373 3570 3423 rerum,
3593 3367 3870 3416 auctorem

2271 3450 2491 3516 mundi,
2543 3452 2879 3506 creationem
2939 3453 3182 3507 materiae
3235 3450 3753 3521 comprehendens;
3813 3457 3874 3506 ut

2273 3542 2438 3596 Deum
2466 3557 2828 3612 cognosceres
2871 3551 2998 3599 ante
3028 3544 3238 3598 initium
3270 3542 3455 3598 mundi
3488 3557 3642 3607 esse,
3679 3542 3762 3595 vel
3785 3542 3870 3610 ip-

2268 3652 2387 3692 sum
2419 3652 2540 3693 esse
2589 3638 2802 3693 initium
2851 3641 3262 3702 universorum;
3294 3640 3436 3692 sicut
3474 3636 3527 3691 in
3576 3636 3868 3706 Evangelia

2269 3730 2363 3786 Dei
2421 3730 2589 3784 Filius
2617 3730 2924 3786 dicentibus
2969 3731 3110 3796 sibi,
3144 3729 3222 3784 Tu
3269 3730 3383 3802 quis
3410 3746 3461 3785 es
3487 3730 3513 3784 7
3541 3727 3824 3797 respondit
3850 3745 3866 3782 :

2226 3893 2232 3899 _
2269 3824 2294 3860 ά
2331 3822 2546 3878 Initium
2584 3823 2725 3893 quod
2755 3833 2804 3880 et
2834 3825 3017 3895 loquor
3067 3823 3206 3878 vobis
3252 3823 3271 3894 (
3299 3821 3457 3878 Joan.
3485 3836 3596 3875 vm.
3620 3819 3692 3876 25
3723 3831 3742 3889 )
3773 3838 3785 3874 :
3814 3828 3872 3875 et

2193 4247 2238 4312 C

2220 5133 2246 5140 ρ

2275 3918 2450 3986 ipsqu
2493 3917 2712 3973 dedisse
2759 3916 3045 3988 gignendis
3098 3916 3262 3972 rebus
3306 3915 3560 3980 initium,
3603 3925 3658 3970 et
3689 3914 3868 3985 ipsum

2273 4024 2395 4066 esse
2421 4023 2722 4066 creatorem
2746 4009 2952 4076 mundi,
2976 4024 3082 4064 non
3114 4009 3236 4064 idea
3262 4008 3494 4080 quadam
3525 4007 3664 4062 duce
3690 4005 3870 4061 imita-

2275 4113 2447 4159 tm-em
2481 4104 2721 4159 materite
2746 4144 2761 4169 ,
2792 4119 2859 4159 ex
2889 4117 2992 4173 qua
3026 4118 3131 4157 non
3163 4099 3231 4156 ad
3262 4100 3546 4155 arbitrium
3568 4115 3748 4162 suum,
3772 4098 3869 4153 sed

2275 4197 2340 4251 ad
2367 4197 2604 4267 speciem
2639 4198 2973 4268 propositam
2997 4211 3092 4252 sua
3126 4210 3290 4266 opera
3322 4196 3600 4249 lormaret.
3638 4192 3872 4249 Pulchre

2273 4305 2486 4360 quoque
2536 4291 2640 4356 ait,
2674 4288 2738 4344 In
2770 4290 3024 4361 principio
3064 4292 3220 4361 fecit;
3252 4298 3310 4343 ut
3348 4286 3871 4358 incomprehensibi-

2273 4386 2377 4440 lem
2407 4384 2746 4440 celeritatem
2798 4385 2982 4455 operis
3010 4384 3340 4456 exprimeret
3364 4424 3380 4450 ,
3409 4398 3533 4438 cum
3566 4392 3590 4420 ο
3613 4379 3867 4438 eﬂ'ectmn

2275 4481 2426 4553 prius
2475 4479 2809 4550 operationis
2859 4479 3130 4549 impletae,
3178 4491 3336 4549 quam
3367 4475 3627 4531 indicium
3671 4482 3867 4546 empta:

2273 4575 2648 4646 explicuisset.
2965 4621 2970 4626 .

2346 4667 2400 4724 6.
2441 4668 2574 4737 Quis
2629 4667 2732 4722 hoc
2769 4664 2917 4721 dicat
2983 4664 3270 4720 advertere
3325 4661 3612 4717 debemus.
3658 4660 3873 4731 Moyses

2275 4763 2460 4833 utique
2492 4763 2580 4817 ille
2604 4759 2852 4817 eruditus
2883 4759 2936 4814 in
2978 4758 3126 4814 omni
3155 4757 3420 4828 sapientia
3451 4754 3828 4827 Egyptioruut
3852 4796 3870 4821 ,

2274 4871 2435 4927 quem
2472 4854 2541 4909 de
2570 4853 2794 4909 ﬂumine
2818 4853 3102 4908 collectum
3135 4849 3241 4906 ﬁlia
3273 4850 3482 4904 Pharao
3510 4858 3569 4904 ut
3593 4848 3762 4904 lilium
3791 4849 3874 4902 di-

2277 4947 2432 5014 lexit,
2459 4956 2517 5002 et
2542 4946 2799 5002 subsidiis
2827 4945 3099 5016 regalibus
3122 4944 3333 5009 fultum,
3358 4941 3612 4997 omnibus
3638 4942 3873 4997 stecula-

2278 5038 2356 5094 ris
2409 5036 2716 5109 prudentiae
2766 5035 3069 5110 disciplinis
3122 5035 3401 5092 informari
3454 5044 3619 5104 atque
3681 5034 3876 5090 instrui

2194 5224 2250 5286 1)
2279 5213 2516 5286 timatttr.

2351 5282 2376 5322 ἀ
2416 5281 2829 5350 Gemcticcnsis,
2863 5280 3310 5338 Cmnomancnsis
3334 5291 3388 5338 et
3422 5275 3876 5352 Vttlgata,7Prin¢

2282 5356 2472 5430 cipiunt
2499 5398 2511 5416 .
2537 5356 2642 5430 qui.
2695 5355 2850 5426 303.,
2883 5353 3265 5430 Germanensis
3288 5363 3346 5430 et
3368 5354 3498 5409 edit.
3518 5351 3871 5430 _.Itt_nerhach_ii

2281 5422 2556 5493 et'Petiti,
2593 5422 2809 5481 Initium
2853 5427 2963 5491 qui.
2994 5425 3490 5500 §icLDionysianps
3517 5422 3872 5500 iniracap._i-,

2285 5517 2432 5555 num.
2488 5500 2571 5553 15.
2603 5500 2795 5553 Decem
2825 5512 2954 5554 mss.
2991 5495 3201 5550 Iniiium
3232 5495 3389 5565 quod.
3421 5497 3510 5550 Sic
3549 5495 3710 5550 etiam
3741 5495 3869 5549 infr.

2284 5589 2434 5627 num.
2463 5571 2648 5634 citato,
2679 5581 2733 5626 et
2765 5572 2797 5623 l.
2826 5587 2883 5624 ιιι
2905 5568 2972 5624 de
2999 5568 3126 5622 Fide
3151 5568 3217 5622 ad
3239 5567 3388 5623 Grat.
3413 5584 3462 5622 c.
3493 5567 3548 5630 6,
3582 5567 3617 5620 Ι.
3652 5582 3704 5632 v,
3737 5581 3787 5620 c.
3813 5565 3868 5619 4.

2281 5643 2469 5718 Graece
2494 5649 2796 5718 autent-riu
2821 5646 3017 5718 ἀρχὴνἲ
3046 5639 3074 5697 ὅ
3093 5640 3424 5718 ’τιῂκαρδλαλῷ
3446 5641 3599 5718 ρμῑν.
3629 5637 3874 5693 Tremel-

2283 5717 2383 5770 lius
2416 5717 2577 5769 vertit
2607 5732 2619 5768 :
2643 5714 2696 5768 id
2723 5713 2865 5786 quod
2887 5713 3191 5786 uprincipio
3216 5713 3502 5786 dibovobis:

2359 5797 2380 5824 υ
2429 5788 2676 5858 Quinque
2716 5780 2848 5858 mss.
2890 5780 2947 5846 et
2970 5780 3348 5858 edit.'Erasmi
3389 5799 3451 5840 ac
3471 5781 3711 5839 Romana
3738 5820 3754 5850 ,
3791 5780 3876 5864 af-

595 5865 642 5932 si
682 5866 1058 5937 interpreteris
1079 5869 1231 5948 quasi
1260 5867 1330 5926 sit
1359 5864 1498 5928 idem
1529 5878 1592 5924 ac
1647 5871 1802 5944 prout
1830 5861 2060 5931 mundus
2081 5873 2182 5924 ars-
2277 5861 2486 5938 factum.

4133 1160 4137 1318 ι

4135 1340 4139 1612 l

4137 1635 4142 1914 Ι

4134 1160 4137 1318 l

4135 1340 4139 1612 l

4137 1635 4142 1914 Ι
