4102 6360
46 306 183 365 ηδ

61 525 332 590 putavit
365 535 595 585 tamen
638 530 959 598 dicendum,
993 533 1139 603 quod
1176 551 1243 591 ex
1277 552 1415 608 aqua
1461 546 1777 596 constarent

61 619 326 686 omnia,
367 630 443 677 ut
482 623 711 683 Thales
739 625 892 682 dixit.
922 626 1134 684 Etcum
1159 638 1306 685 esset
1333 630 1388 686 in
1424 631 1545 687 aula
1573 632 1774 687 educa-

71 718 184 766 tus
225 713 415 784 regia
442 757 461 780 ,
494 717 705 773 maluit
749 729 928 774 tamen
971 735 1068 790 pro
1094 735 1280 776 amore
1321 721 1544 791 iustitiae
1590 724 1777 780 subire

77 807 398 864 exsilium
446 811 880 878 voluntarium,
922 827 1083 882 quam
1131 813 1184 869 in
1217 814 1518 886 tyrannidis
1566 817 1777 887 fastigio

86 902 347 970 peccati
404 903 867 973 perfunctionem
914 905 1126 962 deliciis
1181 908 1482 979 acquirere.
1532 909 1776 981 Denique

87 992 481 1065 priusquam
543 996 618 1051 ad
668 998 849 1068 populi
896 997 1162 1056 liberandi
1215 1016 1412 1056 munus
1455 1011 1771 1080 vocaretur,

89 1088 374 1143 naturali
435 1089 732 1160 aequitatis
779 1091 962 1147 studio
1007 1102 1372 1161 provocatus,
1417 1095 1774 1166 accipientem

96 1181 408 1254 iniuriam
439 1183 525 1240 de
564 1185 918 1255 popularibus
944 1186 1059 1242 suis
1095 1187 1263 1255 ultus,
1294 1189 1509 1244 invidia:
1534 1204 1654 1245 sese
1677 1189 1774 1246 de~

94 1275 187 1331 dit
211 1319 228 1342 ,
266 1277 700 1349 Voluptatique
720 1278 942 1350 eripuit,
973 1290 1134 1351 atque
1163 1296 1356 1338 omnes
1389 1283 1552 1351 regize
1579 1283 1775 1339 domus

95 1373 442 1428 declinans
483 1375 785 1440 tumultus,
813 1375 866 1431 in
898 1387 1165 1433 secretum
1187 1375 1482 1449 Ethiopians
1503 1392 1562 1434 se
1587 1385 1779 1434 contu-

102 1467 202 1531 lit;
237 1467 480 1524 ibidem
516 1484 552 1523 a
579 1468 800 1524 caeteris
828 1470 1062 1540 negotiis
1083 1482 1343 1536 remotus,
1375 1480 1542 1527 totum
1572 1472 1769 1526 divinas

99 1561 455 1630 Cognitioni
489 1563 742 1617 animum
777 1563 1028 1626 intendit,
1055 1573 1111 1618 ut
1134 1564 1362 1634 gloriam
1386 1563 1778 1638 Dei‘videret

109 1651 276 1710 facie
311 1653 391 1709 ad
423 1654 660 1711 faciem.
707 1654 806 1711 Cui
849 1655 1166 1712 testiﬁcatur
1195 1656 1502 1726 Scriptura,
1533 1659 1658 1728 quia
1688 1673 1777 1712 ne-

113 1763 214 1801 mo
244 1747 512 1801 surrexit
546 1747 772 1820 amplius
799 1746 1062 1819 Propheta
1085 1750 1138 1803 in
1161 1748 1350 1814 Israel,
1383 1751 1517 1804 sicut
1546 1749 1769 1821 Moyses,

1446 325 1945 386 ΙΙΙΖΧΑΕΙΙΕΒΟΝ.
1991 332 2117 390 LIB.
2162 339 2201 394 Ι.
2253 385 2255 388 ι

50 425 507 489 desideravit.
549 433 665 504 Qui
697 449 818 492 cum
851 433 918 491 de
948 449 1088 508 aqua
1121 453 1319 495 nomen
1348 443 1640 512 acceperit,
1664 459 1772 498 non
1801 447 1853 510 Α

2496 458 2724 516 CAPUT
2765 457 2852 515 ΙΙΙ.

1887 637 2211 708 Principium
2249 656 2395 694 suum
2423 659 2455 696 a
2491 641 2599 698 Deo
2633 643 2880 698 mundum
2921 641 3108 698 habere
3131 658 3148 696 :
3169 659 3232 696 ac
3263 641 3477 713 proinde

1949 749 2066 786 eum
2087 773 2100 798 ,
2135 731 2252 788 licet
2271 734 2526 804 sphterica
2547 738 2717 808 ﬁgura
2745 738 2842 804 sit,
2874 745 3118 792 (sternam
3146 753 3246 792 non
3272 753 3398 792 esse.

1953 894 2007 950 8.
2057 893 2119 950 In
2158 893 2436 966 principio,
2466 895 2655 965 inquit.
2680 895 2850 964 Quam
2875 897 3050 952 bonus
3077 895 3233 963 ordo,
3256 904 3312 951 ut
3341 895 3472 952 illud

1885 987 2120 1058 primum
2175 998 2484 1054 assereret,
2528 986 2668 1056 quod
2715 1003 2914 1058 negare
2957 997 3386 1055 consueverunt,
3418 997 3475 1044 et

1882 1091 2276 1154 cognoscerent
2299 1083 2619 1154 principium
2643 1096 2764 1138 esse
2792 1082 2999 1146 mundi,
3029 1098 3098 1140 ne
3127 1085 3245 1140 sine
3266 1083 3471 1154 princi-

1880 1179 1972 1250 pio
2018 1177 2278 1234 nnmdnm
2308 1192 2431 1233 esse
2461 1175 2709 1231 homines
2760 1175 3175 1232 arbitrarentur.
3220 1175 3374 1233 Unde
3419 1184 3476 1231 et

1880 1271 2049 1328 David
2067 1286 2190 1326 cum
2221 1270 2290 1326 de
2308 1271 2471 1338 ctelo,
2495 1279 2549 1326 et
2573 1277 2736 1334 terra,
2770 1275 2826 1324 et
2855 1269 2987 1324 mari
3021 1269 3348 1339 loqueretur,
3375 1271 3472 1337 ait,

1892 1364 2081 1420 Omnia
2108 1365 2164 1419 in
2203 1363 2458 1436 sapientia
2487 1362 2651 1434 fecisti
2695 1360 2813 1433 (Ps.
2843 1375 2960 1427 cm,
2983 1360 3100 1429 25).
3135 1361 3292 1414 Dedit
3345 1375 3476 1431 ergo

1883 1457 2202 1529 principium
2247 1456 2448 1512 mundo
2471 1495 2488 1522 ,
2520 1454 2667 1510 dedit
2695 1455 2856 1509 etiam
2888 1461 3157 1509 creaturae
3195 1449 3212 1488 ί
3249 1451 3474 1508 inﬁrmi-

1884 1559 2072 1618 tatem,
2105 1565 2173 1606 ne
2200 1547 2472 1604 anarchon
2499 1589 2514 1614 ,
2548 1562 2616 1602 ne
2660 1546 2959 1603 increatum
2981 1586 2994 1612 ,
3025 1554 3080 1600 et
3117 1544 3314 1600 divinae
3344 1560 3477 1598 eon-

1882 1655 2088 1702 sortem
2119 1641 2436 1700 substantiae
2457 1641 2827 1699 crederemus.
2862 1641 2926 1696 Et
2954 1639 3178 1711 pulchre
3235 1636 3474 1704 addidit,

1884 1747 1909 1788 8
1941 1736 2088 1791 Fecit
2112 1776 2126 1798 .
2159 1750 2226 1792 ne
2256 1749 2404 1789 mora
2438 1734 2489 1788 in
2538 1731 2783 1788 faciendo
2826 1731 2990 1786 fuisse
3021 1730 3432 1787 existimaretur
3459 1743 3474 1792 ;

122 1838 146 1861 ⁸
179 1855 353 1909 quem
386 1839 554 1894 scivit
582 1838 840 1893 Dominus
866 1840 999 1911 [acie
1023 1841 1091 1894 ad
1123 1842 1307 1911 faciem
1334 1840 1353 1913 (
1376 1839 1530 1896 Deut.
1570 1858 1734 1898 χιιιν
1757 1882 1774 1911 ,
1805 1844 1855 1908 Β
1886 1843 1942 1887 ut
1973 1832 2053 1887 vel
2078 1832 2156 1885 sic
2187 1829 2547 1897 intelligerent
2578 1827 2825 1881 homines
2847 1841 3006 1896 quam
3036 1823 3478 1892 incomparabilis

121 1931 254 2000 10).
295 1931 431 1986 Non
464 1933 529 1986 in
561 1931 824 2000 visione,”
857 1949 1031 2004 neque
1059 1935 1360 1990 insomniis
1409 1935 1502 1991 sed
1528 1950 1590 1992 os
1617 1935 1684 1990 ad
1708 1951 1773 1992 os

126 2039 265 2079 cum
301 2024 432 2080 Deo
466 2040 689 2082 summo
717 2026 927 2082 locutus
956 2043 971 2093 ;
1005 2043 1182 2098 neque
1233 2029 1284 2084 in
1332 2030 1515 2100 specie
1538 2071 1554 2096 ,
1598 2047 1775 2102 neque

133 2132 246 2188 per
275 2118 593 2188 aenigmata
616 2160 632 2186 ,
665 2119 761 2176 sed
807 2120 949 2175 clara
977 2130 1142 2190 atque
1169 2124 1450 2194 perspicua
1476 2127 1777 2193 prazsentiaa

144 2211 369 2268 divinze
403 2223 428 2252 ο
466 2211 784 2283 dignatione
805 2213 1054 2270 donatus.

221 2306 281 2361 7.
333 2305 389 2359 Is
426 2305 617 2376 itaque
668 2307 880 2380 Moyses
919 2309 1134 2379 aperuit
1176 2324 1238 2366 os
1264 2326 1419 2367 suum
1446 2353 1463 2379 ,
1492 2320 1546 2367 et
1591 2311 1780 2370 effudit

147 2415 280 2470 quas
310 2399 372 2454 in
401 2413 478 2454 eo
526 2400 783 2456 Dominus
830 2401 1181 2470 laquebatur,
1215 2404 1508 2460 secundum
1559 2407 1696 2476 quod
1728 2407 1778 2462 ei

148 2494 407 2561 dixerat,
438 2512 567 2552 cum
595 2512 720 2553 eum
745 2496 812 2552 ad
838 2497 1050 2552 Pharao
1078 2514 1259 2570 regem
1291 2501 1550 2570 dirigeret
1583 2519 1595 2555 :
1643 2501 1782 2558 Vade

153 2605 308 2660 ergo,
341 2600 390 2644 et
414 2606 518 2661 ego
545 2593 779 2661 aperiam
806 2609 861 2646 os
892 2600 1071 2658 tuum,
1101 2604 1149 2648 et
1187 2595 1442 2648 instruant
1473 2605 1519 2650 te
1542 2597 1669 2664 quid
1695 2598 1782 2652 de-

142 2681 271 2735 beas
293 2681 450 2750 loqui
473 2684 496 2749 (
513 2681 682 2740 Exod.
716 2700 767 2738 tv
789 2727 801 2748 ,
836 2683 945 2756 12).
981 2684 1194 2740 Etenim
1239 2687 1282 2741 si
1317 2687 1458 2758 quod
1484 2688 1550 2743 de
1580 2690 1780 2760 populo

141 2775 510 2830 dimittenda
538 2778 752 2834 diceret
773 2818 787 2841 ,
816 2793 846 2833 a
872 2780 985 2834 Deo
1013 2790 1303 2851 acceperat
1333 2821 1348 2846 ,
1377 2795 1583 2852 quanto
1614 2785 1783 2854 magis

149 2867 306 2938 quod
334 2867 408 2923 de
446 2871 607 2926 coelo
654 2871 1010 2940 loqueretur?
1055 2874 1295 2942 Denique
1341 2888 1449 2928 non
1483 2877 1534 2929 in
1564 2890 1782 2944 persua-

156 2959 322 3015 siOne
348 2957 622 3014 humanae
653 2961 955 3030 sapientiae,
985 2976 1087 3018 nec
1110 2963 1165 3016 in
1191 2964 1544 3034 philosophia:
1565 2965 1786 3020 simula-

161 3052 330 3108 toriis
356 3053 834 3123 disputationibus
855 3095 869 3119 ,
897 3053 993 3108 sed
1040 3055 1092 3108 iu
1124 3055 1438 3109 ostensione
1476 3057 1698 3125 spiritus
1731 3065 1788 3112 et

163 3147 414 3212 virtutis,
437 3157 719 3217 tamquam
743 3145 892 3202 testis
910 3147 1077 3201 divini
1095 3147 1275 3216 cperis
1289 3161 1452 3203 ausus
1471 3156 1555 3203 est
1570 3148 1781 3204 dicere:

1884 1932 2139 1995 operator
2164 1931 2347 1989 esset,
2371 1921 2464 1993 qui
2509 1929 2712 1976 tantum
2750 1936 2884 1990 opus
2915 1919 3062 1975 brevi
3095 1917 3146 1990 5
3172 1916 3478 1986 exiguoque

1882 2018 1909 2056 ἰ
1934 2025 2211 2073 momento
2241 2029 2354 2072 sum
2383 2012 2712 2084 operationis
2742 2012 3068 2076 absolveret,
3100 2020 3157 2065 ut
3185 2009 3478 2066 voluntatis

1883 2109 2107 2167 allectus
2137 2109 2150 2147 ί
2176 2123 2397 2164 sensum
2421 2109 2678 2177 temporis
2703 2108 3042 2176 prmvcniret.
3060 2105 3228 2161 Nemo
3249 2119 3480 2175 operan-

1884 2213 1990 2262 tem
2017 2203 2172 2269 vidit,
2206 2201 2300 2258 sed
2337 2201 2555 2271 agnovit
2586 2209 2893 2271 operatum.
2927 2199 3021 2255 Ubi
3071 2200 3229 2270 igitur
3279 2213 3428 2253 mora
3458 2239 3474 2266 ,

1885 2315 2007 2357 cum
2036 2300 2184 2370 legas
2215 2315 2230 2354 :
2261 2298 2395 2365 Quia
2424 2298 2535 2364 ipse
2564 2296 2712 2358 dixit,
2749 2305 2795 2350 et
2823 2295 2964 2364 facta
2991 2304 3144 2359 sunt;
3177 2294 3288 2366 ipse
3332 2310 3478 2347 man-

1883 2393 2021 2448 davit
2051 2434 2065 2460 ,
2089 2401 2134 2447 et
2155 2400 2328 2446 creata
2357 2399 2476 2445 sunt
2504 2387 2624 2461 (Ps.
2649 2403 2868 2454 CXLVIII,
2901 2387 3000 2458 5)?
3030 2386 3138 2441 Nec
3159 2386 3292 2440 artis
3319 2385 3479 2456 igitur

1889 2503 2065 2554 usum,
2103 2500 2203 2540 nec
2234 2485 2449 2539 virtutis
2489 2481 2767 2553 expendit,
2799 2481 2893 2556 qui
2925 2488 3204 2534 momento
3231 2493 3340 2532 sua:
3382 2491 3477 2530 vo-

1892 2583 2115 2638 luntatis
2146 2577 2479 2645 maiestatem
2527 2585 2688 2630 tanta:
2728 2572 3057 2644 operationis
3108 2571 3386 2640 implevit;
3421 2579 3481 2625 ut

1884 2690 1946 2731 ea
1978 2687 2099 2744 qua:
2131 2687 2236 2727 non
2268 2678 2452 2737 erant,
2484 2683 2608 2724 esse
2636 2668 2838 2723 laceret
2865 2674 2972 2720 tam
2995 2664 3277 2730 velociter,
3303 2672 3360 2717 ut
3385 2676 3482 2717 nc.-

1885 2783 1989 2838 que
2026 2765 2272 2820 voluntas
2298 2761 2598 2833 operationi
2631 2768 3004 2832 praecurreret,
3037 2773 3210 2829 neque
3231 2755 3480 2826 operatio

1885 2859 2168 2918 voluntati.

1959 2953 2012 3009 9.
2057 2950 2264 3023 Miraris
2293 2963 2428 3019 opus
2449 2991 2463 3015 ,
2492 2947 2688 3018 quaeris
2715 2954 3052 3017 Operalorem
3079 2983 3094 3008 ,
3125 2942 3244 3014 quis
3284 2941 3483 3012 princi-

1891 3044 2035 3114 pium
2067 3051 2216 3098 tanto
2243 3042 2389 3110 operi
2438 3039 2679 3103 dederit,
2709 3040 2827 3107 quis
2857 3047 2962 3090 tam
2999 3035 3106 3090 cito
3156 3034 3205 3088 id
3257 3032 3483 3087 fecerit?

1888 3133 2130 3203 Snbjecit
2175 3133 2396 3196 statim,
2454 3130 2638 3184 dicens
2691 3128 2814 3197 quia
2865 3125 2998 3179 Dens
3055 3126 3172 3196 fecit
3213 3125 3392 3178 cwlum
3438 3131 3484 3177 et

170 3241 241 3296 In
269 3240 540 3313 principio
561 3215 684 3311 fecit
705 3240 842 3296 Deus
873 3243 1059 3296 εωιιιηι
1081 3249 1130 3296 et
1161 3251 1364 3296 terram.
1399 3241 1516 3296 Non
1566 3242 1656 3296 me
1686 3282 1700 3306 ,
1729 3251 1784 3297 ut
1810 3237 1856 3303 (ς
1889 3239 2098 3284 terram.
2142 3225 2351 3282 Audisti
2385 3231 2654 3278 auctorem
2679 3263 2693 3286 ,
2725 3220 2971 3313 dubitare
3013 3233 3122 3313 non
3159 3217 3344 3271 debes.
3389 3215 3484 3270 llic

172 3346 488 3390 atomorum
514 3335 877 3390 concursione
906 3334 1138 3388 mundus
1166 3334 1337 3389 coiret
1358 3374 1372 3397 ,
1402 3348 1584 3389 serum
1624 3343 1786 3404 atque

176 3427 416 3484 otiosum
446 3428 781 3497 exspectavit
817 3427 1093 3497 negotium
1120 3441 1134 3491 ;
1159 3426 1187 3462 ά
1215 3440 1391 3496 neque
1440 3425 1783 3495 disciplinam

177 3519 474 3591 quamdam
513 3519 754 3574 materia:
782 3559 796 3583 .
829 3535 989 3590 quam
1022 3517 1472 3586 contemplando,
1522 3518 1781 3575 mundum

184 3620 366 3682 posset
391 3610 651 3682 effingere
675 3653 690 3676 ,
719 3611 820 3666 sed.
856 3620 1133 3667 auctorem
1168 3611 1333 3666 Deum
1364 3612 1778 3683 exprimendum

185 3705 414 3774 putavit.
446 3703 695 3759 Advertit
722 3704 869 3758 enim
899 3703 980 3758 vir
1013 3703 1207 3773 plenus
1251 3703 1586 3771 prudentiae,
1635 3705 1782 3776 quod

187 3795 478 3849 visibilium
506 3804 667 3865 atque
692 3805 714 3831 θ
739 3793 1092 3854 iuvisibilium
1119 3795 1475 3862 substantias,
1506 3797 1742 3867 origines
1763 3838 1780 3865 ,

185 3898 240 3943 et
264 3902 458 3944 causas
489 3903 672 3944 rerum
705 3904 858 3944 mens
885 3888 1000 3944 sola
1029 3887 1215 3942 divina
1252 3890 1560 3955 contineat,
1585 3906 1692 3944 non
1725 3898 1784 3946 ut

190 3981 494 4051 philosophi
545 3981 857 4051 diSputant,
892 3982 1227 4044 ,validiorem
1281 3994 1586 4038 atomorum
1638 3998 1789 4039 com-

190 4077 489 4145 plexionem
545 4075 962 4144 perseverantiae
1006 4074 1151 4145 jugis
1205 4085 1470 4144 prmstare
1522 4089 1781 4133 causam:

191 4168 283 4224 sed
303 4168 564 4238 judicavit
588 4167 732 4239 quod
759 4168 922 4224 telam
951 4183 1167 4224 araneae
1196 4177 1443 4224 texerent
1465 4170 1555 4239 qui
1576 4169 1654 4224 sic
1687 4167 1788 4225 mi-

191 4271 315 4317 nuta
341 4275 394 4318 et
421 4262 815 4319 insubstantiva
845 4264 1110 4334 principia
1128 4262 1268 4319 caelo
1289 4277 1354 4318 ac
1391 4264 1551 4321 terris
1567 4264 1781 4328 darent,

195 4371 309 4426 qua:
335 4367 389 4412 ut
405 4356 630 4414 fortuito
652 4357 1140 4427 coniungeremur,
1160 4357 1232 4412 ita
1250 4356 1476 4412 fortuito
1493 4371 1557 4412 ac
1585 4368 1787 4413 temere

195 4447 644 4516 dissolverentur,
667 4451 767 4504 nisi
796 4450 848 4504 in
877 4451 960 4506 sui
984 4449 1364 4521 gubernatoris
1386 4449 1565 4510 divina
1589 4450 1788 4506 virtute

197 4551 517 4600 constarent.
562 4544 673 4601 Nec
708 4545 978 4600 immerito
1022 4543 1441 4615 gubernatorem
1492 4545 1784 4610 nesciunt,

1889 3326 1973 3380 est
2005 3323 2056 3377 in
2089 3337 2196 3392 quo
2241 3316 2514 3374 benedixit
2544 3312 2935 3370 Melchisedech
2967 3310 3236 3366 Abraham
3277 3317 3481 3377 patrem

1891 3416 2178 3472 multarum
2231 3411 2470 3484 gentintn
2499 3451 2512 3472 ,
2543 3408 2730 3463 dicens
2759 3424 2770 3460 :
2813 3405 3120 3460 Benedictus
3165 3400 3419 3457 Abraham
3453 3420 3483 3455 a

1887 3509 1996 3565 Deo
2020 3523 2254 3574 summo,
2285 3505 2372 3575 qui
2403 3503 2518 3574 fecit
2549 3500 2733 3557 cretum
2765 3509 2809 3555 et
2840 3510 3029 3554 (errant
3068 3496 3218 3570 (Gen.
3256 3511 3379 3562 xw,
3421 3495 3482 3548 19

1886 3614 1931 3658 et
1962 3603 2084 3674 22).
2116 3602 2186 3658 Et
2211 3597 2436 3656 credidit
2481 3597 2748 3651 Abraham
2774 3594 2916 3659 Deo,
2949 3603 3000 3646 et
3044 3591 3119 3646 ait
3148 3609 3160 3643 :
3191 3588 3482 3644 Extendunt

1888 3712 2096 3750 manum
2138 3710 2303 3748 meam
2329 3691 2396 3748 ad
2429 3688 2594 3746 Deum
2633 3703 2919 3751 summum,
2948 3686 3033 3757 qui
3080 3684 3198 3754 fecit
3229 3681 3410 3737 cwlum
3438 3691 3483 3734 et

1885 3802 2094 3847 terram.
2125 3789 2286 3845 Vides
2314 3788 2437 3858 quia
2467 3787 2570 3842 hoc
2602 3801 2707 3839 non
2753 3784 2913 3837 homo
2941 3781 3181 3846 invenit,
3215 3777 3309 3833 sed
3341 3777 3484 3832 Deus

1885 3885 2244 3943 annuntiavit.
2290 3884 2429 3937 Deus
2477 3887 2558 3935 est
2605 3879 2748 3933 enim
2789 3871 3228 3935 Melchisedech,
3267 3871 3356 3940 qui
3401 3877 3486 3922 cst

1888 3996 1982 4036 rex
2015 3978 2162 4050 pacis
2189 3987 2245 4033 et
2271 3973 2523 4046 justitite.
2560 3986 2659 4026 nec
2704 3969 2914 4024 iuitiutu
2943 3966 3150 4020 dierum
3201 3976 3377 4031 neque
3424 3961 3482 4013 li-

1887 4089 2009 4128 nem
2042 4070 2268 4127 habens.
2299 4066 2415 4124 Non
2467 4065 2659 4119 mirum
2691 4076 2824 4130 ergo
2859 4058 2902 4114 si
2938 4057 3078 4112 Deus
3107 4053 3196 4125 qui
3239 4063 3320 4108 est
3368 4051 3484 4106 sine

1891 4167 2043 4221 initio
2069 4206 2084 4231 ,
2118 4162 2328 4219 initiqu
2367 4157 2618 4216 omnibus
2665 4155 2848 4218 dedit;
2893 4162 2952 4206 ut
2983 4168 3101 4221 qum
3136 4164 3240 4202 non
3292 4155 3480 4210 erant.

1886 4273 2011 4314 esse
2055 4256 2375 4326 inciperent.
2410 4251 2525 4308 Non
2557 4249 2752 4304 mirum
2785 4247 2830 4301 si
2865 4246 3004 4300 Deus
3043 4244 3134 4314 qui
3165 4241 3342 4297 omnia
3377 4240 3485 4293 vir-

1889 4361 2004 4409 tute
2050 4364 2146 4406 sua
2191 4346 2472 4414 continet,
2513 4351 2570 4401 et
2619 4336 3148 4410 incmnprehcnsibili
3203 4335 3484 4406 majestate

1890 4449 2139 4504 universa
2168 4441 2545 4514 complectitur
2564 4479 2579 4505 ,
2610 4436 2736 4492 fecit
2767 4435 2882 4490 lucc
2904 4448 3023 4503 quae
3054 4429 3332 4495 videmur,
3359 4443 3481 4481 cum

1889 4546 2051 4600 etiam
2084 4541 2172 4596 illa
2204 4537 2393 4594 fecerit
2423 4549 2544 4604 quae
2595 4547 2700 4586 non
2746 4527 3014 4582 videntur.
3049 4519 3339 4578 Invisibilis
3384 4534 3482 4572 au-

197 4637 280 4706 qni
311 4653 410 4692 non
443 4647 713 4694 noverunt
757 4637 923 4694 Deum
949 4677 964 4702 ,
997 4652 1092 4707 per
1121 4653 1283 4708 quem
1311 4637 1493 4692 omnia
1521 4645 1784 4708 reguntur
1807 4627 1862 4690 ll
1891 4645 1998 4694 tem
2029 4636 2094 4691 iis
2121 4647 2242 4705 quae
2269 4629 2548 4691 videnlur,
2580 4623 2792 4696 potiora
2823 4634 2944 4676 esse
2972 4617 3091 4689 quis
3136 4623 3327 4683 neget;
3360 4627 3484 4666 cum

201 4737 249 4783 et
275 4730 661 4800 gubernantur.
694 4729 995 4800 Sequamur
1025 4744 1156 4801 ergo
1193 4745 1314 4786 eum
1335 4771 1351 4796 ,
1382 4731 1473 4802 qui
1513 4741 1565 4786 et
1594 4742 1784 4786 aucto-

201 4835 305 4876 rem
329 4824 474 4879 novit
504 4863 520 4889 ,
569 4831 625 4879 et
649 4823 1070 4895 gubernatorem
1095 4862 1110 4889 ,
1143 4836 1244 4880 nec
1272 4823 1426 4879 vanis
1451 4821 1788 4880 abducantur

203 4913 552 4982 opinionibus.

264 5079 288 5107 ⁸
325 5067 455 5129 Mss.
496 5082 620 5127 octo
663 5071 985 5133 antiquioris
1013 5086 1077 5126 ac
1105 5071 1346 5130 melioris
1375 5082 1515 5128 notae
1543 5081 1597 5130 et
1644 5077 1774 5133 edit.

204 5150 430 5218 veteres,
461 5146 546 5215 qui
579 5146 724 5218 scivit
768 5141 1232 5218 Dominum._Reg.
1271 5155 1322 5218 et
1349 5144 1664 5216 Reinensis,
1695 5150 1779 5218 qui

205 5213 332 5287 {civit
352 5213 541 5272 Deum.
583 5217 763 5276 Diom.
793 5217 881 5286 qui
904 5215 1047 5269 sciuit
1069 5213 1238 5287 Deum
1269 5216 1453 5286 facient
1476 5219 1544 5270 ad
1571 5213 1774 5287 faciem.

206 5281 390 5354 Gerun,
432 5289 520 5358 qui
552 5288 676 5342 vidit
704 5281 1001 5342 Dominum.
1021 5286 1186 5346 LXX.
1205 5281 1352 5356 quem
1375 5289 1509 5344 novit
1528 5281 1782 5346 Dominus

209 5369 307 5430 eum
332 5362 512 5430 (aciem
539 5362 604 5412 ad
629 5363 833 5430 facient.
877 5360 1051 5430 Vulg,
1077 5375 1228 5429 quem
1258 5371 1427 5416 nosset
1449 5359 1724 5418 Dominus.

270 5425 295 5466 δ
330 5425 462 5487 Cod.
496 5425 722 5502 aliquot,
757 5445 919 5501 neque
950 5425 1002 5484 in
1028 5425 1224 5484 somno.

275 5511 294 5576 ‘f
332 5502 488 5576 Rom.
516 5503 648 5557 edit.
676 5517 800 5556 eum
833 5516 1096 5576 uno_tns.,
1127 5503 1416 5576 cegnitione
1439 5505 1696 5572 dignatus.

274 5567 296 5608 ‘1
335 5575 524 5630 Decem
570 5589 701 5629 mss.
733 5573 989 5645 melioris
1035 5567 1220 5639 nutw',
1261 5591 1425 5644 neque
1469 5567 1781 5647 discipulum

215 5648 482 5708 quemdam.

280 5723 298 5782 ἒ
334 5718 569 5786 Quatuor
595 5733 729 5772 mss.
763 5724 816 5770 et
843 5713 972 5769 edit.
1015 5711 1275 5781 Costerii,
1309 5715 1641 5773 invisibilium
1680 5720 1783 5774 ori—

220 5782 771 5855 gines'substantiarum
821 5795 868 5841 et
910 5800 1094 5842 causas
1139 5801 1330 5846 «rerum.
1379 5793 1536 5855 Am.,
1572 5791 1695 5848 Era.
1729 5801 1783 5847 et

221 5853 376 5941 ρειιοι,
411 5861 679 5945 omum";
695 5905 711 5940 ι
742 5859 987 5941 θηρίοισι.
1019 5857 1256 5942 Quatuor
1289 5874 1421 5928 mss.
1451 5853 1783 5944 invisibitiuni

1885 4747 1948 4788 ea
1993 4744 2114 4800 qua:
2163 4727 2450 4793 videntur,
2485 4719 2804 4791 temporalia
2857 4715 3006 4778 sint,
3051 4721 3250 4766 a-tcrna
3303 4717 3482 4800 autem

1887 4839 2144 4898 quaenon
2175 4818 2463 4878 videntur?
2494 4815 2624 4885 Quis
2650 4811 2860 4869 dubitet
2895 4808 3034 4880 quod
3086 4807 3226 4898 Deus
3257 4804 3370 4858 haec
3408 4799 3486 4856 le—

1888 4896 2059 4984 oerit,
2090 4915 2181 4987 qui
2225 4928 2320 4985 per
2348 4909 2688 4981 'PrOphelam
2731 4906 2942 4962 loculus
2983 4902 3095 4956 ait:
3127 4896 3252 4968 Quis
3285 4909 3486 4949 mensus

1884 5075 2220 5135 substantiam
2239 5081 2289 5129 et
2307 5088 2492 5127 causas
2505 5085 2706 5144 rerum;
2720 5139 2731 5144 _
2744 5139 2775 5144 __
2833 5139 2844 5144 _
3078 5134 3089 5144 ,
3202 5129 3208 5132 .

1959 5127 2394 5216 Ῐῇέέίειιῖιιιιοι
2423 5157 2483 5198 ac
2511 5141 2641 5196 edit.
2668 5139 2800 5216 Gill.
2833 5139 2884 5193 in
2924 5129 3279 5216 ma.rgine,'et

1886 5223 1940 5278 in
1971 5235 2200 5288 corpore
2227 5259 2242 5283 ,
2270 5206 2544 5288 informem
2579 5213 2881 5288 materinm._
2917 5207 3019 5263 Alii
3050 5217 3240 5288 novem
3266 5206 3484 5288 ιιιριιῖιιιίυ

1886 5273 2031 5349 ἥδιᾎῦ
2060 5273 2115 5346 et
2145 5273 2252 5345 vet.
2279 5273 2406 5343 edit.
2433 5285 2805 5355 inﬁrmitatem,
2833 5280 2884 5334 id
2907 5288 3010 5339 est,
3042 5285 3098 5329 ut
3125 5276 3200 5326 ait
3217 5273 3480 5328 Latinius,

1887 5365 2286 5434 corruptionem.
2579 5426 2590 5434 _
2657 5425 2667 5434 _
3070 5415 3093 5434 λ
3107 5413 3204 5434 JH,

1960 5405 2404 5489 ε”ιῗᾷἰῖζἺὶἱὲιιιρε
2431 5425 2670 5489 unanimi
2699 5435 2996 5480 consensu,
3027 5413 3228 5489 addidit
3258 5409 3320 5489 de
3351 5405 3486 5489 cele-

1885 5481 2606 5567 ritateuconditioni‘sw,Fecit.
2655 5497 2721 5550 At
2779 5497 3065 5567 harvoccs
3114 5483 3175 5533 de
3231 5481 3486 5533 celeritate

1885 5560 2197 5635 conditionis
2232 5560 2424 5628 desunt
2465 5571 2522 5623 in
2578 5581 2705 5620 mss.
2751 5560 3018 5635 onuubus.
3080 5621 3114 5635 ν

2578 5647 2628 5687 ct
2661 5635 2787 5708 edit.
2817 5624 3007 5708 \‘0l.Al
3031 5621 3485 5708 editsii'outkmo:

1891 5689 2818 5778 ntentzusugwtiovlaiitatisabsolueret
2838 5739 2853 5763 ,
2881 5707 2926 5749 et
2956 5693 3264 5762 operationis
3305 5689 3486 5758 effectu

1896 5809 2096 5854 sensum
2117 5831 2133 5857 ,
2163 5798 2266 5846 ειυ.
2827 5856 2854 5857 η
2877 5839 2910 5857 ,ν
3011 5853 3070 5857 ψ,

1994 5847 2217 5936 ι”ςέτιμ
2242 5857 2391 5933 φάη
2422 5860 2664 5918 sensuum
2687 5847 2917 5930 corporis
2939 5847 3254 5918 proveniret.
