4156 6370
603 339 708 398 1ὶῖ

1965 332 2206 392 SANCTI
2246 327 2572 388 AMBROSII

3803 333 3910 393 128

601 468 676 515 est
703 474 860 514 manu
895 474 1079 530 aquam
1106 501 1120 526 ,
1152 469 1203 515 et
1232 460 1414 516 caelum
1454 460 1625 534 palmo
1647 500 1661 524 ,
1695 467 1742 513 et
1769 456 2061 512 universam
2093 461 2198 506 ter-
2231 451 2278 515 Α
2305 456 2412 503 tem
2439 445 2504 501 ad
2537 454 2753 519 tempus
2782 444 3054 513 refertur,
3103 457 3199 504 aut
3239 449 3304 504 ad
3353 462 3636 506 numerum
3657 489 3673 519 ,
3705 459 3798 506 aut
3837 452 3909 506 ad

599 569 712 608 ram
741 553 919 608 clausa
946 552 1144 607 manu?
1177 552 1305 621 Quis
1334 554 1511 608 statuit
1542 561 1736 608 montes
1759 551 1814 605 in
1843 547 1975 603 libra
2013 554 2062 601 et
2111 559 2200 598 ru-

601 659 690 716 pes
715 644 768 698 in
793 652 1004 710 statera,
1036 653 1082 698 et
1099 661 1307 699 nemora
1331 644 1384 699 in
1403 645 1565 718 jugo?
1595 642 1722 712 Quis
1738 640 1973 712 cognovit
1994 651 2200 692 sensum

603 735 847 804 Domini,
879 747 969 792 aut
997 739 1112 809 quis
1139 742 1254 812 ejus
1297 737 1626 794 consiliarius
1671 735 1809 806 fuit,
1838 733 1917 787 uel
1959 731 2073 802 quis
2119 730 2201 784 in-

601 831 788 885 struxit
818 847 933 885 eum
959 828 1121 903 (Esa.
1155 847 1224 887 χι.
1249 874 1262 896 ,
1297 830 1408 901 12).
1447 830 1521 885 De
1562 843 1670 900 quo
1698 828 1864 883 etiam
1893 823 2024 880 alibi
2065 821 2202 891 legi-

602 936 762 977 mus:
793 921 925 992 Quia
963 933 1115 978 tenet
1160 923 1444 979 circuitum
1489 931 1646 977 terra:
1675 963 1689 986 ,
1727 931 1783 974 et
1819 927 2015 973 terram
2054 915 2201 970 velut

601 1013 827 1070 nihihnn
873 1013 1020 1070 fecit.
1071 1015 1139 1070 Et
1189 1014 1488 1070 Hieremias
1534 1010 1772 1068 ait:Dii
1799 1010 1888 1082 qui
1918 1025 2019 1063 non
2067 1011 2202 1078 fece-

600 1118 720 1163 runt
746 1109 930 1164 uelum
960 1119 1006 1164 et
1027 1119 1239 1173 terram,
1272 1107 1507 1178 peribunt
1536 1125 1568 1161 a
1613 1116 1771 1171 terra,
1791 1114 1839 1160 et
1868 1103 1934 1159 de
1957 1101 2050 1157 sub
2076 1101 2201 1156 cazlo

602 1205 718 1260 isto.
739 1203 995 1258 Dominus
1016 1205 1104 1273 qui
1132 1204 1255 1276 fecit
1277 1213 1466 1257 terram
1486 1201 1540 1256 in
1565 1201 1748 1254 virtute
1763 1215 1880 1265 sua,
1909 1206 1957 1252 et
1983 1194 2203 1250 correxit

600 1297 654 1353 in
703 1298 961 1370 sapientia
989 1313 1083 1352 sua
1112 1297 1282 1352 orbem
1307 1338 1320 1362 ,
1368 1305 1418 1350 et
1445 1296 1497 1350 in
1524 1311 1618 1350 sua
1647 1292 1922 1364 prudentia
1976 1288 2202 1346 extendit

601 1390 820 1457 mlum,
849 1400 896 1445 et
935 1390 1312 1445 multitudinem
1341 1404 1488 1460 aqua:
1512 1389 1566 1442 in
1597 1387 1725 1442 carlo
1757 1384 1970 1457 (Jerent.
1997 1399 2052 1451 κ,
2088 1380 2196 1453 11).

603 1481 674 1538 Et
709 1482 916 1538 addidit
945 1500 956 1535 :
987 1480 1288 1554 Infatuatus
1313 1490 1385 1535 est
1414 1481 1565 1535 homo
1589 1495 1620 1532 a
1644 1477 1856 1532 scientia
1879 1492 1975 1530 sua
2001 1473 2162 1546 (Ibid.
2183 1515 2197 1539 ,

603 1576 720 1648 14).
754 1575 854 1644 Qui
892 1576 1036 1631 enim
1067 1574 1441 1647 corruptibilia
1488 1571 1673 1628 mundi
1716 1570 1958 1641 sequitur
1985 1611 1999 1635 ,
2038 1575 2093 1624 et
2135 1583 2199 1623 ex

603 1669 691 1725 his
719 1679 869 1741 putat
895 1668 1038 1741 quod
1063 1670 1260 1724 divinae
1289 1667 1463 1738 possit
1501 1677 1710 1722 natura:
1738 1661 2203 1734 comprehendere

601 1766 885 1821 veritatem
909 1807 923 1830 ,
955 1764 1229 1836 quomodo
1276 1779 1380 1820 non
1429 1761 1730 1818 infatuatur
1755 1769 1987 1816 versuta:
2017 1756 2202 1828 dispu-

603 1859 825 1914 tationis
854 1859 1046 1913 astutia
1069 1857 1093 1912 2

677 1951 764 2008 10.
805 1949 936 2006 Cum
981 1965 1112 2020 ergo
1141 1958 1218 2006 tot
1249 1948 1476 2006 .oracula
1507 1945 1693 2003 audias
1718 1987 1732 2012 ,
1758 1943 1956 2017 quibus
2011 1940 2203 1998 testifi—

603 2053 760 2100 catur
799 2044 938 2099 Deus
983 2043 1128 2114 quod
1174 2041 1361 2098 fecerit
1411 2039 1670 2096 mundum
1704 2080 1718 2105 ,
1769 2037 1876 2092 noli
1918 2050 2041 2091 eum
2086 2033 2202 2089 sine

605 2139 870 2211 principio
900 2153 1020 2194 esse
1062 2136 1328 2201 credere;
1360 2134 1485 2206 quia
1532 2132 1688 2206 quasi
1728 2130 1941 2203 sphaera
1971 2127 2204 2186 mundus

606 2248 731 2289 esse
768 2232 1015 2297 dicatur,
1059 2240 1117 2286 ut
1165 2229 1489 2302 principium
1538 2226 1657 2298 ejus
1707 2224 1909 2280 nullum
1944 2222 2204 2289 .videatur

603 2334 852 2392 exstare;
882 2334 936 2380 et
972 2339 1096 2380 cum
1148 2325 1397 2389 intonat,
1439 2320 1594 2392 quasi
1642 2319 1696 2374 in
1744 2316 1970 2374 circuitu
2019 2315 2202 2370 omnia

603 2427 1016 2474 commoventur
1040 2460 1055 2483 ,
1087 2425 1145 2470 ut
1171 2414 1314 2472 unde
1345 2413 1638 2485 incipiant,
1674 2411 1764 2467 ubi
1799 2410 2051 2466 desinant
2095 2423 2201 2463 non

603 2512 761 2568 facile
791 2509 1260 2581 comprehendas;
1288 2508 1414 2580 quia
1442 2506 1699 2563 circuitus
1729 2503 2048 2576 principium
2078 2517 2204 2559 sen-

604 2621 666 2661 su
695 2605 950 2676 colligere
982 2603 1316 2676 impossibile
1343 2602 1591 2658 habetur.
1643 2600 1828 2672 Neque
1857 2600 1998 2655 enim
2023 2597 2204 2669 sphae-

606 2714 681 2755 rae
709 2707 865 2769 potes
896 2697 1103 2752 initium
1147 2697 1390 2766 reperire
1411 2736 1427 2761 ,
1461 2694 1545 2750 vel
1576 2693 1718 2749 unde
1747 2692 1975 2762 coeperit
2013 2690 2204 2762 globus

607 2792 748 2846 lume
768 2833 782 2857 ,
810 2791 896 2846 vel
928 2790 1016 2845 ubi
1046 2789 1259 2845 desinat
1306 2796 1583 2843 menstrua
1615 2786 1758 2840 luna:
1798 2782 2052 2839 defectio.
2095 2780 2204 2837 Ne-

499 2918 510 2925 -
603 2899 711 2956 que
760 2899 889 2939 vero
931 2884 978 2938 si
1020 2884 1135 2955 ipse
1175 2899 1282 2938 non
1329 2880 1759 2952 comprehendas
1785 2922 1800 2948 ,
1851 2879 2053 2934 idcirco
2096 2891 2203 2932 non

603 2980 770 3052 ccepit
793 3022 807 3046 ,
838 2989 929 3035 aut
956 2980 1014 3053 6
1044 2994 1381 3050 nequaquam
1412 2979 1645 3034 desinet.
1680 2978 1733 3032 Si
1765 2977 1881 3047 ipse
1920 2975 2202 3030 circuitum

604 3073 690 3129 vel
725 3084 1060 3141 atramento,
1094 3074 1175 3129 vel
1216 3073 1444 3144 graphio
1473 3073 1672 3138 ducas,
1700 3071 1787 3127 vel
1833 3080 1858 3108 ο
1889 3079 2077 3126 centro
2102 3085 2200 3126 ex-

606 3167 840 3239 primas,
880 3166 1024 3223 unde
1053 3167 1286 3238 coeperis
1311 3209 1326 3233 ,
1369 3175 1465 3222 aut
1503 3165 1592 3220 ubi
1625 3164 1882 3231 desieris,
1918 3162 2204 3219 intervallo

2303 541 2748 606 fundamentum;
2776 541 3049 612 quomodo
3081 541 3132 597 in
3163 541 3478 597 aedificanda
3506 542 3670 600 domo
3691 543 3910 600 initium

2304 635 2709 691 fundamentum
2758 645 2860 692 est.
2903 636 3236 708 Principium
3281 652 3497 708 quoque
3523 638 3910 695 conversionis

2303 737 2359 784 et
2385 727 2795 799 depravationis
2825 728 2930 784 dici
2971 744 3130 800 posse
3178 729 3584 800 Scripturarum
3631 733 3915 802 cognosci-

2304 835 2425 876 mus
2469 820 2811 876 anctoritate.
2847 821 2940 876 BSt
2979 829 3034 876 et
3087 822 3406 892 principium
3444 824 3578 877 artis
3609 837 3696 877 ars
3745 824 3858 894 ipsa
3889 867 3907 892 ,

2304 929 2370 970 ex
2401 929 2504 984 qua
2565 915 2828 970 artificum
2880 915 3213 971 diversorum
3257 915 3515 986 deinceps
3563 917 3732 989 coepit
3770 933 3909 987 ope—

2303 1007 2464 1063 ratio.
2496 1007 2592 1063 Est
2639 1008 2801 1063 etiam
2843 1008 3170 1080 principium
3205 1009 3466 1064 bonorum
3512 1025 3739 1080 operunt
3784 1010 3912 1067 ﬁnis

2303 1101 2578 1171 optimus,
2610 1112 2669 1154 ut
2708 1100 3089 1155 misericordia:
3132 1101 3451 1172 principium
3495 1111 3613 1168 est,
3649 1102 3760 1158 Deo
3789 1103 3912 1174 pla—

2303 1210 2427 1249 cere
2455 1195 2597 1264 quod
2625 1194 2811 1250 facias.
2843 1195 2924 1250 Eo
2964 1197 3107 1252 enim
3151 1196 3218 1250 ad
3245 1197 3634 1253 conferendum
3666 1198 3904 1254 homini-

2305 1286 2405 1342 bus
2435 1287 2735 1343 subsidium
2784 1289 3018 1345 maxime
3052 1305 3430 1360 provocamur.
3475 1291 3564 1346 Est
3609 1293 3770 1348 etiam
3803 1295 3911 1350 vir-

2307 1393 2392 1439 tus
2439 1385 2618 1440 divina
2646 1429 2659 1449 ,
2699 1402 2820 1457 qua:
2872 1386 2972 1442 hac
3019 1388 3340 1458 eXprimitur
3385 1390 3768 1460 appellatione.
3824 1391 3908 1447 Ad

2307 1486 2517 1548 tempus
2549 1477 2808 1544 refertur,
2837 1479 2882 1534 si
2907 1480 3038 1535 velis
3065 1480 3250 1537 dicere
3281 1481 3331 1535 in
3361 1497 3469 1552 quo
3493 1491 3738 1553 tempore
3769 1485 3911 1538 Deus

2305 1567 2434 1624 fecit
2471 1571 2666 1627 cmlum
2691 1580 2745 1626 et
2787 1579 2984 1627 terram
3012 1613 3026 1634 .
3074 1573 3125 1627 id
3157 1582 3240 1628 est
3266 1615 3280 1639 ,
3315 1574 3366 1628 in
3411 1575 3636 1630 exordio
3676 1577 3861 1632 mundi
3892 1619 3907 1642 ,

2305 1663 2523 1734 quando
2555 1664 2672 1720 fieri
2717 1666 2916 1734 caspit,
2948 1665 3084 1721 sicut
3116 1667 3191 1721 ait
3221 1667 3495 1738 Sapientia
3529 1683 3547 1722 :
3587 1667 3718 1723 Cum
3755 1686 3914 1742 para-

2306 1765 2381 1810 ret
2407 1757 2588 1810 caelum
2612 1799 2628 1822 ,
2659 1773 2773 1812 cum
2800 1758 2891 1812 illo
2917 1774 3055 1812 erant
3085 1756 3269 1831 (Prov.
3300 1775 3392 1814 vnt
3414 1800 3430 1826 ,
3458 1758 3578 1832 2⁸7).
3610 1761 3692 1816 Ad
3721 1777 3914 1818 nume-

2234 1855 2282 1916 B
2309 1864 2426 1903 rum
2457 1859 2633 1904 autem
2658 1853 2701 1906 si
2731 1850 2972 1918 referas,
3001 1852 3072 1907 ita
3097 1855 3380 1919 convenit,
3411 1864 3467 1909 ut
3492 1855 3725 1927 accipias
3755 1874 3768 1911 :
3803 1859 3905 1916 im-

2307 1941 2497 2011 primis
2529 1942 2654 1997 fecit
2691 1942 2836 1998 Deus
2866 1943 3064 1999 cmlum
3095 1953 3150 2001 et
3180 1955 3379 2000 terram
3409 1989 3421 2012 ,
3453 1943 3651 2004 deinde
3696 1950 3866 2006 colles
3892 1992 3910 2017 ,

2305 2034 2555 2103 regiones
2576 2079 2590 2101 ,
2625 2035 2762 2091 lines
2793 2036 3190 2094 inhabitabiles.
3225 2039 3326 2095 Vel
3351 2040 3465 2096 sic:
3497 2052 3623 2099 ante
3672 2042 3910 2115 reliquas

2305 2126 2543 2183 visibiles
2569 2139 2876 2196 creaturas,
2922 2131 3066 2186 diem
3086 2173 3102 2199 ,
3150 2143 3365 2189 noctem
3384 2177 3398 2202 ,
3427 2133 3568 2206 ligna
3599 2137 3908 2205 fructifera,

2304 2222 2657 2278 animantium
2686 2239 2884 2295 genera
2916 2223 3160 2293 diversa,
3192 2228 3390 2284 caelum
3429 2238 3486 2284 et
3514 2238 3713 2287 terram
3759 2231 3908 2290 fecit.

2308 2314 2363 2372 Si
2403 2330 2533 2371 vero
2559 2317 2625 2372 ad
2672 2317 3074 2374 fundamentum
3118 2320 3327 2376 referas
3350 2363 3365 2388 ,
3395 2323 3720 2394 principium
3750 2334 3912 2384 terra:

2305 2411 2656 2468 fundamenta
2682 2429 2804 2470 esse
2835 2414 3050 2485 legisti,
3077 2414 3291 2472 dicente
3329 2415 3605 2490 Sapientia
3633 2437 3646 2473 :
3681 2419 3908 2488 Quando

2307 2505 2462 2577 fortia
2493 2507 2714 2577 faciebat
2745 2508 3087 2579 fundamenta
3123 2519 3275 2566 terra:
3298 2552 3314 2576 ,
3346 2527 3486 2566 eram
3515 2510 3542 2550 δ
3571 2526 3723 2586 penes
3761 2516 3912 2571 illum

2305 2607 2492 2654 cuncta
2532 2616 2841 2672 componens
2885 2602 3041 2674 (Sap.
3084 2620 3179 2660 vtn
3205 2647 3219 2670 ,
3251 2603 3368 2678 29).
3406 2606 3502 2662 Est
3546 2608 3711 2664 etiam
3755 2610 3914 2668 bona:

2306 2693 2630 2764 principium
2672 2695 3007 2766 disciplima,
3051 2698 3189 2753 sicut
3232 2707 3316 2756 est
3359 2699 3532 2756 illud:
3571 2699 3789 2756 Initium
3827 2721 3918 2760 sa-

2308 2786 2514 2857 pientia:
2548 2796 2622 2842 est
2653 2789 2805 2843 timor
2831 2788 3038 2846 Domini
3085 2789 3272 2864 (Prov.
3307 2807 3357 2861 t,
3388 2794 3475 2864 7);
3521 2796 3777 2865 quoniam
3819 2799 3914 2868 qui

2307 2885 2462 2939 timet
2503 2885 2790 2941 Dominum
2821 2929 2834 2953 ,
2884 2887 3116 2943 declinat
3167 2903 3410 2945 errorem
3438 2933 3452 2956 ,
3481 2900 3536 2946 et
3583 2891 3648 2946 ad
3694 2892 3916 2950 virtutis

2305 2978 2555 3032 semitam
2590 2979 2702 3034 vias
2742 2993 2867 3034 suas
2910 2980 3113 3052 dirigit.
3162 2981 3273 3037 Nisi
3315 2983 3460 3038 enim
3505 2985 3628 3056 quis
3671 2984 3913 3041 timuerit

2309 3070 2476 3127 Deum
2500 3112 2513 3136 ,
2547 3086 2652 3127 non
2686 3082 2864 3143 potest
2888 3076 3200 3132 renuntiare
3238 3087 3480 3147 peccato.

2380 3164 2466 3219 15.
2508 3164 2662 3234 Quod
2693 3183 2846 3238 :eque
2874 3167 3035 3222 etiam
3063 3167 3132 3224 de
3168 3168 3262 3224 illo
3293 3183 3579 3239 possumus
3610 3172 3862 3243 accipere
3894 3193 3910 3228 :

604 3262 924 3332 interposito
953 3277 1059 3318 non
1089 3261 1246 3317 facile
1292 3262 1372 3317 vel
1410 3261 1582 3317 oculis
1611 3261 1825 3331 colligis
1846 3302 1860 3327 ,
1892 3259 1978 3314 vel
2022 3269 2202 3315 mente
2232 3248 2276 3313 C
2311 3255 2505 3312 Mensis
2530 3259 2612 3312 hic
2641 3259 2842 3313 initium
2872 3261 3120 3316 mensium
3150 3262 3246 3315 erit
3276 3263 3416 3316 vobis
3445 3262 3645 3333 (Exod.
3683 3280 3754 3319 χιι
3774 3308 3786 3327 ,
3811 3265 3910 3335 9.);

604 3357 845 3427 repetis;
878 3365 933 3412 et
973 3365 1154 3411 tamen
1195 3365 1253 3412 et
1293 3356 1525 3426 cmpisse
1565 3365 1619 3411 et
1656 3353 1920 3410 desivisse
1949 3353 2063 3423 ipse
2104 3353 2198 3408 tibi

604 3452 756 3507 testis
787 3466 868 3506 es.
902 3449 1034 3505 Nam
1085 3451 1189 3506 etsi
1235 3465 1452 3505 sensum
1500 3448 1865 3520 subter-fugit,
1914 3449 2196 3504 veritatem

605 3558 711 3598 non
757 3543 993 3598 subruit.
1021 3543 1155 3612 Quae
1197 3552 1378 3598 autem
1411 3542 1624 3597 initium
1659 3541 1890 3605 habent,
1933 3552 1987 3596 et
2036 3540 2198 3596 linem

604 3636 808 3692 habent
834 3652 846 3690 :
877 3644 934 3690 et
977 3635 1170 3706 quibus
1201 3633 1322 3689 finis
1364 3633 1551 3700 datur,
1598 3632 1807 3687 initium
1852 3631 2034 3686 datum
2065 3647 2196 3688 con-

603 3736 729 3783 stat.
762 3727 951 3782 Finem
980 3737 1163 3784 autetn
1195 3726 1380 3781 tnundi
1411 3724 1652 3781 futurum
1678 3725 1794 3796 ipse
1821 3719 2072 3780 Salvator
2099 3725 2199 3779 do-

601 3829 687 3874 cet
714 3818 767 3874 in
799 3819 1242 3891 Evangelio:suo,
1269 3817 1493 3873 dicens:
1525 3815 1720 3872 Cozlum
1745 3829 1793 3872 et
1830 3827 1966 3872 terra
1991 3827 2200 3889 praeter-

601 3914 743 3970 ibunt
787 3913 999 3986 (Matth.
1049 3930 1203 3979 xxiv,
1374 3913 1440 3968 Et
1464 3911 1601 3968 infra
1629 3932 1640 3966 :
1675 3911 1803 3968 Ecce
1829 3928 1920 3984 ego
1946 3911 2199 3966 vobiscum

601 4025 711 4062 smn
738 4025 899 4080 usque
925 4008 994 4062 ad
1023 4008 1510 4063 consummationem
1541 4006 1719 4060 mundi
1747 4003 1962 4075 (Matth.
1999 4021 2160 4060 xxvttt
2180 4049 2193 4071 ,

600 4102 715 4170 ‘20).
754 4103 816 4157 Et
842 4102 1173 4172 Apostolus:
1207 4101 1442 4157 Prwterit
1470 4102 1606 4156 enim
1638 4101 1808 4172 figura
1837 4099 1993 4171 hujus
2021 4099 2199 4153 mundi

603 4196 654 4267 (Ι
683 4195 802 4251 Cor.
835 4212 910 4250 vtt
935 4237 948 4261 ,
979 4197 1094 4267 5-1).

677 4287 765 4341 11.
797 4287 1082 4354 Quomodo
1109 4303 1240 4358 ergo
1269 4296 1602 4342 comternum
1647 4287 1760 4342 Deo
1803 4284 2066 4341 mundum
2113 4300 2200 4342 as-

601 4388 824 4446 serunt,
855 4388 911 4437 et
937 4382 1168 4437 creatori
1201 4381 1446 4436 omnium
1475 4380 1716 4448 sociant,
1745 4389 1906 4452 atque
1933 4380 2197 4450 aequalem

599 4488 722 4530 esse
748 4473 1028 4545 diSputant
1045 4482 1352 4530 creaturam
1372 4517 1388 4540 ,
1411 4488 1715 4546 corpusque
1744 4473 2020 4530 materiale
2043 4489 2198 4529 mun-

600 4567 652 4623 di
693 4567 946 4624 invisibili
1002 4567 1080 4623 illi
1128 4577 1292 4639 atque
1341 4566 1698 4623 inaccessibili
1746 4576 1950 4622 natura:
1996 4567 2196 4622 divina:

2305 3349 2550 3420 quamvis
2593 3353 2644 3423 7
2669 3361 2723 3406 et
2756 3351 2825 3408 de
2857 3362 3100 3422 tempore
3141 3354 3282 3410 istud
3323 3356 3649 3425 accipiatur,
3679 3359 3802 3426 quia
3829 3359 3902 3414 de

2303 3440 2509 3496 Pascha
2541 3443 2748 3498 Domini
2776 3445 3124 3516 loquebatur,
3150 3447 3294 3518 quod
3315 3449 3457 3504 veris
3480 3449 3631 3503 initio
3661 3449 3914 3506 celebra-

2305 3543 2414 3590 tur.
2441 3533 2496 3590 ln
2525 3534 2627 3592 hoc
2647 3553 2776 3608 ergo
2805 3539 3124 3609 principium
3155 3542 3419 3596 mensium
3443 3583 3457 3609 ,
3485 3543 3682 3598 coelum
3713 3553 3765 3598 et
3797 3553 3910 3598 ter-

2301 3642 2418 3683 ram
2451 3631 2616 3696 fecit,
2660 3631 2803 3702 quod
2849 3633 2973 3689 inde
3017 3635 3200 3690 mundi
3245 3637 3362 3706 capi
3411 3638 3697 3708 oportebat
3745 3654 3909 3694 exor—

2303 3719 2450 3774 dium
2471 3762 2485 3787 ,
2520 3722 2608 3777 ubi
2633 3733 2750 3778 erat
2787 3735 3090 3796 opportuna
3118 3726 3370 3783 omnibus
3397 3744 3561 3784 verna
3595 3733 3909 3800 temperies.

2304 3812 2457 3871 Unde
2483 3825 2532 3871 et
2563 3831 2737 3872 annus
2768 3819 2950 3874 mundi
2982 3820 3270 3894 imaginem
3299 3823 3572 3878 nascentis
3599 3827 3864 3895 expressit
3893 3867 3909 3890 ,

2304 3919 2361 3964 ιιι
2402 3919 2523 3980 post
2564 3911 2833 3984 hybernas
2879 3915 3079 3985 glacies
3126 3924 3288 3994 atque
3331 3915 3608 3989 hyentales
3649 3919 3912 3988 caligines

2303 4006 2553 4060 serenior
2594 4005 2754 4061 solito
2783 4010 2932 4062 verni
2966 4010 3226 4079 temporis
3256 4010 3514 4081 splendor
3541 4010 3772 4066 eluceat.
3807 4013 3910 4066 lte-

2301 4096 2382 4152 dit
2429 4113 2558 4169 ergo
2589 4097 2814 4154 fortnam
2847 4101 3036 4156 futuris
3076 4117 3339 4159 annorum
3385 4105 3670 4161 curriculis
3715 4107 3906 4162 mundi

2303 4191 2508 4260 primus
2549 4200 2798 4261 exortus,
2836 4202 2894 4249 ut
2936 4209 2996 4250 ea
3037 4195 3156 4267 lege
3201 4212 3465 4253 annorum
3515 4201 3666 4256 vices
3716 4217 3909 4272 surge-

2303 4293 2458 4352 rent,
2490 4291 2651 4356 atque
2704 4287 2858 4342 initio
2908 4288 3172 4361 cujusque
3212 4290 3338 4345 anni
3380 4291 3703 4362 produceret
3753 4274 3903 4350 terra

2303 4391 2442 4432 nova
2473 4379 2740 4433 seminum
2769 4379 3008 4450 germina
3030 4424 3046 4449 ,
3080 4397 3186 4452 quo
3217 4383 3446 4452 primum
3479 4385 3742 4441 Dominus
3770 4387 3912 4442 Deus

2302 4469 2552 4526 dixerat:
2588 4470 2850 4527 Germinet
2897 4482 3033 4528 terra
3075 4474 3281 4530 herbam
3328 4478 3487 4548 faeni,
3521 4479 3778 4533 seminans
3821 4497 3906 4536 se-

2302 4580 2418 4619 men
2443 4564 2725 4620 secundum
2769 4583 2931 4637 genus
2977 4577 3026 4623 et
3060 4568 3341 4623 secundum
3384 4571 3818 4640 similitudinem,
3864 4585 3913 4628 et

597 4661 1032 4732 eonjungendum
1086 4669 1313 4732 putant,
1367 4676 1489 4716 cum
1544 4661 1844 4732 prmsertim
1898 4650 2502 4729 secundttleignum
2549 4657 2878 4731 fructiferum
2923 4662 3119 4734 faciem
3162 4663 3566 4736 fructum(Gen.
3599 4683 3653 4733 t,
3693 4668 3806 4737 11).
3842 4669 3914 4726 Et

599 4772 751 4812 suam
780 4757 1100 4812 sententiam
1124 4771 1230 4812 non
1263 4756 1473 4826 possint
1503 4770 1732 4828 negare,
1763 4756 2018 4827 quoniam
2042 4756 2196 4826 cujus

602 4859 782 4919 partes
810 4849 1147 4920 corruptioni
1191 4859 1243 4904 et
1289 4847 1635 4904 mutabilitati
1682 4848 2005 4918 subjaeent,
2038 4847 2196 4918 hujus

601 4957 826 4998 necesse
854 4953 936 4997 est
977 4943 1381 4998 universitatem
1430 4941 1618 4999 iisdem
1655 4942 1995 5014 passionibus
2019 4984 2034 5009 ,
2079 4943 2198 5012 qui-

601 5036 699 5090 bus
740 5036 972 5108 propria:
1024 5037 1299 5108 portiones
1339 5036 1460 5107 ejus
1501 5044 1623 5092 sunt
1679 5035 1964 5103 obnoxiae,
2015 5033 2196 5106 subja-

598 5129 766 5186 cere?

1221 5245 1452 5303 CAPUT
1492 5244 1580 5300 IV.

601 5358 990 5432 Principiorum
1014 5362 1156 5417 varia
1180 5379 1368 5435 genera
1395 5377 1414 5417 :
1443 5371 1491 5416 et
1517 5363 1572 5416 in
1601 5377 1700 5432 quo
1728 5358 1870 5416 Deus
1893 5357 2071 5429 fecisse
2097 5371 2195 5412 cae-

976 5455 1082 5510 lum
1111 5472 1170 5510 ac
1198 5465 1387 5510 terram
1428 5454 1809 5525 intelligendus.
2157 5458 2168 5468 ‘

672 5587 760 5644 12.
801 5588 1136 5662 Principium
1185 5591 1345 5662 igitur
1391 5603 1516 5647 esse
1560 5590 1723 5646 docet
1769 5589 1863 5662 qui
1909 5589 2082 5647 dicit:
2129 5588 2196 5646 In

600 5684 858 5759 principio
884 5688 1003 5760 fecit
1033 5683 1176 5741 Deus
1205 5685 1388 5741 coelum
1417 5694 1464 5742 et
1502 5695 1709 5740 terram.
1743 5684 2069 5758 Principium
2099 5700 2196 5741 att-

669 5816 696 5844 λ
711 5805 992 5888 Centrum,
1019 5821 1196 5888 grtece
1213 5811 1418 5888 κέντρον
1437 5825 1452 5876 ;
1484 5807 1538 5888 id
1553 5819 1670 5888 ρει,
1693 5807 1944 5867 stimulus
1967 5807 2054 5866 vel
2081 5808 2192 5880 spi-

581 5877 784 5934 eulum.
815 5877 950 5938 Vide
977 5878 1113 5935 infra
1142 5877 1340 5956 libat;
1363 5895 1480 5954 cap.
1515 5878 1602 5938 10.

2301 4751 2487 4806 statim
2530 4751 2782 4822 produxit
2823 4760 2970 4809 terra
3000 4754 3228 4812 herbam
3263 4757 3429 4822 [(1εηί,
3460 4768 3515 4814 et
3558 4759 3762 4830 lignum
3795 4763 3910 4816 fru-

2301 4843 2550 4900 ctiferum
2575 4863 2589 4911 ;
2624 4847 2676 4901 in
2704 4860 2812 4917 quo
2839 4847 2996 4904 nobis
3022 4857 3076 4905 et
3103 4850 3490 4907 moderationis
3521 4864 3797 4922 perpetua:
3825 4854 3912 4908 di-

2303 4934 2425 4989 vina
2459 4935 2793 5004 providentia
2816 4978 2830 5002 ,
2863 4946 2919 4993 et
2963 4939 3218 4996 celeritas
3259 4950 3419 4997 terra:
3455 4943 3809 5014 germinantis
3840 4944 3910 5000 ad

2301 5028 2718 5086 aestimationem
2760 5045 2943 5086 verna:
2996 5032 3320 5105 suffragatur
3365 5038 3558 5093 aetatis.
3614 5037 3747 5094 Nam
3806 5040 3910 5095 etsi

2305 5136 2649 5193 quocumque
2680 5129 2926 5196 tempore
2950 5134 3005 5182 et
3045 5127 3156 5184 Deo
3179 5128 3373 5198 jubere
3416 5141 3723 5203 promptum
3766 5132 3910 5200 fuit,

2310 5224 2366 5272 et
2405 5225 2636 5274 terrena:
2680 5227 2884 5274 natura:
2926 5219 3187 5287 obedire,
3218 5230 3276 5276 ut
3306 5223 3448 5280 inter
3477 5225 3746 5297 hybernas
3792 5226 3914 5296 gla-

2306 5306 2420 5362 cies
2461 5318 2516 5365 et
2575 5308 2852 5381 hyemales
2883 5313 3101 5382 pruinas
3137 5315 3372 5371 caelestis
3407 5316 3618 5388 imperii
3648 5317 3759 5373 fotu
3785 5335 3914 5388 ger-

2299 5401 2513 5456 minans
2543 5409 2686 5457 terra
2716 5403 2877 5459 fetum
2911 5405 3265 5476 produceret;
3303 5426 3408 5464 non
3439 5420 3554 5465 erat
3585 5419 3766 5467 tamen
3796 5412 3914 5468 dis-

2299 5493 2582 5565 positionis
2609 5504 2829 5552 zeternte
2869 5497 3043 5569 rigido
3082 5500 3266 5556 stricta
3302 5501 3428 5572 gelu
3470 5501 3521 5556 in
3552 5502 3751 5560 virides
3780 5505 3915 5561 sub-

2300 5590 2378 5647 ito
2422 5589 2630 5648 fructus
2695 5607 2825 5649 arva
2878 5593 3107 5663 laxare,
3156 5604 3319 5668 atque
3364 5597 3711 5654 horrentibus
3762 5603 3918 5670 prni-

2307 5687 2390 5743 nis
2417 5686 2703 5744 ﬂorulenta
2733 5689 2986 5746 miscere.
3018 5689 3162 5762 Ergo
3194 5701 3252 5746 ιη
3284 5690 3602 5748 ostenderet
3629 5690 3916 5763 Scriptura

2376 5807 2403 5847 ιι
2432 5807 2672 5885 Quatuor
2695 5824 2828 5867 mss.
2859 5819 2914 5867 et
2938 5810 3214 5885 e_dit._Am.
3239 5813 3385 5876 Pet.,
3415 5829 3566 5885 penes
3595 5812 3742 5868 illum
3765 5829 3910 5869 com-

2303 5897 2514 5953 ponens.
2555 5880 2665 5938 Sex
2706 5896 2838 5940 mss.
2866 5891 2919 5940 et
2957 5882 3100 5939 LXX
3123 5927 3136 5954 ,
3169 5899 3322 5956 penes
3349 5880 3497 5942 illum
3525 5885 3822 5957 disponens.-
