4102 6360
42 317 175 373 1¹ὶ9

1483 322 1982 384 ilEXAEMERON.
2021 322 2150 384 LIB.
2191 326 2232 384 l.

3387 338 3492 396 130

36 433 220 485 veris
278 440 302 486 t
327 449 596 505 unpora
638 439 707 494 ‘in
752 437 1135 495 constitutione
1181 437 1403 506 mundi,
1435 442 1549 495 ait:
1587 441 1780 496 Mensis
1808 445 1854 501 Λ
1888 439 1992 494 rari
2026 454 2190 509 opera
2226 439 2342 495 Dei.
2382 439 2438 496 lu
2489 441 2590 498 hoc
2637 455 2767 512 ergo
2814 441 3079 515 principio
3165 443 3218 502 id
3256 456 3338 502 est
3363 488 3378 512 ,
3433 450 3487 504 in

44 525 148 580 hic
189 529 366 584 vobis
422 530 682 587 initium
724 533 1008 597 mensium,
1043 533 1243 605 primus
1271 543 1343 588 cst
1371 533 1509 587 vobis
1537 534 1591 588 in
1636 551 1779 588 men-

46 621 223 676 sibus
260 625 422 678 anni
455 625 693 696 (Exod.
721 645 825 694 xu,
856 625 1203 698 2),primum
1235 642 1478 682 mensem
1505 667 1520 692 ,
1550 643 1777 683 vernum

57 725 327 788 tempus
383 721 740 791 appellans.
793 721 1029 779 Decebat
1074 721 1221 778 enim
1272 722 1595 792 principium
1651 722 1778 778 anni

57 815 469 886 principium
523 833 671 874 esse
720 817 1119 890 generationis,
1166 827 1220 872 et
1269 817 1438 889 ipsam
1472 817 1780 888 generatio—

65 925 222 964 nem
284 911 694 967 mollioribus
733 912 879 966 auris
930 909 1120 966 foveri.
1153 908 1339 980 Neque
1382 911 1526 966 enim
1561 917 1782 980 possent

71 1013 300 1060 tenera
365 1021 592 1061 rerum
651 1006 870 1063 exordia
925 1014 1017 1060 aut
1067 1003 1362 1075 asperioris
1413 1004 1651 1061 laborem
1703 1015 1782 1060 to-

77 1099 293 1155 lerare
331 1098 600 1172 frigoris
629 1143 646 1168 ,
679 1109 771 1156 aut
806 1099 1064 1157 torrentis
1109 1108 1274 1155 aestus
1325 1097 1574 1169 iniuriam
1623 1098 1784 1153 susti-

79 1207 269 1247 nere.

172 1284 282 1339 14.
330 1283 542 1342 Simul
583 1285 733 1342 istud
779 1286 1060 1343 advertere
1104 1285 1269 1353 licet,
1324 1285 1448 1357 quia
1489 1285 1609 1356 jure
1649 1299 1780 1341 con.

86 1378 331 1446 Currit,
371 1388 441 1433 ut
491 1394 574 1435 eo
611 1388 860 1451 tempore
905 1379 1151 1434 videatur
1182 1378 1234 1433 in
1286 1379 1425 1434 hanc.
1473 1379 1782 1450 generatio-

95 1486 240 1527 nem
263 1516 278 1536 ,
317 1483 516 1543 atque
545 1473 608 1529 in
646 1474 746 1530 hos
773 1489 900 1530 usus
928 1474 1158 1529 tributus
1188 1473 1486 1544 ingressus,
1518 1488 1625 1545 quo
1653 1482 1785 1529 tem-

96 1584 257 1637 pore
294 1585 374 1625 ex
407 1571 529 1626 hac
562 1573 920 1643 generatione
951 1573 1003 1627 in
1037 1574 1501 1643 regenerationem
1546 1583 1626 1629 est
1655 1570 1787 1644 legi-

107 1664 299 1717 timuzs
334 1667 658 1720 transitus.
689 1665 965 1736 Siquidem
994 1681 1161 1722 verno
1207 1674 1450 1738 tempore
1488 1665 1582 1720 lilii
1622 1664 1784 1721 lsrael

109 1756 452 1829 :Egyptum
495 1760 871 1829 reliquerunt,
900 1769 954 1816 et
984 1775 1080 1831 per
1108 1776 1256 1815 mare
1287 1760 1616 1815 transierunt
1643 1801 1657 1826 ,
1693 1758 1785 1813 ba-

1883 530 2138 598 Christo,
2173 531 2297 587 fecit
2321 532 2484 595 {Deus
2512 534 2710 591 coelum
2740 544 2795 591 et
2837 545 3077 604 terram;
3122 538 3244 608 quia
3287 555 3382 610 per
3410 540 3490 610 ip-

1884 640 2002 679 sum
2034 626 2215 681 omnia
2244 625 2382 682 facta
2413 637 2580 698 sunt,
2630 639 2686 684 ct
2729 630 2845 686 sine
2876 629 2994 702 ipso
3038 631 3232 688 factmn
3277 643 3360 689 cst
3401 633 3487 688 ni-

1886 717 1981 774 hil.
2016 718 2170 787 ρυοά
2199 719 2396 774 factum
2424 729 2536 787 est,
2571 723 2624 779 in
2655 724 2771 795 ipso
2795 724 2903 779 vita
2935 735 3089 791 erat;
3123 727 3246 798 quia
3275 726 3329 782 in
3365 726 3485 798 ipso

1884 821 2135 867 constant
2191 812 2390 868 omnia.
2447 813 2512 870 Et
2567 815 2681 885 ipse
2734 826 2820 873 est
2878 818 3269 889 primogenitus
3321 819 3488 876 totius

1885 915 2147 960 creatum
2175 946 2190 970 ,
2219 905 2334 961 sive
2376 906 2499 976 quia
2550 916 2676 963 ante
2727 926 2940 966 omnem
2988 922 3332 978 creaturam;
3375 913 3492 969 sive

1887 999 2010 1067 quia
2044 1007 2298 1063 sanctus,
2333 999 2455 1070 quia
2485 1000 2830 1071 primogeniti
2876 1007 3049 1061 sancti
3095 1018 3216 1064 sunt
3241 1049 3257 1075 ,
3287 1019 3344 1064 ut
3383 1007 3493 1078 pri-

1889 1091 2193 1160 mogenitus
2220 1090 2384 1148 Israel
2412 1133 2428 1160 ,
2462 1108 2570 1148 non
2614 1093 2738 1164 quia
2782 1107 2908 1153 ante
2955 1115 3180 1167 omnes,
3217 1101 3313 1157 sed
3365 1102 3491 1173 quia

1888 1187 2128 1242 sanctior
2158 1187 2394 1245 caeteris.
2414 1188 2646 1245 Sanctus
2677 1198 2858 1247 autem
2895 1191 3152 1249 Dominus
3178 1210 3341 1266 supra
3373 1213 3490 1252 ont-

1888 1293 2012 1335 nem
2042 1290 2347 1336 creaturam
2373 1291 2428 1338 et
2453 1282 2751 1338 secundum
2779 1285 3027 1356 corporis
3054 1288 3489 1357 susceptionem;

1889 1374 2011 1443 quia
2043 1374 2192 1430 solus
2219 1375 2338 1432 sine
2381 1385 2639 1448 peccato,
2685 1379 2834 1434 solus
2869 1378 2987 1436 sine
3017 1382 3272 1438 vanitate.
3305 1384 3496 1442 Omnis

1888 1475 2066 1522 autem
2098 1477 2344 1524 creatura
2372 1471 2615 1541 subjecta
2648 1474 2867 1528 vanitati
2899 1485 3002 1530 est.

1963 1559 2051 1615 16.
2093 1559 2391 1619 Possumus
2418 1565 2579 1620 etiam
2610 1565 2913 1636 intelligere
2943 1585 2956 1622 :
2987 1565 3053 1622 In
3085 1568 3346 1640 principio
3376 1570 3496 1640 fecit

1889 1648 2032 1708 Deus
2059 1657 2244 1709 caelum
2289 1665 2337 1712 et
2381 1666 2608 1725 terram;
2644 1659 2695 1714 id
2740 1669 2857 1726 est,
2889 1669 3016 1716 ante
3062 1670 3272 1732 tempus
3300 1679 3312 1714 :
3345 1663 3489 1718 sicut

1891 1746 2100 1801 initium
2129 1749 2228 1803 vite
2267 1749 2506 1806 nondum
2538 1755 2622 1806 via
2645 1792 2660 1816 ,
2690 1761 2745 1806 et
2781 1751 2988 1807 initium
3032 1752 3226 1810 domus
3257 1754 3496 1810 nondum

115 1851 330 1920 ptizati
359 1853 420 1906 in
459 1853 653 1920 nube,
681 1863 732 1908 et
759 1854 808 1908 in
833 1853 1000 1920 mari,
1033 1862 1092 1908 ut
1118 1852 1408 1923 Apostolus
1429 1852 1561 1907 dixit
1587 1851 1636 1921 (l
1663 1850 1783 1906 Cor.
1817 1857 1865 1919 B
1892 1837 2107 1896 domus-
2141 1842 2379 1914 υειιίίιιιθ
2407 1843 2493 1898 ³¹Ῐί
2525 1843 2822 1911 dixerunt:
2855 1848 2902 1900 έν
2943 1849 3195 1922 κεφαλαίῳ
3240 1848 3393 1919 (ιηεεί
3440 1847 3497 1904 in

118 1959 156 1997 κ
183 1986 198 2009 ,
231 1945 255 1998 l
313 1954 369 1999 et
404 1945 559 2018 seq.)
587 1963 600 1999 :
657 1956 710 2002 et
733 1962 799 2002 eo
829 1954 1068 2017 tempore
1098 1945 1308 2000 Domini
1342 1943 1630 2015 quotannis
1659 1943 1786 1999 Jesu

125 2036 355 2092 Christi
387 2038 618 2094 Pascha
651 2039 982 2107 celebratur,
1012 2038 1114 2094 hoc
1136 2046 1241 2104 est;
1277 2039 1577 2092 animarum
1610 2045 1788 2091 trans-

131 2131 253 2185 itus
295 2146 329 2185 a
387 2131 558 2187 vitiis
603 2132 667 2186 ad
699 2133 991 2196 virtutem,
1043 2147 1071 2185 a
1108 2130 1450 2202 passionibus
1497 2130 1675 2186 carnis
1720 2128 1786 2184 ad

136 2224 400 2293 gratiam
433 2224 910 2296 sobrietatemque
939 2226 1165 2292 mentis,
1193 2239 1222 2278 a
1253 2223 1472 2279 malitiae
1508 2223 1790 2293 nequitia:-

138 2333 256 2387 que
292 2317 589 2373 fermento
619 2318 686 2373 ad
717 2321 1002 2374 veritatem
1033 2327 1088 2372 et
1126 2317 1517 2391 sinceritatem.
1548 2316 1789 2386 chene-

143 2412 292 2467 ratis
318 2413 523 2482 itaque
571 2413 769 2468 dicitur
800 2431 811 2466 :
848 2411 1044 2468 Mensis
1093 2412 1175 2466 Iu'c
1221 2411 1360 2466 vobis
1402 2410 1603 2464 initium
1650 2425 1790 2464 men-

145 2509 292 2562 sium
319 2549 335 2574 ,
373 2509 588 2578 primus
617 2520 693 2564 est
723 2509 862 2564 vobis
893 2510 946 2563 in
986 2508 1248 2562 mensibus
1277 2507 1401 2560 anni
1444 2503 1651 2576 (Exod.
1677 2520 1786 2570 xu,

150 2600 242 2670 εἰ).
277 2602 640 2673 Derelinquit
683 2603 827 2659 enim
857 2612 911 2658 et
939 2602 1178 2667 deserit,
1209 2599 1298 2670 qui
1331 2599 1600 2662 abluitur,
1632 2597 1792 2653 intel-

157 2693 434 2765 ligihilem
481 2694 638 2750 illum
670 2695 882 2750 Pharao
913 2695 1209 2766 principem
1242 2693 1396 2747 istius
1438 2689 1658 2756 mundi,
1704 2689 1790 2745 di-

160 2802 299 2841 cens
331 2805 346 2840 :
383 2785 735 2843 Abrenuntio
759 2788 850 2842 tibi
875 2829 888 2853 ,
911 2786 1156 2852 diabole,
1191 2793 1246 2840 et
1273 2793 1299 2820 ⁸
1328 2783 1536 2854 angelis
1568 2782 1705 2848 tuis,
1738 2789 1793 2837 et

166 2879 444 2952 operibus
479 2884 591 2939 tuis
612 2926 626 2949 ,
660 2894 715 2940 et
755 2884 993 2954 imperiis
1023 2883 1148 2937 tuis.
1180 2881 1288 2938 Nec
1314 2880 1423 2951 jam
1454 2881 1656 2936 serviet
1699 2882 1747 2935 ei
1775 2921 1790 2947 ,

169 2976 259 3032 vel
295 2975 544 3031 terrenis
585 2977 746 3047 hujus
791 2976 1035 3047 corporis
1069 2974 1411 3044 paSsionibus
1435 3014 1451 3040 ,
1482 2974 1563 3029 vel
1604 2975 1795 3042 depra-

167 3079 313 3124 vata:
347 3069 565 3124 mentis
604 3069 879 3126 erroribus
902 3110 918 3135 ,
949 3069 1038 3138 qui
1084 3067 1328 3123 demersa
1363 3066 1508 3121 omni
1555 3065 1752 3119 malitia
1776 3107 1790 3129 ,

159 3167 286 3221 vice
317 3165 578 3236 plumbi,
608 3164 764 3221 bonis
797 3164 1053 3235 operibus
1083 3161 1268 3217 dextra
1297 3161 1534 3230 laevaque
1564 3159 1798 3214 munitus

1891 1933 2100 2002 capite.
2140 1950 2248 2006 quo
2284 1936 2620 2007 signiﬁcatur
2659 1942 2712 1994 in
2759 1938 2909 1996 brevi
2959 1952 3008 1996 et
3045 1941 3097 1996 in
3143 1942 3340 2013 exiguo
3369 1959 3493 1998 mo-

1891 2038 2076 2083 mento
2122 2042 2333 2086 summa
2364 2032 2694 2102 operationis
2725 2034 2964 2106 impleta.
2999 2035 3136 2090 Sunt
3159 2051 3290 2108 ergo
3323 2046 3377 2091 et
3405 2035 3500 2108 qui

1891 2121 2213 2193 principium
2267 2139 2374 2179 non
2429 2139 2526 2195 pro
2575 2136 2819 2197 tempore
2869 2127 3178 2198 accipiant,
3228 2129 3324 2185 sed
3364 2137 3492 2185 ante

1901 2221 2113 2283 tempus
2133 2256 2147 2280 ,
2177 2219 2260 2270 καὶ
2284 2217 2552 2290 nodatos
2579 2218 2660 2272 vel
2711 2226 2871 2289 caput
2896 2236 2909 2285 ;
2947 2233 3000 2274 ut
3032 2220 3277 2277 dicamus
3307 2222 3500 2279 Latine

1890 2308 2042 2377 quasi
2068 2323 2335 2363 summam
2367 2309 2582 2380 operis;
2611 2312 2732 2380 quia
2758 2326 2939 2367 rerum
2974 2313 3257 2368 visibilium
3286 2329 3498 2370 summa

1891 2400 2088 2456 coelum
2115 2410 2170 2457 et
2202 2411 2343 2457 terra
2374 2413 2457 2458 est
2482 2445 2496 2469 ,
2527 2419 2648 2474 qua:
2677 2420 2782 2459 non
2811 2406 2986 2460 solum
3021 2405 3086 2461 ad
3117 2407 3302 2462 mundi
3335 2408 3497 2478 hujus

1891 2504 2141 2562 Spectare
2189 2494 2438 2550 videntur
2465 2505 2746 2564 ornatum,
2780 2497 2874 2553 sed
2918 2499 3078 2553 etiam
3125 2501 3191 2556 ad
3241 2501 3499 2559 indicium

1893 2601 2073 2640 rerum
2129 2585 2482 2642 invisibilium
2515 2630 2529 2655 ,
2569 2596 2623 2644 et
2661 2590 2932 2660 quoddam
2979 2601 3357 2662 argumentum
3406 2608 3502 2648 eo-

1895 2693 2010 2732 rum
2041 2693 2162 2750 qute
2194 2695 2299 2736 non
2344 2681 2627 2748 videntur,
2672 2694 2728 2738 ut
2757 2691 2840 2739 est
2884 2683 3023 2739 istud
3073 2684 3446 2756 propheticum
3479 2703 3494 2740 :

1895 2773 2022 2828 Cazli
2048 2785 2290 2829 enarrant
2315 2775 2535 2846 gloriam
2562 2775 2694 2844 Dei,
2723 2787 2769 2832 et
2795 2795 2954 2848 opera
2983 2795 3228 2834 manuum
3256 2781 3368 2850 ejus
3397 2796 3499 2834 an-

1896 2867 2097 2920 nuntiat
2144 2869 2521 2936 ﬁrmamentum
2550 2868 2690 2944 (Ps.
2731 2887 2893 2939 xvm,
2936 2869 3017 2945 l).
3075 2871 3226 2942 Quod
3281 2881 3500 2930 secutus

1898 2959 2188 3029 Apostolus
2218 2962 2340 3016 aliis
2369 2963 2550 3019 verbis
2601 2963 2652 3019 in
2686 2965 2934 3020 eamdem
2982 2967 3247 3022 conclusit
3275 2979 3499 3024 senten-

1903 3054 2028 3106 tiam
2059 3095 2072 3117 ,
2101 3054 2290 3110 dicens
2319 3075 2330 3108 :
2366 3057 2500 3122 Quia
2542 3058 2818 3112 invisibilia
2845 3060 2954 3128 ejus
2983 3077 3074 3132 per
3100 3078 3160 3116 ea
3203 3079 3318 3133 qua:
3361 3067 3502 3136 facta

1899 3156 2052 3212 sunt,
2099 3148 2459 3219 intelliguntur
2505 3149 2691 3223 (Rom.
2742 3167 2794 3220 ι,
2835 3150 2952 3222 20).
3011 3159 3302 3211 Auctorem
3351 3159 3498 3213 enim

166 3259 445 3315 inoffenso
473 3259 672 3315 saeculi
708 3259 868 3329 hujus
899 3258 1034 3312 freta
1067 3256 1245 3310 studet
1290 3253 1517 3308 transire
1549 3252 1791 3324 vestigio.
1823 3250 1866 3313 C
1901 3238 2228 3312 Angelorum
2283 3251 2338 3298 el
2383 3242 2819 3300 Dominalionmn
2865 3253 2921 3301 et
2967 3246 3302 3304 PoteSIatum
3347 3249 3504 3307 facile

173 3352 232 3408 ln
281 3354 428 3409 libro
477 3367 744 3423 quoque,
795 3349 887 3421 qui
935 3347 1245 3403 inscribitur
1284 3347 1351 3402 de
1393 3344 1641 3400 Numeris
1668 3384 1683 3410 ,
1725 3345 1800 3399 ait

179 3444 471 3514 Scriptura
521 3445 580 3516 8
623 3461 636 3496 :
685 3440 904 3496 Initium
950 3427 1217 3494 nationum
1247 3437 1488 3501 Amalec,
1535 3447 1582 3491 et
1627 3451 1797 3490 semen

184 3543 296 3612 ejus
327 3537 516 3611 peribit
545 3536 735 3610 (Num.
770 3550 927 3601 xxiv,
959 3531 1077 3605 20).
1113 3530 1180 3586 Ει
1210 3531 1394 3600 utique
1423 3544 1528 3584 non
1559 3529 1797 3583 omnium

189 3633 473 3687 nationum
508 3629 712 3700 primus
758 3637 843 3684 est
880 3625 1143 3689 Amalec;
1192 3622 1284 3678 sed
1321 3621 1444 3693 quia
1496 3637 1591 3692 per
1634 3621 1798 3675 inter-

192 3724 552 3793 pretationem
601 3720 821 3777 Amalec
885 3718 914 3756 ὀ
961 3733 1056 3774 rex
1122 3715 1383 3785 accipitur
1450 3713 1792 3783 iniquorum;

199 3816 405 3887 ciniqui
435 3827 613 3871 autem
642 3824 830 3886 gentes
852 3821 1014 3867 sunt:
1045 3808 1168 3865 vide
1198 3823 1264 3863 ne
1290 3806 1587 3883 principem
1610 3805 1794 3860 mundi

195 3908 356 3978 hujus
406 3909 654 3979 accipere
699 3905 1028 3971 debeamus,
1081 3901 1172 3971 qui
1220 3901 1448 3969 imperat
1491 3891 1798 3952 nationibus

199 4003 529 4072 voluntatem
571 4015 721 4056 suam
751 3996 1074 4052 facientibus
1099 4037 1114 4062 ,
1154 3995 1306 4064 cujus
1337 4007 1521 4048 semen
1555 3990 1751 4062 peribit.
1780 4006 1793 4043 :

197 4111 381 4152 semen
413 4104 595 4150 autem
645 4094 762 4163 ejus
812 4091 959 4161 impii
993 4099 1045 4146 et
1092 4087 1338 4143 inﬁdeles
1390 4094 1553 4154 sunt,
1606 4084 1798 4155 quibus

201 4189 274 4243 ait
305 4187 593 4253 Dominus,
641 4184 738 4240 Vos
766 4200 829 4239 ea:
868 4191 1013 4255 patre
1039 4178 1244 4235 diabolo
1273 4179 1395 4234 estis
1439 4176 1627 4249 (Joan.
1663 4192 1754 4231 vut
1780 4219 1794 4243 ,

199 4279 322 4354 at).

275 4375 357 4430 l5.
401 4375 498 4431 Est
539 4372 700 4429 etiam
753 4369 963 4426 initium
1015 4367 1306 4441 mysticum
1332 4408 1345 4433 ,
1395 4373 1454 4420 ut
1494 4363 1624 4419 illud
1665 4371 1748 4419 est
1777 4402 1792 4429 ,

205 4467 312 4539 Ego
341 4485 449 4524 sum
479 4468 680 4540 primus
705 4476 751 4520 et
783 4463 1086 4519 novissimus
1108 4502 1124 4528 ,
1151 4459 1354 4524 initium
1379 4467 1427 4513 et
1456 4457 1577 4528 ﬁnis
1603 4456 1788 4528 (Apoc.

208 4573 258 4624 ι,
287 4560 360 4632 8).
392 4559 456 4615 Ει
506 4557 636 4613 illud
679 4557 732 4611 in
774 4554 1067 4626 Evangelio
1097 4550 1404 4624 praecipue,
1443 4547 1583 4620 quod
1629 4549 1794 4603 inter-

1905 3334 2258 3406 intelligimus
2307 3353 2468 3404 ettm,
2517 3345 2604 3410 qui
2659 3349 2932 3397 momento
2975 3342 3185 3413 itnperii
3229 3343 3313 3400 sui
3364 3345 3504 3403 hanc

1903 3436 2102 3484 tantam
2134 3430 2589 3502 pulchritudinem
2623 3435 2805 3491 mundi
2837 3452 2902 3493 ex
2949 3437 3120 3495 nihilo
3172 3437 3296 3497 fecit
3335 3456 3456 3498 esse
3481 3483 3499 3509 ,

1899 3539 2020 3594 quae
2050 3540 2157 3581 non
2185 3536 2334 3593 erat;
2368 3537 2424 3583 et
2451 3543 2556 3583 non
2587 3529 2653 3585 de
2681 3532 3027 3589 exstantibus
3056 3544 3145 3589 aut
3182 3533 3376 3604 rebus,
3409 3545 3503 3593 aut

1900 3619 2086 3676 causis
2113 3619 2331 3676 donavit
2360 3619 2562 3678 habere
2592 3623 2968 3681 substantiam.

2535 3757 2762 3816 CAPUT
2807 3759 2867 3815 V.

1903 3870 2158 3926 Mandant
2197 3873 2386 3928 divina:
2411 3874 2727 3944 operationis
2756 3877 3011 3946 specimen
3044 3892 3152 3932 esse
3177 3893 3196 3932 :
3222 3894 3255 3932 a
3293 3879 3503 3950 gentilia

1971 3966 2065 4021 bus
2093 3983 2207 4021 eum
2233 3966 2330 4022 Dei
2351 3967 2583 4022 umbram
2611 3985 2711 4022 non
2734 3979 2870 4023 recte
2899 3968 3003 4023 dici
3025 3985 3044 4024 :
3076 3967 3217 4025 Filio
3243 3972 3376 4026 enim
3416 3989 3503 4027 so-

1974 4061 2010 4114 li
2030 4102 2044 4124 ,
2079 4071 2136 4115 ut
2165 4061 2336 4132 imago
2360 4059 2459 4117 Dei
2481 4062 2543 4116 sit
2567 4103 2582 4130 ,
2613 4048 2904 4118 conuenire.

1975 4173 2062 4227 l7.
2107 4172 2204 4227 Est
2234 4187 2364 4244 ergo
2394 4173 2481 4228 hic
2524 4173 2758 4230 mundus
2801 4174 2997 4230 divina:
3044 4177 3317 4248 specimen
3365 4196 3493 4252 opc-

1904 4264 2165 4330 rationis;
2198 4265 2323 4336 quia
2370 4265 2497 4322 dum
2541 4282 2676 4338 opus
2703 4268 2943 4337 videtur,
2968 4271 3024 4342 9
3055 4273 3335 4342 prrelcrtur
3363 4291 3498 4346 ope-

1901 4367 2069 4416 rator.
2108 4358 2351 4432 Namque
2381 4369 2441 4417 ut
2497 4361 2719 4418 istarum
2761 4365 2950 4420 artium
2991 4364 3112 4424 alia:
3144 4377 3269 4424 sunt
3311 4380 3500 4426 actu0~

1900 4471 1974 4511 ste
2000 4499 2013 4524 ,
2046 4472 2166 4527 qua:
2215 4465 2343 4512 sunt
2385 4456 2439 4512 in
2492 4459 2737 4529 corporis
2779 4471 2926 4516 motu
2952 4504 2966 4527 ,
3010 4473 3101 4518 aut
3147 4478 3282 4522 sono
3312 4467 3497 4535 vocis;

1898 4549 2134 4604 cessavit
2183 4558 2362 4605 motus
2393 4559 2484 4605 aut
2533 4564 2734 4617 sonus,
2767 4553 2898 4608 nihil
2930 4555 3236 4626 superfuit,
3285 4575 3385 4616 nec
3415 4577 3503 4618 rc-

207 4662 414 4724 rogatus
458 4651 721 4708 Dominus
748 4692 762 4716 ,
793 4649 913 4720 quis
943 4657 1124 4712 esset,
1177 4643 1456 4717 respondit
1488 4659 1500 4696 :
1545 4640 1800 4710 Initium,
1829 4643 1882 4704 D
1911 4643 2108 4697 mansit
2153 4642 2525 4713 spectantibus
2573 4643 2657 4699 vel
2699 4643 3039 4704 audientibus
3074 4667 3087 4704 :
3116 4650 3236 4707 alia:
3287 4652 3502 4712 theore-

210 4745 336 4814 quod
361 4755 404 4799 et
440 4745 628 4813 loquor
653 4741 791 4798 vobis
817 4740 996 4814 (Joan.
1028 4753 1122 4794 vut
1142 4779 1158 4806 ,
1190 4736 1306 4808 25).
1337 4735 1440 4805 Qui
1471 4751 1598 4791 vere
1627 4745 1680 4791 et
1711 4749 1797 4791 se-

211 4836 430 4894 cundum
465 4835 803 4892 divinitatem
847 4842 931 4890 est
977 4832 1188 4889 initium
1220 4830 1458 4886 omnium
1481 4871 1496 4896 ,
1530 4829 1654 4900 quia
1700 4843 1796 4884 ne-

212 4947 293 4987 mo
328 4945 444 4989 ante
490 4932 706 5003 ipsum;
739 4940 792 4986 et
838 4929 990 4996 ﬁnis,
1023 4928 1147 5000 quia
1193 4942 1356 4984 nemo
1388 4925 1524 4981 ultra
1577 4924 1752 4996 ipsum
1783 4941 1796 4977 :

222 5036 271 5080 et
298 5026 588 5082 secundum
634 5024 977 5079 Salomonem
1027 5020 1220 5092 (Prov.
1267 5035 1402 5088 vm,
1430 5017 1538 5088 22)
1585 5019 1796 5073 initium

216 5129 291 5174 est
318 5125 520 5178 viarum
557 5119 768 5174 Domini
800 5118 852 5174 in
892 5131 1057 5188 Opera
1091 5116 1243 5186 ejus;
1276 5123 1334 5171 ut
1377 5129 1476 5185 per
1505 5114 1678 5186 ipsum
1715 5113 1799 5168 di-

214 5225 371 5272 sceret
400 5215 684 5272 hominum
729 5229 899 5284 genus
926 5215 1040 5267 vias
1085 5210 1295 5266 Domini
1344 5209 1538 5280 sequi,
1569 5219 1624 5266 et
1671 5222 1802 5279 0pc-

281 5388 300 5449 f‘
329 5377 457 5436 Mss.
485 5386 712 5449 quatuor
741 5373 1106 5448 probatissimi
1135 5371 1576 5446 praetermittunt,
1615 5379 1664 5424 et
1705 5385 1800 5423 an-

218 5447 614 5578 θειιίἮῗιῖἶὲητηη
641 5518 1158 5589 interpretationem,
1183 5515 1320 5571 hanc
1348 5516 1798 5589 sumpseritAm:

222 5590 293 5647 br.
324 5611 416 5650 non
454 5593 608 5648 facile
643 5582 798 5646 dictu'
823 5599 944 5645 est:
983 5587 1256 5644 fatendum
1290 5582 1613 5641 tamen—eam
1655 5582 1796 5639 haud

225 5683 472 5742 immerito
518 5684 830 5756 improbari.
881 5681 1067 5752 Neque
1113 5681 1255 5736 enim
1304 5656 1466 5761 p'TDY
1495 5695 1618 5735 cum
1665 5692 1799 5733 voce

227 5764 332 5857 15D
367 5781 528 5836 ullam
561 5775 722 5831 habet
769 5773 1109 5829 affinitatem.
1138 5770 1198 5826 Β.
1227 5771 1625 5827 llieron.aliam
1656 5769 1798 5840 ejus-

231 5867 332 5926 dctn
378 5869 615 5929 nominis
653 5866 1102 5942 signiﬁcationem
1130 5880 1197 5920 ex
1253 5864 1483 5921 Philone
1529 5861 1696 5919 refert
1729 5859 1800 5917 de

1908 4735 2027 4789 ticae
2047 4775 2063 4802 ,
2093 4731 2122 4772 ἀ
2151 4750 2272 4806 qua:
2303 4734 2539 4806 vigorem
2567 4736 2763 4793 mentis
2804 4749 3092 4798 exerceant
3123 4760 3135 4795 :
3165 4744 3285 4800 aliae
3315 4744 3503 4817 hujus-

1904 4829 2084 4896 modi,
2131 4839 2188 4884 ut
2235 4837 2482 4886 cessante
2509 4845 2723 4902 quoque
2750 4833 3081 4902 operationis
3122 4835 3337 4904 ofﬁcio,
3372 4855 3504 4910 ope-

1907 4924 1981 4980 ris
2023 4939 2216 4980 munus
2260 4933 2557 4996 appareat,
2604 4933 2662 4980 ut
2711 4925 2996 4984 aediﬁcatio
3039 4939 3200 4996 atque
3244 4940 3453 4990 textura
3481 4978 3498 5005 ,

1905 5033 2026 5089 qua:
2055 5018 2216 5073 etiam
2241 5024 2454 5072 tacente
2479 5018 2718 5086 artiﬁce,
2750 5019 2998 5088 peritiam
3028 5024 3145 5091 ejus
3172 5025 3499 5094 ostendunt,

1908 5118 1965 5164 ut
2009 5109 2281 5180 operatori
2312 5109 2495 5180 operis
2519 5110 2602 5165 sui
2650 5112 3014 5169 testimonium
3046 5115 3385 5187 suffragetur.
3418 5119 3505 5175 Si-

1910 5202 2110 5260 militer
2140 5201 2230 5259 hic
2279 5202 2514 5259 mundus
2563 5202 2758 5260 divinae
2807 5205 3107 5276 majestatis
3137 5208 3348 5280 insigne
3376 5219 3501 5281 est,

1908 5379 2053 5421 nom.
2091 5364 2256 5420 Hebr.
2286 5362 2494 5418 Amalec
2516 5363 2728 5430 inquit,
2758 5363 3238 5434 papuluslambens
3257 5407 3273 5433 ,
3297 5370 3376 5423 vel
3401 5371 3503 5428 lin-

1906 5455 2046 5508 gens.
2070 5435 2317 5508 :l‘ertiam
2349 5443 2608 5508 praeterea
2625 5435 3052 5508 explicationem
3069 5434 3136 5508 in
3164 5434 3272 5493 fine
3299 5439 3504 5500 Biblio.

1906 5501 2023 5562 ium
2068 5507 2133 5561 Ro
2167 5501 2428 5574 Stephani
2461 5501 2743 5573 reperias',
2788 5506 2877 5560 ubi
2926 5501 3136 5555 Amalec
3176 5521 3241 5559 ex
3276 5509 3504 5572 llehmo

1905 5587 1961 5634 et
1985 5579 2130 5656 Syro
2150 5573 2446 5647 expunitur
2468 5616 2484 5641 ,
2511 5575 2734 5646 papulas
2762 5573 3070 5656 percutiens.
3099 5639 3116 5656 '
3167 5643 3178 5656 .

1981 5660 2002 5687 ο
2025 5639 2177 5704 Ἐσῑι.
2220 5639 2412 5702 omnes
2439 5639 2992 5711 cum'mss.'aliquot
3031 5657 3045 5693 :
3088 5639 3294 5712 Iniqua;
3331 5663 3506 5712 autem

1903 5731 2074 5791 gentes
2103 5730 2240 5791 sunt.
2272 5716 2381 5791 Alii
2409 5715 2604 5770 melius
2635 5731 2648 5766 :
2677 5713 2836 5791 iniqui
2861 5751 2876 5773 ,
2907 5719 3015 5765 etc.

1976 5789 2001 5828 ἀ
2040 5791 2140 5844 Ms.
2181 5788 2348 5844 Corb.
2405 5791 2568 5840 vetus
2619 5792 2672 5837 et
2697 5781 2906 5845 Germ.,
2954 5794 3071 5850 qua!
3107 5786 3279 5858 vigore
3320 5795 3505 5862 mentis

1905 5870 2259 5918 exerceantur.
3325 5863 3332 5868 ’
