4156 6370
505 375 511 382 ι
570 288 662 358 ιδι

569 503 704 562 deus
736 504 1004 575 Propheta
1028 545 1042 569 ,
1073 502 1234 560 simul
1269 509 1324 558 et
1350 501 1416 558 ad
1462 501 1754 558 invisibilia
1785 501 1973 557 oculos
2015 512 2167 556 men-

571 597 639 651 tis
669 596 919 652 attollens
942 638 956 662 ,
989 595 1064 650 ait
1097 613 1110 648 :
1148 594 1314 663 Quam
1346 593 1677 664 magniﬁcam
1706 601 1823 648 sunt
1852 607 2008 664 apere
2039 599 2127 645 tua
2147 631 2162 657 ,

571 689 792 745 Domine
815 689 836 744 !
863 689 1035 744 omnia
1059 689 1110 743 in
1141 687 1395 759 sapientia
1422 687 1589 755 fecisti
1617 684 1790 760 (Psai.
1823 700 1914 742 cm
1935 727 1950 752 ,
1977 682 2094 758 24).

646 783 732 840 l8.
774 781 885 838 Nec
913 782 1084 838 otiose
1114 780 1302 851 utique
1347 781 1542 836 factum
1587 779 1849 849 legimus;
1887 777 2010 847 quia
2041 790 2175 846 gen-

573 877 696 944 tiles
731 877 973 955 plerique
1021 875 1112 948 qui
1161 883 1492 930 eoa-ternum
1538 873 1652 928 Deo
1691 870 1952 930 mundum
1988 869 2174 924 volunt

573 984 713 1033 esse,
747 969 896 1041 quasi
927 967 1395 1024 adnmbrationem
1425 964 1640 1022 virtutis
1669 963 1889 1030 divinae,
1923 969 2175 1018 asserunt

572 1062 734 1117 etiam
765 1076 858 1114 sua
885 1067 1082 1130 sponte
1112 1058 1438 1124 subsistere;
1466 1065 1522 1114 et
1545 1056 1788 1128 quamvis
1813 1069 2031 1112 causam
2058 1053 2176 1124 ejus

575 1149 744 1210 Deum
774 1166 896 1209 esse
924 1149 1228 1218 fateantur;
1261 1159 1286 1188 ει
1313 1165 1532 1206 causam
1559 1160 1734 1206 tamen
1760 1147 1959 1205 factum
1985 1147 2178 1204 volunt

573 1262 683 1304 non
709 1262 774 1303 ex
803 1247 1076 1303 voluntate
1105 1254 1160 1302 et
1183 1244 1541 1316 dispositione
1565 1258 1686 1308 sua,
1717 1242 1811 1298 sed
1836 1242 1906 1297 ita
1929 1249 1988 1296 ut
2014 1255 2177 1298 causa

573 1340 782 1395 umbra:
811 1354 1009 1410 corpus
1038 1349 1143 1394 est.
1173 1337 1431 1392 Adhaeret
1459 1337 1602 1392 enim
1635 1335 1823 1392 umbra
1851 1333 2091 1406 corpori,
2123 1339 2179 1390 et

575 1431 753 1503 fulgor
794 1431 980 1486 lumini
1014 1430 1243 1486 naturali
1277 1431 1446 1502 magis
1473 1429 1764 1496 societate,
1796 1441 1955 1498 quam
1988 1426 2179 1482 volun-

577 1535 688 1582 tate
735 1525 957 1581 arbitra.
1009 1523 1240 1580 Pulchre
1283 1539 1413 1595 ergo
1460 1523 1537 1578 ait
1586 1522 1834 1595 Moyses.
1883 1519 2006 1591 quia
2057 1519 2180 1590 fecit

578 1615 720 1674 Deus
749 1619 934 1674 Caelum
961 1629 1006 1674 et
1037 1628 1242 1673 terram.
1273 1617 1391 1674 Non
1437 1618 1573 1676 dixit
1601 1617 1723 1688 quia
1771 1616 1995 1672 subesse
2021 1615 2177 1682 fecit;

579 1727 686 1766 non
711 1711 847 1766 dixit
875 1711 998 1784 quia
1026 1726 1245 1767 causam
1279 1710 1480 1767 mundo
1511 1719 1568 1765 ut
1586 1717 1753 1775 esset,
1783 1709 2015 1780 praebuit
2043 1724 2056 1763 :
2086 1706 2180 1764 sed

577 1804 697 1876 fecit
729 1805 882 1877 quasi
930 1803 1102 1859 bonus
1142 1803 1285 1874 quod
1341 1803 1481 1860 foret
1529 1803 1708 1858 utile:
1757 1801 1910 1873 quasi
1966 1799 2181 1872 sapiens

577 1897 722 1967 quod
767 1898 1027 1967 optimmn
1065 1896 1390 1966 judicabat:
1437 1895 1592 1966 quasi
1642 1893 1987 1962 omnipotens
2035 1891 2178 1966 quod

579 1990 974 2060 amplissimum
1034 1991 1382 2061 praevidebat.
1445 1989 1729 2056 Quomodo
1786 1997 1967 2044 autem
2025 1987 2180 2057 quasi

581 2085 770 2141 umbra
803 2099 924 2140 esse
957 2091 1198 2154 poterat,
1247 2082 1332 2136 ubi
1366 2096 1564 2152 corpus
1608 2095 1714 2136 non
1760 2092 1909 2150 erat,
1945 2095 2066 2138 cum
2101 2081 2184 2136 in-

579 2178 829 2248 corporei
864 2175 956 2232 Dei
1000 2190 1261 2248 corporea
1294 2174 1634 2230 adumbratio
1665 2188 1787 2230 esse
1818 2188 1922 2230 non
1974 2173 2182 2244 possit?

580 2270 868 2340 Quomodo
909 2271 1071 2324 etiam
1115 2269 1422 2340 incorporei
1463 2265 1683 2322 luminis
1715 2265 1973 2338 Splendor
2012 2266 2186 2338 possit

581 2380 703 2422 esse
734 2362 1068 2434 corporeus?

657 2458 745 2514 19.
788 2455 896 2514 Sed
943 2455 990 2511 si
1039 2453 1240 2524 qumris
1290 2451 1634 2523 splendorem
1685 2451 1823 2520 Dei,
1873 2449 2047 2508 Filius
2103 2458 2190 2506 est

587 2551 766 2624 imago
811 2550 905 2606 Dei
956 2548 1268 2604 invisibilis.
1304 2546 1490 2616 Qualis
1534 2561 1664 2617 ergo
1711 2547 1852 2602 Deus
1898 2554 2018 2611 est,
2065 2543 2186 2612 talis

586 2646 786 2716 imago.
817 2641 1113 2698 invisibilis
1148 2641 1313 2708 Deus,
1345 2638 1509 2695 etiam
1543 2639 1720 2710 imago
1750 2637 2056 2694 invisibilis.
2090 2635 2191 2692 Est

587 2740 731 2796 enim
756 2736 1012 2806 splendor
1035 2734 1223 2808 gloria:
1250 2741 1512 2804 paterna},
1535 2742 1698 2802 atque
1720 2731 1837 2804 ejus
1862 2731 2038 2802 imago
2059 2730 2189 2786 sub-

588 2831 824 2888 stantiae.
842 2828 868 2884 1
875 2848 907 2884 η
925 2828 1205 2901 principio,
1223 2827 1415 2898 inquit,
1435 2825 1553 2898 fecit
1570 2821 1710 2880 Deus
1721 2823 1901 2880 cretum
1916 2832 1962 2877 et
1976 2833 2186 2878 terram.

589 2925 786 2982 Factus
808 2933 893 2980 est
911 2938 1041 2994 ergo
1069 2920 1320 2984 mundus,
1353 2926 1408 2974 et
1426 2917 1592 2988 coepit
1614 2932 1759 2985 esse,
1783 2917 1873 2988 qui
1903 2930 2008 2973 non
2031 2927 2148 2972 erat
2173 2932 2186 2969 :

589 3018 830 3076 Verbum
862 3027 1042 3072 autem
1071 3015 1161 3070 Dei
1193 3013 1245 3068 in
1271 3011 1538 3084 principio
1565 3021 1706 3078 erat,
1731 3019 1786 3066 et
1805 3017 1923 3065 erat
1949 3023 2188 3078 semper.

591 3113 696 3172 Sed
730 3113 891 3170 etiam
923 3110 1115 3182 Angcli
1137 3151 1152 3175 ,
1183 3105 1588 3163 Dominationes
1631 3113 1688 3162 et
1718 3105 2055 3172 P0testates,
2088 3105 2188 3162 etsi

591 3208 880 3296 aliquando
920 3214 1234 3278 cmpernnt;
1285 3212 1438 3260 erant
1471 3213 1650 3260 tamen
1697 3204 1806 3274 jam
1851 3200 2068 3275 quando
2104 3200 2191 3255 hic
2217 3231 2263 3294 Ο

593 3293 829 3360 mundus
856 3312 938 3356 est
975 3301 1165 3355 factus.
1199 3296 1393 3352 Omnia
1427 3310 1658 3365 namque
1688 3304 1872 3350 creata
1894 3303 1948 3348 et
1975 3293 2194 3348 condita

593 3408 744 3462 sunt,
773 3393 983 3448 visiblia
1011 3403 1064 3448 et
1087 3389 1404 3450 invisibilia.
1437 3389 1552 3442 sive
1577 3386 1766 3454 Sedes,
1795 3387 1911 3442 sive
1943 3387 2195 3442 Domina-

596 3489 797 3552 tiones,
829 3485 948 3542 sive
969 3482 1329 3553 Principatus,
1359 3479 1473 3534 sive
1497 3480 1800 3534 Potestates
1835 3494 1847 3531 :
1881 3477 2090 3544 Omnia,
2114 3477 2196 3532 in.

595 3579 749 3650 quit,
786 3593 874 3649 per
903 3577 1068 3646 ipsum
1106 3578 1240 3646 facta
1269 3582 1409 3640 stmt,
1443 3581 1486 3626 et
1513 3571 1541 3610 1’
1571 3572 1624 3626 in
1660 3571 1831 3644 ipsum
1859 3580 2034 3625 creata
2077 3579 2196 3626 sunt

598 3670 821 3745 (Coloss.
855 3685 894 3736 ι,
927 3669 1039 3738 16).
1069 3665 1206 3734 Quid
1251 3675 1335 3721 est
1364 3665 1417 3719 in
1457 3663 1636 3735 ipsum
1665 3662 1883 3719 creata?
1913 3663 2047 3732 Quia
2079 3662 2197 3733 ipse

598 3774 683 3822 est
705 3769 881 3819 haeres
906 3761 1100 3825 Patris,
1131 3776 1196 3816 eo
1217 3758 1362 3832 quod
1389 3776 1417 3812 a
1446 3759 1604 3814 Patre
1632 3758 1684 3813 in
1717 3758 1891 3830 ipsum
1924 3755 2198 3812 transierit

598 3858 915 3923 htereditas,
945 3855 1084 3910 sicut
1105 3853 1267 3910 Pater
1294 3851 1424 3908 dicit
1453 3868 1466 3906 :
1503 3849 1664 3906 Posce
1691 3869 1722 3905 a
1750 3866 1848 3918 me,
1881 3860 1927 3904 et
1951 3850 2086 3904 dabo
2109 3848 2199 3904 tibi

597 3963 770 4027 gentes
789 3950 1138 4008 [nereditatem
1166 3955 1308 4002 tuam
1331 3944 1504 4017 (Psal.
1532 3960 1592 4011 ιι,
1616 3943 1692 4014 8).
1720 3943 1852 4012 Quae
1879 3951 2058 4000 tamen
2091 3942 2199 3998 ha:-

597 4047 802 4104 reditas
826 4060 854 4098 a
889 4044 1047 4099 Patre
1077 4041 1270 4097 transit
1298 4038 1351 4095 in
1380 4037 1598 4106 Filium,
1621 4047 1676 4092 et
1702 4037 1754 4094 in
1779 4035 1993 4095 Patrem
2019 4050 2203 4092 rever-

601 4142 732 4195 titur
775 4154 804 4190 a
855 4136 1010 4191 Filio.
1046 4133 1274 4205 Egregie
1305 4135 1486 4201 itaque
1515 4128 1810 4202 Apostolus
1853 4137 1906 4185 et
1938 4130 2038 4184 hoc
2081 4129 2203 4184 loco

601 4233 800 4290 Filium
846 4229 1286 4285 dixitauctorem
1335 4224 1615 4293 omnium,
1671 4231 1726 4278 et
1772 4221 2054 4294 majestate
2107 4236 2203 4309 sps

602 4325 974 4383 Continentem
1007 4319 1208 4376 omnia.
1243 4317 1310 4372 Et
1350 4316 1417 4372 ad
1472 4315 1744 4371 Romanos
1789 4314 1856 4370 de
1898 4315 2057 4370 Patre
2087 4315 2159 4369 ait
2189 4331 2204 4370 :

608 4418 863 4486 Quoniam
891 4432 955 4470 ex
994 4414 1132 4486 ipso,
1171 4420 1220 4466 et
1264 4426 1353 4482 per
1379 4408 1581 4482 ipsum,
1624 4417 1672 4461 et
1716 4408 1766 4460 in
1801 4417 1823 4446 ε
1871 4407 2042 4478 ipsum
2087 4414 2208 4462 sunt

605 4514 780 4570 omnia
825 4509 1001 4583 (Rom.
1036 4522 1126 4572 ιι,
1153 4503 1270 4578 56).
1306 4502 1384 4558 Ex
1430 4501 1550 4572 ipso
1592 4497 1914 4574 principium
1957 4509 2012 4556 et
2055 4501 2208 4572 origo

607 4604 923 4664 substantiae
938 4602 1336 4666 universorum,
1359 4597 1462 4672 ιο
1486 4594 1536 4651 id
1566 4605 1669 4662 est,
1689 4610 1754 4656 ex
1784 4595 2060 4652 voluntate
2089 4594 2208 4664 ejus

607 4713 657 4758 et
681 4705 969 4772 potestate.
991 4693 1184 4749 Omnia
1201 4690 1344 4747 enim
1364 4705 1432 4745 ex
1459 4689 1576 4760 ejus
1601 4689 1876 4744 voluntate
1893 4698 2168 4762 cmperunt
2191 4705 2206 4756 ;

1931 277 2180 354 SANCTI
2214 276 2544 352 Αιιιιιιοδιι

458 473 504 490 ,ς
553 402 627 468 ιιι
659 428 752 482 per
785 410 956 483 ipsum
998 409 1096 470 Dei
1135 408 1399 480 sapientia
1447 405 1842 465 manlfestetnr.
1877 405 2050 474 Quem
2087 405 2165 462 vi—
2195 431 2240 490 Α
2273 405 2368 463 Dei
2425 407 2758 466 voluntatem
2811 404 3076 473 recurrit;
3135 413 3192 464 et
3250 405 3372 478 ejus
3419 403 3647 464 arbitrio
3697 408 3876 464 resol-

3767 283 3876 348 {33.

2270 509 2492 556 vuntur.

2881 612 3110 675 CAPUT
3151 615 3238 672 Vl.

2275 725 2342 782 In
2379 727 2507 784 creto
2535 737 2584 784 et
2617 737 2754 784 terra
2795 739 3016 800 quatuor
3060 729 3351 797 elementa,
3399 745 3427 786 e
3468 729 3652 798 quibus
3704 729 3885 785 omnia

2348 831 2742 892 componuntur,
2788 833 2960 879 creata
3004 840 3132 879 esse.
3184 823 3364 891 Qualis
3402 823 3518 879 caeli
3558 824 3884 889 substantia;

2349 917 2578 990 qualisve
2624 926 2772 973 terra:
2803 919 3028 989 positio;
3060 930 3107 974 et
3145 935 3300 992 quam
3337 917 3538 974 diverse
3585 917 3890 989 philosophi

2351 1012 2416 1067 de
2452 1013 2696 1068 eiulatum
2738 1023 2926 1069 natura
2945 1013 3240 1087 judicarint
3263 1029 3283 1068 :
3314 1013 3376 1068 iis
3405 1011 3650 1085 neglectis
3692 1010 3889 1066 divina

2351 1109 2648 1164 auctoritati
2675 1109 3100 1166 auscultandum.

2351 1245 2445 1302 20.
2485 1245 2543 1305 lu
2576 1245 2842 1317 principio
2870 1246 3053 1318 itaque
3081 1244 3340 1316 temporis
3367 1244 3566 1302 cmlnm
3597 1254 3651 1302 et
3677 1254 3878 1302 terram

2284 1339 2428 1396 Deus
2460 1341 2606 1398 iecit.
2636 1339 2874 1411 Tempus
2896 1339 3044 1398 enim
3077 1340 3144 1396 ab
3177 1341 3280 1395 hoc
3325 1338 3560 1406 mundo,
3608 1354 3715 1396 non
3758 1347 3890 1394 ante

2281 1433 2541 1490 mundum
2567 1449 2581 1486 :
2613 1433 2733 1490 dies
2759 1442 2937 1488 autem
2967 1432 3229 1503 temporis
3255 1433 3432 1504 portio
3451 1441 3559 1498 est,
3589 1447 3695 1486 non
3731 1430 3887 1500 prin-

2282 1526 2506 1595 cipiunt.
2544 1525 2608 1580 Et
2649 1539 2973 1596 quamquam
3021 1523 3269 1582 lectionis
3311 1525 3454 1580 serie
3484 1525 3755 1596 pOSsimus
3786 1521 3884 1577 ad.

2284 1629 2497 1674 Struerc
2527 1616 2669 1688 quod
2695 1617 2870 1687 primo
2891 1616 3034 1672 diem
3063 1615 3253 1672 fecerit
3283 1616 3544 1672 Dominus
3568 1623 3622 1672 et
3646 1624 3882 1680 noctem,

2284 1726 2406 1784 quae
2447 1721 2572 1767 sunt
2615 1709 2760 1766 vices
2803 1717 3146 1781 temporum;
3195 1719 3249 1765 et
3297 1707 3540 1766 secundo
3581 1707 3668 1764 die
3699 1706 3887 1764 ﬁrma-

2213 1842 2258 1902 Β
2287 1816 2527 1864 mentum
2559 1805 2782 1874 fecerit,
2814 1819 2922 1876 quo
2957 1803 3219 1860 discrevit
3243 1817 3438 1876 aquam
3468 1817 3588 1874 quae
3613 1802 3717 1857 sub
3745 1800 3887 1857 coelo

2285 1908 2399 1966 est,
2426 1908 2481 1954 et
2507 1913 2701 1971 aquam
2735 1913 2856 1968 quae
2877 1912 3043 1970 super
3067 1897 3303 1964 coelum;
3338 1905 3516 1952 tamen
3546 1898 3677 1952 satis
3707 1903 3794 1952 est
3817 1894 3885 1950 ad

2285 2001 2607 2064 prmseatem
2638 1991 3035 2058 assertionem,
3085 1991 3228 2062 quod
3277 1990 3329 2046 in
3375 1988 3642 2062 principio
3681 1987 3882 2046 coelum

2283 2085 2494 2154 fecerit,
2527 2083 2670 2140 unde
2697 2080 2725 2120 τι
2755 2082 3111 2154 praerogativa
3135 2079 3508 2154 generationis
3531 2090 3584 2138 et
3608 2094 3802 2147 causa;
3836 2086 3892 2134 et

2283 2187 2487 2236 terram
2519 2176 2737 2245 fecerit,
2771 2175 2824 2231 in
2856 2191 2958 2246 qua
2989 2186 3137 2232 esset
3166 2173 3532 2247 generationis
3558 2170 3885 2230 substantia.

2286 2270 2342 2326 In
2373 2269 2457 2326 his
2501 2269 2644 2326 enim
2682 2275 2916 2342 quatuor
2958 2267 3047 2323 illa
3075 2267 3346 2326 elementa
3393 2277 3575 2323 creata
3621 2271 3783 2329 sunt,
3818 2278 3888 2319 ex

2287 2363 2482 2435 quibus
2513 2370 2847 2434 generantur
2874 2359 3056 2417 omnia
3087 2360 3187 2418 ista
3217 2376 3340 2432 quae
3366 2359 3552 2416 mundi
3582 2367 3727 2416 sunt.
3763 2356 3890 2412 Ele-

2287 2465 2468 2514 menta
2516 2466 2698 2510 autem
2743 2463 2998 2526 quatuor,
3031 2468 3148 2522 aer,
3191 2451 3358 2525 ignis,
3406 2466 3571 2526 aqua,
3604 2458 3660 2509 et
3700 2459 3883 2517 terra,

2287 2564 2408 2622 quae
2448 2548 2500 2604 in
2547 2547 2801 2603 omnibus
2837 2547 2940 2602 sibi
2989 2547 3154 2604 mixta
3203 2556 3348 2604 sunt.
3402 2544 3680 2617 Siquidem
3722 2553 3778 2599 et
3827 2544 3883 2597 in

2292 2649 2431 2698 terra
2466 2640 2643 2713 ignem
2677 2640 2954 2711 reperies,
2983 2640 3073 2712 qui
3103 2655 3168 2696 ex
3215 2638 3485 2710 lapidibus
3510 2646 3566 2694 et
3594 2637 3740 2695 ferro
3776 2636 3889 2694 l're-

2289 2743 2520 2812 quenter
2545 2735 2845 2802 excutitur;
2875 2743 2929 2792 et
2955 2735 3010 2791 in
3037 2735 3199 2801 ccelo,
3228 2749 3352 2792 cum
3381 2734 3454 2789 sit
3489 2735 3686 2806 ignitus
3716 2741 3772 2788 et
3793 2733 3898 2787 mi-

2291 2843 2422 2883 cans
2451 2825 2782 2900 fulgentibus
2803 2827 2976 2882 stellis
3004 2827 3186 2898 polus,
3211 2843 3345 2897 aqua
3381 2839 3504 2886 esse
3527 2825 3697 2897 possit
3725 2823 3896 2880 intel-

2292 2919 2408 2990 ligi,
2439 2935 2559 2990 qum
2590 2921 2672 2975 vel
2704 2934 2868 2994 supra
2896 2919 3093 2976 ctelom
3127 2929 3211 2974 cst
3230 2959 3245 2988 ,
3282 2919 3363 2976 vel
3391 2917 3460 2974 de
3488 2917 3582 2976 illo
3611 2917 3899 2990 superiore

2293 3015 2414 3071 loco
2461 3015 2513 3070 in
2547 3023 2742 3070 terram
2788 3013 2942 3086 largo
2987 3012 3300 3085 frequenter
3348 3013 3524 3068 imbre
3567 3009 3894 3068 demittitur.

2292 3107 2424 3178 Qua:
2455 3107 2697 3177 pluribus
2727 3106 2984 3178 colligere
3013 3121 3332 3178 possemus,
3371 3107 3414 3161 si
3457 3103 3587 3178 quid
3628 3103 3695 3159 ad
3725 3102 3899 3159 ξιξόίιί-

2293 3201 2564 3256 cationem
2624 3199 2884 3256 Ecclesia:
2939 3200 3037 3256 ista
3095 3199 3358 3270 prolicere
3405 3197 3736 3256 videremus.
3788 3195 3900 3255 Sed

2297 3297 2424 3366 quia
2451 3293 2535 3348 bis
2563 3293 2817 3363 occupari
2853 3291 3248 3349 infructuosum
3278 3291 3552 3364 negotium
3575 3301 3679 3358 est,
3709 3291 3777 3348 ad
3808 3292 3902 3350 illa

2299 3390 2472 3460 magis
2501 3388 2844 3446 intendamus
2884 3386 3122 3446 animum
3174 3388 3230 3445 in
3263 3387 3457 3460 quibus
3483 3389 3607 3448 vitae
3652 3389 3725 3444 sit
3769 3402 3901 3460 pro-

2297 3481 2470 3540 fectus
2499 3492 2737 3538 :eternae.

2369 3574 2461 3630 et.
2508 3575 2582 3630 De
2610 3574 2872 3645 qualitate
2904 3573 3069 3646 igitur
3097 3585 3151 3631 et
3179 3573 3483 3632 substantia
3509 3574 3632 3632 coeli
3659 3573 3792 3630 satis
3814 3582 3905 3630 est

2299 3681 2361 3726 ea
2388 3683 2637 3738 promere
2661 3683 2780 3738 quae
2805 3667 2858 3723 in
2884 3666 3058 3723 Esaiae
3081 3667 3296 3740 scriptis
3325 3669 3650 3740 reperimus,
3673 3668 3763 3740 qui
3789 3683 3904 3725 me-

2301 3759 2575 3816 diocribus
2617 3771 2670 3815 et
2712 3760 2928 3815 usitatis
2964 3761 3308 3817 sermonibus
3347 3761 3663 3834 qualitatem
3693 3774 3903 3820 natura:

2302 3852 2540 3910 cmlcstis
2565 3853 2857 3923 expressit,
2891 3853 3079 3910 dicens
3103 3853 3245 3928 quod
3274 3855 3572 3914 ﬁrmaverit
3598 3856 3794 3914 ccelnm
3821 3859 3901 3914 si-

2303 3953 2394 4000 cut
2433 3943 2639 4000 fumum
2679 3942 2828 4015 (Esa.
2857 3961 2944 4013 ιι,
2973 3943 3052 4015 6),
3083 3947 3334 4004 subtilem
3365 3948 3484 4018 ejus
3515 3959 3762 4006 naturam
3800 3964 3904 4008 nec

2304 4039 2536 4095 solidam
2565 4039 2790 4112 cupiens
2819 4039 3118 4096 declarare.
3152 4040 3235 4095 Ad
3275 4043 3513 4112 speciem
3547 4057 3760 4114 quoque
3789 4043 3910 4114 ejus

2306 4131 2546 4188 abundat
2570 4173 2584 4198 ,
2613 4133 2758 4204 quod
2787 4134 2901 4203 ipse
2929 4133 3000 4191 de
3037 4133 3160 4192 coeli
3191 4135 3531 4197 firmamento
3561 4137 3774 4196 loeutus
3799 4150 3906 4204 est,

2307 4224 2431 4297 quia
2461 4226 2586 4281 fecit
2631 4225 2772 4281 Deus
2803 4227 3000 4282 et‘el’um
3044 4229 3183 4284 sicut
3223 4245 3526 4298 cameram;
3576 4231 3718 4302 quod
3767 4232 3907 4288 intra

2309 4319 2432 4376 οωιὶ
2482 4319 2745 4376 ambitum
2793 4321 3048 4380 universa
3094 4321 3416 4380 claudantur
3461 4323 3611 4399 (Esa.
3656 4341 3753 4389 ιι..
3785 4325 3902 4398 22),

2311 4429 2429 4485 qua:
2458 4413 2544 4470 vel
2589 4413 2642 4470 in
2676 4415 2810 4474 mari
2842 4423 3102 4486 geruntur
3130 4418 3217 4476 vel
3251 4419 3429 4476 terris.
3466 4420 3620 4490 Quod
3651 4420 3902 4478 similiter

2311 4506 2668 4580 significatur,
2695 4524 2818 4566 cum
2849 4509 3044 4584 legitur
3077 4528 3090 4568 :
3123 4511 3254 4581 Quia
3282 4513 3480 4572 caelum
3523 4515 3782 4572 Dominus
3811 4532 3905 4572 ex-

2239 4633 2286 4694 D
2314 4601 2485 4658 tendit
2531 4600 2683 4676 (Esa.
2731 4619 2914 4668 xxxiv.
2951 4604 3033 4676 4).
3085 4607 3404 4664 Extenditur
3451 4609 3596 4666 enim
3629 4611 3711 4666 vel
3755 4610 3909 4682 quasi

2313 4695 2468 4767 pellis
2501 4707 2524 4734 θ
2557 4695 2624 4751 ad
2663 4696 3008 4754 tabernacula
3049 4696 3517 4772 habitationesque
3565 4713 3907 4772 sanctorum;

607 4793 732 4868 quia
762 4806 904 4846 unus
933 4789 1072 4844 Deus
1117 4784 1300 4851 Pater.
1343 4798 1408 4838 ex
1441 4797 1548 4854 (ιιιυ
1591 4781 1792 4838 οιηηίθο
1825 4781 2036 4837 Etenim
2077 4791 2213 4838 lam-
2315 4788 2396 4844 vel
2425 4788 2578 4858 quasi
2618 4788 2775 4858 liber,
2820 4799 2878 4844 ut
2921 4790 3277 4862 plurimorum
3318 4794 3626 4852 scribantur
3657 4795 3906 4868 nomina,

611 4901 770 4958 quam
801 4900 868 4940 ex
899 4895 998 4938 suo
1025 4879 1186 4946 fecit;
1219 4875 1343 4952 quia
1368 4873 1510 4930 unde
1535 4873 1705 4930 voluit
1731 4875 1878 4930 fecit.
1903 4874 2008 4930 Per
2036 4876 2210 4946 ipsum

612 4975 984 5040 continuatio;
1029 4971 1152 5026 finis
1183 4971 1234 5026 in
1280 4969 1474 5040 ipsum.
1525 4967 1601 5022 Ex
1637 4968 1754 5040 ipso
1800 4983 1928 5038 ergo
1959 4967 2206 5022 materia.

613 5069 718 5128 Per
760 5069 934 5142 ipsum
977 5063 1224 5138 operatio
1268 5071 1390 5135 quae
1438 5059 1630 5132 ligavit
1676 5070 1838 5132 atque
1881 5058 2212 5116 constrinxit

613 5165 888 5223 universa.
911 5161 969 5220 In
1000 5161 1206 5233 ipsum,
1239 5157 1359 5231 quia
1398 5155 1655 5232 quamdiu
1684 5155 1822 5222 vult,
1866 5155 2048 5211 omnia
2090 5155 2210 5226 ejus

616 5261 815 5316 virtute
845 5265 1067 5314 manent
1110 5265 1273 5326 atque
1315 5253 1650 5319 consistunt,
1683 5257 1740 5306 et
1767 5249 1889 5305 linis
1934 5263 2124 5305 eorum
2154 5249 2208 5307 in

689 5397 716 5425 ι
754 5385 957 5441 Omnes
981 5380 1114 5437 edit.
1141 5394 1206 5436 ac
1231 5391 1364 5433 mss.
1389 5376 1519 5441 duo,
1546 5389 1756 5431 causam
1772 5381 1953 5447 tamen
1976 5376 2168 5447 factam
2191 5390 2212 5432 :

617 5459 707 5514 alii
729 5459 858 5526 duo,
883 5469 1092 5510 causam
1113 5461 1280 5506 tamen
1309 5457 1364 5503 ut
1382 5451 1585 5526 factum
1605 5463 1624 5501 :
1651 5443 1876 5502 totidem
1896 5487 1912 5516 ,
1949 5443 2110 5526 causa
2135 5456 2215 5502 ta-

574 5572 581 5580 .
615 5547 730 5586 nun
753 5520 944 5598 factum
968 5544 980 5580 ε
1009 5526 1190 5598 plures
1196 5534 1263 5598 _et
1283 5521 1545 5598 potiores,
1568 5533 1781 5598 causam
1802 5527 1970 5572 tamen
1992 5520 2211 5591 factum;

619 5602 709 5657 ubi
732 5589 830 5657 vos
866 5589 1058 5672 factum
1087 5595 1152 5649 ad
1185 5589 1354 5648 Deum
1374 5589 1685 5672 referendo.

690 5672 718 5712 b
757 5674 830 5727 ιω
859 5659 1093 5742 (quinque
1284 5662 1412 5742 mel.
1443 5671 1587 5717 noue
1699 5663 1847 5742 Allis-2
1873 5659 2018 5742 Ριξῑὲ
2057 5659 2210 5742 Era.;

617 5743 804 5802 Graece
824 5731 896 5806 εἰξ
924 5731 1094 5798 adeo».
1119 5735 1332 5806 Reliqui
1348 5749 1482 5791 mss.
1506 5745 1570 5790 ac
1587 5731 1874 5805 edit._Gill.
1895 5741 1952 5792 et
1971 5731 2132 5790 Rom.
2160 5736 2216 5791 in

617 5752 804 5802 Graece
824 5752 896 5806 εἰς
924 5752 1094 5798 αὐτὸν.
1121 5752 1275 5864 ueni}

616 5818 751 5888 ipso.
777 5814 915 5885 Quid
937 5822 1014 5874 est
1042 5812 1097 5866 in
1118 5811 1230 5881 ipso

2313 4879 2403 4950 qui
2433 4878 2634 4936 Christi
2666 4883 2765 4954 ιι
2792 4881 3022 4954 gratiam
3052 4883 3161 4942 fide
3185 4895 3239 4941 et
3261 4884 3553 4946 devotione
3577 4888 3912 4960 meruerunt,

2316 4973 2516 5046 quibus
2546 4973 2745 5032 dicitur
2773 4993 2787 5030 :
2822 4975 3052 5036 Gaudete
3075 5020 3089 5048 ,
3122 4979 3244 5054 quia
3273 4981 3482 5038 nomina
3524 4991 3690 5040 uestra
3725 4985 3921 5058 scripta

2317 5078 2435 5124 sunt
2464 5069 2518 5122 in
2547 5069 2672 5124 creto
2703 5069 2862 5144 (Luc.
2891 5090 2948 5141 x,
2977 5073 3093 5132 20).
3599 5089 3604 5092 '

2387 5158 2481 5215 22.
2521 5159 2600 5218 De
2647 5170 2806 5219 terrae
2845 5179 3060 5238 quoque
3106 5167 3188 5224 vel
3231 5169 3493 5241 qualitate
3535 5170 3619 5228 vel
3650 5171 3922 5246 positione

2318 5262 2557 5312 tractare
2587 5255 2718 5313 nihil
2760 5258 2980 5331 prodest
3010 5259 3078 5316 ad
3116 5277 3268 5333 spem
3311 5263 3505 5332 futuri,
3535 5281 3656 5322 cum
3688 5267 3818 5322 satis
3847 5267 3922 5323 sit

2397 5390 2419 5418 θ
2460 5380 2534 5462 [ιιι
2565 5395 2668 5462 ms.
2706 5379 2870 5462 Corb.
2902 5383 3266 5462 et_'l‘huaneus
3301 5385 3432 5444 edit.
3461 5404 3477 5456 ;
3509 5389 3656 5446 Cost.
3682 5401 3738 5448 et
3767 5407 3919 5462 quae-

2321 5450 2445 5506 dam
2469 5452 2764 5536 Parisinus,
2797 5456 2877 5512 sic
2907 5456 3072 5514 etiam
3099 5459 3261 5530 paulo
3294 5470 3438 5531 pust.
3459 5450 3541 5536 fAt
3570 5463 3761 5536 reliqui
3787 5450 3921 5520 inss.

2324 5530 2382 5580 et
2409 5523 2565 5580 edtt..
2592 5541 2646 5578 tn
2675 5526 2807 5580 ipso.

2409 5543 2565 5590 eutt.,
2592 5543 2646 5578 tn
2675 5543 2807 5598 ipso.

2396 5591 2423 5632 ά
2465 5595 2597 5672 '[res
2624 5612 2780 5665 mss.,
2807 5609 3086 5672 prorogata
3112 5603 3456 5672 generationis
3483 5622 3664 5662 causa.

2401 5675 2423 5748 εξ
2465 5665 2627 5748 (ξω-ιι.
2649 5665 2884 5726 vetuset
2910 5665 3296 5748 Benigniunus,
3326 5677 3395 5730 ad
3424 5676 3756 5734 tabernacula
3777 5677 3927 5734 habi-

2325 5737 2568 5819 talionis.‘
2584 5737 2740 5798 Gem.
2771 5742 3006 5819 secunda
3045 5737 3244 5819 inanti,
3278 5737 3338 5804 ut
3372 5749 3504 5806 edit.
3533 5750 3714 5819 Cost.,
3743 5751 3814 5808 ad
3841 5759 3929 5808 ta-

2325 5808 2600 5865 bernacula
2625 5813 2954 5886 promtiortis
2981 5808 3432 5896 habitationisque,
3464 5829 3571 5880 etc.
