4102 6360
107 321 224 380 135

1458 317 1968 381 HEXAEMERON.
2008 309 2140 380 ΜΒ.
2171 319 2215 380 1.

3372 325 3472 382 154

104 437 180 495 ad
217 439 539 500 scientiam
566 484 584 508 ,
629 442 775 515 quod
806 440 1208 510 Scripturarum
1246 439 1554 497 divinarum
1595 437 1767 494 series
1797 439 1840 500 Α
1874 440 2046 511 ligavit
2071 455 2240 504 mare,
2271 438 2548 509 disciplina
2586 439 2764 496 stravit
2809 449 2975 495 cetum
3000 456 3018 496 :
3047 441 3275 496 claustra
3303 454 3473 494 autum

105 535 604 604 comprehendit,
633 536 756 607 quia
788 533 1068 604 suspendit
1103 543 1305 590 terram
1343 532 1395 588 io
1427 532 1595 588 nihilo
1621 532 1766 600 (Job.

108 641 296 692 xxvi,
330 626 421 698 7).
455 628 612 698 Quid
647 629 800 684 nobis
833 627 1137 693 discutere,
1171 635 1349 683 utrum
1398 626 1448 679 in
1479 640 1607 681 aere
1639 641 1765 694 pen-

106 719 276 785 deat,
309 735 388 776 an
419 735 605 792 super
627 735 842 792 aquam,
868 729 926 776 ut
955 718 1079 774 inde
1096 726 1350 776 nascatur
1371 716 1768 782 controversia,

105 813 418 883 quomodo
446 814 608 871 aeris
635 822 822 871 natura
847 813 1026 869 tenuis
1046 821 1100 868 et
1127 811 1340 867 mollior
1363 810 1566 866 molem
1599 807 1771 877 possit

117 914 466 964 sustentare
500 907 820 964 terrenam?
847 909 952 962 Aut
979 904 1272 976 quomodo,
1307 905 1351 960 si
1382 919 1546 976 super
1577 916 1766 974 aquas,

126 1015 248 1057 non
295 1001 678 1074 demergatur
708 1003 762 1057 in
807 1015 1000 1072 aquam
1047 1000 1230 1071 gravis
1272 999 1427 1055 ruina
1459 995 1771 1054 terrarum?

127 1095 247 1149 Aut
275 1095 581 1162 quomodo
608 1095 656 1151 ei
685 1094 851 1150 maris
896 1092 1036 1148 unda
1066 1107 1171 1148 non
1203 1091 1381 1161 cedat,
1413 1100 1469 1148 et
1506 1092 1557 1148 itt
1603 1092 1770 1146 latera

120 1185 254 1254 ejus
307 1201 444 1244 sese
479 1187 613 1243 loco
651 1201 753 1242 suo
795 1195 943 1242 mota
981 1184 1284 1241 diffundat?
1329 1185 1477 1241 Multi
1523 1185 1685 1242 etiam
1717 1181 1771 1238 in

123 1278 328 1334 medio
357 1280 519 1336 aeris
550 1290 755 1336 terram
787 1295 910 1336 esse
941 1278 1225 1346 dixerunt,
1256 1287 1311 1335 et
1339 1279 1483 1335 mole
1533 1294 1628 1334 sua
1675 1278 1776 1332 iut-

121 1371 409 1427 mobilem
430 1387 790 1443 permanere,
814 1381 840 1408 ει
863 1371 1004 1442 quod
1021 1371 1271 1443 mquabili
1297 1381 1448 1427 motu
1472 1369 1598 1425 hinc
1615 1379 1778 1440 atque

119 1463 260 1519 inde
322 1465 709 1537 propendeat.
759 1464 837 1520 De
882 1480 991 1535 quo
1032 1464 1163 1521 satis
1209 1474 1460 1535 putamus
1503 1463 1704 1520 dictum
1744 1478 1775 1518 a

121 1556 380 1616 Domino
414 1559 488 1614 ad
541 1557 645 1614 Job
682 1572 900 1614 servum
933 1573 1090 1613 suum
1115 1597 1129 1622 ,
1174 1555 1392 1627 quando
1423 1555 1638 1612 locutus
1680 1569 1777 1625 per

126 1652 347 1708 nubem
373 1651 456 1707 ait
494 1669 510 1708 :
551 1650 653 1708 Ubi
700 1667 813 1706 eras
853 1667 968 1705 cum
1013 1650 1287 1720 fundarem
1333 1649 1564 1703 terram?
1602 1648 1777 1702 indica

125 1744 293 1810 mihi,
325 1745 374 1798 si
402 1742 575 1798 habes
598 1743 886 1799 scientiam.
920 1741 1050 1807 Quis
1069 1742 1242 1814 posuit
1272 1758 1541 1796 mensuras
1562 1744 1706 1815 ejus,
1729 1742 1776 1796 si

1881 534 1982 603 12
2005 532 2118 585 (teli
2134 533 2306 586 timent
2329 549 2440 586 eum
2460 532 2599 604 (Job.
2620 550 2742 588 XXVI
2763 577 2777 601 ,
2804 533 2879 603 6).
2898 534 3188 590 Volttutale
3207 535 3365 604 igitur
3379 534 3471 588 Dei

1876 625 2166 680 immobilis
2197 636 2379 682 manet
2406 639 2459 682 et
2491 637 2598 683 stat
2624 630 2675 683 ilt
2705 629 2962 684 smcnlum
2989 638 3153 695 terra,
3179 627 3474 683 secundum

1877 718 2224 776 Ecclesiastis
2273 721 2598 776 sententiam
2633 722 2833 790 (Eccle.
2883 738 2933 787 l,
2977 721 3058 792 4),
3102 731 3157 776 et
3202 721 3477 776 vnlttntate

1875 811 1970 868 Dei
2016 820 2285 880 movetur,
2321 825 2374 870 et
2408 824 2580 869 utttat.
2627 815 2745 870 Non
2778 832 2907 888 ergo
2953 815 3320 870 fundamentis
3363 811 3477 868 suis

1875 906 1999 961 nixa
2031 905 2308 969 subsistit,
2357 922 2457 962 nec
2501 907 2687 962 fttlcris
2719 909 2831 964 suis
2875 911 3086 966 stabilis
3118 917 3428 980 perseverat
3461 925 3474 963 :

1872 998 1972 1054 sed
2007 999 2266 1055 Dominus
2305 1001 2496 1054 statuit
2532 1016 2683 1067 eam,
2719 1011 2772 1056 et
2801 1003 3143 1058 lirmamento
3186 1003 3478 1059 voluntatis

1875 1106 1986 1146 sum
2023 1091 2296 1157 continet;
2330 1091 2457 1162 quia
2489 1093 2540 1146 itt
2573 1108 2735 1146 manu
2785 1094 2901 1163 ejus
2946 1102 3072 1149 sunt
3121 1109 3311 1150 omnes
3344 1095 3479 1149 ﬂues

1877 1195 2057 1240 terra).
2092 1184 2156 1240 Et
2187 1184 2304 1240 ilch
2342 1183 2465 1240 ﬁdei
2495 1183 2817 1255 simplicitas
2860 1191 3197 1255 argumentis
3228 1189 3481 1244 omnibus

1876 1277 2170 1332 antecellit.
2204 1276 2451 1333 Laudent
2491 1277 2579 1331 alii
2622 1277 2765 1346 quod
2800 1277 2920 1331 ideo
2953 1294 3219 1348 umquam
3265 1280 3482 1335 decidat

1880 1379 2056 1433 terra;
2089 1370 2213 1441 quia
2250 1369 2547 1426 secundum
2580 1379 2825 1424 naturam
2877 1371 2929 1425 in
2986 1371 3164 1426 medio
3206 1373 3478 1443 regionem

1879 1464 2157 1537 possideat
2180 1481 2330 1520 suam
2352 1505 2368 1532 ,
2400 1479 2468 1519 eo
2493 1464 2637 1535 quod
2671 1478 2898 1518 necesse
2925 1465 2997 1518 sit
3024 1479 3145 1519 eam
3178 1481 3398 1520 manere
3427 1466 3480 1520 in

1879 1559 2103 1627 regione
2123 1571 2242 1622 sna,
2269 1572 2368 1613 nec
2399 1555 2450 1612 in
2478 1565 2683 1626 partem
2707 1555 2936 1610 alterum
2965 1555 3234 1620 inclinari,
3264 1555 3483 1625 quando

1878 1659 2070 1706 contra
2103 1659 2349 1706 naturam
2396 1665 2502 1704 non
2547 1658 2816 1715 movetur,
2848 1647 2942 1704 sed
2983 1649 3276 1703 secundum
3326 1657 3483 1703 natu-

1881 1759 2017 1798 ram.
2055 1743 2356 1799 Prmdicent
2381 1741 2605 1797 artiﬁcis
2635 1741 2806 1796 divini
2849 1742 2904 1796 et
2946 1744 3251 1811 operatoris
3293 1742 3483 1796 a-terni

129 1834 325 1891 nosti?
353 1835 464 1892 Aut
497 1836 619 1908 quis
664 1844 740 1891 est
783 1836 873 1900 qui
905 1834 1262 1907 superinduin
1292 1851 1588 1890 mensuram
1617 1851 1772 1904 super
1799 1835 1848 1898 B
1875 1837 2294 1901 excellentiam;
2330 1837 2453 1906 quis
2483 1837 2623 1890 enim
2655 1836 2922 1890 artiﬁcum
2953 1853 3058 1890 non
3086 1836 3154 1891 ab
3203 1835 3299 1890 illo
3327 1850 3484 1890 acce-

129 1945 293 1994 eant,
338 1939 437 1983 aut
485 1945 646 1998 super
689 1927 817 1999 quid
857 1927 1043 1982 circuli
1083 1927 1192 1997 ejus
1237 1928 1431 1997 conﬁxi
1469 1937 1588 1984 sunt
1630 1925 1772 2001 (Job.

132 2038 393 2089 xxxvttt,
426 2024 534 2094 4)?
585 2023 649 2079 Et
680 2022 814 2078 inira
842 2039 856 2078 :
905 2020 1146 2077 Conclusi
1171 2038 1313 2076 mare
1339 2021 1525 2093 partis,
1549 2031 1595 2076 et
1617 2022 1731 2076 dixi
1755 2037 1773 2076 :

140 2114 326 2186 (Isque
367 2116 476 2170 huc
502 2115 673 2170 venies
693 2157 710 2180 ,
739 2125 787 2170 et
823 2130 927 2170 non
955 2113 1194 2168 transibis
1215 2156 1230 2178 ,
1263 2113 1352 2168 sed
1391 2114 1443 2167 in
1475 2122 1521 2168 te
1558 2113 1773 2168 commi-

139 2218 379 2263 nuentur
409 2210 610 2280 [luctus
641 2209 714 2263 tui
739 2208 903 2282 (Ibid.
939 2208 1049 2278 10).
1074 2208 1263 2264 Nonne
1285 2208 1567 2264 evidenter
1591 2217 1776 2263 osten-

142 2300 231 2356 dit
264 2300 424 2355 Deus
453 2301 640 2356 omnia
673 2302 956 2371 majestate
982 2317 1076 2356 sua
1102 2303 1403 2358 consistere
1439 2302 1491 2356 in
1524 2318 1771 2368 numero,

144 2390 431 2462 pondere,
467 2400 634 2465 atque
679 2393 971 2450 mensura?
1011 2391 1198 2465 Neque
1242 2393 1386 2451 enim
1417 2404 1664 2452 creatura
1702 2395 1775 2449 Ie-

145 2502 276 2559 gem
310 2487 543 2554 tribuit,
591 2488 688 2545 sed
721 2489 962 2560 accepit,
997 2498 1052 2546 et
1098 2499 1281 2549 servat
1324 2499 1622 2562 acceptam.
1660 2491 1773 2546 Non

147 2593 286 2651 ergo
315 2580 467 2650 quod
500 2580 552 2634 itt
585 2581 764 2638 medio
792 2581 863 2637 sit
894 2592 1068 2646 terra,
1109 2583 1262 2654 quasi
1293 2598 1444 2654 aequa
1479 2584 1631 2638 lance
1659 2599 1778 2641 sus-

151 2671 425 2742 peuditur
456 2690 470 2725 :
503 2673 599 2728 sed
624 2675 748 2743 quia
774 2674 1034 2744 majestas
1065 2674 1160 2730 Dei
1185 2674 1480 2731 voluntatis
1511 2689 1623 2732 sua:
1656 2691 1773 2732 t-am

153 2762 281 2834 lege
319 2765 681 2838 constringit;
715 2777 770 2822 ut
800 2783 960 2838 supra
998 2768 1252 2824 instabile
1281 2779 1442 2840 atque
1483 2769 1644 2825 inane
1669 2779 1778 2824 sta-

158 2854 291 2909 bilis
320 2869 676 2926 perseveret,
710 2861 852 2915 sicut
879 2861 1044 2917 David
1079 2876 1294 2933 qnoque
1323 2863 1587 2934 propheta
1617 2873 1779 2919 testa-

162 2956 256 3002 tur
298 2946 498 3002 dicens
532 2967 544 3002 :
581 2949 626 3003 F
629 2951 846 3007 undavit
899 2964 1086 3008 terram
1127 2971 1282 3022 super
1323 2953 1350 2992 ι)
1401 2956 1781 3025 ﬁrmamentum

158 3042 302 3112 ejus,
337 3056 446 3093 non
477 3039 814 3098 inclinabitur
835 3046 889 3098 in
914 3045 1159 3101 steculttm
1189 3048 1365 3102 steculi
1396 3046 1515 3118 (Ps.
1546 3063 1672 3111 cm,
1700 3048 1778 3120 5).

150 3130 277 3187 Non
310 3135 516 3202 utique
545 3135 631 3192 hic
660 3138 816 3208 quasi
840 3140 1214 3194 tantummodo
1239 3140 1432 3195 artifex
1467 3138 1611 3194 Deus
1641 3158 1653 3193 ε
1683 3139 1778 3195 sed

1881 1932 2001 2004 pit?
2038 1940 2130 1986 aut
2159 1933 2278 2002 quis
2307 1930 2457 1985 dedit
2486 1929 2805 1986 mulieribus
2850 1939 3080 1985 texturm
3126 1931 3446 2001 sapientiam
3467 1971 3481 1996 ,

1877 2034 1970 2082 aut
2010 2024 2287 2080 varietatis
2331 2023 2714 2094 disciplinam?
2748 2024 2858 2093 Ego
2889 2034 3068 2078 tamen
3089 2063 3103 2090 ,
3135 2024 3226 2092 qui
3255 2023 3481 2094 profun-

1879 2119 2006 2176 dum
2036 2117 2334 2188 majestatis
2359 2116 2479 2186 ejus
2498 2156 2514 2184 ,
2550 2123 2605 2171 et
2635 2117 2768 2171 artis
2795 2115 3177 2170 excellentiam
3207 2131 3313 2169 non
3341 2130 3484 2186 queo

1879 2213 2382 2284 comprehendere,
2433 2226 2543 2266 non
2593 2209 2980 2279 disputationis
3013 2225 3099 2265 me
3145 2209 3485 2266 libramentis

1879 2306 2166 2363 committo
2209 2317 2371 2376 atque
2419 2303 2688 2360 mensuris
2726 2320 2740 2357 :
2789 2301 2886 2358 sed
2917 2303 3094 2357 omnia
3142 2304 3378 2373 reposita
3431 2301 3484 2357 in

1879 2405 2000 2474 ejus
2027 2401 2283 2460 existimo
2316 2413 2337 2440 ο
2373 2401 2674 2465 voluntate,
2702 2399 2844 2469 quod
2872 2399 3122 2452 voluntas
3150 2397 3266 2467 ejus
3296 2395 3488 2450 funda-

1878 2507 2119 2552 mentum
2144 2495 2213 2550 sit
2235 2495 2634 2559 universorum,
2657 2501 2712 2548 et
2737 2500 2956 2561 propter
2973 2505 3096 2546 eum
3120 2488 3298 2544 adlntc
3323 2503 3490 2545 mun-

1879 2592 1983 2650 dus
2033 2591 2118 2646 hic
2179 2598 2413 2645 maneat.
2478 2586 2632 2656 Quod
2693 2585 3023 2656 Apostolicte
3085 2599 3301 2656 quoque
3357 2583 3488 2638 licet

1879 2694 2127 2741 astruere
2171 2679 2510 2737 auctoritatis
2554 2679 2824 2748 exemplo.
2860 2677 3135 2748 Scriptum
3177 2687 3262 2733 est
3291 2675 3436 2733 enim
3469 2695 3482 2733 :

1884 2777 2022 2845 Quia
2052 2775 2262 2830 sanitati
2309 2785 2544 2830 creatura
2588 2771 2820 2837 subiecta
2860 2780 2934 2825 est
2985 2786 3087 2828 non
3131 2780 3349 2842 sponte,
3394 2769 3486 2824 scd

1883 2881 2090 2942 prapter
2116 2887 2228 2924 eum
2258 2870 2344 2938 qui
2375 2867 2587 2938 subiecit
2617 2869 2671 2921 in
2699 2883 2790 2934 spe
2813 2865 2993 2938 (Rom.
3031 2881 3149 2930 vm,
3178 2862 3296 2935 20).
3324 2863 3485 2918 Libe-

1881 2963 2090 3017 rabitur
2115 2972 2295 3015 autem
2324 2969 2377 3014 et
2406 2961 2520 3028 ipsa
2549 2967 2797 3014 creatura
2826 2973 2855 3011 a
2889 2958 3153 3012 servitute
3179 2956 3488 3026 corruptio-

1885 3054 1989 3117 nis,
2018 3049 2044 3088 ιι
2074 3067 2196 3107 cum
2229 3051 2428 3106 divina:
2451 3050 2909 3107 remunerationis
2928 3051 3098 3119 gratia
3124 3049 3412 3103 affulserit.

1956 3145 2047 3202 ‘25.
2092 3146 2172 3200 De
2199 3155 2386 3200 natura
2413 3153 2592 3200 autem
2622 3154 2675 3198 et
2716 3143 2979 3213 qualitate
3018 3143 3332 3197 substantiae
3363 3143 3486 3198 cteli

152 3227 315 3299 quasi
351 3231 716 3300 omnipotens
762 3232 1109 3302 prrcdicatur.
1150 3233 1240 3304 qui
1283 3249 1388 3288 tton
1433 3245 1620 3289 centro
1649 3249 1780 3304 qtto-
1804 3232 1850 3295 C
1883 3241 2011 3312 qttid
2039 3254 2351 3296 enumerem
2382 3254 2448 3295 ea
2477 3253 2597 3309 quae
2618 3236 3076 3307 disputationibus
3106 3237 3218 3291 suis
3250 3235 3490 3306 philoso-

158 3319 292 3375 dam
335 3328 584 3387 terram,
635 3322 729 3378 sed
784 3324 1037 3393 prsccepti
1085 3325 1166 3380 sui
1211 3326 1550 3396 suSpeuderit
1607 3326 1785 3382 ﬁrma-

165 3422 381 3480 mento,
414 3429 522 3470 nec
549 3431 668 3470 eam
701 3417 947 3472 inclinari
974 3419 1224 3486 patiatur.
1255 3418 1372 3475 Non
1404 3435 1534 3490 ergo
1563 3435 1780 3477 mensu-

171 3521 294 3562 ram
335 3508 555 3575 centri,
603 3508 699 3565 sed
742 3509 931 3579 judicii
975 3510 1142 3567 divini
1195 3512 1442 3582 accipere
1485 3513 1780 3583 debemus;

174 3598 305 3669 quia
338 3616 448 3655 non
480 3602 612 3656 artis
641 3602 900 3658 mensura
918 3613 1021 3671 est,
1045 3603 1140 3659 sed
1173 3607 1456 3674 potestatis
1485 3624 1496 3660 ε
1532 3622 1781 3664 mensura

170 3693 428 3765 iustitiae,
464 3711 717 3751 mensura
747 3697 1112 3768 cognitionis;
1144 3700 1269 3770 quia
1302 3701 1480 3756 omnia
1512 3717 1620 3758 non
1649 3713 1786 3758 latn-

177 3802 342 3856 quam
387 3789 652 3845 immensa
694 3800 1020 3861 praetereant
1063 3793 1182 3860 cjus
1221 3795 1535 3864 scientiam,
1571 3797 1664 3852 sed
1692 3813 1785 3853 co-

176 3881 409 3951 gnitioni
455 3884 574 3952 ejus
621 3895 896 3956 tamquam
941 3886 1186 3944 dimensa
1232 3889 1566 3960 subiaceant.
1599 3891 1784 3963 Neque

178 3975 329 4028 enim
377 3990 503 4030 cum
554 3976 781 4047 legimus
810 3995 824 4033 :
858 3977 972 4050 Ego
1014 3982 1311 4053 conﬁrmavi
1357 3985 1625 4040 columnas
1671 3988 1785 4058 ejus

180 4064 304 4136 (Ps.
338 4082 522 4133 Lxxtv,
554 4066 636 4136 4),
671 4085 797 4125 vere
825 4070 1093 4128 columnis
1124 4089 1243 4130 eam
1275 4076 1560 4131 subnixam
1593 4091 1785 4147 possu-

182 4173 306 4213 mus
333 4158 630 4224 testimare,
660 4160 754 4217 sed
778 4177 838 4218 ea
869 4163 1070 4220 virtute
1093 4180 1214 4235 quae
1242 4166 1512 4223 suffulciat
1531 4169 1784 4223 stthStan-

183 4250 314 4305 tiam
363 4261 525 4308 terrae
579 4263 740 4325 atque
784 4256 1069 4311 sustineat.
1106 4257 1350 4330 Denique
1378 4260 1599 4328 quodin
1628 4267 1784 4330 pote-

182 4353 324 4400 state
355 4344 452 4402 Dei
485 4345 550 4402 sit
603 4356 760 4404 terra:
799 4350 1137 4418 constitutio,
1185 4352 1348 4410 etiam
1397 4352 1520 4410 hinc
1559 4353 1779 4425 collige,

183 4435 307 4508 quia
334 4438 603 4509 scriptum
636 4449 759 4494 est:
796 4440 898 4509 Qui
939 4443 1124 4514 aspicit
1165 4453 1383 4512 terram,
1430 4455 1476 4502 et
1505 4445 1628 4516 facit
1673 4461 1786 4500 eam

187 4536 400 4586 tremere
427 4530 550 4605 (Ps.
582 4547 696 4598 Clll,
720 4533 831 4603 32).
865 4534 928 4589 Et
949 4535 1076 4591 alibi
1111 4553 1125 4588 :
1158 4535 1339 4592 Adhuc
1361 4555 1452 4612 ego
1477 4539 1634 4596 semel
1659 4555 1782 4594 con-

1889 3337 1977 3406 phi
2006 3333 2324 3390 texuerunt?
2349 3348 2471 3388 cum
2503 3332 2592 3386 alii
2621 3330 2986 3401 compositum
3017 3329 3213 3385 coelum
3251 3345 3318 3385 ex
3355 3344 3489 3399 qua-

1889 3438 2010 3484 tttor
2049 3428 2338 3484 elementis
2366 3436 2613 3484 asserant
2639 3445 2651 3482 :
2682 3427 2773 3482 alii
2804 3427 3046 3497 quintam
3077 3427 3366 3498 quamdam
3396 3441 3490 3480 na-

1885 3531 2060 3578 turam
2089 3522 2209 3576 novi
2238 3521 2485 3590 corporis
2500 3520 2564 3574 ad
2590 3520 3034 3576 constitutionem
3060 3519 3176 3588 ejus
3202 3517 3482 3584 inducant,

1885 3627 2048 3687 atque
2094 3617 2356 3686 attingant
2405 3615 2700 3671 tetlteretttn
2748 3628 2870 3670 esse
2915 3629 3147 3684 corpus,
3195 3614 3279 3669 cui
3310 3628 3486 3682 neque

1886 3709 2028 3782 ignis
2056 3709 2326 3763 admixtus
2369 3708 2474 3774 sit,
2509 3723 2686 3778 neque
2735 3722 2850 3772 aer,
2894 3721 3072 3777 neque
3107 3721 3242 3777 aqua
3265 3747 3280 3773 ,
3314 3719 3488 3774 neque

1890 3811 2067 3868 terra;
2109 3802 2254 3871 quod
2303 3801 2609 3872 huiusmodi
2653 3801 2924 3856 elementa
2995 3814 3152 3854 suum
3199 3797 3487 3865 quemdam

1886 3910 2103 3951 cursum
2134 3895 2366 3952 habeant
2405 3906 2567 3964 atque
2609 3909 2764 3949 usum
2811 3901 2863 3945 ct
2903 3901 3110 3946 motum
3158 3897 3402 3954 natura},
3431 3898 3492 3944 ut

1886 3989 2135 4058 graviora
2157 3987 2496 4055 demergunt,
2529 3994 2584 4040 et
2614 3985 2666 4038 in
2693 3998 2922 4053 pronum
2947 3982 3210 4046 ferantur,
3236 3995 3406 4048 vacua,
3435 3988 3490 4036 et

1888 4079 2025 4136 levia
2073 4081 2124 4134 in
2156 4079 2433 4148 superiora
2474 4092 2533 4132 se
2563 4075 2875 4148 sttbrigant;
2909 4085 2994 4132 est
3043 4077 3188 4131 enim
3236 4074 3492 4147 proprius

1889 4173 2083 4244 cuique
2116 4181 2336 4237 motus,
2380 4171 2433 4226 in
2466 4170 2695 4242 sphaerae
2735 4179 2913 4226 autem
2952 4169 3181 4226 circuitu
3227 4171 3327 4225 ista
3371 4185 3472 4224 con

1889 4267 2038 4323 fundi
2061 4309 2076 4336 ,
2108 4276 2165 4324 et
2202 4265 2309 4322 vim
2347 4267 2429 4322 sui
2457 4281 2656 4323 cursus
2676 4267 2964 4331 amittere,
2993 4266 3248 4336 quoniam
3277 4266 3492 4334 εριιπιη

1891 4363 1942 4417 itt
1985 4360 2172 4416 orbem
2219 4375 2375 4416 suum
2415 4359 2668 4426 volvitur,
2699 4369 2754 4414 et
2791 4357 3072 4430 superiora
3104 4357 3454 4416 inferioribus
3478 4402 3493 4427 ,

1890 4453 2263 4525 superioribus
2307 4468 2526 4526 quoque
2586 4452 2841 4511 inferiora
2898 4463 3197 4510 mutantur.
3251 4454 3493 4521 Quorum

1888 4560 2069 4606 autem
2099 4547 2396 4605 secundum
2426 4558 2674 4603 naturam
2705 4557 2883 4602 motus
2907 4548 3099 4602 mutati
3127 4555 3270 4615 sunt,
3305 4548 3495 4602 horum

186 4623 323 4677 cutio
357 4633 552 4678 terram
577 4623 734 4697 (Agg.
764 4641 832 4692 ll,
859 4627 935 4697 8).
971 4626 1087 4682 Non
1126 4644 1258 4700 ergo
1299 4631 1633 4688 libramentis
1677 4634 1780 4689 suis

1899 4644 2207 4700 necessario
2236 4641 2422 4698 ferunt
2465 4641 2662 4697 mutari
2703 4642 2880 4696 solere
2925 4641 3216 4712 qualitates
3246 4639 3496 4695 substan-

188 4711 489 4772 immobilis
531 4726 714 4772 manet
742 4734 754 4770 :
788 4719 882 4774 sed
931 4718 1246 4788 frequenter
1278 4722 1370 4778 Dei
1402 4733 1530 4779 nutu
1557 4735 1610 4782 et
1641 4727 1788 4782 arbi-

193 4807 293 4862 trio
328 4821 728 4879 commovetur,
759 4812 899 4867 sicut
938 4821 991 4868 et
1017 4812 1119 4869 Job
1149 4814 1277 4870 dicit
1312 4834 1324 4870 :
1361 4819 1495 4885 Quia
1541 4819 1794 4876 Dominus

191 4914 471 4959 commovet
510 4920 623 4959 eam
661 4921 692 4962 α
733 4905 1085 4976 fundamentis
1114 4925 1132 4962 :
1165 4911 1416 4967 columine
1455 4924 1626 4969 autem
1683 4921 1795 4992 ejus

194 4996 524 5066 exagitantur
561 4995 704 5068 (Job.
746 5013 827 5065 lx,
867 4997 944 5072 6).
978 5000 1046 5055 Et
1085 5001 1212 5056 alibi
1250 5021 1263 5058 :
1301 5002 1460 5060 Nuda
1500 5007 1704 5080 inferna
1744 5011 1796 5065 in

196 5103 464 5160 conspectu
487 5094 633 5165 ejus,
665 5101 714 5147 et
739 5110 841 5148 non
871 5103 944 5149 est
971 5096 1124 5151 morti
1148 5097 1490 5168 involucrum,
1521 5103 1795 5159 extendens

196 5179 407 5240 Boream
442 5201 539 5258 pro
569 5185 753 5251 nihilo,
789 5188 1106 5258 suspendens
1135 5199 1326 5245 terram
1349 5192 1402 5247 in
1429 5193 1648 5249 nihilum
1667 5237 1681 5262 ,
1713 5197 1791 5251 al-

196 5273 359 5347 ligans
386 5295 579 5346 aquam
619 5279 672 5333 in
713 5279 931 5336 nubibus
967 5283 1144 5337 suis...
1177 5281 1444 5341 Columna?
1469 5288 1584 5342 ειειὶ
1622 5289 1797 5344 avola-

204 5383 394 5441 verunt,
430 5382 479 5428 et
507 5384 814 5444 expaverunt
841 5376 902 5429 ab
928 5375 1277 5448 increpatione
1300 5379 1413 5451 ejus
1443 5396 1462 5436 :
1491 5381 1672 5438 virtute
1695 5383 1795 5437 mi-

273 5569 296 5599 “
334 5563 466 5620 Mss.
513 5562 584 5626 2,
632 5555 771 5633 quod
817 5558 1002 5630 wquali
1047 5561 1171 5616 situ.
1223 5561 1382 5620 Rom.
1433 5561 1602 5630 edit.,
1657 5561 1797 5636 quod

205 5636 382 5701 (equali
411 5643 690 5688 momento.

274 5704 300 5744 ι)
337 5707 414 5762 Ita
443 5722 539 5762 sex
572 5719 706 5760 mss.
734 5709 791 5757 et
819 5701 948 5761 edit.
976 5702 1095 5758 Am.
1123 5745 1139 5770 ,
1167 5703 1311 5766 Pet.,
1345 5703 1475 5759 Era.
1503 5704 1592 5761 Sic
1632 5706 1796 5760 etiam

214 5778 363 5901 patulo
409 5787 554 5851 post.
604 5777 673 5832 At
723 5773 908 5830 caeteri
965 5789 1094 5834 mss.
1149 5784 1204 5831 et
1246 5775 1379 5832 edit.
1424 5777 1585 5833 Rom.
1632 5778 1800 5850 ﬁrmi-

235 5862 379 5901 aem.

235 5862 379 5906 atem.

1898 4739 2089 4794 tiarum
2137 4752 2378 4792 suarum.
2422 4735 2560 4802 Quid
2607 4732 2768 4805 igitur
2807 4733 3148 4790 defendimus
3195 4729 3494 4788 a'thereutu

1897 4846 2096 4902 corpus
2156 4844 2313 4894 esse,
2363 4843 2432 4884 ne
2475 4828 2724 4885 videatur
2768 4828 3104 4898 corruptioni
3162 4827 3500 4883 obnoxium?

1898 4923 2050 4991 Quod
2080 4921 2224 4978 enim
2253 4923 2616 4992 compositum
2647 4937 2712 4977 ex
2742 4920 3186 4990 corruptibilihus
3213 4919 3502 4976 elementis

1901 5023 1982 5070 est
2005 5055 2019 5081 ,
2051 5029 2275 5072 necesse
2301 5023 2387 5070 est
2417 5015 2738 5070 resolvatur.
2769 5013 2902 5069 Nam
2935 5013 3037 5068 hoc
3081 5012 3200 5083 ipso
3244 5012 3388 5079 quod
3415 5013 3499 5066 di-

1903 5121 2078 5162 versa:
2101 5107 2290 5162 eadem
2316 5107 2422 5162 sint
2451 5107 2720 5163 elementa
2752 5115 2978 5170 naturae,
3010 5104 3314 5175 simplicem
3342 5111 3396 5159 et
3422 5104 3502 5158 in-

1905 5199 2216 5255 violabilem
2256 5209 2462 5256 motum
2501 5200 2704 5256 habere
2732 5215 2839 5255 non
2870 5206 3130 5268 possunt,
3165 5213 3289 5253 ctnu
3321 5210 3380 5250 se
3423 5194 3503 5249 di-

1907 5309 2101 5353 versus
2139 5298 2534 5354 elementorum
2579 5305 2762 5352 motus
2810 5297 3114 5365 impugnet.
3159 5293 3314 5349 Unus
3361 5292 3504 5346 enim

1909 5397 2091 5447 motus
2125 5390 2380 5448 omnibus
2405 5399 2564 5462 aptus
2588 5404 2711 5445 esse
2744 5403 2856 5444 non
2885 5391 3090 5456 potest,
3127 5393 3182 5439 et
3221 5382 3508 5438 elementis

1979 5581 2001 5610 ο
2042 5570 2187 5626 Edit.
2225 5584 2290 5625 ac
2330 5583 2462 5623 mss.
2508 5582 2614 5624 non
2644 5566 2835 5638 pauci.
2878 5568 3152 5631 potestate.
3181 5558 3290 5615 Alii
3323 5570 3505 5618 autem

1903 5655 2098 5700 novem
2127 5639 2372 5698 melioris
2401 5638 2524 5702 sevi,
2554 5639 2835 5693 voluntate.

1975 5711 2001 5749 δ
2042 5711 2133 5768 Sic
2155 5711 2404 5766 undecim
2445 5700 2575 5763 is.
2615 5707 2832 5774 optima:
2859 5709 3008 5774 natm
3037 5713 3102 5774 ac
3129 5707 3236 5755 vel.
3271 5700 3404 5756 edit.
3443 5704 3514 5758 At

1908 5767 2067 5842 Bora.
2098 5782 2230 5844 edit.
2262 5791 2318 5840 et
2350 5780 2504 5850 pauci
2533 5767 2668 5836 mss:
2700 5788 2908 5828 cum....
2938 5767 3127 5841 gloria,
3157 5781 3269 5832 etc.
