4156 6370
499 387 506 398 .
554 338 658 396 1⁸55

1840 323 2086 386 SANCTI
2123 325 2449 386 AMBROSII

3753 327 3860 384 156

553 449 879 508 distantibus
901 447 1218 506 convenire.
1247 445 1379 504 Nam
1409 446 1498 519 qui
1524 444 1738 504 levibus
1766 447 2148 504 accommodus
2175 450 2223 509 Α
2255 463 2376 504 nem
2405 461 2557 504 suam
2586 488 2600 514 ,
2646 453 2702 503 et
2731 445 2955 503 dicant:
3004 444 3147 502 Ecce
3173 445 3300 517 quia
3328 443 3552 501 materia
3581 483 3597 512 ,
3647 442 3701 498 id
3727 455 3811 501 est
3839 487 3857 511 ,

554 553 666 610 est,
713 544 769 597 iit
815 541 1190 598 incommodus
1227 539 1564 612 gravioribus
1612 540 1918 595 elementis.
1969 539 2154 608 Itaque

554 635 772 707 quando
793 635 860 691 ad
882 635 1164 705 superiora
1193 645 1372 704 moms
1401 631 1523 688 caeli
1545 641 1629 688 est
1658 631 2022 698 necessarius,
2048 640 2156 687 ter-

415 741 422 748 '
457 779 460 782 .
556 729 704 786 renis
725 737 1008 800 gravatur;
1039 727 1254 798 quando
1273 726 1338 782 ad
1365 726 1616 783 inferiora
1642 726 1907 782 decursus
1935 724 2034 798 13
2060 740 2159 781 ex-

559 825 781 895 petitur,
807 823 996 895 igneus
1015 822 1166 894 vigor
1189 821 1282 876 ille
1302 822 1573 878 violenter
1595 821 1912 876 attrahitur.
1941 819 2156 876 Etenim

561 928 750 974 contra
770 928 974 972 natura:
999 931 1114 972 sua:
1143 931 1300 972 usum
1327 916 1582 971 deorsum
1611 915 1843 986 cogitur.
1871 913 2046 970 Omne
2065 929 2162 968 au-

563 1018 670 1066 tem
703 1009 846 1082 quod
887 1010 942 1065 in
989 1008 1322 1065 contrarium
1371 1008 1600 1080 cogitur,
1646 1011 1758 1062 non‘
1801 1017 2009 1062 natura:
2048 1023 2163 1063 ser-

564 1103 737 1169 viens,
766 1099 862 1157 sed
891 1099 1222 1167 necessitati,
1252 1101 1363 1155 cito
1384 1099 1632 1166 solvitur,
1654 1108 1707 1154 et
1729 1097 1784 1154 in
1811 1114 1872 1154 ea
1899 1097 2165 1154 scinditur

563 1210 632 1251 ex
658 1195 854 1266 quibus
883 1192 1097 1250 videtur
1117 1207 1240 1249 esse
1266 1192 1626 1263 compositum
1645 1232 1660 1258 ,
1702 1191 1755 1246 in
1781 1207 1932 1246 suam
1973 1205 2164 1262 quam-

564 1304 669 1360 que
701 1288 976 1359 regionem
1001 1286 1228 1357 singulis
1263 1285 1690 1342 recurrentibus.
1725 1283 1852 1341 Haec
1886 1283 2050 1356 igitur
2075 1283 2166 1338 alii

564 1380 975 1438 considerantes
1003 1379 1217 1435 stabilia
1239 1394 1360 1436 esse
1387 1395 1493 1435 non
1516 1394 1699 1452 posse,
1731 1378 2026 1435 :ethereum
2053 1392 2168 1434 cor-

569 1489 668 1545 pus
704 1473 828 1530 cmli
855 1472 1244 1544 stellarumque
1271 1487 1395 1528 esse
1435 1473 1681 1528 arbitrati
1721 1481 1883 1538 sunt,
1923 1470 2165 1543 quintam

567 1564 856 1638 quamdam
887 1573 1135 1621 naturam
1166 1564 1411 1636 corporis
1438 1558 1876 1630 introducentes,
1908 1579 2015 1635 quo
2043 1563 2168 1620 diu-

569 1669 787 1716 turnam
823 1658 949 1716 caeli
990 1667 1244 1730 putarent
1291 1673 1605 1713 mansuram
1632 1672 1759 1714 esse
1787 1656 2165 1712 substantiam.

644 1753 736 1810 24.
766 1753 876 1810 Sed
914 1768 1019 1809 non
1051 1752 1151 1808 ista
1179 1751 1365 1823 Opinio
1397 1751 1724 1823 prophetica:
1749 1751 1921 1823 pontii
1949 1750 2171 1806 obviare

2260 541 2404 614 hyle,
2436 543 2578 599 sicut
2605 540 2915 613 philosophi
2944 539 3329 606 dicunt,etiam
3359 536 3658 596 secundum
3677 536 3865 607 Scrip-

2259 643 2439 692 turam
2469 635 2705 692 divinam
2756 649 2862 690 non
2895 634 3082 690 habuit
3112 634 3342 689 initium.
3392 631 3593 688 Verum
3636 631 3737 687 hoc
3779 630 3865 687 di-

2263 729 2514 787 centibus
2541 728 2917 800 respondebis,
2947 728 3070 800 quia
3097 728 3357 799 scriptum
3389 734 3507 782 est:
3537 724 3666 781 Erat
3691 736 3868 781 autem

2271 823 2398 879 Cain
2418 825 2683 896 operarius
2708 835 2860 879 terra:
2881 822 3030 896 (Gen.
3041 839 3117 890 tv,
3129 822 3209 892 ἓ).
3234 821 3301 877 Ει
3321 821 3426 894 ιε.
3438 820 3506 877 de
3520 835 3585 877 eo
3601 821 3691 892 qui
3709 818 3868 876 .lttbal

2266 917 2444 974 dictus
2473 927 2576 985 est,
2606 917 2769 973 habet
2795 917 3100 987 Scriptura:
3125 913 3224 969 llic
3244 925 3354 969 erat
3376 923 3520 985 pater
3545 916 3634 984 qui
3658 913 3872 969 demon-

2269 1013 2450 1068 stravit
2481 1012 2779 1081 psalterium
2807 1021 2855 1065 et
2881 1011 3133 1064 citharam
3159 1005 3326 1076 (Ibid.
3350 1047 3366 1074 ,
3395 1005 3512 1078 21).
3563 1005 3662 1073 Et,
3697 1003 3869 1059 Homo

2264 1114 2374 1161 erat
2399 1107 2452 1159 in
2482 1104 2713 1160 Ausitide
2741 1105 2949 1176 regione
2973 1146 2988 1172 ,
3029 1103 3109 1157 cui
3141 1117 3328 1156 nomen
3361 1097 3462 1155 Job
3494 1097 3659 1171 (Job.
3693 1115 3734 1164 ι,
3772 1097 3795 1152 Ι
3825 1095 3868 1167 ).

2269 1197 2529 1253 Desinant
2571 1211 2704 1268 ergo
2753 1197 2821 1251 de
2864 1195 3033 1252 verbo
3062 1194 3418 1265 qumstioncm
3449 1206 3668 1248 movere
3693 1233 3708 1256 ,
3746 1205 3869 1246 cum

2267 1289 2567 1361 pricscrtim
2601 1287 2932 1360 prmmiscrit
2963 1286 3177 1358 Moyses
3203 1326 3218 1352 ,
3267 1285 3390 1356 quia
3435 1283 3562 1338 fecit
3595 1283 3736 1339 Deus
3761 1291 3872 1338 ter-

2268 1396 2406 1437 ram.
2457 1381 2768 1452 Eratergo,
2803 1395 2870 1436 ex
2897 1395 3005 1451 quo
3032 1378 3168 1434 facta
3195 1386 3300 1434 est.
3345 1374 3481 1432 Nam
3507 1375 3553 1432 si
3579 1376 3696 1432 sine
3729 1377 3874 1447 prium

2268 1473 2414 1544 cipio
2443 1488 2562 1528 eam
2591 1472 2780 1528 dicunt
2811 1486 2933 1528 esse
2957 1512 2971 1537 ,
3013 1469 3148 1542 jam’
3172 1485 3277 1524 non
3312 1467 3488 1525 solum
3517 1468 3685 1524 Deum
3713 1513 3728 1537 ,
3777 1467 3874 1524 scd

2271 1567 2435 1624 etiam
2467 1567 2628 1639 hylen
2658 1567 2775 1622 sine
2802 1565 3068 1636 principio
3115 1564 3361 1619 dicentes
3385 1604 3399 1627 ,
3447 1561 3708 1618 deﬁniant
3753 1561 3872 1617 ubi-

2272 1677 2396 1717 nam
2427 1671 2562 1718 erat.
2598 1661 2654 1717 Si
2686 1661 2737 1715 in
2771 1659 3064 1730 loco,ergo
3091 1658 3255 1714 etiam
3288 1659 3438 1713 locus
3463 1656 3579 1713 sine
3610 1655 3876 1726 principio

2287 1752 2457 1809 fuisse
2486 1753 2781 1810 adstruitur
2803 1797 2818 1820 ,
2842 1809 2847 1813 ,
2874 1752 2926 1806 in
2954 1767 3061 1822 quo
3103 1761 3218 1806 erat
3249 1749 3472 1806 materia
3502 1764 3683 1806 rerum
3711 1790 3726 1816 ,
3758 1763 3878 1820 qua)

577 1848 892 1916 sententiae,
937 1863 1099 1919 quam
1125 1846 1304 1902 divina
1332 1860 1547 1917 quoque
1574 1844 1787 1901 Domini
1817 1843 1948 1900 Jesu
1975 1842 2182 1899 Christi
2211 1855 2260 1916 B
2285 1847 2607 1921 principium
2638 1862 2745 1902 non
2778 1845 3033 1902 habebat.
3082 1844 3235 1912 Quod
3278 1843 3322 1900 si
3349 1843 3642 1900 absurdum
3668 1843 3880 1899 videtur

577 1941 834 2012 majestas
862 1941 914 1994 in
943 1939 1238 2010 Evangelio
1275 1937 1665 2008 comprobavit.
1717 1937 1861 1991 Dixit
1897 1936 2042 1992 enim
2075 1935 2178 1991 Da-

580 2033 672 2090 vid
701 2051 717 2091 :
751 2032 1020 2105 Principio
1043 2026 1240 2086 (terram
1266 2039 1322 2085 tu
1364 2030 1618 2101 fundasti,
1655 2028 1894 2095 Domine,
1944 2039 1993 2082 et
2024 2044 2180 2099 opera

579 2145 827 2184 manuum
873 2137 1079 2182 tuarum
1120 2137 1238 2181 sunt
1286 2126 1418 2182 caeli.
1473 2124 1589 2195 Ipsi
1619 2124 1894 2196 peribunt,
1926 2134 1980 2178 tu
2008 2133 2181 2178 autem

579 2241 880 2299 permanes,
924 2232 972 2278 et
1014 2223 1188 2277 omnia
1215 2222 1348 2276 sicut
1381 2221 1734 2276 vestimentum
1761 2227 2106 2285 veterascent,
2136 2227 2182 2272 et

581 2326 840 2388 tamquam
859 2317 1104 2370 amictum
1128 2314 1352 2370 mutabis
1375 2330 1435 2368 ea
1453 2355 1466 2378 ,
1491 2324 1538 2368 et
1569 2313 1904 2368 mutabuntur
1937 2327 1956 2378 ;
1981 2320 2035 2365 tu
2066 2327 2185 2368 vero

582 2413 691 2486 ipse
718 2429 792 2479 es,
823 2423 872 2468 et
893 2411 1020 2467 anni
1042 2411 1116 2465 tui
1155 2425 1259 2464 non
1283 2408 1525 2479 deﬁcient
1555 2405 1724 2479 (Psat.
1759 2422 1833 2476 cr,
1864 2406 1936 2463 26
1957 2417 2005 2462 et
2027 2405 2182 2477 seq.).

583 2507 736 2578 Quod
765 2507 902 2563 adeo
935 2506 1184 2577 probavit
1209 2505 1263 2560 in
1293 2502 1592 2575 Evangelio
1624 2502 1886 2559 Dominus
1908 2545 1923 2570 ,
1951 2513 2012 2557 ut
2039 2501 2187 2558 dice-

585 2612 710 2660 ret:
753 2601 947 2657 Caelum
967 2609 1016 2655 et
1046 2609 1186 2655 terra
1212 2607 1237 2636 ⁸
1269 2597 1601 2669 prieteribunt
1623 2637 1639 2664 ,
1682 2612 1795 2651 mea
1831 2605 2002 2652 autem
2039 2594 2190 2652 verba

587 2715 691 2752 non
722 2696 1055 2768 praeteribunt
1077 2692 1292 2766 (Matth.
1321 2707 1466 2760 xstv,
1491 2689 1608 2763 55).
1636 2690 1780 2747 Nihil
1812 2693 1974 2763 igitur
2000 2699 2186 2762 agunt,

591 2789 681 2862 qui
707 2798 928 2860 propter
949 2786 1074 2844 εωιὶ
1099 2783 1447 2842 asserendam
1474 2783 1911 2854 perpetuitatem,
1943 2782 2188 2853 quintum

589 2896 790 2952 corpus
841 2879 1138 2936 mthereum
1199 2876 1649 2933 iutroducendum
1701 2883 2000 2948 putarunt;
2067 2889 2190 2929 cum

597 2989 751 3044 taque
794 2972 1013 3028 videant
1040 2969 1359 3027 dissimilem
1390 2969 1607 3024 czeteris
1628 2967 1934 3038 adjunctam
1963 2965 2192 3023 membri

599 3066 756 3123 unius
775 3067 1101 3138 portionem,
1123 3065 1297 3121 labem
1324 3062 1539 3135 corpori
1559 3063 1728 3134 magis
1747 3061 1944 3118 aliene
1968 3075 2194 3118 consue-

593 3160 758 3216 visse.
792 3158 964 3216 Simul
1002 3156 1133 3214 illud
1161 3155 1406 3223 adverte,
1434 3155 1558 3228 quia
1587 3153 1847 3226 propheta
1879 3152 2048 3208 David
2071 3166 2192 3208 cum

2279 1941 2348 1998 de
2391 1941 2510 1996 loco
2559 1938 2784 1996 credere
2813 1980 2826 2005 ,
2878 1937 3056 1994 videte
3100 1952 3168 1994 ne
3215 1939 3354 1993 forte
3381 1936 3651 1993 volatilem
3683 1947 3880 1993 terram

2281 2034 2572 2090 debeamus
2594 2034 2889 2100 azstimare,
2917 2047 3039 2102 quas
3069 2046 3176 2087 non
3199 2030 3403 2087 habens
3429 2029 3837 2087 fundamentum
3865 2073 3882 2098 ,

2281 2130 2484 2185 alarum
2511 2128 2754 2199 remigiis
2793 2127 3246 2199 suspendebatur.
3298 2124 3456 2182 Unde
3499 2141 3631 2196 ergo
3675 2125 3727 2180 ei
3770 2125 3886 2181 alas

2283 2239 2561 2283 sumemus
2582 2267 2596 2292 ,
2643 2224 2745 2280 nisi
2786 2223 2924 2280 forte
2954 2223 3060 2279 huc
3093 2222 3402 2280 derivemus
3429 2223 3734 2294 prophetici
3765 2239 3886 2279 ser-

2286 2319 2461 2375 monis
2491 2318 2994 2390 interpretationem
3024 2335 3036 2372 :
3062 2317 3104 2371 Α
3134 2319 3314 2389 pennis
3345 2327 3496 2374 terra:
3526 2319 3768 2393 prodigia
3793 2335 3893 2373 au-

2287 2412 2508 2467 divimus
2536 2410 2688 2482 (Esa.
2720 2427 2866 2478 xxiv,
2885 2410 3017 2482 l6)?
3045 2411 3110 2466 Et
3141 2410 3270 2465 illud
3297 2429 3310 2465 :
3339 2409 3369 2449 ι’
3398 2411 3487 2467 Va:
3507 2421 3656 2467 terra:
3683 2413 3894 2466 navium

2290 2522 2471 2578 penna:
2494 2504 2650 2577 (Esa.
2675 2521 2829 2573 xviii,
2863 2502 2959 2577 i)?
2987 2503 3092 2560 Sed
3124 2503 3227 2561 hoc
3252 2504 3297 2561 si
3326 2505 3675 2576 accipiamus,
3700 2507 3752 2561 in
3783 2522 3894 2577 quo

2288 2613 2414 2656 aere
2441 2598 2657 2654 volabat
2683 2598 2868 2654 terra?
2913 2596 3042 2654 Sine
3069 2612 3194 2654 aere
3221 2598 3365 2654 enim
3392 2597 3576 2654 volare
3601 2613 3706 2654 non
3739 2607 3893 2668 pote-

2291 2701 2373 2748 rat
2398 2735 2412 2760 ,
2442 2691 2536 2748 sed
2569 2707 2662 2748 aer
2689 2691 2868 2747 adhuc
2897 2705 3018 2747 esse
3048 2706 3154 2748 non
3185 2700 3433 2761 poterat,
3481 2692 3603 2762 quia
3641 2708 3749 2747 non
3777 2701 3899 2748 crat

2291 2785 2409 2840 sine
2450 2801 2631 2840 rerum
2676 2784 2898 2840 materia
2940 2785 3334 2841 elementorum
3379 2784 3520 2841 facta
3573 2784 3892 2854 distinctio,

2292 2895 2412 2934 cum
2443 2879 2559 2948 ipsa
2591 2877 2767 2934 adhuc
2793 2879 3062 2935 elementa
3096 2881 3235 2936 facta
3267 2895 3374 2936 non
3405 2888 3609 2936 essent.
3638 2879 3742 2937 Ubi
3765 2897 3898 2952 ergo

2292 2983 2409 3028 erat
2439 2972 2659 3028 materia
2693 2971 2793 3027 ista
2834 2971 3038 3028 alarum
3085 2973 3300 3028 sull'ulta
3348 2974 3635 3045 remigiis?
3678 2972 3736 3028 In
3768 2989 3900 3029 aerc

2296 3083 2402 3123 non
2433 3075 2551 3123 erat
2573 3107 2590 3136 ,
2618 3067 2741 3135 quia
2771 3082 2865 3122 aer
2885 3082 3080 3138 corpus
3107 3076 3192 3124 est
3219 3067 3406 3124 mundi
3445 3088 3459 3124 :
3489 3083 3683 3138 corpus
3714 3080 3898 3123 autctn

2295 3171 2416 3214 esse
2445 3172 2623 3213 aerem
2651 3162 2812 3213 docet
2843 3157 3001 3214 lectio
3032 3156 3187 3231 (Sap.
3219 3175 3271 3224 v,
3310 3157 3417 3231 l2).
3449 3159 3572 3231 quia
3593 3158 3792 3214 emissa
3811 3174 3901 3214 sa—

595 3262 794 3309 tcrram
830 3251 994 3323 priOri
1023 3251 1144 3307 loco
1175 3249 1473 3306 nominavit
1501 3247 1624 3320 (Ps.
1651 3246 1880 3312 CXI-Vill.
1910 3244 1991 3318 5).
2018 3254 2070 3301 el
2097 3259 2193 3315 Ρο-
2218 3247 2263 3310 C
2295 3253 2424 3323 gitta
2458 3253 2511 3308 in
2545 3253 2722 3310 locum
2742 3295 2757 3320 ,
2791 3268 2951 3324 quem
2979 3252 3246 3324 iaculator
3274 3253 3546 3319 intendit,
3580 3253 3782 3309 incisus
3805 3269 3903 3310 aer

591 3356 706 3403 stea
733 3345 956 3411 caelum,
983 3342 1214 3399 credidit
1239 3357 1376 3412 opus
1401 3356 1522 3398 esse
1541 3339 1753 3396 Domini
1775 3336 2190 3402 declarandum;

595 3439 812 3512 quando
835 3439 982 3495 enim
1011 3437 1147 3493 dixit
1174 3445 1232 3493 et
1257 3435 1392 3492 facta
1416 3445 1542 3490 sunt
1559 3475 1577 3502 ,
1628 3432 1759 3490 nihil
1813 3433 2039 3488 interest
2065 3430 2192 3501 quid

593 3533 744 3604 prius
771 3531 1066 3602 exprimas,
1098 3544 1221 3584 cum
1253 3527 1418 3584 simul
1446 3536 1734 3597 utrumque
1759 3525 1830 3580 sit
1862 3523 2094 3586 factum;
2122 3524 2196 3579 si-

596 3625 706 3682 mul
753 3641 821 3680 nc
853 3622 970 3681 haec
996 3621 1188 3678 saltem
1220 3619 1576 3692 praerogativa
1606 3618 1746 3675 coelo
1770 3617 1967 3674 divinae
2011 3615 2196 3672 videa-

598 3726 685 3773 tur
710 3715 1014 3786 adiudicata
1045 3711 1362 3770 substantia:
1384 3753 1400 3779 ,
1454 3720 1512 3768 ut
1537 3709 1908 3783 primogenitae
1932 3718 2196 3766 creatura:

597 3816 878 3889 privilegio
918 3815 1095 3886 potior
1137 3813 1456 3869 aestimetur.
1503 3810 1688 3882 Itaque
1731 3809 1853 3865 illos
1894 3807 2008 3864 suis
2034 3808 2197 3863 relin-

596 3926 826 3984 quamus
850 3905 1292 3965 contentionibus
1317 3945 1333 3973 ,
1376 3903 1466 3976 qui
1517 3903 1718 3958 mutuis
1742 3898 2196 3972 disputationibus

596 4001 956 4070 serefellunt.
1003 3998 1170 4057 Nobis
1201 4006 1382 4054 autem
1411 3996 1545 4052 satis
1573 4004 1657 4051 est
1676 3993 1742 4049 ad
1769 3993 1998 4048 salutem
2027 4035 2042 4061 ,
2089 4005 2195 4048 non
2269 3997 2272 4000 ’

597 4098 1025 4171 disputationum
1046 4092 1418 4152 controversia
1447 4133 1462 4158 ,
1509 4089 1604 4147 sed
1635 4097 2023 4162 praeceptorum
2057 4088 2200 4144 veri-

600 4203 720 4261 tas;
749 4208 852 4251 nec
877 4188 1362 4264 argumentationis
1387 4185 1586 4243 astutia
1611 4227 1624 4251 ,
1658 4183 1753 4240 sed
1787 4183 1921 4238 [idea
1960 4181 2157 4238 mentis
2180 4224 2195 4249 ,

597 4300 659 4349 ut
685 4295 986 4348 serviamus
1013 4285 1246 4344 creatori
1274 4283 1458 4357 potius
1485 4295 1646 4352 quam
1671 4286 1938 4336 creatura:
1955 4319 1971 4349 ,
2002 4277 2093 4349 qui
2118 4284 2203 4334 est

600 4386 747 4443 Deus
777 4382 1097 4442 benedictus
1121 4381 1176 4436 in
1205 4377 1425 4434 saecula.

1035 4514 1262 4575 CAPUT
1291 4511 1403 4571 \lll.
1437 4511 1652 4585 (Sermo
1678 4507 1772 4583 ll.)

607 4633 910 4694 Occurritur
931 4633 996 4688 iis
1025 4631 1111 4702 qui
1133 4628 1357 4684 materiae
1381 4625 1712 4683 (eternitatem
1734 4640 1762 4679 e
1781 4620 2069 4693 Scriptura:
2090 4635 2200 4676 ver-

676 4728 752 4784 bis
778 4732 1029 4782 conantur
1055 4721 1339 4777 adstruere.
1390 4717 1600 4774 Terram
1639 4732 1697 4770 eo
1726 4713 2032 4770 invisibilem
2060 4711 2162 4766 dici
2182 4753 2196 4780 ,

673 4819 809 4892 quod
835 4817 982 4891 aquis
1001 4822 1243 4887 coeperta
1270 4819 1416 4868 esset.
1450 4807 1554 4866 Cur
1576 4824 1635 4864 ea
1657 4807 1802 4880 prius
1831 4806 1971 4878 facta
1994 4805 2202 4876 signiﬁ-

675 4925 836 4985 cetur,
865 4930 1020 4987 quam
1045 4918 1249 4966 ornata.

673 5032 766 5088 25.
796 5029 956 5086 Terra
973 5037 1144 5083 autem
1170 5031 1283 5081 erat
1311 5019 1582 5076 invisibilis
1601 5027 1648 5074 et
1676 5015 2014 5089 incomposita
2037 5012 2202 5087 (Gen.

607 5144 648 5196 ι,
671 5127 764 5198 2).
812 5125 993 5181 Bonus
1018 5120 1214 5176 artifex
1245 5117 1396 5189 prius
1423 5113 1829 5170 fundamentum
1867 5109 2019 5181 ponit
2047 5125 2061 5162 :
2112 5121 2208 5178 po-

609 5233 748 5291 stea,
764 5219 1116 5276 fundamento
1129 5214 1324 5288 posito,
1345 5208 1719 5267 acditicatiouis
1741 5206 1982 5263 membra
2009 5203 2201 5261 distin-

609 5315 753 5388 guit,
780 5321 837 5369 et
860 5310 1092 5384 adiungit
1123 5315 1393 5364 ornatum.
1436 5303 1622 5360 Posito
1662 5302 1824 5373 igitur
1855 5299 2206 5356 fundamenta

611 5416 772 5464 terrae
796 5446 812 5470 ,
843 5415 898 5461 et
923 5402 1240 5461 conﬁrmata
1267 5398 1392 5455 cmli
1419 5395 1718 5453 substantia
1745 5435 1759 5460 ,
1799 5395 1907 5450 duo
1933 5395 2076 5450 enim
2103 5393 2206 5447 ista

609 5507 737 5557 sunt
760 5500 905 5554 velut
934 5496 1182 5554 cardines
1235 5507 1418 5550 rerum
1439 5534 1454 5559 ,
1487 5488 1763 5546 subtexuit
1787 5505 1799 5540 :
1845 5486 2005 5542 Terra
2033 5496 2206 5540 autem

607 5603 716 5651 erat
743 5593 1012 5649 invisibilis
1041 5600 1088 5646 et
1109 5585 1468 5658 incomposita.
1493 5582 1630 5652 Quid
1661 5591 1741 5637 est
1771 5623 1785 5646 ,
1813 5578 1975 5647 Erat,
2006 5579 2110 5635 nisi
2140 5595 2208 5636 ne

608 5688 748 5748 forte
775 5689 828 5746 in
860 5687 1130 5745 inﬁnitum
1160 5690 1216 5740 et
1241 5680 1360 5737 sine
1383 5677 1647 5751 principio
1675 5674 1970 5732 extendant
1995 5675 2212 5748 opinio-

683 5842 711 5872 ιι
733 5831 858 5888 Mss.
887 5828 1070 5894 Colb.,
1091 5823 1254 5880 Corb.
1285 5832 1423 5894 unus
1448 5823 1504 5873 et
1526 5814 1663 5872 Vict.
1692 5813 1820 5870 item
1871 5813 2198 5887 unus,'peri-

611 5908 756 5963 bunt.
787 5903 926 5962 Edit.
954 5892 1137 5967 Rom.,
1166 5892 1471 5950 transibunt.

2298 3345 2479 3401 statim
2505 3347 2556 3400 in
2579 3346 2818 3416 seipsum
2860 3345 3133 3402 resolutus
3158 3356 3258 3403 est.
3312 3345 3412 3404 Ubi
3441 3363 3570 3420 ergo
3599 3357 3718 3404 erat
3746 3347 3899 3420 hyle,

2297 3438 2401 3493 nisi
2448 3438 2586 3494 forte
2612 3439 2824 3494 dicatur
2861 3438 3093 3509 quadam
3125 3438 3360 3495 dementi
3389 3439 3684 3496 intentione
3707 3483 3723 3510 ,
3774 3440 3905 3512 quia

2299 3529 2351 3584 in
2381 3529 2493 3585 Deo
2521 3531 2681 3586 erat?
2731 3530 2878 3602 Ergo
2909 3531 3051 3586 Deus
3077 3573 3090 3598 ,
3141 3531 3232 3602 qui
3276 3541 3359 3588 est
3383 3531 3664 3588 invisibilis
3693 3541 3905 3588 natum:

2299 3633 2462 3696 atque
2487 3624 2834 3692 inviolabilis,
2865 3625 2955 3696 qui
2986 3625 3159 3681 lucem
3189 3624 3398 3681 habitat
3423 3625 3854 3683 inaccessibilem
3883 3666 3900 3693 ,

2300 3715 2867 3788 incomprehensibilis
2880 3725 2935 3772 et
2963 3717 3287 3787 purissimus
3317 3715 3565 3788 spiritus,
3603 3716 3756 3772 locus
3785 3725 3906 3773 erat

2300 3813 2544 3868 materiae
2576 3799 2887 3876 mundialis,
2917 3820 2969 3867 et
2991 3821 3110 3868 erat
3131 3812 3184 3867 in
3214 3811 3324 3868 Deo
3343 3813 3524 3868 mundi
3552 3812 3754 3884 portio,
3777 3827 3903 3867 cum

2301 3906 2368 3962 de
2395 3907 2498 3962 hoc
2525 3905 2725 3961 mundo
2758 3920 2863 3961 non
2911 3906 2981 3960 sit
3030 3921 3130 3961 nec
3179 3920 3333 3962 mens
3371 3906 3706 3961 servulorum
3740 3907 3860 3974 ejus
3884 3945 3903 3971 ,

2303 4001 2443 4056 sicut
2473 3999 2739 4055 habemus
2767 3998 3028 4070 scriptum
3058 4017 3072 4054 :
3117 3995 3196 4053 De
3237 3998 3332 4053 hoc
3380 3998 3570 4053 mundo
3607 4014 3712 4052 non
3740 4007 3854 4052 sunt
3883 4037 3902 4064 ,

2302 4095 2431 4150 sicut
2454 4103 2504 4150 et
2531 4110 2623 4167 ego
2649 4109 2751 4148 non
2773 4109 2888 4150 sum
2912 4092 2977 4146 de
3003 4093 3194 4147 mundo
3218 4091 3398 4165 (Joan.
3434 4106 3562 4158 xvii,
3594 4089 3706 4162 Η).

2373 4189 2472 4245 26.
2505 4187 2972 4256 Quemadmodum
3000 4203 3128 4258 ergo
3159 4185 3446 4242 invisibilia
3476 4184 3780 4242 visibilibus
3808 4227 3822 4251 ,
3851 4192 3908 4242 et

2303 4283 2354 4340 ei
2383 4281 2477 4354 qni
2505 4281 2753 4337 ordinem
2780 4296 2844 4337 ac
2869 4280 3120 4338 decorem
3151 4279 3372 4337 donavit
3393 4278 3661 4343 omnibus,
3698 4278 3908 4332 incont-

2303 4377 2480 4448 posita
2509 4374 2948 4444 copulabantur?
2975 4374 3080 4430 nisi
3109 4371 3248 4429 forte
3275 4372 3400 4444 quia
3432 4371 3586 4439 dixit,
3620 4369 3780 4426 Terra
3805 4387 3904 4424 au-

2305 4482 2402 4528 tem
2432 4481 2540 4528 erat
2566 4472 2838 4528 invisibilis
2859 4513 2872 4538 ,
2923 4479 2978 4528 et
3006 4470 3331 4527 invisibilem
3362 4486 3480 4527 eam
3514 4486 3610 4542 pcr
3656 4469 3908 4525 substan-

2305 4565 2434 4620 tiam
2465 4563 2730 4630 eredant;
2779 4573 2834 4620 et
2878 4562 3000 4620 ideo
3045 4564 3168 4635 quia
3197 4563 3352 4634 aquis
3401 4572 3588 4636 operta
3615 4604 3632 4631 ,
3681 4560 3909 4617 vi~ib‘lis

2227 4655 2278 4718 D
2304 4645 2585 4731 corporeis
2629 4658 2804 4714 oculis
2846 4673 2968 4714 esse
3006 4673 3114 4715 non
3158 4667 3404 4730 poterat,
3451 4657 3904 4732 quemadmodum

2307 4755 2564 4827 pleraque
2591 4755 2644 4809 in
2679 4751 2946 4825 profundo
2977 4769 3236 4826 aquarum
3265 4754 3576 4823 sita,visum
3600 4751 3905 4818 oculorum,

2305 4847 2586 4917 aciemque
2616 4853 2962 4918 praetereant.
3009 4845 3130 4902 Non
3161 4847 3308 4904 enint
3339 4846 3450 4902 Deo
3482 4844 3686 4917 aliquid
3719 4843 3907 4899 invisi-

2307 4939 2435 5006 bile,
2467 4939 2562 4996 sed
2588 4947 2838 4995 creatura
2855 4926 3040 4996 mundi
3061 4947 3325 4997 creatum
3345 4939 3530 5011 utique
3550 4939 3912 4995 aestimatione

2309 5039 2583 5088 censetur.
2633 5030 2928 5088 Invisibilis
2954 5031 3115 5088 etiam
3150 5040 3289 5088 terra
3317 5073 3331 5098 ,
3376 5031 3500 5104 quia
3546 5029 3784 5087 nondum
3819 5030 3911 5086 lux

2314 5140 2432 5196 qua:
2464 5124 2792 5182 illuminarct
2818 5125 3100 5193 mundum,
3134 5126 3374 5182 nondum
3405 5126 3522 5183 sol:
3551 5135 3734 5198 postea
3766 5124 3912 5182 enim

2313 5220 2594 5276 luminaria
2629 5221 2763 5278 facta
2794 5231 2921 5277 sunt
2949 5221 3095 5278 celi.
3146 5221 3300 5290 Quod
3345 5220 3392 5277 si
3430 5220 3562 5277 solis
3587 5220 3768 5277 radius
3798 5220 3915 5292 plc-

2318 5329 2547 5385 rumque
2593 5314 2756 5370 etiam
2786 5315 2942 5386 aquis
2977 5313 3464 5387 opertailluminat
3488 5357 3504 5382 ,
3555 5323 3609 5372 et
3643 5313 3914 5386 profundo

2314 5419 2490 5461 mersa
2536 5404 2829 5477 splendore
2875 5405 3093 5462 luminis
3137 5407 3220 5462 sui
3262 5406 3480 5480 prodit;
3535 5407 3657 5478 quis
3701 5406 3918 5464 dubitet

2317 5498 2427 5555 Deo
2457 5514 2518 5555 ea
2544 5539 2557 5564 ,
2594 5515 2716 5570 qna:
2745 5501 2796 5553 in
2827 5498 3092 5569 profundo
3117 5508 3242 5555 sunt
3269 5541 3284 5568 ,
3317 5498 3608 5556 invisibilia
3637 5514 3760 5555 esse
3804 5515 3915 5555 non

2313 5605 2508 5661 posse;
2541 5590 2645 5647 nisi
2674 5590 2815 5647 forte
2846 5591 2925 5648 sic
2953 5591 3279 5663 accipiamus
3320 5591 3646 5648 invisibilem
3676 5599 3877 5649 terram
3896 5635 3914 5661 ,

2312 5684 2457 5755 quod
2500 5683 2734 5739 nondum
2761 5684 2927 5741 verbo
2955 5684 3050 5741 Dei
3079 5696 3134 5742 et
3162 5687 3500 5757 proiectione
3545 5684 3863 5742 visitabatur
3894 5727 3911 5754 ,

2381 5814 2410 5857 δ
2451 5818 2670 5878 Gemet.
2704 5829 2760 5877 et
2783 5821 2962 5890 Cum,
3006 5818 3096 5878 Va:
3119 5829 3268 5880 terra:
3289 5823 3458 5878 avium
3488 5838 3688 5896 pennaz.
