4102 6360
163 308 266 367 157

1470 296 1963 357 IIEXAEMERON.
1991 297 2124 354 LIB.
2169 299 2209 356 Ι.

3367 306 3471 362 158

161 439 285 497 qua:
313 420 592 477 hominem
625 431 732 475 non
759 415 1030 482 habebat,
1067 424 1287 488 propter
1314 432 1474 486 quem
1506 415 1769 472 Dominus
1797 419 1845 476 Α
1875 422 2056 467 tamen
2087 427 2192 467 non
2225 413 2377 481 quasi
2409 423 2430 452 ο
2464 419 2718 483 perpetui
2749 454 2762 477 ,
2791 412 2884 467 sed
2913 413 3064 482 quasi
3097 415 3464 482 corruptibilis

163 516 461 587 reSpiceret
492 511 548 567 in
579 519 776 567 terram
803 553 818 578 ,
866 509 1007 566 sicut
1045 508 1305 579 scriptum
1348 518 1469 563 est:
1519 506 1770 560 Dominus

165 609 392 680 respexit
421 622 579 676 super
605 606 741 676 filios
760 603 1046 670 hominum,
1066 613 1121 657 ut
1148 612 1172 639 α
1197 603 1390 657 videret
1414 602 1458 655 si
1479 611 1551 655 est
1580 599 1774 653 intelli-

166 717 314 775 gens,
342 709 432 753 aut
455 697 717 768 requirens
740 694 902 750 Deum
931 693 1109 766 (Psal.
1141 709 1252 761 xm,
1279 693 1381 763 2)?
1413 693 1476 747 Et
1503 691 1630 746 alibi
1656 690 1730 744 ait
1756 707 1770 744 :

169 793 253 849 De
278 793 410 848 catlo
425 790 699 866 jaculatus
719 799 789 844 est
809 789 1072 864 judicium
1105 805 1123 842 :
1157 797 1302 842 terra
1329 784 1535 840 tremuit
1556 794 1604 838 et
1632 783 1776 854 quie-

170 883 241 938 vit
287 883 306 956 (
337 881 486 938 Psal.
519 896 685 948 Lxxv,
718 879 820 951 9).
873 880 938 936 Et
973 881 1168 936 tnerito
1192 877 1512 940 invisibilis,
1545 876 1666 947 quia
1696 875 1778 930 ἰη-

171 978 472 1048 composita
499 1018 513 1043 ,
559 991 682 1048 quae
730 976 952 1046 liguram
1005 983 1061 1030 et
1106 973 1344 1044 speciem
1390 979 1775 1041 congruentem

181 1073 285 1146 15
316 1069 494 1125 adhuc
523 1084 632 1124 non
661 1076 946 1140 acceperat
973 1083 1000 1121 a
1026 1066 1247 1138 proprio
1273 1062 1577 1120 conditore.

245 1163 339 1218 27.
372 1160 446 1218 Ει
474 1162 708 1217 fortasse
735 1161 918 1216 dicant
945 1177 959 1212 :
992 1156 1102 1213 Cur
1131 1157 1276 1213 enim
1327 1157 1469 1212 Deus
1493 1198 1507 1221 ,
1537 1155 1677 1211 sicut
1702 1153 1782 1209 di-

175 1256 258 1311 xit
284 1265 340 1311 et
371 1257 509 1311 facta
535 1264 661 1309 sunt
687 1295 704 1318 ,
733 1270 839 1309 non
869 1253 1030 1308 simul
1058 1261 1279 1308 ornatus
1310 1263 1576 1320 congruos
1603 1263 1785 1303 assur—

176 1348 433 1420 gentibus
461 1346 685 1402 donavit
713 1345 1018 1412 elementis,
1052 1343 1202 1414 quasi
1240 1358 1348 1397 non
1377 1341 1646 1411 potuerit,
1678 1355 1790 1396 cte-

184 1440 297 1496 lum
326 1441 649 1512 insignitum
675 1439 848 1496 stellis
877 1439 1056 1493 subito
1087 1446 1142 1492 ttl
1174 1444 1418 1493 creatum
1451 1443 1534 1490 est
1563 1477 1577 1501 ,
1621 1436 1787 1491 rel’ul-

183 1550 353 1606 gere,
409 1543 465 1589 et
513 1534 739 1590 tioribus
787 1548 851 1589 ac
878 1532 1140 1588 fructibus
1171 1540 1313 1587 terra
1346 1529 1574 1584 vestiri?
1612 1528 1794 1584 Potuit

189 1629 382 1700 utique
410 1669 427 1696 ,
473 1627 566 1684 sed
597 1629 718 1685 ideo
752 1627 924 1699 primo
949 1626 1083 1682 facta
1106 1667 1123 1693 ,
1156 1633 1339 1696 postea
1369 1622 1667 1691 composita
1699 1621 1794 1677 de-

190 1725 476 1780 clarantur
499 1765 514 1789 ,
545 1737 612 1778 ne
641 1737 765 1778 vere
794 1723 1027 1776 incrcata
1055 1729 1112 1776 et
1149 1720 1266 1775 sine
1307 1715 1570 1788 principio
1599 1714 1792 1772 crede-

1873 513 2138 560 creatura:
2171 505 2624 560 consummationi
2656 505 2826 560 voluit
2867 506 3166 577 subjacere.
3221 509 3373 565 Unde
3414 510 3465 562 in

1873 598 2047 654 Esaim
2085 598 2224 654 libro
2247 599 2322 654 ait
2354 618 2366 652 :
2398 597 2587 654 Tollite
2612 601 2666 655 in
2695 601 2879 655 caelum
2917 603 3090 655 oculos
3129 612 3325 657 vestros
3356 645 3370 669 ,
3419 612 3466 655 ct

1873 690 2084 763 aspicite
2097 701 2285 746 terram
2310 693 2546 746 deorsum
2562 711 2581 758 ;
2596 694 2718 765 quia
2732 693 2913 748 cwlum
2933 704 2985 748 ut
3003 698 3175 765 fumus
3191 696 3469 751 solidatam

1877 796 1970 852 est,
1995 795 2129 842 terra
2156 796 2325 842 autem
2349 794 2404 840 ut
2422 789 2773 843 vestimentum
2806 800 3073 845 eeterascet
3109 789 3264 862 (Esa.
3290 807 3361 857 LI,
3391 792 3468 861 6).

1877 878 2005 935 Haec
2033 890 2173 934 terra
2205 889 2309 944 est,
2341 895 2458 949 qua!
2485 891 2610 936 ante
2640 893 2755 937 erat
2805 883 3180 954 incomposita.
3224 883 3470 940 Nondum

1881 974 2022 1030 enim
2053 981 2209 1028 erant
2234 973 2339 1046 ιθ
2366 973 2533 1030 maria
2555 989 2654 1029 suo
2679 975 2785 1031 line
2812 976 3086 1045 distincta,
3120 989 3173 1033 et
3195 979 3316 1034 ideo
3338 993 3476 1048 vago

1884 1067 2086 1131 ﬂuctu,
2118 1075 2173 1122 et
2201 1067 2466 1136 profundo
2491 1069 2698 1139 gurgite
2731 1077 2872 1123 terra
2905 1069 3286 1124 inumlahatur.
3336 1071 3477 1127 Con-

1885 1159 2082 1220 sidera,
2110 1159 2233 1229 quia
2262 1159 2424 1213 etiam
2451 1175 2593 1214 nunc
2625 1161 2845 1228 palustri
2880 1162 3077 1231 uligine
3108 1174 3250 1218 terra
3289 1165 3474 1220 inhor-

1889 1267 2006 1308 rere
2032 1254 2336 1318 consuevit,
2368 1266 2467 1307 nec
2499 1252 2708 1322 patiens
2738 1261 2823 1308 est
2849 1256 3081 1310 vomeris
3103 1297 3115 1318 ,
3149 1258 3236 1312 ubi
3271 1258 3481 1312 infusus

1890 1343 2050 1400 terris
2103 1345 2296 1399 humor
2332 1345 2586 1400 exundat.
2641 1344 2774 1400 Erat
2815 1362 2946 1417 ergo
2989 1347 3384 1419 incomposita;
3426 1359 3487 1406 ut

1892 1447 2017 1508 pote
2066 1439 2282 1493 solertis
2323 1438 2573 1509 agricola:
2600 1440 2806 1495 inarata
2848 1440 3076 1496 culturis
3101 1485 3115 1510 ,
3159 1448 3282 1513 quia
3304 1443 3483 1498 adhuc

1894 1531 2083 1586 deerat
2103 1531 2298 1586 cultor.
2342 1532 2469 1587 Erat
2500 1532 2854 1602 incomposita
2880 1549 2895 1598 ;
2941 1534 3064 1606 quia
3096 1535 3234 1591 nuda
3263 1539 3489 1608 gignen-

1897 1625 2028 1681 tium
2053 1667 2069 1694 ,
2099 1641 2199 1682 nec
2223 1627 2392 1682 thoris
2417 1627 2646 1683 herbosa
2669 1627 2907 1697 riparum
2932 1669 2947 1693 ,
2978 1644 3079 1684 nec
3104 1644 3272 1701 opaca
3305 1644 3493 1686 nemo-

1898 1719 2045 1776 ribus
2070 1762 2085 1787 ,
2135 1735 2237 1776 nec
2267 1721 2386 1775 laeta
2413 1721 2689 1792 segetibus
2715 1763 2728 1785 ,
2781 1736 2883 1777 nec
2911 1723 3164 1779 umbrosa
3193 1724 3496 1795 superciliis

192 1825 388 1871 rentur
411 1857 428 1884 ,
457 1814 503 1870 si
545 1815 756 1885 species
787 1830 964 1870 rerum
1000 1813 1144 1868 velut
1173 1813 1496 1882 ingeneratze
1523 1808 1590 1863 ab
1619 1808 1793 1875 initio,
1819 1825 1876 1885 ~B
1898 1813 2184 1878 montium,
2216 1828 2316 1870 nec
2343 1813 2508 1869 odora
2539 1814 2783 1880 ﬂoribus,
2817 1831 2915 1871 nec
2940 1827 3094 1887 grata
3125 1818 3341 1874 vinetis.
3385 1817 3497 1874 Me—

194 1921 301 1963 non
335 1916 525 1980 postea
558 1907 752 1962 additte
779 1905 1112 1961 viderentur.
1157 1903 1517 1973 lncomposita
1547 1910 1692 1956 terra
1720 1891 1801 1955 lc-

194 2001 339 2072 gitur
364 2044 380 2069 ,
431 2011 487 2058 ct
533 2001 724 2056 iisdem
767 2017 795 2054 a
843 1997 1182 2070 pltilOSOphis
1211 1995 1534 2051 aeternitatis
1558 2035 1574 2060 ,
1604 1993 1801 2063 quibus

197 2093 360 2160 Dens,
398 2094 693 2165 privilegiis
720 2092 1020 2148 honoratur
1050 2110 1065 2159 ;
1110 2089 1236 2162 quid
1263 2088 1509 2144 dicereut
1539 2086 1584 2142 si
1606 2087 1673 2142 ab
1702 2086 1804 2140 itii-

201 2184 275 2240 tio
301 2187 420 2256 ejus
443 2185 784 2257 pulchritudo
808 2185 1118 2241 vernasset?
1151 2185 1404 2239 Demersa
1430 2181 1584 2257 aquis
1600 2176 1806 2235 descri-

199 2255 348 2333 bitur
379 2320 393 2343 ,
440 2255 590 2334 velut
629 2277 839 2333 cuidam
892 2275 1281 2349 principiorum
1326 2255 1552 2328 suorum
1592 2270 1805 2326 addicta

200 2369 483 2442 naufragio
507 2414 522 2438 ,
553 2381 605 2426 et
633 2370 808 2426 adhuc
842 2387 868 2424 a
900 2368 1178 2424 nonnullis
1219 2365 1355 2422 faeta
1399 2381 1504 2418 non
1534 2362 1804 2426 creditur;

200 2463 330 2535 quid
371 2465 414 2520 si
450 2464 708 2523 decorem
739 2463 1160 2535 primogenitum
1202 2458 1545 2515 vindicaret?
1585 2455 1811 2513 Accedit

203 2557 335 2614 illttd
361 2601 376 2626 ,
404 2560 550 2631 quod
582 2559 882 2614 imitatores
923 2573 1022 2613 nos
1069 2555 1152 2611 sui
1186 2555 1327 2610 Deus
1351 2567 1473 2608 esse
1498 2550 1707 2618 voluit,
1753 2558 1813 2604 ut

205 2654 382 2724 primo
409 2653 673 2710 faciamus
696 2655 897 2725 aliqua,
931 2659 1119 2724 postea
1142 2657 1528 2714 venustemus;
1575 2661 1642 2701 ne
1680 2643 1809 2700 dum

210 2746 373 2802 simul
400 2759 692 2820 utrumque
719 2746 1016 2812 adorimur,
1047 2753 1301 2801 neutrum
1327 2741 1600 2812 possimus
1626 2739 1815 2809 imple-

213 2854 295 2896 re.
332 2839 489 2896 Fides
521 2852 700 2897 autem
748 2852 928 2895 nostra
959 2839 1192 2912 quodam
1223 2837 1392 2908 gradu
1420 2834 1641 2890 crescit.
1691 2833 1818 2890 Ideo

219 2933 399 3004 primo
428 2933 554 2989 fecit.
587 2935 750 2999 Deus,
778 2940 962 3003 postea
991 2930 1319 2996 venustavit,
1349 2939 1408 2984 ut
1437 2926 1686 2984 eumdem
1705 2940 1822 2981 cre-

223 3026 416 3086 damus
442 3043 668 3085 ornasse
695 3029 782 3100 qui
815 3026 944 3083 fecit
966 3069 982 3094 ,
1029 3033 1086 3081 et
1117 3025 1306 3080 iecisse
1331 3021 1423 3093 qui
1461 3020 1710 3086 ornavit;
1758 3033 1824 3073 ne

222 3120 455 3176 alterum
499 3131 748 3194 putemus
777 3134 1004 3177 ornasse
1032 3159 1047 3184 ,
1093 3116 1320 3172 alterum
1368 3113 1680 3170 creavisse:
1731 3109 1825 3166 sed

1901 1905 2004 1960 rito
2035 1906 2389 1976 incomposita
2414 1948 2430 1975 ,
2463 1923 2582 1978 quae
2610 1909 2889 1966 ornatibus
2912 1910 3186 1981 indigebat
3210 1955 3224 1978 ,
3251 1914 3334 1967 cui
3367 1912 3496 1968 dee-

1902 2009 2028 2056 rant
2057 2002 2242 2057 vitium
2267 2012 2410 2057 serta
2437 2003 2848 2073 gemmantium.
2900 2004 3201 2061 Osteudere
3229 2007 3370 2061 enim
3401 2022 3500 2060 vo-

1905 2093 2004 2148 luit
2040 2093 2182 2150 Deus
2205 2133 2223 2160 ,
2271 2093 2395 2164 quia
2422 2109 2522 2149 nec
2551 2099 2786 2152 mundus
2813 2097 2930 2166 ipse
2969 2096 3192 2153 haberet
3231 2098 3456 2168 gratiam
3484 2138 3500 2163 ,

1906 2188 2010 2243 nisi
2053 2203 2176 2242 eum
2210 2186 2360 2242 vario
2389 2187 2537 2242 cultu
2568 2199 2822 2258 operator
2848 2199 3117 2245 ornasset.
3169 2191 3373 2246 Caelum
3419 2191 3504 2260 ip-

1908 2296 2028 2336 sum
2060 2281 2323 2337 intextum
2355 2282 2608 2349 nubibus,
2653 2282 2934 2340 liorrorem
2964 2285 3158 2349 oculis,
3195 2285 3503 2342 maestitiam

1909 2373 2103 2428 animis
2141 2374 2380 2430 excitare
2417 2376 2722 2431 consuevit.
2793 2377 2956 2432 'l‘erra
3015 2378 3273 2432 imbribus
3327 2379 3510 2433 madc-

1911 2462 2073 2533 facta,
2108 2465 2326 2522 fastidio
2355 2475 2460 2522 est.
2491 2466 2654 2522 Maria
2687 2466 2940 2538 prooellis
2973 2471 3181 2525 turbata
3202 2511 3215 2535 ,
3241 2485 3376 2540 quos
3403 2486 3509 2526 non

1914 2558 2178 2615 incutiunt
2210 2572 2387 2617 metus
2407 2560 2430 2614 ?
2451 2560 2820 2618 Pulcherrima
2841 2572 2925 2618 est
2953 2579 3130 2618 rerum
3158 2565 3388 2634 species,
3414 2565 3510 2620 sed

1916 2652 2041 2723 quid
2069 2662 2214 2710 esset
2237 2656 2356 2711 sine
2387 2655 2634 2711 lumine?
2681 2656 2807 2726 quid
2852 2657 2970 2712 sine
3019 2657 3335 2728 temperie?
3385 2657 3510 2728 quid

1917 2746 2036 2802 sine
2067 2761 2328 2817 aquarum
2356 2748 2778 2819 congregatione
2803 2788 2818 2815 ,
2864 2749 3059 2818 quibus
3102 2761 3228 2805 ante
3269 2749 3519 2804 demersa

1923 2839 2030 2909 poli
2059 2839 2218 2909 hujus
2248 2839 2582 2896 habebantur
2607 2841 2831 2896 exordia
2857 2842 2880 2895 ?
2925 2840 3082 2897 Tolle
3123 2843 3292 2898 solem
3325 2843 3481 2898 terris
3502 2885 3518 2910 ,

1926 2931 2054 2986 tolle
2073 2931 2230 2988 caelis
2260 2933 2538 2987 stellarum
2567 2933 2759 3004 globos
2785 2975 2798 2997 ,
2843 2936 3022 2988 omnia
3057 2935 3294 2990 tenebris
3332 2935 3520 2990 inhor-

1926 3034 2168 3079 rescunt.
2211 3025 2302 3080 Sic
2327 3033 2482 3080 erant
2506 3033 2791 3096 antequam
2825 3026 3001 3081 lumen
3034 3026 3159 3082 huic
3191 3027 3389 3082 mundo
3416 3028 3522 3081 Do-

1932 3115 2110 3172 minus
2140 3115 2465 3172 inlunderet.
2513 3118 2581 3172 Et
2608 3117 2730 3172 ideo
2761 3118 3036 3188 Scriptura
3069 3119 3181 3173 ait:
3230 3121 3351 3190 quia
3387 3130 3525 3175 tene-

220 3215 471 3272 eumdetn
501 3226 791 3288 utrumque
820 3231 942 3272 esse
966 3219 1284 3285 operatum;
1313 3220 1370 3265 ut
1398 3207 1576 3279 primo
1605 3205 1826 3271 laceret,
1855 3220 1901 3284 ρ
1933 3209 2039 3266 bra:
2055 3222 2203 3266 erant
2229 3229 2381 3283 super
2409 3212 2648 3284 abyssum
2678 3210 2830 3282 (Gen.
2859 3228 2894 3277 ι,
2925 3211 3004 3284 2).
3038 3212 3298 3269 Tenebra:
3351 3225 3525 3282 erant,

213 3317 402 3376 postea
452 3317 814 3380 componeret
842 3349 858 3374 ,
884 3305 912 3345 δ
942 3315 1000 3363 ιιι
1023 3306 1254 3361 alterum
1287 3303 1460 3359 altero
1487 3299 1824 3356 crederetur.

211 3399 392 3458 l-labes
431 3402 483 3457 in
543 3401 835 3474 EVangelio
870 3400 1030 3470 hujus
1069 3400 1145 3454 rei
1187 3396 1408 3454 evidens
1459 3391 1828 3449 testimonium

221 3489 400 3564 (Joau.
444 3501 530 3563 ιιι,
557 3493 676 3562 44).
705 3493 837 3548 Nam
865 3493 1224 3548 suscitaturus
1243 3489 1502 3544 Lazarum
1545 3483 1827 3550 Dominus,

219 3585 384 3658 jussit
423 3601 483 3644 ut
505 3588 681 3645 Judaei
714 3595 1061 3645 removerent
1101 3582 1333 3655 lapidem
1363 3581 1432 3637 de
1473 3578 1743 3650 sepulcro,
1774 3584 1833 3631 ut

231 3692 502 3738 mortuum
542 3682 787 3738 videntes
811 3723 827 3747 ,
871 3691 1056 3752 postea
1101 3677 1482 3734 resuscitatum
1520 3672 1826 3729 crederent.

232 3773 437 3834 Deinde
467 3778 677 3835 vocavit
715 3775 974 3832 Lazarum
1002 3817 1018 3843 ,
1070 3782 1124 3830 et
1168 3769 1508 3836 resurrexit,
1551 3777 1607 3824 et
1654 3764 1832 3838 ligatis

234 3861 485 3927 manibus
511 3883 566 3928 et
587 3863 813 3943 pedibus
841 3867 970 3925 exiit
995 3867 1160 3922 foras.
1202 3864 1392 3920 Nonne
1420 3869 1629 3934 poterat
1657 3874 1836 3915 remo—

237 3982 366 4024 vere
397 3967 654 4039 lapidem,
681 3966 776 4038 qui
807 3973 1018 4037 poterat
1034 3971 1304 4018 mortuum
1332 3957 1629 4016 suscitare?
1657 3957 1723 4012 Et
1743 3955 1835 4027 qui

239 4059 416 4128 putuit
439 4059 694 4118 defuncto
719 4059 884 4114 vitam
915 4055 1167 4118 reddere,
1199 4070 1308 4110 non
1337 4051 1513 4124 potuit
1535 4064 1704 4106 nexus
1731 4049 1839 4104 sol-

239 4167 369 4210 vere
396 4153 775 4211 vinculorum?
799 4153 897 4208 Ctti
927 4151 1128 4207 vinctis
1157 4149 1382 4220 pedibus
1400 4135 1647 4219 gressum
1669 4143 1837 4208 dedit,

240 4244 366 4301 huic
397 4262 501 4303 non
533 4247 701 4318 potuit
729 4245 906 4316 ruptis
951 4243 1200 4319 vinculis.
1229 4241 1500 4296 incessum
1562 4233 1841 4294 reddere?

244 4336 348 4394 Sed
397 4341 583 4412 utique
620 4339 948 4395 advertimus
998 4335 1152 4412 quod
1182 4334 1355 4389 voluit
1404 4331 1579 4401 primo
1622 4330 1849 4387 demon-

245 4438 417 4488 strare
457 4441 766 4499 mortuum,
812 4442 870 4487 ut
911 4429 1084 4486 oculis
1115 4429 1228 4484 suis
1273 4425 1598 4482 crederent:
1649 4421 1849 4480 deinde

245 4527 569 4584 resuscitare
596 4543 608 4581 :
653 4527 812 4583 tertio
835 4526 1026 4596 jubere
1055 4531 1114 4578 ut
1140 4521 1242 4593 ipsi
1276 4521 1486 4577 vincula
1514 4519 1718 4574 funeris
1739 4517 1852 4572 sol-

1933 3305 2055 3376 quia
2079 3303 2340 3375 splendor
2364 3304 2553 3360 deerat
2579 3306 2732 3361 lucis.
2771 3304 3034 3360 Tenebrae
3066 3314 3216 3361 erant
3240 3347 3255 3373 ,
3286 3307 3413 3377 quia
3440 3322 3533 3362 aer

1934 3395 2052 3466 ipse
2081 3395 2400 3469 tenebrosus
2428 3406 2530 3452 est.
2581 3397 2737 3468 Aqua
2785 3397 2896 3468 ipsa
2941 3399 3042 3454 sub
3075 3399 3216 3455 nube
3246 3400 3532 3456 tenebrosa

1934 3497 2057 3556 est,
2111 3489 2235 3558 quia
2286 3489 2570 3545 tenebrosa
2602 3505 2741 3561 aqua
2785 3490 2838 3545 in
2885 3491 3116 3548 nubihtts
3149 3494 3310 3548 aeris.
3361 3495 3532 3550 Erant

1937 3598 2066 3655 ergo
2092 3583 2329 3640 tenebras
2355 3599 2518 3654 super
2543 3584 2773 3656 abyssos
2800 3600 3080 3656 aquarum.
3111 3585 3228 3642 Non
3250 3588 3394 3644 enim
3421 3605 3534 3642 ma-

1939 3676 2019 3732 las
2042 3676 2448 3749 intelligendum
2474 3678 2710 3732 arbitror
2740 3688 3068 3749 potestates,
3099 3679 3241 3750 quod
3275 3681 3536 3736 Dominus

1937 3785 2124 3826 earum
2153 3769 2408 3825 malitiam
2436 3772 2740 3836 creaverit;
2785 3787 2907 3827 cum
2937 3774 3122 3844 utique
3152 3789 3259 3828 non
3288 3774 3538 3829 substan-

1942 3863 2086 3918 tialis
2115 3905 2130 3931 ,
2156 3863 2249 3920 sed
2276 3863 2527 3920 accidens
2555 3864 2628 3920 sit
2653 3863 2858 3920 malitia
2882 3905 2898 3934 ,
2942 3881 3062 3936 qua:
3095 3881 3125 3920 a
3153 3874 3360 3922 natura:
3389 3867 3541 3922 boui-

1946 3964 2056 4011 tate
2082 3954 2320 4011 deﬂexit.

2015 4048 2108 4105 29.
2146 4047 2331 4118 Itaque
2363 4048 2415 4102 in
2443 4048 2832 4105 constitutione
2863 4050 3051 4106 mundi
3095 4051 3278 4122 opinio
3318 4053 3537 4110 malitiae

1948 4141 2166 4197 interim
2193 4151 2585 4212 sequestretur,
2622 4156 2691 4198 ne
2711 4141 2912 4199 divinae
2966 4146 3293 4214 operationi,
3334 4156 3389 4202 et
3432 4148 3547 4218 pul-

1948 4234 2235 4291 cherrima:
2260 4245 2546 4306 creaturae,
2566 4250 2626 4292 ea
2651 4253 2772 4308 qua:
2794 4236 3044 4294 decolora
3071 4247 3216 4305 sunt,
3242 4240 3546 4299 admiscere

1950 4327 2249 4398 videamur,
2275 4330 2510 4386 maxime
2535 4345 2658 4386 cum
2682 4338 2968 4401 sequatur:
3007 4330 3071 4386 Et
3088 4333 3302 4404 spiritus
3327 4333 3423 4388 Dei
3453 4352 3541 4390 su-

1953 4423 2304 4495 perferebatur
2321 4440 2475 4496 super
2500 4441 2660 4495 aquas
2683 4423 2896 4498 (Ibid.).
2926 4426 3097 4494 Quem
3124 4431 3223 4484 etsi
3255 4431 3420 4501 aliqui
3449 4447 3546 4501 pro

1953 4529 2082 4571 aere
2104 4514 2393 4586 accipiant,
2425 4516 2590 4588 aliqui
2622 4531 2720 4588 pro
2752 4519 2944 4588 spiritu
2977 4536 3137 4590 quem
3187 4522 3458 4593 spiramus
3495 4533 3551 4580 et

245 4633 470 4688 verent;
519 4631 580 4677 ut
617 4623 756 4677 inter
787 4623 884 4675 ista
916 4619 1050 4675 lides
1096 4615 1469 4673 infunderetur
1496 4613 1805 4671 inlidclibus
1829 4653 1846 4681 ,
1876 4627 1931 4688 D
1955 4610 2228 4680 carpimus
2271 4625 2419 4665 aura:
2470 4609 2632 4680 hujus
2670 4611 2849 4668 vitalis
2887 4613 3177 4683 spiritum;
3239 4630 3336 4670 nos
3368 4625 3546 4672 tamen

245 4721 300 4769 et
329 4731 422 4786 per
449 4715 658 4789 gradus
680 4713 941 4786 quosdam
969 4710 1262 4769 credulitas
1293 4717 1627 4765 nasceretur.

857 4804 1084 4863 CAPUT
1126 4803 1257 4860 VIII.

250 4900 463 4960 Terram
490 4903 894 4972 incompositam
931 4901 1134 4971 fuisse;
1187 4907 1296 4952 tum
1342 4897 1466 4967 quia
1509 4896 1565 4951 in
1617 4911 1678 4950 ea
1725 4894 1858 4948 nihil

324 5000 594 5063 distincti,
639 5009 746 5054 tum
793 4997 912 5067 quia
953 4993 1169 5050 tenebris
1197 5000 1328 5047 esset
1353 4991 1540 5046 velata.
1593 4988 1853 5044 Malitiam

327 5109 414 5162 per
441 5092 681 5150 tenebras
709 5107 809 5145 non
839 5086 1228 5160 intelligendam
1260 5083 1491 5157 Spiritus
1523 5090 1731 5138 sanctus
1769 5081 1858 5152 qui

329 5187 587 5254 ferebatur
617 5199 773 5251 super
808 5198 1003 5253 aquas,
1049 5180 1256 5249 aliaque
1311 5175 1622 5231 declarant:
1661 5173 1750 5229 sed
1783 5175 1861 5229 vel

331 5281 560 5334 maxime
579 5275 712 5347 quod
742 5276 938 5331 malitia
968 5290 1070 5329 non
1097 5272 1199 5326 nisi
1219 5287 1250 5324 a
1272 5270 1416 5324 nobis
1446 5269 1666 5324 oriatur.

332 5369 423 5427 28.
466 5369 630 5427 Fecit
671 5383 801 5440 ergo
838 5367 979 5423 Deus
1019 5366 1194 5436 primo
1220 5363 1418 5419 caelum
1444 5371 1499 5419 et
1529 5371 1729 5418 terram
1752 5401 1767 5429 ,
1799 5375 1864 5417 ea

341 5559 366 5589 τι
389 5553 586 5610 Decem
612 5565 741 5605 mss.
776 5559 830 5605 et
867 5548 996 5604 edit.
1021 5549 1170 5610 Am.,
1202 5546 1354 5606 Pet.-.
1407 5545 1534 5601 Era.
1557 5587 1571 5610 ,
1607 5543 1866 5599 omittunt

271 5623 385 5679 haec
404 5625 595 5686 verba,
637 5630 692 5675 ut
717 5621 927 5676 videret.
963 5619 1102 5674 Edit.
1135 5619 1319 5683 Rom.,
1343 5626 1397 5670 ut
1425 5617 1638 5670 diceret.

341 5695 369 5734 δ
395 5696 518 5752 Mss.
547 5693 706 5750 Gem.
747 5692 844 5747 Sed
885 5691 987 5744 alia
1021 5705 1202 5752 manu,
1255 5689 1383 5744 item
1409 5687 1668 5742 Vietorin.
1729 5698 1870 5738 ttnus

277 5776 331 5821 et
355 5766 492 5822 Etlit.
521 5765 651 5822 Gill.
678 5780 741 5819 ac
770 5763 952 5826 Rom.,
988 5777 1049 5814 ne
1076 5761 1297 5813 alterum
1329 5760 1479 5814 alteri
1503 5757 1694 5813 deesse.
1725 5755 1869 5811 Edit.

284 5840 405 5894 Am.
438 5839 583 5904 Pet",
611 5836 760 5902 Era.,
787 5850 850 5888 ne
872 5832 1088 5886 alterum
1107 5831 1216 5885 sine
1236 5829 1418 5900 altero,
1442 5838 1548 5887 etc.

735 5929 1015 5995 PATROL.
1079 5920 1250 5984 XIV.

1959 4718 2081 4760 cum
2107 4713 2414 4760 sanctorum
2469 4713 2522 4760 ct
2571 4705 2814 4762 ﬁdelium
2866 4708 3132 4763 sententia
3166 4719 3549 4780 congruentes,

1963 4797 2224 4869 Spiritum
2277 4807 2524 4854 sanctum
2565 4801 2899 4870 accipimus,
2955 4811 3012 4856 ut
3064 4803 3117 4857 in
3161 4804 3552 4862 constitutione

1963 4892 2146 4948 mundi
2185 4893 2432 4963 operatio
2469 4891 2748 4949 Trinitatis
2790 4893 3022 4950 eluceat.
3070 4894 3361 4952 Prmmisso
3410 4897 3554 4951 enim

1964 4987 2088 5058 quia
2112 4987 2164 5041 in
2192 4986 2444 5056 principio
2466 4985 2587 5057 fecit
2615 4985 2757 5041 Deus
2777 4988 2961 5042 caelum
2982 4997 3031 5042 et
3055 4997 3245 5044 terram
3266 5030 3281 5055 ,
3311 4987 3365 5042 id
3393 4997 3472 5042 est
3503 4988 3556 5041 itt

1964 5077 2181 5135 Christo
2211 5077 2334 5133 fecit
2364 5079 2523 5143 Deus,
2553 5080 2635 5136 vel
2670 5079 2838 5134 Filius
2867 5079 2959 5135 Dei
2992 5079 3133 5135 Deus
3164 5079 3315 5146 fecit,
3345 5078 3430 5132 vel
3459 5092 3556 5146 per

1969 5171 2160 5228 Filium
2186 5171 2330 5228 Deus
2358 5171 2482 5226 fecit
2516 5173 2680 5242 ;quia
2707 5171 2886 5226 omnia
2911 5185 3004 5240 per
3035 5172 3209 5245 ipsum
3239 5170 3377 5224 facta
3407 5178 3554 5237 sunt,

1969 5277 2026 5324 et
2051 5269 2172 5323 sine
2194 5267 2311 5338 ipso
2337 5268 2536 5323 factum
2583 5277 2667 5323 est
2712 5265 2893 5329 nihil,
2950 5275 3235 5335 supererat
3281 5262 3563 5332 plenitudo

1974 5359 2306 5432 operationis
2328 5359 2381 5414 itt
2414 5358 2643 5430 Spiritu,
2667 5358 2808 5412 sicut
2831 5353 3090 5424 scriptum
3114 5362 3198 5408 est
3224 5370 3237 5406 :
3268 5352 3435 5407 Verbo
3461 5353 3571 5411 Do-

2047 5556 2069 5584 σε
2097 5541 2168 5596 Ita
2195 5555 2324 5596 mss.
2357 5540 2640 5596 duodecim
2672 5555 2736 5594 ac
2765 5544 2872 5590 vet.
2899 5533 3029 5586 edit.
3057 5534 3187 5587 Mss.
3212 5551 3342 5590 vero
3370 5536 3573 5594 Coeno-
3653 5587 3656 5590 .

1974 5629 2120 5670 man.
2145 5613 2309 5668 Corb.
2350 5625 2510 5674 unus,
2545 5621 2599 5664 et
2629 5611 2790 5664 Rom.
2825 5603 2955 5674 edit.
2990 5615 3279 5671 perpetuas,
3310 5609 3399 5660 sed
3420 5609 3576 5674 quasi

1977 5683 2337 5752 corruptibiles
2358 5670 2635 5735 creaturas.
2692 5676 2812 5730 Vat.
2836 5670 2970 5725 Cod.
3004 5670 3580 5738 perpetttaut.....'cor-

1979 5753 2272 5828 ruptibileut
2300 5761 2606 5806 creaturam.

2973 5893 3012 5954 5
