4102 6360
619 370 720 430 159

1963 355 2205 415 SANGTI
2244 355 2571 416 AMBROSII
3881 354 3951 410 liti

617 490 745 546 mini
771 485 912 543 cwlis
942 483 1138 555 ﬁrmati
1162 490 1296 542 sunt,
1327 491 1373 535 et
1399 481 1596 550 Spiritu
1625 482 1728 535 oris
1752 484 1865 553 ejus
1914 482 2076 535 onmis
2105 481 2210 535 vir-
2236 485 2288 545 Α
2315 489 2541 534 mortem
2570 484 2812 549 generat,
2849 488 2948 531 nec
2989 473 3081 530 lux
3125 473 3443 530 tenebras.
3483 471 3622 529 Non
3673 471 3818 529 enim
3849 475 3950 528 sicut

620 595 703 640 tus
725 597 905 636 eorum
933 577 1053 652 (Ps.
1082 592 1244 640 χχχιι,
1287 575 1363 645 ti).
1423 573 1611 646 Itaque
1653 575 2110 646 quemadmodum
2158 576 2211 630 in

624 676 839 732 Psalmo
863 672 1128 728 docemur
1150 669 1515 738 operationem
1548 665 1731 732 Verbi,
1765 668 1910 738 quod
1958 679 2042 723 est
2075 667 2212 721 Ver-

623 769 748 824 bum
776 766 891 831 Dei,
919 773 976 820 et
1007 762 1257 818 virtutem
1293 775 1451 830 quam
1491 759 1642 815 dedit
1668 759 1904 829 Spiritus
1948 769 2211 821 sanctus;

622 862 694 916 ita
718 860 807 916 hic
830 854 1201 930 propheticum
1236 854 1518 909 resultavit
1548 853 1854 918 oraculum,
1899 853 2024 924 quia
2072 852 2215 908 Deus

619 955 775 1016 dixit,
808 963 862 1008 ct
891 953 1030 1006 Deus
1061 947 1207 1004 fecit.
1233 947 1467 1018 Spiritus
1488 961 1702 1017 quoque
1721 945 1814 1000 Dei
1837 945 2220 1016 superfereba-

618 1057 702 1104 tur
731 1060 893 1113 super
917 1057 1108 1113 aquas.
1137 1040 1392 1098 Ornando
1419 1041 1562 1096 enim
1593 1039 1719 1105 polo
1751 1039 1875 1096 coeli
1898 1081 1913 1106 ,
1947 1039 2217 1111 germina-

623 1140 758 1195 tnris
787 1136 945 1192 terris
968 1133 1196 1206 pulchre
1227 1132 1458 1204 Spiritus
1485 1131 1944 1202 superferebatur,
1969 1133 2091 1202 quia
2121 1144 2219 1200 per

617 1233 792 1304 ipsum
812 1229 1087 1286 habebant
1107 1242 1368 1283 novorum
1393 1235 1638 1296 pertuum
1661 1225 1864 1280 semina
1885 1223 2211 1296 germinare,

616 1327 913 1384 secundum
935 1323 1080 1396 quod
1110 1322 1240 1377 dixit
1264 1320 1527 1392 propheta
1554 1338 1566 1372 :
1609 1320 1708 1393 ιτ
1739 1318 1930 1374 Emitte
1958 1319 2214 1388 Spiritum

613 1434 757 1480 tuum
782 1431 829 1475 et
850 1419 1184 1484 creabantur,
1209 1427 1256 1470 et
1275 1406 1540 1470 renovabis
1563 1416 1747 1485 faciem
1782 1424 1930 1468 terrm
1951 1412 2070 1485 (Ps.
2097 1427 2214 1478 cm,

613 1516 729 1583 '50).
765 1512 1008 1583 Denique
1033 1510 1226 1581 Syrus,
1259 1508 1350 1578 qui
1381 1507 1590 1561 vicinus
1620 1505 1848 1560 Hebraeo
1876 1515 1983 1569 est,
2017 1513 2072 1559 et
2102 1517 2220 1559 ser-

615 1623 780 1664 mone
810 1616 1075 1663 consonat
1107 1605 1159 1659 iu
1192 1604 1466 1674 plerisque
1500 1613 1554 1657 et
1591 1601 1861 1672 congruit,
1895 1601 1973 1654 sic
2005 1599 2168 1653 habet
2199 1613 2212 1650 :

618 1699 689 1756 Et
712 1700 940 1770 Spiritus
965 1697 1058 1754 Dei
1084 1697 1286 1769 [avebat
1309 1713 1488 1767 aquaa,
1527 1695 1582 1750 id
1607 1707 1689 1751 est
1719 1693 2046 1756 viviﬁcabat,
2077 1698 2136 1746 ut
2162 1692 2216 1746 in

616 1808 786 1852 novas
833 1800 1052 1864 cogeret
1095 1803 1374 1848 creaturas
1400 1832 1414 1854 ,
1457 1802 1513 1845 et
1544 1791 1655 1844 l'otn
1695 1803 1794 1844 suo
1837 1788 2105 1843 animaret
2147 1785 2215 1841 ad

2320 578 2704 633 mutabilitatcs
2726 575 3040 641 ail‘c-ctuum,
3066 576 3135 628 ita
3163 574 3337 628 etiam
3377 571 3839 643 generationem
3861 588 3952 642 pro-

2319 673 2632 744 gressiones
2679 679 2823 725 sunt.
2858 667 2968 724 Illa:
2997 683 3060 723 ex
3089 665 3409 724 centrariis
3453 666 3517 720 in
3546 665 3836 722 contraria
3864 681 3953 735 pro-

2320 768 2480 837 positi
2527 765 2830 822 dcilexione
2859 774 3183 820 vertuntur:
3222 761 3353 818 istan
3411 780 3542 817 non
3597 778 3671 818 ex
3705 760 3953 818 contrariis

2319 861 2372 916 in
2404 861 2629 917 adversa
2656 859 3037 923 deﬂectuntur,
3072 855 3166 914 sed
3208 873 3271 912 ex
3300 853 3607 928 ejusdem
3642 855 3861 926 generis
3895 851 3952 906 vel

2319 956 2656 1021 auctoribus,
2690 954 2770 1010 vel
2810 953 2992 1010 causis
3029 962 3250 1020 creatae,
3293 951 3359 1006 in
3401 948 3856 1006 similitudinem
3892 948 3949 1001 sui

2319 1048 2628 1128 referuntur
2649 1047 2905 1102 auctoris.

2391 1140 2481 1195 31.
2515 1139 2652 1208 Quid
2708 1140 2867 1211 igitur
2899 1145 2925 1176 ⁸
2955 1136 3231 1193 dicemus?
3275 1136 3337 1194 Si
3399 1137 3578 1193 enim
3640 1149 3824 1207 neque
3865 1133 3949 1188 sine

2321 1233 2584 1302 principio
2606 1241 2708 1296 est,
2742 1231 2894 1303 quasi
2924 1232 3184 1296 increata,
3219 1247 3412 1302 neque
3450 1245 3488 1284 a
3527 1228 3658 1285 Deo
3692 1227 3851 1289 facta,
3879 1242 3950 1280 un-

2321 1327 2389 1383 de
2439 1327 2601 1383 habet
2650 1336 2840 1382 natura
2869 1324 3335 1381 malitiam?Nam
3402 1325 3571 1379 mala
3608 1338 3746 1379 esse
3795 1320 3948 1377 in‘boc

2323 1419 2524 1475 mundo
2545 1419 2725 1474 nullus
2743 1419 2962 1490 sapiens
2982 1417 3286 1488 denegavit,
3317 1432 3468 1474 cum
3499 1419 3583 1472 sit
3609 1417 3726 1490 ιε
3750 1427 3851 1468 tam
3873 1416 3951 1467 rre-

2320 1529 2494 1584 quens
2526 1514 2578 1567 in
2623 1512 2723 1568 hoc
2772 1513 2975 1567 szeculo
3006 1511 3188 1583 lapsus
3217 1511 3282 1566 ad
3332 1521 3646 1568 mortem.
3682 1509 3793 1567 Sed
3823 1507 3944 1563 exiis

2322 1621 2445 1672 quae
2470 1605 2580 1674 jam
2610 1603 2871 1673 diximus,
2905 1621 3192 1676 possumus
3235 1604 3528 1676 colligere
3574 1605 3714 1674 quia
3747 1617 3850 1656 non
3886 1609 3943 1654 est

2322 1697 2440 1753 viva
2473 1698 2797 1762 substantia,
2829 1697 2925 1752 sed
2959 1699 3156 1754 mentis
3182 1705 3346 1768 atque
3385 1697 3590 1752 animi
3624 1694 3936 1766 depravatio,

2323 1805 2352 1845 a
2401 1793 2614 1846 tramite.
2647 1791 2860 1846 virtutis
2887 1790 3066 1855 devia,
3105 1807 3227 1862 quae
3271 1790 3728 1845 incuriosorum
3781 1785 3940 1841 animi:

617 1889 804 1944 vitam.
838 1885 968 1942 Nam
990 1886 1152 1939 etiam
1183 1882 1443 1953 Spiritum
1491 1891 1737 1937 sanctum
1783 1880 2013 1952 legimus
2064 1877 2226 1933 crea-'
2247 1885 2294 1947 Β
2322 1899 2482 1954 quam
2515 1885 2828 1955 frequenter
2854 1885 3088 1956 obrepit.
3117 1885 3232 1940 Non
3264 1883 3446 1956 igitur
3478 1885 3560 1939 ab
3588 1882 3863 1940 extraneis
3879 1886 3934 1933 est

619 1989 826 2043 torem,
875 1979 1089 2034 dicente
1135 1976 1280 2042 Job,
1324 1975 1554 2045 Spiritus
1593 1976 1797 2029 divinus
1839 1974 1925 2044 qui
1968 1972 2088 2042 fecit
2134 1988 2217 2026 me

620 2075 765 2150 (Job.
799 2089 993 2137 χχχιιι.
1021 2071 1101 2144 ti).
1149 2071 1274 2127 Sive
1303 2085 1435 2141 ergo
1461 2071 1694 2142 Spiritus
1721 2079 1940 2123 sanctus
1961 2067 2208 2137 superie-

619 2171 840 2225 rebatur
867 2184 1029 2238 super
1053 2182 1238 2237 aquas,
1271 2166 1510 2222 tenebra:
1533 2164 1926 2221 contrariarum
1957 2163 2218 2216 virtutum

616 2277 780 2334 super
801 2276 894 2318 eas
919 2276 1044 2317 esse
1073 2277 1179 2316 non
1215 2268 1496 2330 poterant,
1551 2257 1640 2310 ubi
1694 2256 1874 2310 locum
1919 2254 2019 2308 sibi
2067 2260 2217 2308 tanta

615 2354 788 2428 gratia
819 2353 1174 2409 vindicabat:
1215 2352 1352 2412 sive,
1404 2360 1462 2403 ut
1518 2346 1735 2416 quidam
1794 2346 2000 2407 volunt.
2034 2359 2217 2399 aerem

614 2447 909 2517 accipiant,
960 2442 1330 2511 respondeant
1378 2454 1481 2510 qua
1541 2440 1752 2493 ratione
1804 2437 2066 2506 Spiritum
2121 2434 2218 2490 Dei

619 2539 850 2604 dixerit,
893 2553 1015 2592 cum
1042 2535 1176 2592 satis
1207 2533 1370 2590 fuerit
1394 2533 1633 2600 spiritum
1655 2544 1987 2600 nuncupare.

689 2631 782 2687 30.
816 2630 879 2684 Hi
910 2645 1038 2700 ergo
1066 2628 1259 2682 volunt
1287 2642 1316 2681 a
1356 2623 1586 2680 Domino
1616 2624 1732 2679 Deo
1764 2634 1950 2678 nostro
1987 2631 2226 2693 quatuor

621 2725 858 2796 primum
896 2723 1165 2780 elementa
1213 2731 1494 2792 generata,
1522 2720 1744 2782 ccelum,
1792 2729 2015 2783 terram,
2050 2732 2220 2783 mare,

619 2834 839 2881 aerem;
865 2831 934 2872 eo
963 2815 1108 2888 quod
1136 2830 1314 2870 causa:
1347 2829 1552 2880 rerum,
1582 2814 1723 2884 ignis
1750 2824 1803 2869 et
1833 2827 1944 2876 aer,
1983 2822 2124 2866 terra
2169 2817 2226 2865 et

619 2928 759 2984 aqua
784 2912 915 2977 sint,
943 2926 1010 2967 ex
1037 2909 1230 2982 quibus
1261 2906 1446 2963 mundi
1467 2907 1678 2977 Species
1703 2914 1916 2960 constat
1943 2913 1999 2959 et
2021 2903 2221 2958 forma.

619 3010 725 3068 Ubi
747 3009 907 3080 igitur
930 3007 1168 3064 tenebrae
1195 3005 1554 3076 nequitiarum
1581 3001 1901 3072 spiritalium
1927 3000 2103 3056 locum
2129 2997 2226 3053 ha-

619 3106 752 3163 bere
779 3113 1092 3175 potuerunt,
1125 3117 1250 3156 cum
1281 3107 1524 3168 augusue
1555 3097 1715 3167 hujus
1753 3096 2010 3152 decorem
2043 3095 2227 3164 (igurte

619 3199 858 3256 mundus
905 3196 1194 3254 indueret?
1235 3194 1508 3265 Numquid
1552 3192 1716 3249 simul
1765 3191 2030 3248 malitiam
2084 3190 2228 3244 Deus

2325 1979 2499 2044 nobis,
2526 1995 2685 2050 quam
2713 1997 2739 2032 a
2765 1977 2920 2035 nobis
2950 1981 3083 2050 ipsis
3117 1978 3288 2049 majus
3312 1978 3688 2049 periculum.
3724 1975 3861 2030 Intus
3879 1982 3936 2026 est

2323 2071 2694 2138 adversarius,
2754 2072 2898 2128 intus
2939 2080 3128 2128 auctor
3182 2074 3425 2140 erroris,
3475 2071 3670 2138 intus,
3732 2070 3930 2138 inquam,

2321 2165 2538 2220 clausus
2579 2166 2632 2219 in
2686 2166 3110 2235 nobismetipsis.
3155 2165 3530 2236 Propositum
3587 2176 3744 2220 tuum
3779 2176 3930 2232 Specu-

2324 2258 2456 2323 larc,
2490 2257 2730 2313 habitum
2771 2271 2873 2313 tute
2901 2261 3100 2314 mentis
3129 2261 3373 2329 erplora,
3414 2258 3708 2326 excubias
3735 2251 3927 2309 obtende

2324 2349 2612 2406 adversum
2642 2352 2839 2406 mentis
2865 2360 2972 2406 tute
2999 2353 3373 2423 cogitationes,
3412 2363 3478 2408 et
3530 2352 3712 2408 animi
3757 2344 3926 2416 cupidi-

2325 2454 2481 2499 tates.
2515 2443 2595 2500 Tu
2619 2446 2735 2518 ipse
2765 2445 2858 2500 tibi
2889 2461 2947 2500 es
2977 2460 3138 2500 causa
3171 2445 3588 2515 improbitatis,
3625 2456 3682 2499 tu
3715 2444 3822 2512 ipse
3845 2440 3920 2492 dut

2325 2536 2651 2609 ﬂagitiorum
2677 2546 2915 2600 tuorum.
2950 2544 3113 2608 atque
3158 2538 3408 2593 incentor
3455 2538 3786 2593 criminum.
3819 2525 3922 2597 Quid

2327 2630 2556 2686 alienam
2608 2639 2854 2685 naturam
2886 2630 3121 2685 arcessis
3160 2629 3226 2684 ad
3277 2632 3716 2686 excusationem
3751 2635 3917 2682 tuorum

2327 2725 2617 2797 lapsuum?
2665 2723 2881 2781 Utinam
2934 2733 2985 2780 te
3018 2725 3134 2794 ipse
3188 2741 3294 2779 non
3338 2723 3705 2795 impelleres,
3757 2719 3915 2773 utinam

2329 2835 2434 2876 non
2465 2821 2858 2891 prmcipitarcs,
2890 2821 3092 2874 utinam
3125 2837 3229 2874 non
3280 2819 3612 2874 involveres
3645 2825 3735 2871 ant
3764 2806 3913 2868 studiis

2329 2913 2885 2978 immoderatioribns,
2915 2922 3008 2967 aut
3047 2912 3453 2980 indignatione,
3497 2922 3600 2967 aut
3647 2899 3912 2978 cupiditati-

2331 3007 2454 3075 bus,
2487 3024 2606 3078 qum
2661 3022 2758 3062 nos
2787 3009 3014 3064 innexos
3043 3009 3187 3063 velut
3228 3008 3574 3080 quibusdam
3627 3003 3820 3062 retibus
3859 3006 3914 3048 ιεο

2332 3111 2482 3156 nent.
2516 3099 2582 3154 Et
2605 3111 2755 3155 certe
2778 3099 2829 3154 in
2860 3100 3016 3176 nobis
3043 3108 3128 3156 est
3154 3101 3426 3157 moderari
3461 3099 3676 3166 studia,
3705 3092 3910 3151 cohibere

2331 3189 2688 3259 iracundiam,
2722 3210 2976 3250 coercere
2996 3196 3321 3266 cupiditates
3353 3214 3367 3250 :
3394 3197 3453 3251 in
3484 3196 3653 3250 nobis
3683 3200 3759 3247 est
3787 3187 3906 3242 etiam

619 3291 857 3348 creati“?
907 3290 1012 3348 Sed
1057 3303 1118 3345 ea
1147 3304 1212 3343 ex
1243 3285 1402 3342 ηοῦίε
1427 3294 1570 3353 οτι-³,
1617 3300 1724 3342 που
1769 3299 1796 3336 ³
1839 3294 2087 3338 creatore
2119 3282 2228 3335 ι)θο
2256 3294 2304 3359 C
2335 3288 2613 3358 indulgere
2659 3288 2908 3354 1ιιιιυι·ἰ;υ,
2951 3287 2981 3328 ι)
3014 3289 3234 3346 adolere
3277 3289 3566 3357 libidines,
3618 3286 3906 3342 inﬂammare

618 3384 861 3447 condita,
892 3397 1100 3437 morum
1132 3380 1351 3448 levitaye
1387 3387 1706 3448 generatur,
1742 3390 1850 3430 non
1879 3375 2042 3430 ullam
2073 3387 2229 3427 crea-

622 3487 758 3533 tura:
777 3475 984 3532 habens
1005 3470 1438 3544 prmrogativam,
1462 3484 1561 3524 nec
1581 3469 1959 3524 auctoritatem
1981 3466 2232 3520 substan-

627 3571 718 3625 tiae
757 3567 1042 3631 naturalis,
1084 3563 1180 3619 sed
1219 3562 1593 3618 mutabilitatis
1637 3560 1844 3622 vitium,
1891 3569 1945 3614 et
1991 3572 2230 3614 errorem

627 3659 1014 3733 prolapsionis.
1063 3655 1343 3711 Eradicari
1389 3653 1530 3708 hanc
1580 3652 1727 3708 Dens
1766 3651 1879 3705 vult
1925 3650 1993 3706 de
2038 3651 2234 3705 animis

624 3752 987 3824 singulorum,
1028 3747 1304 3820 quomodo
1345 3760 1463 3801 eam
1494 3743 1611 3814 ipse
1662 3743 1984 3813 generaret?
2020 3741 2235 3798 Clamat

623 3847 889 3920 propheta
935 3862 947 3898 :
1002 3839 1532 3899 Desiniteamalitiis
1578 3837 1754 3892 vestris
1800 3836 1901 3908 (Is.
1935 3852 1972 3903 ι,
2019 3835 2232 3908 17).εΕι

625 3941 895 4014 praecipue
919 3947 1142 3997 sanctus
1166 3936 1332 3992 David
1359 3954 1372 3990 :
1405 3934 1595 3990 Desine
1615 3950 1646 3987 a
1671 3934 1828 3999 male,
1857 3942 1906 3987 et
1933 3936 2017 4005 fac
2041 3932 2232 3986 bonum

625 4039 748 4113 (Ps.
782 4053 972 4101 χχχιιι,
1002 4035 1123 4105 15);
1159 4031 1433 4105 quomodo
1463 4045 1593 4100 ergo
1622 4030 1668 4084 ci
1705 4029 1914 4084 initium
1937 4043 1970 4083 a
1995 4027 2231 4083 Domino

626 4131 852 4188 damus?
884 4129 990 4184 Sed
1014 4128 1128 4182 haec
1154 4126 1339 4195 Opinio
1369 4122 1556 4179 feralis
1576 4136 1766 4177 eorum
1797 4122 1884 4192 qui
1906 4119 2233 4191 perturbam

626 4223 752 4278 dam
802 4219 1104 4276 Ecclesiam
1150 4224 1496 4286 putaverunt.
1541 4214 1681 4269 Hinc
1731 4214 2054 4280 Marciones,
2107 4214 2232 4267 hinc

629 4313 932 4378 Valentini,
989 4310 1116 4365 hinc
1167 4317 1350 4378 pestes
1398 4307 1508 4361 illm
1561 4304 1980 4360 Manichaeorum
2020 4300 2235 4360 funesta

631 4415 942 4464 sanctorum
994 4401 1264 4458 mentibus
1321 4407 1670 4455 tentavernnt
1711 4397 1912 4452 inferre
1961 4395 2230 4467 contagia.

628 4499 769 4570 Quid
797 4496 954 4553 nobis
985 4495 1036 4550 in
1069 4495 1188 4563 ipso
1220 4492 1429 4548 lumine
1456 4491 1580 4545 vita:
1614 4490 1869 4544 tenebras
1919 4489 2116 4544 mortis
2148 4490 2234 4544 in-

630 4589 938 4662 quirimus?
985 4587 1268 4656 Scriptura
1323 4584 1504 4639 divina
1553 4584 1784 4638 salutem
1828 4587 2085 4654 suggerit,
2112 4585 2236 4639 vita:

2334 3382 2690 3449 iracundiam,
2740 3383 2824 3438 vel
2869 3381 3224 3438 inﬂammanti
3257 3399 3444 3439 aurem
3507 3373 3904 3437 accommodare.

2334 3477 2536 3532 elevari
2568 3477 2739 3548 magis
2785 3477 3060 3548 superbia,
3095 3477 3298 3532 effundi
3350 3479 3401 3532 in
3451 3477 3749 3537 smvitiam,
3779 3475 3901 3539 quam

2333 3571 2552 3639 reprimi
2603 3570 2925 3637 humilitate,
2971 3571 3195 3642 diligere
3244 3571 3747 3626 mansuetudinem.
3792 3559 3860 3628 ιὶιε

2336 3672 2582 3718 naturam
2614 3678 2862 3732 accusas,
2894 3681 2926 3720 ο
2966 3663 3164 3718 homo?
3205 3664 3375 3720 Habet
3413 3665 3507 3720 illa
3540 3663 3692 3719 velut
3720 3646 3902 3725 impedi-

2335 3763 2515 3810 menta
2547 3756 2815 3828 quaedam,
2843 3767 3176 3812 senectutem
3208 3767 3262 3812 et
3290 3756 3696 3813 inﬁrmitatem.
3721 3735 3814 3803 Sed
3841 3754 3902 3794 se-

2336 3857 2526 3905 neCtns
2569 3851 2680 3920 ipsa
2711 3850 2762 3905 in
2809 3850 2966 3906 bonis
3022 3850 3264 3906 moribus
3305 3849 3544 3917 dulcior,
3603 3849 3655 3902 in
3705 3829 3898 3898 emitti“is

2336 3942 2538 4009 utilior,
2591 3943 2655 3997 ad
2699 3945 3056 3998 constantiam
3108 3943 3402 3999 subeundze
3453 3942 3658 4000 mortis
3687 3929 3896 4010 paratior,

2337 4034 2404 4090 ad
2448 4036 2823 4106 reprimendas
2851 4037 3103 4093 libidines
3147 4037 3357 4093 fortior.
3391 4037 3690 4093 lnﬁrmitas
3728 4031 3895 4101 qlWlue

2337 4133 2602 4200 corporis,
2637 4131 2902 4186 sobrietas
2938 4133 3134 4187 mentis
3180 4141 3279 4188 est.
3315 4131 3466 4188 Unde
3499 4133 3579 4188 ait
3603 4119 3895 4200 Apostolus:

2338 4223 2465 4279 Cum
2495 4225 2750 4294 inﬁrmor,
2782 4234 2901 4279 tunc
2944 4237 3120 4298 potens
3152 4243 3265 4281 sum
3291 4225 3352 4299 (Il
3382 4225 3522 4299 Cor.
3554 4240 3657 4290 xu,
3689 4218 3787 4286 10)-
3814 4209 3890 4264 ῐῑ²⁶

2339 4331 2442 4385 que
2470 4332 2573 4370 non
2611 4317 2664 4372 in
2696 4319 3003 4383 virtutibus,
3030 4319 3125 4375 sed
3157 4298 3563 4376 inﬁrmitatibus
3584 4308 3893 4389 gloriabatur-

2339 4409 2681 4480 RcSponsum
2711 4427 2925 4482 quoque
2952 4411 3193 4469 divinum
3216 4413 3424 4468 refulsit
3447 4409 3671 4468 oraculo
3690 4391 3888 4482 saluuii;

2339 4503 2464 4570 quia
2495 4503 2667 4558 virtus
2693 4505 2746 4558 iu
2778 4502 3090 4561 infirmitate
3111 4515 3542 4561 consummatur.
3568 4503 3662 4560 Illa
3700 4481 3892 4551 cavenda

2341 4594 2454 4667 (i5,
2483 4613 2534 4667 q.
2585 4596 2636 4661 1,
2669 4613 2787 4670 cap.
2828 4596 2934 4652 Illa
2977 4599 3247 4671 cavenda),
3279 4616 3398 4671 qua:
3441 4615 3508 4655 ex
3543 4604 3722 4654 nostra
3745 4582 3889 4637 volun-

633 4686 858 4742 odorem
893 4682 1120 4751 fragrat,
1153 4688 1214 4738 ut.
1238 4678 1560 4734 suavitatem
1595 4678 1782 4747 legens
1811 4680 2016 4748 capias,
2049 4693 2154 4734 non
2177 4685 2239 4733 ut
2263 4685 2317 4748 Β
2345 4698 2458 4745 rate
2507 4690 2795 4761 prodeunt,
2836 4691 3031 4747 delicta
3070 4692 3396 4764 juventutis,
3446 4702 3502 4749 et
3541 4671 3889 4748 irrationabiles

635 4776 920 4850 praecipitii
969 4773 1264 4829 discrimen
1313 4772 1579 4827 incurras.
1633 4771 1964 4841 Simpliciter
2009 4772 2149 4843 lege,
2197 4786 2237 4828 0

633 4876 816 4937 homo,
847 4886 954 4926 non
981 4868 1074 4924 tibi
1099 4869 1216 4937 ipse
1237 4866 1448 4922 foveam
1473 4880 1666 4936 pravus
1694 4865 1961 4936 interpres
1980 4865 2226 4932 eti‘odias;

631 4968 860 5038 simplex
888 4978 1070 5020 sermo
1104 4971 1214 5028 est,
1240 4961 1361 5032 quia
1391 4961 1510 5030 fecit
1553 4958 1691 5014 Deus
1721 4961 1907 5015 (mlum
1944 4969 1994 5016 et
2017 4971 2226 5016 terram.

631 5062 787 5121 Fecit
815 5059 956 5130 quod
990 5073 1098 5112 non
1125 5063 1260 5120 erat,
1291 5071 1397 5108 non
1425 5052 1570 5123 quod
1601 5061 1737 5108 erat.
1763 5053 1828 5106 Et
1847 5065 1986 5108 terra
2009 5065 2116 5108 εναε
2143 5055 2236 5109 in-

629 5153 871 5220 visibilis,
903 5167 970 5207 ex
992 5163 1099 5220 quo
1149 5147 1283 5202 facta
1319 5154 1424 5210 est,
1456 5153 1610 5212 erat;
1655 5156 1710 5201 et
1755 5155 1871 5200 erat
1915 5145 2225 5212 invisibilis,

635 5250 764 5322 quia.
789 5243 1102 5322 cxundabat
1129 5255 1294 5309 aqua,
1319 5251 1374 5294 et
1403 5238 1685 5308 operiebat
1706 5253 1850 5304 eam,
1881 5248 1937 5294 et
1961 5249 2120 5294 erant
2142 5255 2235 5294 su-

628 5318 728 5412 per
755 5356 882 5398 eam.
909 5318 1148 5394 tenebrat
1187 5332 1511 5401 superfusa,
1555 5330 1678 5400 quia
1709 5330 1950 5386 nondum
1998 5340 2122 5387 erat
2153 5331 2239 5386 ln-

636 5450 757 5492 men
799 5434 932 5496 diei,
988 5427 1228 5484 nondum
1281 5425 1421 5480 solis
1462 5423 1666 5490 radius,
1699 5424 1790 5493 qui
1837 5425 1982 5480 solet
2022 5433 2080 5479 et
2131 5423 2238 5480 sub

633 5529 784 5599 aquis
810 5524 1031 5581 latentia
1062 5521 1362 5576 declarare.
1393 5517 1528 5586 Quid
1556 5533 1686 5587 ergo
1710 5518 1892 5574 dicunt
1923 5519 2063 5588 quod
2087 5520 2234 5575 Deus

632 5620 899 5677 creaverit
941 5618 1166 5681 malum,
1196 5628 1320 5668 cum
1357 5627 1424 5668 ex
1456 5611 1740 5667 contrariis
1766 5621 1822 5667 et
1869 5613 2112 5668 adversis
2138 5627 2234 5667 nc-

634 5729 902 5788 quaquam
945 5714 1047 5770 sibi
1096 5712 1320 5768 adversa
1365 5709 1730 5782 generentur?
1784 5707 1895 5766 Nec
1947 5709 2088 5765 enim
2121 5711 2230 5767 vita

707 5841 732 5869 ⁸
765 5830 889 5886 Edit
914 5828 1113 5892 Paris,
1147 5826 1283 5896 Quid
1305 5826 1464 5899 igitur
1481 5825 1753 5899 deterius?

693 5901 718 5942 ι’
743 5903 882 5959 Edit.
916 5900 1100 5969 Rom.,
1127 5898 1347 5954 abolere.
1395 5898 1634 5970 Reliquae
1675 5906 1733 5956 et
1759 5907 1950 5958 omnes
1977 5908 2233 5958 constan-

2344 4783 2626 4854 passiones
2671 4786 2938 4856 corporis.
2978 4787 3217 4856 Quorum
3262 4789 3421 4858 igitur
3469 4804 3567 4845 nos
3614 4790 3784 4839 sumus
3817 4766 3886 4821 do‘

2341 4875 2497 4942 mini,
2534 4876 2726 4932 horum
2762 4878 3020 4948 principia
3053 4881 3396 4937 extrinsecus
3425 4897 3530 4937 non
3559 4871 3888 4949 requiramus;

2343 4982 2446 5023 nec
2475 4968 2782 5025 derivemus
2813 4971 2864 5025 in
2893 4971 3048 5036 alios,
3082 4973 3176 5028 sed
3209 4989 3562 5044 agnoscamus
3583 4987 3644 5029 ea
3668 4978 3773 5040 qua?
3793 4966 3884 5028 Ρτθ⁹

2346 5059 2463 5130 prie
2501 5072 2688 5117 nostra
2719 5074 2866 5118 sunt.
2913 5063 3068 5133 Quod
3111 5065 3254 5120 enim
3288 5082 3572 5137 possumus
3620 5076 3718 5119 non
3747 5052 3884 5137 Ῐδοέτθ

2345 5154 2392 5208 si
2424 5154 2697 5220 nolumus,
2746 5154 2905 5225 hujus
2935 5157 3254 5213 electionem
3285 5135 3408 5213 mali
3457 5159 3607 5213 nobis
3635 5149 3793 5226 potius
3814 5135 3882 5226 dt?

2351 5247 2563 5315 bemus,
2597 5264 2756 5318 quam
2785 5249 2908 5304 aliis
2964 5251 3255 5307 ascribere.
3284 5250 3411 5308 Ideo
3436 5253 3596 5309 etiam
3637 5248 3686 5301 in
3709 5225 3882 5311 indiciis

2347 5340 2503 5396 iSIius
2553 5341 2738 5398 mundi
2782 5343 3115 5400 voluntarios
3163 5361 3308 5408 reos,
3363 5363 3467 5401 non
3519 5361 3583 5401 ex
3614 5326 3880 5396 necessitati!

2345 5437 2674 5507 compulsos,
2708 5439 2867 5509 culpa
2894 5439 3239 5510 constringit,
3268 5455 3424 5510 ptena
3452 5435 3774 5495 condemnat.
3797 5411 3878 5472 ΝΘ·

2344 5544 2450 5600 que
2477 5530 2620 5583 enim
2653 5530 2698 5584 si
2724 5546 2818 5601 per
2846 5531 3082 5586 furorem
3109 5533 3304 5600 aliquis
3325 5532 3658 5588 innocentem
3681 5518 3876 5601 ρθτθηῗθ

2345 5597 2437 5685 rit,
2470 5597 2738 5676 obnoxius
2765 5624 2923 5680 morti
2954 5631 3059 5679 est.
3079 5597 3218 5691 Quin
3241 5624 3404 5680 etiam
3442 5623 3607 5694 ipsius
3632 5611 3796 5674 divin“?
3819 5597 3878 5651 ¹θ⁴

2344 5714 2428 5786 δίε
2463 5716 2682 5772 oraculo
2734 5719 2753 5791 (
2765 5717 2932 5774 310d.
2975 5735 3090 5787 1m,
3119 5722 3232 5792 15),
3270 5722 3316 5777 si
3347 5720 3470 5791 quis
3497 5733 3590 5789 per
3623 5696 3877 5779 ἰηιρτυδθῖν

2350 5827 2560 5887 tissime
2589 5830 2794 5902 legunt,
2827 5831 3051 5900 adolere,
3085 5831 3138 5890 id
3158 5839 3243 5891 est
3263 5847 3478 5906 augere.
