4102 6360
215 342 310 399 ιιι
1516 326 2013 392 HEXAEUERON.
2054 334 2184 392 LIB.
2230 327 2269 391 I.

3417 327 3523 401 ita

211 458 341 512 tiam
376 449 624 508 intulerit
651 462 860 516 necem,
888 447 1086 521 accipit
1113 445 1448 521 impunitatis
1474 464 1647 517 spem,
1677 449 1826 506 refu-
1851 469 1903 529 Α
1931 450 2206 507 hominem
2232 452 2538 508 venientem
2568 454 2622 508 in
2655 453 2797 510 hunc
2818 455 3075 511 mundum
3106 473 3119 513 :
3151 457 3248 514 sed
3279 474 3398 515 eam
3429 461 3517 515 lu-

210 549 288 620 gii
321 546 653 610 facultatem,
687 553 745 600 ut
789 544 960 615 possit
989 543 1242 600 evadere.
1295 544 1408 598 Hoc
1453 544 1614 613 igitur
1643 544 1713 599 de
1753 561 1820 601 eo

213 640 359 713 quod
392 638 617 710 prOprie
646 639 842 694 malum
873 637 1102 704 videtur,
1135 637 1339 692 dictum
1381 637 1472 690 sit.
1513 636 1650 691 Mala
1676 639 1821 692 enim

217 750 325 790 non
356 743 484 788 sunt
515 730 621 786 nisi
651 747 768 801 qua:
793 731 1016 786 crimine
1039 743 1279 786 mentem
1304 731 1582 800 implicant
1612 739 1667 786 et
1692 747 1827 785 con-

219 829 506 887 scientiam
538 827 721 898 ligant.
744 825 1014 882 thlerum
1038 826 1371 897 pauperiem,
1401 825 1823 896 ignobilitatem,

221 920 621 992 aegritudinem,
663 928 893 974 mortem
943 935 1103 975 nemo
1149 919 1367 989 sapiens
1417 918 1554 972 mala
1603 918 1824 986 dixerit,

223 1034 324 1074 nec
349 1018 402 1070 in
435 1014 704 1070 malorum
732 1024 881 1070 sorte
909 1014 1312 1080 numeraverit;
1341 1013 1461 1085 quia
1489 1028 1588 1069 nec
1610 1023 1828 1069 contra-

222 1108 302 1163 ria
329 1107 447 1162 istis
477 1108 530 1161 in
563 1106 720 1162 bonis
751 1106 1018 1162 habentur
1043 1108 1314 1176 maximis,
1345 1113 1576 1178 quorum
1608 1107 1708 1161 alia
1733 1122 1833 1162 no-

220 1202 306 1258 bis
349 1218 416 1256 ex
463 1211 688 1268 natura,
740 1202 845 1257 alia
892 1218 958 1258 ex
1013 1202 1404 1259 commoditate
1455 1201 1703 1258 accidere
1750 1201 1832 1256 vi-

221 1294 442 1351 dentur.

297 1388 390 1443 32.
437 1387 558 1443 Non
583 1387 762 1444 Otiose
805 1388 964 1446 nobis
993 1405 1259 1446 excursus
1294 1390 1398 1447 iste
1446 1392 1741 1461 processit;
1777 1398 1834 1446 ut

226 1483 590 1552 probaremus
621 1483 878 1539 tenebras
920 1493 978 1540 et
1017 1486 1272 1558 abyssum
1327 1485 1648 1556 simpliciter
1687 1485 1844 1540 acci-’

227 1573 452 1645 pienda.
507 1573 675 1630 Erant
719 1577 865 1632 enim
895 1577 1136 1633 tenebrae
1181 1578 1248 1633 de
1279 1577 1692 1634 obumbratione
1729 1578 1838 1650 ιθ

231 1669 394 1735 cceli;
426 1671 552 1739 quia
599 1685 766 1727 omne
802 1687 1001 1742 corpus
1032 1673 1277 1729 umbram
1321 1671 1470 1738 facit,
1508 1687 1612 1742 qua
1643 1672 1838 1727 obum-

234 1762 353 1818 brat
381 1764 466 1819 vel
519 1765 745 1820 finitima
771 1767 855 1820 vel
888 1765 1167 1832 inferiora,
1219 1777 1273 1823 et
1318 1783 1378 1822 ea
1429 1768 1836 1837 maxime,'qmn

233 1857 453 1926 operire
485 1870 648 1930 atque
675 1859 955 1917 includere
975 1860 1209 1917 videtur.
1243 1861 1475 1916 Includit
1503 1870 1682 1917 autem
1709 1861 1833 1918 caeli
1868 1873 1917 1934 Β

235 1951 411 2020 polus,
455 1951 581 2022 quia
609 1954 811 2009 caelum
857 1955 999 2011 sicut
1041 1970 1256 2010 camera
1285 1956 1616 2023 extenditur,
1646 1971 1839 2027 quem-

232 2043 526 2101 admodum
572 2061 736 2118 supra
778 2049 1294 2105 demonstravimus.
1324 2049 1440 2104 Non
1480 2065 1610 2121 ergo
1639 2050 1840 2118 princi-

238 2136 373 2206 palis
399 2147 517 2192 erat
540 2141 832 2195 tenebrosa
859 2142 1158 2196 substantia
1187 2160 1200 2196 :
1233 2141 1330 2196 sed
1361 2145 1511 2213 quasi
1533 2142 1728 2197 umbra
1756 2156 1838 2198 se-

237 2239 365 2285 cuta
414 2244 498 2287 est
548 2233 730 2288 mundi
776 2249 974 2305 corpus
1014 2236 1193 2308 caligo
1242 2237 1609 2292 tenebrarum.
1652 2237 1845 2308 Itaque

237 2333 516 2379 momento
540 2325 734 2380 divina:
763 2329 1146 2399 prmceptionis
1170 2329 1400 2385 mundus
1423 2345 1738 2401 assurgens,
1764 2331 1849 2384 in-

242 2422 321 2468 tra
353 2430 414 2473 se
449 2418 668 2474 inclusit
699 2421 978 2487 umbram;
1024 2422 1155 2476 utsi
1182 2423 1305 2492 quis
1351 2423 1404 2478 in
1432 2423 1607 2492 campi
1639 2422 1840 2490 medio,

239 2524 402 2580 quem
452 2513 534 2568 sol
578 2513 912 2570 meridianus
940 2516 1231 2581 illuminat,
1267 2516 1446 2572 locum
1479 2515 1710 2586 aliquem
1751 2529 1844 2571 re-

248 2613 413 2672 pente
434 2606 704 2678 obsepiat,
735 2618 789 2664 ct
825 2609 1012 2666 densis
1042 2626 1314 2665 ramorum
1363 2611 1643 2666 frondibus
1671 2618 1841 2680 tegat,

243 2711 426 2753 nonne
456 2715 563 2769 quo
608 2702 944 2772 splendidior
989 2705 1119 2758 foris
1160 2705 1372 2773 Species
1404 2705 1507 2758 loci
1549 2704 1668 2772 ejus
1690 2703 1844 2758 cliul-

245 2799 390 2859 geat,
425 2790 530 2848 hoc
557 2793 801 2850 horrenti
833 2796 1070 2866 desuper
1099 2806 1122 2832 ιι
1157 2810 1318 2852 scena
1359 2797 1702 2866 gurgustium
1732 2796 1854 2865 ejus

248 2879 396 2936 intus
419 2882 704 2939 obscurius
736 2887 825 2940 ﬁt?
856 2887 963 2942 Aut
984 2888 1127 2942 unde
1158 2898 1399 2953 antrum,
1429 2889 1670 2943 clausum
1693 2887 1850 2942 nudi-

249 2985 354 3040 que
387 2973 549 3040 hujus
583 2977 728 3033 modi
756 2979 934 3032 locum
973 2988 1258 3046 vocarunt,
1298 2979 1405 3034 nisi
1459 2982 1599 3049 quod
1627 2990 1746 3034 atro
1773 2981 1858 3033 in—

249 3059 535 3121 horrescat
559 3069 667 3122 situ
694 3078 854 3140 atque
882 3069 1152 3125 effusione
1175 3071 1562 3126 tenebrarum?
1585 3070 1705 3124 Istas
1727 3084 1856 3138 ergo

252 3157 494 3213 tenebras
519 3175 680 3231 super
699 3177 961 3232 aquarum
983 3163 1212 3234 abyssos
1234 3172 1410 3217 erant.
1441 3161 1577 3217 Nam
1601 3161 1855 3232 abyssum

1927 557 2046 598 cem
2094 544 2212 598 ﬁeri
2268 547 2473 613 voluit,
2507 564 2630 618 quae
2672 548 2844 604 oculis
2872 551 3245 621 corporalibus
3271 568 3523 624 compre-

1931 635 2284 691 benderetnr.
2313 637 2415 704 Qui
2455 641 2740 696 aedificium
2781 643 3000 713 aliquod
3043 643 3265 716 dignum
3311 645 3524 700 habita-

1929 727 2054 782 culo
2085 728 2487 797 patrisfamilias
2515 743 2729 788 struere
2753 735 3063 804 desiderat,
3091 747 3376 808 antequam
3402 738 3528 793 fun-

1931 821 2183 876 damenta
2217 830 2401 892 ponat,
2435 827 2581 882 unde
2609 828 2784 883 lucem
2817 829 2866 884 ei
2895 829 3144 885 infundat
3169 831 3444 901 explorat,
3470 839 3527 887 et

1931 930 1992 970 ea
2029 915 2198 985 prima
2257 926 2340 972 est
2391 919 2561 988 gratia
2587 963 2601 986 ,
2629 938 2748 990 quae
2776 923 2819 976 si
2853 923 2993 979 desit
3017 966 3030 990 ,
3062 933 3172 979 tota
3202 925 3394 980 domus
3423 925 3523 981 de-
3571 923 3576 928 ’

1933 1006 2092 1062 formi
2119 1007 2300 1064 horret
2332 1009 2557 1065 incultu.
2613 1011 2727 1066 Lux
2760 1024 2844 1067 est
2895 1031 3016 1084 qua:
3061 1017 3299 1087 reliquos
3330 1018 3523 1073 domus

1933 1099 2278 1156 commendat
2307 1111 2553 1158 ornatus.
2604 1101 2767 1168 Fiat,
2801 1105 3016 1176 inquit,
3053 1109 3162 1164 lux.
3215 1110 3375 1165 Plena
3422 1127 3527 1166 vox

1935 1192 2155 1247 luminis
2196 1209 2304 1249 non
2337 1194 2710 1264 dispositionis
2739 1208 3059 1267 apparatum
3102 1203 3400 1274 signiﬁcat,
3431 1205 3531 1261 sed

1936 1289 2275 1357 operationis
2304 1289 2615 1358 resplendet
2644 1290 2858 1346 effectu.
2905 1291 3119 1350 Natura:
3151 1296 3328 1366 opifex
3354 1299 3532 1356 lucem

1938 1379 2148 1435 locutus
2197 1388 2314 1446 est,
2369 1389 2424 1436 et
2469 1383 2696 1438 creavit.
2753 1384 2948 1440 Sermo
2994 1387 3088 1442 Dei
3130 1389 3380 1447 voluntas
3410 1404 3532 1458 est.

1939 1489 2076 1543 opus
2108 1474 2197 1529 Dei
2231 1482 2420 1530 natura
2461 1485 2544 1531 est
2574 1494 2588 1531 :
2637 1477 2812 1532 lucem
2845 1480 3050 1534 creavit
3076 1521 3090 1545 ,
3125 1481 3376 1538 tenebras
3407 1485 3531 1540 illu-

1941 1565 2184 1620 minavit.
2210 1565 2279 1621 Et
2307 1568 2438 1623 dixit
2460 1567 2620 1638 Deus,
2651 1567 2777 1624 Fiat
2802 1571 2916 1639 lux,
2941 1584 2988 1626 et
3013 1577 3154 1644 facta
3177 1585 3250 1630 est
3275 1577 3389 1632 lux.
3414 1579 3535 1635 Non

1944 1659 2069 1716 ideo
2091 1661 2245 1729 dixit,
2272 1673 2330 1716 ut
2359 1676 2684 1734 sequeretur
2708 1668 2974 1736 operatio,
3009 1672 3103 1724 sed
3129 1671 3276 1727 dicto
3305 1674 3538 1731 absolvit

1941 1757 2236 1827 negotium.
2257 1756 2409 1814 Unde
2427 1759 2651 1827 pulchre
2666 1761 2974 1817 Davidicum
2997 1765 3126 1820 illud
3145 1784 3157 1819 :
3175 1765 3322 1822 Dixit
3341 1781 3386 1823 et
3404 1773 3541 1841 facta

1943 1858 2060 1900 sunt
2079 1845 2201 1917 (Ps.
2217 1863 2432 1915 CXLVIII,
2451 1851 2531 1916 5),
2553 1852 2678 1921 quia
2700 1852 2902 1908 dietum
2918 1856 3538 1928 zoimplevitefl‘ectus.

1947 1945 2152 1997 Auctor
2177 1958 2309 2015 ergo
2335 1944 2467 2000 lucis
2502 1945 2644 2001 Deus
2679 1965 2693 2002 :
2723 1947 2874 2003 locus
2896 1964 3072 2006 autem
3104 1963 3158 2007 et
3183 1968 3344 2010 causa
3377 1964 3534 2012 tene-

1948 2035 2169 2090 brarum
2205 2037 2435 2091 mundus
2482 2046 2585 2092 est.
2618 2038 2724 2094 Sed
2767 2040 2942 2096 bonus
2978 2054 3169 2100 auctor
3209 2046 3281 2101 ita
3313 2047 3489 2104 lucem
3513 2046 3542 2086 ι’

1947 2128 2124 2195 dixit,
2159 2139 2218 2185 ut
2248 2131 2507 2186 mundum
2560 2133 2733 2202 ipsum
2785 2134 2963 2190 infuso
3008 2139 3243 2207 aperiret
3298 2141 3544 2208 lumine,

1948 2231 2110 2294 atque
2154 2225 2275 2294 ejus
2302 2225 2541 2294 speciem
2588 2237 2922 2282 venustaret.
2975 2229 3332 2302 Resplenduit
3387 2235 3549 2306 igitur

1948 2315 2130 2372 subito
2157 2332 2269 2380 aer,
2303 2327 2358 2372 et
2389 2334 2450 2371 ex
2462 2327 2724 2388 paverunt
2765 2321 3006 2377 tenebrae
3030 2324 3156 2379 novi
3196 2327 3414 2382 luminis
3436 2329 3550 2384 cla—

1952 2411 2130 2466 ritate.
2179 2410 2460 2481 Repressit
2491 2427 2582 2466 eas
2609 2453 2621 2477 ,
2655 2421 2709 2467 et
2739 2414 2894 2484 quasi
2929 2416 2980 2468 in
3013 2417 3239 2488 abyssos
3289 2420 3554 2478 demersit

1951 2512 2178 2572 repente
2225 2518 2320 2572 per
2365 2503 2617 2560 universa
2671 2505 2856 2558 mundi
2904 2506 3080 2577 fulgor
3129 2507 3266 2565 lucis
3321 2511 3548 2569 infusus.

1953 2596 2184 2652 Pulchre
2214 2597 2394 2667 itaque
2431 2607 2482 2652 et
2514 2597 2734 2668 proprie
2756 2599 2893 2653 dixit
2926 2617 2938 2652 :
2964 2597 3132 2655 Facta
3158 2611 3233 2656 est
3265 2603 3372 2658 lux.
3406 2604 3560 2661 Sicut

1955 2692 2099 2746 enim
2131 2692 2242 2746 cito
2272 2692 2359 2746 lux
2387 2693 2589 2747 coelum
2617 2735 2632 2757 ,
2676 2699 2852 2748 terras
2878 2736 2892 2760 ,
2923 2697 3089 2749 maria
3146 2697 3453 2766 illuminat,
3500 2708 3558 2756 et

1956 2795 2235 2838 momento
2262 2774 2519 2856 temporis
2546 2787 2663 2840 sine
2686 2787 2795 2842 ulla
2817 2789 3310 2858 comprehensione
3334 2794 3557 2850 retectis

1956 2880 2230 2950 surgentis
2274 2879 2380 2935 diei
2412 2880 2704 2949 splendore
2735 2882 3048 2952 regionibus
3070 2925 3085 2950 ,
3121 2895 3309 2940 nostro
3353 2902 3411 2941 se
3448 2886 3558 2942 cir-

1959 2972 2264 3028 cumfundit
2289 2974 2530 3041 aspectui
2556 2991 2572 3039 ;
2606 2975 2678 3030 ita
2708 2987 2860 3030 ortus
2884 2975 3002 3045 ejus
3029 2980 3138 3032 cito
3159 2977 3348 3033 debuit
3379 2980 3557 3050 expli-

1962 3065 2095 3120 cari.
2130 3064 2270 3131 Quid
2305 3068 2565 3120 miramur
2591 3065 2636 3122 si
2676 3066 2818 3122 Deus
2854 3067 3067 3122 locutus
3112 3077 3197 3124 est
3245 3070 3421 3125 lucem
3447 3113 3462 3138 ,
3504 3081 3562 3127 et

1964 3157 2217 3228 caliganti
2251 3158 2452 3213 mundo
2501 3160 2684 3213 lumen
2717 3160 2978 3226 emicuit,
3011 3162 3230 3231 quando
3253 3165 3297 3218 si
3325 3165 3450 3235 quis
3476 3167 3560 3221 in-

250 3251 655 3310 multitudinem
703 3267 758 3312 et
807 3257 1135 3327 profundum
1187 3273 1451 3328 aquarum
1509 3257 1640 3321 dici,
1696 3255 1858 3311 lectio
1885 3269 1932 3333 ρ
1969 3260 2051 3308 ter
2075 3266 2244 3321 aquas
2269 3266 2514 3318 mersus,
2545 3251 2727 3308 oleum
2767 3267 2864 3309 ore
2894 3254 3172 3321 emiserit,
3202 3255 3432 3314 clariora
3481 3259 3562 3315 fa-

251 3341 537 3415 Evangclii
569 3349 727 3405 docet
755 3348 935 3422 (Lua,
962 3367 1081 3416 VIII,
1111 3351 1226 3422 51),
1260 3351 1348 3406 ubi
1371 3351 1632 3421 rogabant
1664 3350 1855 3406 Salva-

250 3442 426 3492 torem
451 3440 738 3504 daemonia,
766 3458 832 3498 ne
855 3442 1074 3512 juberet
1104 3443 1208 3498 illis
1235 3451 1295 3498 ut
1321 3444 1372 3498 in
1403 3443 1660 3516 abyssum
1690 3443 1854 3498 irent.

249 3529 477 3606 Sed'qui
523 3537 750 3594 docebat
796 3538 1104 3594 voluntates
1135 3537 1528 3593 daemoniorum
1579 3553 1687 3592 non
1732 3552 1855 3592 esse

251 3623 553 3697 faciendas,
587 3631 841 3701 praecepit
864 3630 971 3686 illis
999 3640 1055 3687 ut
1085 3631 1227 3687 irent
1255 3632 1306 3685 in
1330 3645 1547 3702 porcos.
1575 3630 1732 3686 Porci
1763 3645 1860 3684 au-

254 3731 365 3780 tem
393 3738 452 3779 se
485 3725 537 3782 in
578 3733 823 3797 stagnmn
854 3740 1118 3796 aquarum
1153 3724 1592 3795 prmcipitarunt,
1627 3735 1683 3779 ut
1709 3723 1857 3795 quod

252 3819 887 3888 recusabantdaemonia,
913 3835 1020 3876 non
1053 3819 1373 3885 evaderent,
1402 3819 1496 3874 sed
1519 3817 1686 3889 digno
1717 3833 1862 3887 prte-

254 3912 445 3982 eipitio
464 3914 929 3987 demergerentur.
963 3917 1091 3971 Erat
1118 3930 1247 3986 ergo
1283 3913 1402 3970 haec
1423 3913 1612 3970 mundi
1651 3915 1862 3970 incom-

259 4007 436 4078 posita
465 4009 676 4080 species
705 4019 760 4066 et
784 4009 981 4065 forma.

871 4145 1098 4204 CAPUT
1139 4145 1232 4201 IX.

266 4257 488 4316 Creatur
533 4261 625 4318 tua:
650 4278 668 4318 ς
691 4261 869 4317 eadem
910 4278 942 4316 α
985 4262 1204 4317 tenebris
1233 4261 1544 4316 discernitur
1583 4272 1734 4330 atque
1769 4279 1864 4333 ap—

330 4354 584 4420 probatur
606 4371 624 4408 :
655 4363 702 4408 et
745 4371 845 4424 qua
890 4370 1048 4408 causa
1077 4353 1169 4409 tua:
1195 4352 1306 4409 dies
1327 4395 1341 4420 ,
1371 4369 1432 4408 ac
1469 4354 1690 4408 tenebrw
1716 4369 1820 4409 nox
1843 4396 1863 4423 ,

332 4447 635 4519 appellatae.

331 4560 426 4615 53.
468 4561 537 4615 Et
571 4560 798 4633 Spiritus
821 4603 837 4628 ,
875 4561 1085 4628 inquit,
1117 4558 1216 4616 Dei
1237 4563 1668 4631 superferebatur
1707 4576 1868 4632 super

1963 3347 2074 3400 ciat
2117 3360 2180 3399 ea
2239 3359 2360 3415 qua:
2413 3343 2661 3414 profundi
2724 3345 3044 3415 tegebantur
3099 3349 3365 3404 occultis?
3420 3351 3564 3407 Dixit

1965 3440 2140 3504 Deus;
2175 3455 2282 3495 non
2325 3450 2382 3495 ut
2425 3455 2526 3510 per
2553 3440 2700 3496 vocis
2728 3455 2928 3511 organa
2957 3440 3175 3511 quidam
3225 3457 3389 3500 sonus
3438 3460 3557 3502 ser-

1964 3534 2140 3589 monis
2169 3533 2377 3599 exiret,
2409 3548 2509 3588 nec
2538 3541 2596 3588 ut
2626 3533 2821 3603 linguae
2847 3545 3028 3591 monts
3051 3536 3273 3593 coaleste
3303 3537 3565 3596 formaret

1964 3626 2298 3698 alloquium,
2354 3635 2515 3696 atque
2568 3641 2749 3682 aerem
2798 3627 2957 3683 istum
3009 3629 3228 3700 quidam
3272 3631 3564 3689 verborum

1967 3721 2224 3791 strepitus
2253 3720 2606 3777 verberaret:
2639 3720 2735 3778 sed
2763 3729 2819 3775 ut
2846 3723 3140 3779 voluntatis
3184 3741 3297 3780 suae
3323 3738 3343 3765 ε
3381 3729 3570 3799 cogni-

1970 3815 2170 3870 tionem
2204 3812 2457 3882 proderct
2487 3813 2824 3882 Operationis
2845 3813 3060 3870 eﬂectu.

2042 3909 2132 3964 54.
2179 3906 2244 3962 Et
2274 3907 2513 3963 discrevit
2559 3908 2695 3961 inter
2745 3906 2911 3960 lucem
2955 3918 3002 3962 et
3029 3911 3302 3976 tenebras;
3347 3921 3396 3966 et
3440 3913 3567 3968 vidit

1974 4001 2114 4057 Deus
2143 4001 2309 4055 lucem
2333 4001 2454 4072 quia
2480 3999 2613 4054 bona
2634 4009 2708 4052 est
2763 3997 2916 4069 (Gen.
2950 4014 2990 4067 I,
3018 4000 3099 4071 4).
3127 4001 3266 4057 Dixit
3296 4013 3353 4059 et
3377 4020 3570 4062 sonum

1974 4095 2124 4151 vocis
2163 4093 2344 4148 nullus
2370 4092 2578 4148 audivit
2611 4109 2624 4145 :
2651 4091 2948 4158 discrevit,
2979 4103 3030 4150 et
3059 4097 3391 4165 Operationis
3419 4100 3578 4155 moli-

1978 4189 2122 4244 mina
2153 4203 2313 4243 nemo
2341 4185 2702 4256 deprehendit
2733 4203 2746 4240 :
2782 4186 2914 4242 vidit
2959 4199 3013 4243 et
3037 4190 3316 4247 oculorum
3347 4195 3466 4264 ejus
3489 4195 3570 4251 in-

1977 4283 2278 4340 tentionem
2309 4280 2490 4336 nullus
2517 4281 2749 4351 aspexit.
2783 4279 2852 4334 Et
2883 4281 3012 4336 vidit
3035 4325 3050 4349 ,
3082 4283 3295 4357 inquit,
3328 4285 3465 4342 Deus
3491 4290 3574 4344 lu-

1979 4394 2085 4432 cem
2111 4377 2234 4448 quia
2253 4377 2386 4431 bona
2411 4385 2506 4431 est.
2529 4375 2641 4431 Nec
2667 4374 2808 4446 quod
2839 4375 3154 4446 ignorabat,
3187 4379 3319 4435 vidit
3344 4399 3358 4447 ;
3390 4398 3490 4438 nec
3519 4384 3575 4440 id

1976 4472 2122 4544 quod
2152 4471 2427 4528 nesciebat
2454 4481 2604 4536 ante,
2634 4478 2727 4525 aut
2751 4485 2859 4525 non
2893 4469 3122 4539 viderat,
3146 4476 3520 4546 comprobavit
3554 4496 3568 4533 :

1977 4566 2075 4622 sed
2105 4565 2369 4621 bonorum
2396 4578 2618 4633 operum
2654 4561 2927 4632 proprium
2956 4571 3061 4630 est,
3095 4572 3154 4619 ut
3172 4575 3399 4622 externo
3422 4584 3573 4624 com-

263 4671 448 4726 aquas,
480 4666 528 4712 et
571 4656 702 4710 dixit
751 4655 890 4712 Deus
913 4671 932 4710 :
966 4654 1086 4710 Fiat
1117 4657 1212 4712 lux
1253 4654 1434 4725 (Gem,
1476 4671 1515 4722 I,
1554 4654 1636 4725 ὅ).
1667 4653 1872 4710 Merito
1900 4674 1956 4736 D
1980 4658 2302 4715 meudatore
2330 4661 2435 4714 non
2472 4665 2667 4727 egeant
2693 4697 2708 4719 ,
2737 4655 2831 4711 sed
2859 4657 3088 4727 gratiam
3117 4673 3268 4715 suam
3297 4703 3312 4729 ,
3341 4677 3465 4718 cum
3493 4663 3577 4718 vi-

267 4751 584 4818 przemissus
612 4758 699 4806 est
727 4751 960 4820 Spiritus
993 4749 1086 4804 Dei
1110 4790 1126 4815 ,
1161 4749 1250 4805 ubi
1279 4749 1461 4804 divina
1489 4748 1730 4818 incipere
1778 4749 1874 4804 har

262 4842 718 4915 bebatoperatio.
755 4842 896 4910 Fiat,
931 4844 1143 4914 inquit,
1176 4843 1290 4898 lux.
1340 4841 1494 4899 Unde
1524 4857 1626 4898 vox
1677 4841 1772 4896 Dei
1813 4841 1874 4897 in

265 4935 554 5008 Scriptura
600 4935 778 4991 divina
821 4935 1012 4992 debuit
1054 4934 1350 5000 inchoare,
1382 4935 1489 4992 nisi
1533 4949 1561 4989 a
1613 4933 1875 4988 lumine?

266 5027 409 5085 unde
433 5028 626 5085 mundi
653 5037 894 5091 ornatus,
940 5026 1043 5082 nisi
1070 5042 1097 5080 a
1131 5026 1252 5083 luce
1292 5025 1576 5081 exordium
1606 5039 1824 5080 sumere
1844 5025 1874 5078 ?

267 5119 491 5178 Frustra
522 5121 666 5176 enim
697 5128 879 5183 esset,
909 5119 953 5174 si
986 5133 1091 5174 non
1124 5118 1423 5173 videretur.
1467 5117 1599 5172 Erat
1643 5115 1865 5186 quidem

272 5206 417 5268 Deus
456 5215 577 5284 ipse
607 5211 660 5266 in
689 5212 892 5267 lumine
913 5253 926 5277 ,
959 5212 1082 5281 quia
1124 5210 1298 5265 lucem
1331 5209 1538 5264 habitat
1573 5209 1879 5263 inaccessi--

271 5303 462 5376 bilem,
490 5315 550 5364 et
577 5316 689 5362 erat
718 5307 899 5361 lumen
923 5321 1150 5372 verum,
1177 5304 1316 5376 quod
1345 5305 1619 5359 illuminat
1649 5319 1874 5360 omnem.

347 5444 374 5472 ⁸
396 5435 576 5494 Scena
602 5435 752 5492 locus
774 5443 856 5492 est
878 5433 1042 5490 ramis
1069 5433 1322 5489 arborum
1356 5441 1550 5489 tectus.
1582 5434 1748 5489 Maro.
1784 5432 1821 5487 l.
1853 5448 1872 5488 I

446 5528 458 5540 ·
484 5524 514 5549 ο

278 5504 407 5639 TE".
446 5551 460 5564 θ
978 5614 988 5624 .
1010 5613 1050 5626 ..
1072 5615 1081 5626 .
1107 5582 1208 5626 tum
1223 5576 1370 5639 sylvis
1387 5589 1540 5626 scena
1563 5577 1780 5626 coruscis

281 5637 538 5705 Desuper,
563 5640 885 5701 horrentique
911 5645 1069 5688 atrum
1091 5637 1264 5690 nemus
1287 5641 1510 5688 imminet
1535 5640 1722 5688 umbra.

350 5722 380 5762 δ
414 5726 540 5781 Mss.
567 5723 724 5779 Cum.
755 5733 808 5776 et
837 5720 991 5776 Gem.
1023 5735 1116 5788 per
1144 5737 1311 5784 corr.,
1360 5722 1514 5775 dixit.
1572 5722 1662 5776 Sic
1708 5719 1878 5775 etiam

289 5796 423 5852 infra
446 5811 554 5853 non
585 5794 776 5851 semel.
801 5791 906 5846 Alii
935 5801 1113 5846 tamen
1143 5800 1198 5846 et
1218 5793 1374 5859 edit.,
1398 5793 1601 5846 dilexit.

366 5878 387 5906 ε
420 5869 512 5926 Sie
539 5867 675 5924 edit.
702 5872 808 5922 vet.
839 5872 897 5920 et
925 5877 1058 5919 mss.
1089 5862 1270 5931 plures
1314 5863 1682 5934 potioresque.
1729 5863 1883 5928 Qua-

1987 4751 2222 4816 dentur,
2279 4751 2396 4820 ipsa
2461 4756 2750 4805 testentur.
2807 4748 2938 4804 Plus
2987 4761 3072 4805 est
3124 4753 3265 4822 quod
3314 4756 3574 4825 probatur

1984 4855 2204 4916 aspectu
2217 4858 2393 4914 .quam
2411 4841 2553 4912 quod
2567 4856 2819 4897 sermone
2832 4841 3103 4897 laudatur.
3120 4843 3230 4899 Suo
3245 4848 3389 4902 enim
3411 4852 3581 4908 utitur

1986 4937 2319 5001 testimonio,
2350 4949 2458 4990 non
2486 4933 2667 4990 alieno
2705 4933 2984 5004 snﬁ‘ragio.
3016 4934 3172 5003 Quod
3215 4937 3262 4994 si
3306 4941 3447 5010 apud
3477 4958 3578 4999 nos

1985 5029 2161 5087 oculis
2184 5027 2444 5098 judicium
2476 5027 2758 5093 emittitur,
2790 5028 2985 5096 quibus
3011 5029 3169 5083 simul
3199 5039 3256 5085 et
3282 5035 3454 5102 gratia
3486 5052 3579 5092 ve-

1991 5119 2242 5187 nustatis,
2277 5128 2332 5176 et
2353 5133 2533 5174 rerum
2559 5132 2813 5173 mensura
2837 5119 3316 5190 comprehenditur
3340 5141 3353 5177 :
3376 5135 3580 5192 quanto

1989 5216 2161 5286 magis
2192 5214 2333 5269 Deus
2361 5212 2543 5266 omnia
2575 5226 2693 5281 qua)
2716 5211 2928 5280 probat,
2957 5211 3132 5277 videt,
3165 5222 3219 5267 et
3241 5229 3362 5283 qum
3391 5217 3578 5288 videt,

1973 5309 2220 5380 ‘probat,
2272 5304 2568 5360 secundum
2603 5303 2747 5374 quod
2801 5303 3060 5373 scriptum
3101 5314 3218 5367 est,
3263 5308 3384 5374 quia
3437 5308 3590 5368 Oculi

2001 5446 2144 5498 tuor,
2180 5433 2536 5506 cogitationem
2572 5427 2783 5506 ;_Ilom.
2833 5425 2984 5506 edit,
3041 5426 3444 5506 dispositionem.
3479 5438 3587 5495 Sed

1999 5496 2340 5579 cognmoﬁem
2386 5499 2720 5579 retinendam
2779 5496 3026 5579 equidem
3077 5496 3311 5552 arbitror
3338 5543 3362 5579 ,_
3397 5517 3450 5560 et
3498 5510 3586 5564 hic

1998 5565 2144 5633 idém
2175 5591 2297 5629 esse
2317 5588 2380 5646 ac
2411 5568 2730 5646 sententiam
2753 5575 2805 5616 et
2824 5565 3106 5644 judicium,
3135 5565 3585 5646 quemadmodum

1999 5649 2251 5720 cognitot'
2274 5642 2436 5711 iudex
2465 5647 2547 5720 es!
2569 5677 2585 5700 ι
2610 5634 3331 5720 9t,casasws-Jadimat:
3383 5645 3582 5704 “idem

1999 5701 2119 5774 I'n's‘g
2142 5701 2372 5785 διίψῖοιι
2399 5710 2630 5779 proderet
2663 5702 2936 5785 uoluntatis
2978 5701 3192 5785 effectus
3218 5721 3239 5768 ;
3262 5701 3582 5785 aliquot....v.

1997 5770 2258 5858 ξῇεὶιᾶικῖ
2273 5770 2377 5838 Alii
2395 5770 2592 5847 magno
2609 5784 2838 5827 numero
2849 5778 2908 5823 et
2925 5770 3058 5825 edit.
3088 5770 3366 5835 omnes...'
3385 5770 3588 5848 e/fectu.
