4102 6360
604 305 711 364 145
1934 304 2177 366 SANCTI
2217 304 2540 369 AMBROSU
3859 314 3935 370 ill

604 427 821 482 Domini
868 440 1020 497 super
1040 427 1212 498 justas
1255 422 1375 496 (Ps.
1408 435 1575 480 xxxtu
1598 461 1615 489 ,
1647 420 1778 495 l6)?
1806 421 1967 480 Lucis
1997 433 2188 480 natura
2219 426 2269 487 Α
2297 425 2603 493 traduntur,
2634 426 2742 480 vim
2761 423 3014 480 statuisse
3038 423 3241 497 legisin
3259 425 3934 499 posterumPrincipium

603 519 912 592 hujusmodi
941 529 1059 586 est,
1086 528 1277 574 utnon
1309 519 1360 573 iu
1389 533 1635 583 numero,
1670 532 1774 573 non
1802 516 1855 571 in
1892 534 2141 573 mensura
2173 559 2189 584 ,
2298 534 2428 588 ergo
2450 519 2577 581 diei,
2608 533 2709 573 vox
2740 517 2832 572 Dei
2856 526 2973 574 est:
3027 520 3116 585 ﬁat
3153 521 3283 584 lux;
3322 530 3384 574 et
3428 523 3597 592 facta
3629 531 3707 575 est
3741 522 3841 574 lux.
3872 521 3937 575 Fi-

605 629 712 669 non
747 614 798 668 in
825 613 1064 684 pondere
1085 653 1099 677 ,
1145 623 1201 667 ut
1237 612 1340 667 alia
1371 654 1385 677 ,
1414 611 1507 668 sed
1533 612 1713 668 omnis
1741 612 1858 682 ejus
1887 612 1938 666 iu
1972 620 2194 682 aspectu
2299 612 2382 665 uis
2401 610 2508 666 diei
2541 626 2734 681 vesper
2762 619 2862 667 est.
2898 611 3015 666 Jam
3045 627 3278 682 sequens
3333 613 3482 669 dies
3514 630 3593 670 ex
3625 615 3808 669 noctis
3857 613 3937 668 ﬁne

603 706 776 779 gratia
808 707 898 761 sit.
929 705 1169 774 Pr0priis
1195 706 1376 776 itaque
1407 705 1752 761 sermonibus
1781 714 2029 760 naturam
2060 705 2194 778 lucis
2297 704 2560 760 succedit.
2597 705 2872 761 Sententia
2924 715 3102 760 autem
3137 705 3232 761 Dei
3262 707 3534 764 evidens
3567 750 3584 774 ,
3645 710 3776 778 quia
3820 709 3932 763 diem

601 799 899 869 expressit,
932 814 1052 867 qua:
1102 797 1336 854 videndo
1385 799 1728 869 complacet,
1771 799 2026 868 quoniam
2079 799 2193 869 ipsa
2300 800 2474 866 primo
2500 797 2710 853 vocavit
2737 796 2946 863 lucem,
3004 808 3058 853 et
3087 798 3332 854 secundo
3401 804 3658 855 vocavit
3716 801 3936 856 tenebras

597 891 816 948 videndi
865 890 1100 947 ofﬁcium
1154 891 1553 948 subministrat.
1601 889 1712 946 Nec
1757 894 2028 948 immerito
2078 902 2196 947 tan-
2298 899 2533 946 noctem.

597 995 709 1042 tum
737 985 836 1040 sibi
870 984 1279 1063 praedicatorem
1323 986 1496 1054 potuit.
1537 985 1780 1040 invenire
1801 1026 1816 1051 ,
1847 1001 1876 1040 a
1927 1002 2034 1056 qtto
2074 985 2196 1057 jure
2370 983 2458 1039 37.
2502 983 2771 1041 Prmclare
2799 984 2960 1041 etiam
2985 1002 3148 1041 unum
3178 1002 3283 1042 non
3303 986 3589 1058 primum
3617 991 3770 1046 diem
3794 989 3933 1054 dixit;

595 1082 766 1151 prima
796 1079 1078 1144 laudatur;
1111 1078 1366 1147 quoniam
1397 1078 1510 1149 ipsa
1544 1077 1692 1146 lecit,
1723 1086 1781 1133 ut
1807 1080 1970 1133 etiam
1999 1089 2193 1135 cmtera
2299 1091 2421 1130 nam
2452 1086 2705 1132 secuturo
2745 1080 2985 1136 secundo
3009 1123 3024 1149 ,
3057 1091 3111 1138 et
3157 1083 3314 1138 tertio
3369 1083 3482 1140 die
3514 1127 3532 1146 .
3595 1096 3656 1140 et
3703 1085 3934 1154 deinceps

592 1173 783 1230 mundi
815 1173 1052 1230 membra
1086 1173 1248 1243 digna
1279 1171 1389 1225 sint
1418 1170 1688 1227 laudibus.
1722 1171 1867 1226 Vidit
1891 1187 2021 1244 ergo
2053 1173 2197 1228 Deus
2297 1170 2519 1240 reliquis
2557 1171 2787 1242 primurn
2818 1175 2994 1244 potuit
3037 1175 3257 1231 dicere:
3291 1186 3348 1230 et
3389 1177 3520 1232 hoc
3553 1178 3782 1233 ordinis
3810 1178 3931 1232 vide-

591 1266 769 1323 lucem
796 1307 812 1331 ,
843 1275 898 1320 et
943 1264 1095 1318 vultu
1126 1279 1226 1318 suo
1255 1263 1580 1318 illuminavit
1602 1306 1616 1327 ,
1647 1271 1703 1319 et
1741 1263 1877 1318 vidit
1900 1267 2021 1335 quia
2055 1265 2193 1321 bona
2298 1262 2476 1328 batur,
2510 1265 2602 1320 sed
2631 1267 2800 1337 legem
2825 1270 3031 1334 statuit,
3054 1279 3111 1324 ttt
3137 1270 3321 1340 viginti
3340 1274 3478 1344 22
3510 1285 3765 1344 quatuor
3811 1273 3931 1327 hora:

591 1371 694 1416 est.
739 1357 856 1412 Non
887 1372 955 1411 ex
989 1365 1140 1425 parte
1193 1355 1318 1421 Dei,
1351 1355 1447 1410 sed
1493 1355 1748 1427 generale
1785 1355 2045 1426 judicium
2087 1367 2191 1412 est.
2297 1355 2508 1412 diurnze
2528 1368 2688 1430 atque
2711 1370 2989 1416 nocturna:
3019 1362 3127 1418 diei
3149 1373 3355 1418 tantum
3399 1368 3664 1422 nomine
3687 1366 3929 1421 deﬁnian-

591 1451 780 1520 ltaque
813 1463 920 1503 non
954 1448 1007 1502 in
1035 1448 1325 1517 splendore
1355 1451 1728 1504 tantummodo
1754 1493 1769 1517 ,
1813 1449 1910 1506 sed
1955 1451 2008 1505 in
2045 1450 2194 1505 omni
2299 1460 2386 1506 tur
2411 1494 2424 1516 ,
2459 1461 2515 1506 ut
2537 1453 2580 1508 si
2605 1453 2848 1510 diceret:
2884 1455 3082 1528 Viginti
3112 1468 3343 1527 quatuor
3407 1457 3709 1516 horarum
3744 1475 3929 1514 mensu-

589 1546 826 1602 utilitate
856 1543 1023 1613 gratia
1055 1542 1194 1598 lucis
1237 1543 1512 1612 probatur.
1547 1542 1705 1600 Unde
1746 1553 1800 1600 et
1841 1543 2103 1600 discretio
2133 1543 2194 1598 ﬁt
2298 1562 2355 1602 ra
2385 1547 2541 1603 ttuius
2567 1548 2674 1604 diei
2696 1559 2908 1622 tempus
2931 1562 3032 1607 est.
3062 1551 3212 1608 Sicut
3242 1554 3394 1608 enim
3430 1554 3708 1609 virorum
3731 1569 3928 1626 genera-

588 1637 732 1691 inter
778 1637 952 1691 lucem
983 1644 1038 1690 et
1081 1635 1370 1702 tenebras;
1402 1645 1514 1691 λιιι
1539 1647 1789 1708 separata
1815 1635 1951 1693 lucis
2002 1645 2193 1692 natura
2299 1640 2373 1694 tio
2419 1650 2784 1711 computatur,
2841 1650 2897 1698 et
2953 1643 3272 1712 intelligitur
3321 1645 3512 1700 etiam
3575 1645 3918 1707 feminarum,

592 1736 758 1798 atque
793 1726 1158 1793 tenebrarum,
1177 1728 1566 1786 nihilvideatur
1585 1730 1726 1784 intra
1751 1745 1810 1785 se
1836 1729 2042 1786 habere
2061 1744 2195 1786 con—
2298 1734 2418 1802 quia
2437 1733 2766 1790 nectunturb
2789 1736 3022 1792 secunda
3052 1739 3373 1806 potioribus;
3403 1739 3491 1794 ita
3518 1741 3701 1796 etiam
3719 1739 3833 1792 dies
3850 1753 3923 1790 nu-

590 1819 795 1876 l'usum.
2216 1821 2266 1881 B
2295 1837 2604 1894 merautttr,
2640 1839 2694 1886 et
2720 1841 2906 1887 noctes
2936 1833 3272 1888 aestimantur
3302 1834 3637 1904 adiunctae.
3673 1835 3822 1890 Sicut
3847 1831 3918 1901 igi-

663 1914 754 1969 55.
792 1913 858 1968 Et
884 1915 1078 1968 vocavit
1108 1914 1250 1970 Deus
1280 1916 1446 1970 lucem
1474 1916 1630 1984 diem,
1651 1927 1700 1972 et
1729 1917 1963 1972 tenebras
1985 1927 2189 1971 noctem
2297 1931 2385 1977 tur
2411 1923 2669 1978 circuitus
2695 1940 2860 1990 unus,
2882 1924 2949 1980 ita
2977 1926 3093 1981 dies
3116 1941 3272 1981 unus.
3304 1926 3451 1982 Nam
3495 1929 3767 1999 plerique
3780 1928 3913 1982 etiam

591 2009 786 2064 vocavit
837 2006 991 2080 (Gen.
1028 2024 1067 2074 ι,
1101 2006 1188 2078 5);
1217 2014 1275 2063 ut
1299 2020 1353 2064 et
1377 2009 1597 2064 nomine
1631 2010 1748 2080 ipso
1773 2009 1918 2064 diem
1949 2017 2190 2064 noctem-
2296 2013 2688 2072 hebdomadam
2741 2035 2899 2073 uuam
2931 2036 3094 2074 unum
3135 2020 3278 2076 diem
3306 2021 3563 2088 dicunt;
3618 2022 3769 2094 quod
3798 2023 3843 2075 in
3871 2032 3913 2072 se

588 2116 696 2174 que
715 2100 1091 2171 distingueret.
1120 2099 1465 2157 Advenimus
1492 2103 1672 2172 itaque
1699 2101 1843 2172 quod
1877 2101 2013 2156 lucis
2036 2110 2188 2156 ortus
2295 2111 2444 2180 quasi
2475 2112 2527 2164 in
2575 2127 2739 2167 unum
2771 2113 2959 2170 redeas
3001 2114 3143 2169 diem
3168 2155 3182 2180 ,
3215 2125 3270 2170 ει
3313 2118 3485 2186 quasi
3520 2117 3748 2188 seplies
3799 2114 3844 2167 in
3870 2125 3912 2165 se

588 2205 876 2267 antequam
903 2195 984 2252 sol
1023 2195 1187 2261 diem,
1215 2195 1464 2252 videatur
1505 2197 1752 2266 aperire;
1788 2199 1892 2268 21
1923 2195 2186 2265 priﬂCipia
2295 2215 2558 2260 recurrat.
2596 2206 2690 2261 Est
2717 2216 2898 2264 autem
2948 2208 3209 2264 circuitus
3240 2209 3410 2281 ﬁgura
3449 2212 3583 2267 haec
3627 2227 3658 2265 a
3693 2225 3755 2266 se
3796 2206 3903 2263 inci-

588 2287 732 2343 enim
756 2287 864 2343 diei
911 2288 1088 2344 noctis
1111 2289 1315 2344 exitum
1340 2288 1631 2354 claudunt,
1669 2289 1897 2358 linisque
1929 2288 2188 2356 temporis
2295 2309 2528 2369 pel-3,9,1
2557 2301 2610 2354 in
2639 2316 2698 2357 se
2729 2303 2949 2358 reveni.
2979 2303 3134 2360 unde
3161 2314 3216 2359 οι
3245 2307 3522 2361 smmum
3564 2320 3739 2360 unum
3767 2304 3906 2358 ίηιρτ,

584 2391 640 2437 et
655 2391 826 2436 status
853 2382 1008 2436 limes
1034 2382 1176 2437 nocti
1199 2390 1254 2437 et
1274 2381 1384 2438 diei
1406 2382 1652 2437 videatur
1671 2396 1792 2436 esse
1814 2380 2180 2450 praescriptus.
2293 2389 2421 2446 dum
2454 2391 2727 2462 δοτίριυη,
2756 2393 2907 2449 (ᾕρει,
2937 2394 3070 2450 Nam
3115 2397 3216 2452 ειεί
3245 2397 3368 2453 ³ιίίε
3397 2399 3552 2454 locis
3603 2398 3803 2454 “cui;
3830 2407 3899 2462 ap.

582 2474 738 2530 Diem
761 2475 840 2529 θοι
865 2475 1128 2530 ειθΐίίῖθθι
1151 2516 1166 2543 s
1192 2476 1280 2531 Ῑωί
1307 2475 1455 2530 Ῑλοίῑ·
1501 2475 1836 2545 Frequenter
1858 2474 2054 2530 εωίυῐη
2082 2489 2186 2528 “u'
2295 2486 2461 2554 pellat
2489 2529 2502 2550 ,
2537 2487 2748 2543 videtur
2791 2490 2960 2562 magis
2998 2490 3347 2548 diversitates
3380 2504 3647 2549 statuunt
3687 2489 3901 2563 publico-

582 2565 745 2622 bibus
781 2569 1018 2634 texitur,
1059 2577 1120 2623 ut
1157 2568 1235 2624 sol
1275 2577 1511 2640 tegatur,
1558 2583 1660 2624 nec
1691 2568 1831 2623 ullus
1858 2567 2039 2622 radius
2069 2565 2189 2636 ejus
2293 2595 2411 2635 rum
2441 2582 2525 2636 vel
2566 2584 2907 2651 negotiorum
2955 2585 3258 2654 signiﬁcare
3285 2628 3300 2652 ,
3356 2603 3537 2658 quam
3591 2586 3890 2643 saeculorum

582 2671 872 2734 appareat;
915 2661 1006 2718 ίυκ
1037 2670 1214 2719 tamen
1237 2663 1380 2719 diem
1408 2662 1774 2728 ἀειηθηδίτδίν
1805 2660 2060 2718 “mehr”
2088 2659 2184 2717 ab‘
2237 2702 2250 2710 -
2293 2677 2668 2733 successiones
2696 2679 2904 2750 aliquas
2934 2679 3161 2736 delinire
3190 2699 3202 2734 :
3234 2680 3368 2748 Quia
3398 2683 3523 2739 dies
3558 2680 3777 2738 Domini
3810 2693 3894 2731 nta-

581 2757 816 2814 scoudit.
2292 2788 2421 2843 gnus
2445 2780 2494 2826 et
2519 2771 2800 2840 prwclarus
2831 2772 2993 2844 (Joel.
3025 2789 3080 2840 tt,
3110 2775 3166 2829 Η
3183 2776 3223 2845 ).
3250 2776 3317 2830 Et
3345 2775 3508 2842 alibi,
3535 2777 3614 2834 Ut
3630 2776 3760 2848 quid
3778 2771 3888 2827 vobis

1207 2872 1438 2930 CAPUT
1478 2872 1547 2929 X.
2290 2881 2521 2934 qurerere
2547 2866 2681 2921 diem
2711 2865 2922 2922 Domini
2948 2869 3044 2939 (An

2290 2881 2521 2934 qurerere
2547 2866 2681 2921 diem
2711 2865 2922 2922 Domini
2948 2869 3124 2939 (Amo.
3150 2885 3204 2936 v,
3234 2868 3364 2940 16)?
3390 2869 3464 2926 Et
3486 2873 3583 2927 hic
3603 2869 3834 2926 tenebrae
3849 2870 3890 2917 et

581 2969 736 3026 Diem
782 2970 917 3025 nocti
947 2977 1124 3026 contra
1161 2980 1315 3040 quam
1345 2970 1608 3025 nonnullis
1641 2969 1901 3036 videatur,
1934 2968 2016 3023 hic
2041 2977 2186 3022 ante—
2291 2973 2398 3013 ιιοη
2422 2960 2535 3014 lux.
2571 2959 2913 3016 Manifestum
2943 2963 3187 3018 cstenim
3233 2962 3376 3035 quod
3416 2967 3573 3021 male
3596 2961 3820 3021 consciis
3844 2964 3884 3010 ct

651 3064 794 3137 poni.
828 3061 933 3120 Cur
962 3063 1070 3118 dies
1112 3079 1245 3118 unus
1275 3065 1446 3135 potius
1467 3064 1670 3119 dicatur
1693 3079 1849 3134 quam
1869 3063 2104 3136 primus;
2122 3077 2184 3116 ac
2291 3051 2525 3122 indignis
2574 3052 2690 3107 dies
2721 3053 2815 3108 ille
2834 3054 3158 3110 tenebrosus
3182 3055 3288 3123 sit,
3316 3072 3424 3126 quo
3459 3056 3708 3129 fulgebit
3750 3054 3879 3108 inno-

589 3137 902 3213 “mamu‘no
931 3158 1035 3228 ﬁne
1065 3158 1420 3213 concludam»,
1882 3173 1883 3176 η
2232 3225 2255 3228 ξ
2291 3147 2489 3211 centia,
2520 3155 2576 3202 et
2621 3162 2776 3202 mens
2827 3149 2990 3203 noxia
3029 3149 3378 3204 cruciahitur.
3432 3150 3722 3206 Caeterum
3764 3140 3880 3216 quod

649 3253 740 3308 '56.
785 3250 854 3306 Et
886 3225 1080 3323 factum
1109 3262 1184 3307 est
1203 3268 1411 3323 vespere
1436 3294 1451 3319 ,
1485 3261 1530 3306 et
1560 3256 1752 3324 factum
1781 3261 1856 3307 εει
1894 3269 2043 3307 mane
2073 3251 2181 3306 dies
2213 3225 2259 3290 C
2291 3238 2408 3294 sine
2440 3239 2854 3310 interpolatioue
2891 3243 3152 3309 noctium,
3185 3255 3242 3299 et
3265 3245 3631 3300 successione
3664 3241 3878 3298 tenebra-

571 3361 705 3399 unus
733 3343 885 3416 (Gen.
914 3361 950 3410 ι,
974 3343 1053 3415 5).
1087 3346 1349 3412 Quaerunt
1375 3343 1560 3415 aliqui,
1583 3361 1679 3400 cur
1699 3346 1847 3417 prius
1869 3360 2178 3413 vesperum,
2286 3350 2406 3389 rum
2429 3333 2544 3390 dies
2566 3346 2860 3406 perpetuus
2889 3336 2977 3393 ille
3010 3339 3469 3395 remunerationis
3501 3349 3730 3395 aeternae
3756 3332 3873 3388 lutu-

572 3447 759 3509 postea
792 3452 950 3491 mane
997 3437 1272 3507 Scriptura
1326 3440 1745 3507 memoraverit,
1777 3455 1845 3494 ne
1890 3437 2028 3494 forte
2055 3453 2183 3494 noc-
2284 3444 2377 3484 ηις
2400 3427 2491 3490 Sil.
2527 3429 2800 3499 δοῐίβιυτὲ
2831 3444 2928 3484 "05
2958 3430 3116 3487 ἀοοθι
3147 3430 3296 3503 (Εεαο
3331 3448 3419 3497 LX.
3462 3431 3588 3502 19-)

572 3541 680 3588 tem
716 3533 1028 3602 priusquam
1049 3530 1194 3585 diem
1215 3530 1526 3602 signiﬁcare
1546 3531 1814 3587 videatur.
1844 3531 1952 3587 Nec
1981 3531 2180 3586 adver-
2357 3523 2448 3577 58·
2488 3520 2718 3576 Ρυιϐιπο
2763 3531 2942 3578 NII-em
2969 3523 3044 3578 νῖ(

2357 3523 2448 3577 58.
2488 3520 2718 3576 Pulchre
2763 3531 2942 3578 autem
2969 3523 3143 3578 vicem
3175 3535 3459 3593 utramque
3517 3539 3691 3580 unum
3721 3519 3870 3575 dicm-

572 3634 692 3680 tunt
721 3625 896 3694 primo
926 3623 1067 3695 quod
1104 3623 1425 3693 prmmiserit
1444 3624 1611 3687 diem,
1636 3624 1866 3680 dicendo
1895 3643 1907 3678 :
1939 3623 2007 3678 Et
2028 3641 2181 3680 ooca—
2281 3631 2378 3672 rus
2399 3615 2538 3670 diem
2563 3657 2578 3682 ,
2606 3616 2870 3671 matutino
2898 3632 3020 3673 cum
3052 3615 3158 3672 ﬁne
3187 3618 3457 3674 conclusit
3485 3659 3502 3687 ,
3539 3629 3601 3672 ut
3626 3625 3681 3673 et
3723 3629 3750 3666 ει
3773 3611 3869 3664 luce

573 3719 642 3772 uit
672 3715 813 3773 Dens
835 3717 997 3771 lucem
1025 3717 1192 3784 diem,
1222 3727 1268 3770 et
1287 3715 1518 3770 tenebras
1539 3717 1735 3770 vocavit
1763 3726 1962 3771 noctem
1980 3733 1999 3772 :
2025 3718 2178 3773 dein-
2281 3709 2537 3764 inchoare
2563 3707 2706 3764 diem
2729 3708 2949 3766 doceret
2974 3750 2990 3776 ,
3019 3725 3044 3765 e

2281 3709 2537 3764 inchoare
2563 3707 2706 3764 diem
2729 3708 2990 3776 doceret,
3019 3718 3074 3765 et
3119 3708 3173 3764 in
3207 3710 3380 3767 lucem
3427 3711 3712 3768 desinere.
3771 3700 3865 3757 Non

571 3810 640 3867 de
671 3811 815 3884 quod
845 3825 1039 3883 vesner
1069 3811 1192 3866 ﬁnis
1220 3810 1326 3866 diei
1381 3811 1471 3879 sit,
1513 3821 1567 3867 et
1616 3827 1772 3868 mane
1805 3813 1925 3868 ﬁnis
1980 3813 2176 3868 noctis.
2282 3805 2424 3861 enim
2473 3813 2557 3860 est
2588 3805 2851 3873 integrum
2882 3803 2990 3860 diei
3015 3815 3226 3874 tempus
3246 3849 3260 3873 ,
3289 3807 3389 3860 nisi
3418 3816 3475 3863 et
3523 3805 3704 3862 noctis
3730 3791 3864 3855 lucrii

568 3904 713 3978 Ergo
736 3917 790 3960 ut
819 3905 1231 3977 prterogativam
1257 3913 1312 3961 et
1334 3905 1598 3975 primatus
1630 3905 1922 3962 nativitatis
1947 3905 2057 3962 diei
2083 3906 2179 3961 da-
2282 3897 2576 3968 expletum.
2605 3897 2762 3954 Unde
2796 3906 2852 3952 et
2896 3911 2995 3952 nos
3017 3912 3235 3967 semper
3254 3899 3404 3968 quasi
3452 3901 3508 3956 in
3548 3899 3642 3954 die
3667 3895 3863 3950 honeste

569 4010 690 4062 ret,
724 4001 874 4070 prius
904 3999 1065 4056 ﬁnem
1097 3999 1204 4056 diei
1235 4000 1584 4071 signiﬁcavit,
1614 4008 1892 4070 postquam
1919 4009 2170 4057 secutura
2279 3989 2657 4057 ambulemUS,
2693 3999 2747 4044 et
2793 3989 3110 4060 abjiciamus
3154 4006 3318 4060 opera
3350 3993 3727 4048 tenebrarum.
3768 3979 3858 4082 Νίξο

569 4107 676 4146 nox
706 4100 880 4158 essm,
912 4092 1109 4148 deinde
1151 4101 1338 4162 postea
1368 4093 1527 4148 linem
1561 4093 1737 4149 noctis
1779 4095 2043 4166 adjunxit.
2095 4095 2175 4152 Eo
2279 4091 2421 4139 οιθιη
2451 4088 2592 4138 θηίηι
2615 4081 2680 4137 ad
2710 4084 2947 4154 quietem
2971 4099 3044 4139 001

2279 4091 2421 4139 ctem
2451 4088 2592 4138 enim
2615 4081 2680 4137 ad
2710 4084 2947 4154 quietem
2971 4084 3217 4153 corporis
3246 4084 3424 4140 datam
3453 4101 3582 4143 esse
3604 4088 3856 4154 CognosCt-

569 4198 742 4252 usque
772 4193 951 4238 autem
985 4194 1197 4240 noctem
1246 4185 1375 4240 diei'
1401 4185 1681 4256 Scriptura
1735 4188 2008 4243 anteferre
2063 4202 2171 4243 non
2279 4194 2399 4234 mus
2425 4220 2439 4243 ,
2471 4193 2578 4233 non
2611 4177 2678 4232 ad
2699 4177 2942 4233 muneris
2967 4177 3193 4248 alicujus
3215 4179 3300 4234 vel
3323 4179 3506 4247 Operis
3529 4175 3852 4234 iunctionem.

567 4275 746 4344 potuit
771 4317 786 4342 ,
817 4284 948 4330 utet
973 4275 1077 4331 diei
1109 4284 1163 4331 et
1184 4279 1356 4330 noctis
1377 4285 1647 4347 tempora,
1670 4278 1776 4334 diei
1804 4281 2171 4349 appellatione
2279 4287 2400 4342 qum
2426 4285 2618 4326 Somno
2644 4278 2700 4326 ει
2727 4270 3000 4326 οὺιὶνίοηε
3026 4272 3434 4328 transmittitur.
3470 4272 3592 4327 Νοη
3631 4269 3702 4325 εῖι
3728 4256 3855 4318 ¹¹⁰¹¹ί⁵

567 4369 919 4434 concluserit,
951 4379 1223 4440 tamquam
1273 4368 1588 4440 principalis
1634 4371 1956 4426 auctoritate
1988 4371 2169 4426 nomi—
2279 4365 2680 4433 commessatio,
2711 4365 2970 4432 ebrietas,
3000 4365 3178 4423 Cubile
3201 4409 3215 4431 ,
3269 4367 3627 4438 impudicitia.
3653 4361 3762 4420 Nou
3788 4351 3853 4409 di‘

567 4463 654 4516 nis
694 4461 1066 4517 vindicaverit.
1101 4461 1166 4516 Et
1189 4461 1326 4518 hanc
1349 4462 1644 4532 Scriptura:
1667 4476 1788 4517 esse
1817 4463 2169 4518 consuetudi-
2278 4473 2500 4515 camus:
2535 4457 2800 4513 Tenebrae
2830 4468 2884 4513 et
2916 4457 3153 4528 parietes
3178 4461 3428 4530 operiunt
3474 4476 3576 4516 nos
3600 4501 3615 4525 ,
3664 4463 3716 4510 et
3751 4442 3853 4520 quis

569 4570 716 4621 nem,
748 4563 806 4608 ut
835 4554 1031 4623 potiori
1061 4555 1474 4625 appellationem
1502 4552 1756 4625 deputet,
1792 4555 2168 4626 frequentibus
2195 4623 2229 4626 _
2277 4552 2382 4607 scit
2421 4553 2465 4606 si
2493 4549 2698 4605 videbit
2727 4549 3075 4606 Altissimus?
3106 4552 3211 4607 Sed
3240 4552 3312 4606 sit
3339 4552 3392 4606 in
3420 4551 3580 4608 nobis
3620 4556 3762 4602 amor
3783 4538 3848 4592 Μ’

566 4646 831 4714 exemplis
880 4623 1188 4715 probamus.
1226 4646 1505 4716 Siquidem
1537 4623 1591 4702 et
1639 4623 1808 4703 Jac'ob
1838 4623 2008 4702 dixit:
2041 4646 2166 4703 Dies
2195 4623 2249 4685 D
2279 4645 2381 4709 cis,
2411 4652 2465 4700 et
2489 4659 2618 4699 cura
2651 4644 2972 4709 honestatis,
2997 4655 3055 4701 ut
3083 4655 3354 4718 tamquam
3383 4647 3435 4701 in
3480 4645 3572 4702 die
3600 4634 3850 4700 ambulan‘

565 4737 682 4790 vitm
711 4753 851 4803 meae,
882 4738 1062 4810 pusilli
1090 4748 1136 4792 et
1169 4739 1292 4792 mali
1340 4738 1494 4812 (Gen.
1524 4755 1684 4807 XLVII,
1715 4741 1795 4812 9).
1827 4741 1892 4796 Et
1925 4742 2118 4797 iterum
2151 4765 2164 4800 :
2283 4750 2385 4807 tes,
2412 4754 2575 4811 opera
2601 4750 2783 4795 nostra
2806 4755 2989 4795 coram
3014 4740 3125 4796 Deo
3150 4741 3330 4797 lucere
3350 4730 3754 4809 cupiamus,cui
3779 4729 3845 4781 est

572 4827 761 4882 Omnes
789 4829 895 4884 dies
909 4829 1025 4883 vita:
1053 4845 1199 4883 mete.
1219 4831 1282 4884 Et
1313 4831 1480 4886 David
1513 4835 1728 4903 posuit:
1761 4832 1886 4888 Dies
1912 4850 2168 4889 annorum
2281 4837 2485 4898 honor,
2517 4834 2667 4902 laus,
2716 4834 2884 4906 gloria
2903 4877 2920 4902 ,
2951 4843 3196 4906 potestas
3219 4879 3234 4904 ,
3277 4851 3399 4892 cum
3431 4834 3658 4891 Domino
3686 4831 3845 4885 nostro

567 4933 860 4977 nostrorum
913 4922 1033 4994 (Ps.
1090 4940 1310 4991 LXXXIX,
1365 4925 1475 4997 l0);
1524 4941 1629 4982 non
1677 4927 1810 4983 dixit
1854 4936 1910 4983 et
1950 4939 2162 4986 noctes.
2278 4929 2409 4986 .lesu
2435 4928 2653 4984 Christo
2680 4970 2695 4995 ,
2743 4936 2950 4984 et-cum
2979 4928 3182 5000 Spiritu
3227 4938 3414 4985 sancto
3444 4945 3475 4984 a
3523 4925 3762 4986 saeculis,
3797 4919 3839 4969 ει

565 5012 724 5072 Unde
768 5017 1098 5073 advertimus
1137 5033 1200 5073 ea
1251 5034 1371 5089 qua
1423 5035 1565 5075 nunc
1612 5021 1664 5075 in
1696 5023 1877 5094 specie
1924 5022 2167 5080 historia:
2280 5021 2880 5092 nuncetsemper,etin
2901 5021 3081 5077 omnia
3099 5022 3292 5078 sarcula
3311 5020 3837 5086 saeculorum,Amen-

633 5142 657 5169 ει
694 5131 847 5188 Dion.
891 5139 949 5186 et
973 5129 1129 5186 Colb.
1159 5145 1300 5186 unus
1325 5173 1340 5197 ,
1376 5130 1447 5187 Ut
1473 5145 1714 5203 separata
1748 5150 1922 5189 rerum
1947 5143 2154 5189 natura.
2343 5131 2373 5172 ι)
2415 5133 2545 5188 Mss.
2574 5131 2778 5203 aliquot
2812 5145 2876 5188 ac
2921 5131 3086 5188 Rom.
3117 5132 3280 5201 edit.,
3329 5133 3564 5190 secunda
3587 5123 3831 5206 prioribus.

2193 5273 3781 5304 *Μ

1663 5373 2009 5465 LIBER
2094 5379 2762 5466 SECUNDUS.

1365 5534 1516 5607 DE
1609 5529 2016 5610 OPERE
2123 5538 2646 5613 SECUNDI
2755 5537 3044 5618 DIEI.

904 5670 1010 5740 21
1048 5666 1273 5724 CAPUT
1312 5665 1355 5722 Ῐο
1387 5666 1615 5742 (Sermo
1642 5665 1770 5738 ΙΠο)
2337 5673 2408 5728 ad
2435 5673 2716 5728 secundum
2737 5673 2874 5727 diem
2896 5687 2915 5726 :
2944 5679 2988 5725 et
3017 5667 3072 5724 in
3098 5684 3273 5724 rerum
3301 5666 3552 5724 creatione
3579 5679 3675 5720 non
3692 5661 3822 5712 natur

553 5759 802 5837 Operibus
828 5769 980 5842 primi
1002 5768 1108 5824 diei
1141 5771 1357 5825 strictim
1401 5770 1664 5826 recensitis
1691 5811 1706 5837 ,
1746 5769 2049 5841 rejectisque
2077 5770 2143 5826 iis
2331 5780 2407 5820 ra:
2417 5764 2823 5836 possibilitatem,
2840 5764 2931 5819 sed
2940 5762 3222 5833 petentium
3233 5758 3334 5816 Dei
3347 5749 3816 5832 spectandamdorelo

620 5862 706 5931 qui
734 5863 929 5920 mundo
972 5861 1241 5917 materiam
1276 5873 1520 5922 (sternam
1546 5863 1862 5937 afﬁngebant
1884 5905 1900 5934 ,
1949 5865 2134 5920 transit
2253 5891 2288 5945 ι
2315 5865 2384 5942 ,1.
2419 5864 2570 5922 Diem
2594 5864 2824 5936 primum
2846 5906 2860 5933 ,
2889 5864 2970 5922 ve'
3006 5863 3184 5935 potius
3214 5877 3418 5931 unum,
3461 5865 3670 5917 maneat
3695 5847 3813 5909 enim
