4102 6360
210 313 332 374 1ιὸ

1573 315 2075 378 llEXAEMERON.
2119 321 2247 378 LIB.
2281 321 2343 378 ll.

3471 328 3572 385 M6

205 435 262 492 ei
301 433 646 507 prophetici
678 434 1034 509 prrerogativa
1083 434 1356 490 sermonis
1380 476 1393 501 ,
1443 445 1500 490 ut
1549 435 1822 506 patuimus
1843 477 1860 504 ,
1891 448 1944 508 Α
1974 437 2308 506 lioleprosos
2323 451 2565 507 curaret,
2585 439 2744 497 caecis
2773 440 2947 497 visum
2978 440 3312 514 refunderet,
3338 446 3572 518 populus

210 529 634 597 absolvimus;
682 533 732 586 iu
775 545 882 602 quo
909 529 1188 583 conditum
1219 528 1418 586 ctelum
1443 569 1458 594 ,
1485 539 1684 583 terram
1716 541 1868 584 crea-

213 623 336 676 tam
365 665 382 690 ,
414 630 442 659 α
475 639 750 692 aquarum
778 620 1164 676 exundantiam
1194 665 1209 686 ,
1245 617 1631 674 circumfusum
1659 633 1866 687 aerem,

215 715 652 771 discretionem
681 719 871 771 laetam
901 716 1033 769 lucis
1059 723 1218 784 atque
1251 715 1356 786 22
1397 713 1736 767 tenebrarum
1774 711 1868 768 Dei

216 809 690 881 omnipotentis,
723 819 776 864 et
809 807 1023 862 Domini
1050 807 1176 862 .lesu
1210 804 1413 862 Clll‘lsil
1434 847 1449 872 ,
1477 805 1708 875 Spiritus
1731 819 1866 876 quo-

218 919 338 975 quc
379 904 577 960 Saneti
630 903 942 971 operatione
997 905 1370 972 cognovimus.
1424 900 1556 967 Quis
1579 915 1709 970 ergo
1758 915 1866 954 non

218 997 478 1053 miretur
500 996 870 1052 dissimilibus
911 995 1174 1052 membris
1202 996 1473 1064 disparem
1504 995 1763 1049 ntundum
1812 998 1865 1048 in

219 1106 442 1161 corpus
479 1107 660 1147 unum
687 1106 972 1162 assurgere
995 1132 1010 1158 ,
1034 1101 1087 1145 et
1118 1089 1390 1144 insolubili
1410 1088 1718 1144 concordia:
1734 1089 1866 1142 cita-

221 1185 539 1256 ritatisque
595 1185 716 1255 lege
762 1185 814 1239 itt
873 1174 1188 1239 societatem
1241 1194 1295 1239 et
1345 1183 1739 1238 connexionetu
1787 1182 1869 1237 sui

223 1286 344 1332 tam
375 1276 658 1333 distantia
687 1278 1005 1344 convenire,
1036 1285 1226 1347 utquae
1245 1275 1484 1330 discreta
1512 1285 1698 1330 natura
1721 1285 1866 1341 sunt,

225 1370 285 1428 in
321 1373 570 1428 unitatis
625 1382 680 1428 et
733 1374 880 1443 pacis
888 1405 903 1442 λ
927 1372 1197 1428 vinculum
1230 1371 1380 1425 velut
1409 1368 1680 1425 individua
1721 1385 1871 1424 com-

231 1469 510 1539 pactione
543 1468 881 1525 nectantur?
913 1471 1020 1523 Aut
1069 1468 1186 1535 quis
1218 1466 1333 1521 haec
1365 1465 1554 1521 videns
1581 1507 1597 1532 ,
1631 1464 1863 1535 possibi-

234 1561 465 1615 litatem
500 1562 736 1616 rationis
759 1559 972 1615 infirmo
1004 1560 1218 1631 iugeuio
1243 1559 1508 1614 rimetur?
1531 1557 1661 1627 Qua:
1690 1559 1868 1613 omnia

235 1655 328 1710 vis
351 1653 576 1720 divina,
611 1653 1177 1725 incomprehensibilis
1209 1653 1461 1708 humanis
1492 1652 1787 1719 mentibus,
1815 1663 1871 1708 et

235 1746 556 1803 inclItbilis
584 1748 923 1804 sermonibus
953 1748 1153 1804 nostris
1174 1789 1189 1816 ,
1215 1747 1508 1802 voluntatis
1536 1761 1650 1803 sure
1680 1756 1867 1803 aucto-

238 1842 420 1897 ritate
449 1842 773 1897 connexuit.

312 1933 378 1990 2.
398 1933 514 2004 23
537 1932 685 1988 Fecit
699 1933 859 2005 igitur
873 1933 1016 1989 Deus
1031 1934 1226 1990 caelum
1245 1941 1300 1988 et
1323 1941 1542 2001 terram,
1560 1944 1612 1990 et
1635 1949 1697 1990 ea
1714 1937 1866 2005 quasi

237 2036 453 2081 auctor
485 2042 611 2082 esse
638 2027 894 2098 prteccpit
915 2069 928 2092 ,
950 2042 1058 2082 non
1087 2037 1358 2099 tamquam
1383 2029 1566 2099 ﬁgura:
1592 2030 1863 2097 inventor,

239 2119 343 2175 sed
380 2128 666 2190 tamquam
686 2131 942 2192 operator
971 2131 1200 2178 naturm.
1253 2121 1385 2177 Nam
1430 2122 1708 2194 quomodo
1761 2123 1864 2180 sibi

242 2211 912 2285 conveniuntoperatoria
929 2215 1274 2286 intpassibilis
1297 2215 1392 2272 Dei
1412 2216 1583 2272 virtus
1609 2226 1662 2272 et
1689 2218 1864 2288 passi-

241 2307 377 2364 bilis
421 2311 670 2367 materia:
698 2322 906 2380 natura,
947 2321 1220 2382 tamquam
1247 2311 1415 2368 altera
1439 2313 1507 2367 ab
1533 2313 1728 2380 altera,
1755 2328 1864 2384 quo

241 2401 629 2474 ittdigueriut,
663 2405 1009 2460 mutuaules?
1058 2404 1190 2460 Nam
1218 2406 1262 2459 si
1314 2407 1550 2462 increata
1597 2407 1859 2471 materia,

242 2494 469 2552 videtur
489 2513 625 2570 ergo
658 2501 766 2555 Deo
792 2499 1042 2555 creandze
1071 2507 1310 2569 potestas
1341 2500 1580 2554 materia:
1601 2498 1860 2564 defuisse,

243 2599 304 2646 et
333 2591 405 2645 ab
434 2606 498 2646 ea
528 2593 828 2663 operationi
861 2593 1193 2662 subjaceutia
1227 2603 1496 2647 mutnata.
1526 2591 1582 2648 Si
1615 2607 1744 2647 vero
1774 2592 1861 2647 iu-

245 2685 585 2754 composita,
615 2688 808 2741 mirutn
828 2686 1120 2740 admodum
1170 2693 1498 2741 comternam
1548 2685 1659 2742 Deo
1689 2695 1861 2742 mate-

248 2778 393 2834 riam
426 2778 688 2835 decorem
737 2781 838 2835 sibi
868 2795 975 2836 non
1019 2779 1257 2850 potuisse
1284 2781 1556 2846 conferre,
1589 2796 1708 2851 quae
1733 2781 1862 2837 sub-

251 2873 518 2926 stantiam
553 2890 657 2929 non
682 2889 712 2929 a
743 2884 988 2930 creatore
1016 2876 1324 2946 acceperit,
1359 2873 1454 2930 sed
1489 2876 1606 2930 sine
1655 2886 1864 2945 tempo-

254 2978 320 3019 re
348 2964 465 3034 ipsa
485 2965 808 3035 possederit.
825 2967 952 3023 Plus
966 2983 1095 3038 ergo
1110 2968 1311 3022 invenit
1327 2977 1578 3036 operator
1597 2967 1859 3033 omnium,

255 3076 425 3132 quant
459 3061 708 3117 contulit.
735 3061 942 3117 Invenit
969 3063 1276 3128 materiam,
1306 3063 1360 3116 in
1392 3077 1494 3132 qua
1530 3070 1712 3130 posset
1733 3076 1862 3132 ope-

254 3157 406 3212 rari:
437 3157 666 3212 contulit
693 3166 873 3212 autem
905 3156 1169 3225 ﬁguram,
1205 3171 1324 3225 quae
1351 3154 1602 3210 decorem
1632 3154 1864 3209 inventis

1974 531 2063 602 qui
2093 531 2281 588 aderat
2323 544 2376 588 et
2422 535 2704 604 Spectabat
2734 536 2852 604 illa,
2886 536 3168 592 medicinze
3205 539 3449 595 ordinem
3484 556 3572 597 re-

1973 629 2259 697 cognovit:
2297 628 2392 685 sed
2425 640 2746 698 petestatem
2771 631 2985 687 Domini
3013 633 3239 688 miratus
3264 675 3279 699 ,
3309 635 3487 700 dedit,
3514 643 3575 690 ut

1974 719 2233 789 scriptum
2265 733 2381 786 eet,
2417 719 2528 775 Deo
2562 723 2769 778 laudem
2823 723 2974 791 (Luc.
3021 739 3190 791 xvm,
3224 725 3336 799 45).
3389 728 3574 798 Neque

1961 811 2274 867 secundum
2305 828 2560 868 numeros
2590 815 2971 888 Egyptiorum
2997 827 3050 872 et
3079 832 3378 874 concursus
3426 820 3573 876 side-

1974 922 2114 972 runt,
2146 922 2426 963 mensuras
2455 908 2847 966 elementorum
2879 913 3121 968 extendit
3150 928 3366 968 manum
3415 928 3569 969 suam

1975 1001 2210 1072 Moyses,
2253 1012 2310 1056 ut
2357 1001 2690 1057 divideretur
2736 1019 2884 1060 mare
2914 1005 3197 1071 Rubrum,
3225 1006 3320 1062 sed
3369 1005 3567 1060 divina:

1974 1094 2204 1165 imperio
2247 1095 2532 1165 potestatis
2581 1096 2987 1165 obtemperans.
3027 1098 3178 1154 Unde
3207 1109 3262 1152 et
3300 1101 3414 1170 ipse
3457 1099 3568 1153 ait:

1973 1187 2198 1242 Dextera
2225 1205 2406 1241 manus
2443 1198 2552 1252 tua,
2585 1186 2824 1249 Domine,
2855 1190 3144 1262 gloriﬁcata
3175 1201 3245 1244 est
3271 1194 3327 1246 in
3355 1193 3576 1245 uirtute:

1974 1280 2180 1335 dextera
2194 1298 2373 1336 manus
2390 1291 2494 1342 tua,
2506 1279 2743 1346 Domine,
2759 1283 3008 1352 confregit
3023 1283 3258 1336 inimicos
3275 1282 3567 1356 (Exode,

1976 1374 2052 1445 6).
2085 1373 2179 1428 Illo
2221 1374 2380 1444 igitur
2411 1384 2595 1428 sancta
2627 1373 2779 1444 plebs
2835 1376 2988 1429 eleva
3033 1382 3270 1429 mentem
3296 1385 3471 1441 tuam,
3517 1385 3574 1430 et

1977 1473 2148 1522 totum
2179 1468 2418 1522 animum
2455 1480 2600 1521 tuum
2630 1481 2696 1522 eo
2725 1464 2937 1522 confer.
2969 1465 3084 1523 Non
3112 1465 3191 1520 sic
3216 1465 3360 1520 Deus
3387 1466 3569 1533 videt,

1975 1560 2429 1630 quemadmodum
2472 1561 2670 1626 homo;
2708 1560 2848 1615 Deus
2874 1560 2926 1613 in
2956 1559 3120 1614 corde
3145 1601 3160 1625 ,
3191 1559 3353 1613 homo
3383 1558 3435 1613 itt
3496 1564 3574 1613 la-

1974 1652 2076 1707 cie.
2106 1652 2216 1707 Nec
2236 1652 2314 1708 sic
2344 1655 2503 1724 igitur
2535 1655 2700 1707 homo
2725 1653 2902 1718 videt,
2925 1653 3379 1724 quemadmodum
3405 1653 3581 1732 Deus.

1976 1743 2144 1801 Audis
2171 1747 2293 1816 quia
2323 1747 2466 1802 Deus
2495 1747 2620 1802 vidit
2647 1788 2661 1813 ,
2721 1757 2775 1801 et
2827 1746 3088 1801 laudavit.
3119 1745 3240 1801 Noli
3284 1747 3444 1817 igitur
3468 1747 3574 1800 tuis

1898 1857 1948 1918 Β
1974 1838 2145 1894 oculis
2175 1840 2446 1895 aestimare
2472 1855 2592 1910 qua:
2619 1840 2754 1894 iacta
2783 1849 2928 1905 sunt,
2970 1838 3429 1908 Opinionibusque
3458 1838 3570 1893 col-

1973 1933 2141 2004 ligere
2169 1951 2182 1985 :
2207 1933 2304 1988 sed
2330 1949 2451 2004 qua:
2473 1933 2612 1990 Deus
2632 1933 2766 1988 vidit
2791 1941 2847 1989 et
2871 1932 3148 2004 probavit,
3181 1947 3244 1989 ea
3277 1940 3333 1988 tu
3362 1940 3570 1988 retrac-

1976 2026 2136 2083 tanda
2169 2041 2274 2082 nou
2307 2036 2481 2098 putes.

2555 2096 2666 2171 24
2691 2097 2918 2153 canor
2943 2099 3007 2154 Il.

1971 2212 2404 2282 Firmamentum,
2434 2225 2491 2268 ut
2525 2230 2685 2285 aquas
2705 2212 2768 2267 ab
2797 2214 2945 2283 aquis
2973 2212 3314 2278 disterminat,
3341 2218 3568 2266 creatur.

2042 2304 2170 2362 Caeli
2210 2305 2495 2378 probantur
2536 2307 2710 2378 plures
2765 2321 2913 2374 esse,
2964 2323 3025 2360 ac
3049 2305 3328 2361 cwlestium
3371 2304 3574 2360 orbium

2041 2408 2320 2455 concentus
2350 2399 2626 2469 refellitur.

2039 2513 2094 2568 4.
2138 2512 2206 2567 Et
2229 2512 2365 2568 dixit
2403 2513 2572 2569 Deus:
2620 2514 2712 2584 ﬁat
2763 2514 3143 2584 ﬁrmamentum
3181 2514 3318 2568 inter
3350 2513 3573 2568 mediam

1965 2623 2150 2674 aquam
2178 2647 2194 2673 ,
2235 2616 2282 2661 et
2341 2611 2409 2661 sit
2456 2608 2752 2663 discernens
2808 2609 2940 2662 inter
3001 2624 3184 2679 aquam
3235 2617 3281 2662 et
3345 2623 3573 2678 aquam,-

1966 2711 2014 2756 et
2067 2705 2260 2774 factum
2310 2712 2384 2756 est
2433 2704 2507 2757 sic
2558 2704 2577 2776 (
2619 2703 2751 2758 Gen.
2811 2719 2870 2768 ι,
2928 2703 2958 2759 6
3003 2703 3044 2774 ).
3089 2701 3226 2758 Audi
3255 2703 3415 2758 verba
3449 2704 3570 2768 Dei,

1967 2793 2087 2849 Fiat
2145 2795 2293 2852 dicit.
2341 2795 2587 2853 Jubentis
2637 2808 2739 2866 est,
2779 2813 2887 2853 non
2935 2797 3276 2853 mstimantis.
3336 2798 3572 2868 [mperat

1967 2899 2196 2959 naturae,
2268 2907 2375 2945 non
2435 2891 2781 2962 possibilitati
2839 2892 3196 2962 obtemperat,
3254 2907 3360 2948 non
3421 2906 3574 2947 meu-

1967 2997 2124 3037 suras
2176 2983 2418 3050 colligit,
2479 2999 2585 3039 non
2667 2984 2880 3054 pondus
2948 2985 3242 3040 examinat.
3307 2985 3568 3042 Voluntas

1968 3074 2084 3142 ejus
2109 3089 2362 3130 mensura
2389 3090 2568 3131 rerum
2601 3085 2708 3132 est.
2739 3077 2931 3132 Sermo
2954 3079 3070 3149 ejus
3101 3076 3223 3134 linis
3253 3087 3336 3134 est
3351 3080 3569 3148 operis:

1972 3164 2094 3219 Fiat
2117 3207 2132 3233 ,
2176 3167 2349 3237 inquit
2366 3208 2380 3233 ,
2412 3168 2790 3236 ﬁrmamentum
2818 3170 2950 3223 inter
2971 3171 3195 3225 mediam
3219 3186 3426 3240 aquam.
3452 3169 3573 3224 Fir-

251 3249 424 3304 rehus
456 3249 701 3305 allerret.
732 3249 889 3306 Unde
911 3248 1263 3318 excipiendus
1285 3265 1314 3303 a
1347 3247 1560 3302 cwteris
1589 3255 1862 3316 tamquam

1971 3275 2118 3315 mum
2163 3235 2260 3315 est
2284 3235 2445 3316 omne
2473 3261 2621 3331 quod
2670 3263 2859 3317 statuit
2888 3263 3053 3318 Deus.
3091 3264 3156 3318 Et
3188 3235 3318 3318 satis
3343 3263 3571 3332 pulchre

241 3340 364 3398 dies
391 3357 581 3410 unus,
607 3359 715 3398 non
741 3343 1106 3399 conferendus
1149 3357 1271 3398 cum
1321 3341 1532 3398 caeteris
1581 3350 1854 3411 tamquam

246 3437 366 3493 dies
396 3439 478 3508 pri
499 3453 619 3493 mus
645 3446 728 3493 est
750 3480 762 3504 ,
783 3452 891 3510 quo
913 3437 1260 3492 fundamenta
1289 3451 1469 3492 rerum
1493 3436 1732 3490 omnium
1762 3449 1859 3505 po-

253 3533 357 3588 sita
381 3573 396 3598 ,
426 3541 480 3586 et
515 3547 693 3586 causa:
742 3546 864 3587 esse
893 3538 1203 3600 cmperunt,
1240 3529 1436 3596 quibus
1489 3527 1672 3581 mundi
1702 3525 1863 3596 hujus

258 3635 422 3695 atque
451 3624 719 3680 universa:
745 3623 972 3678 visibilis
998 3633 1264 3678 creaturae
1282 3621 1412 3676 fulta
1431 3619 1733 3676 substantia
1755 3626 1858 3674 est.

259 3718 441 3786 Quare
473 3717 538 3773 ad
567 3717 790 3773 secundi
822 3718 929 3772 diei
958 3715 1272 3771 admiranda
1302 3730 1469 3786 opera
1499 3729 1680 3770 sermo
1704 3713 1861 3768 nobis

263 3811 524 3883 prodeat,
557 3827 788 3883 quorum
818 3811 1110 3866 eminentia
1133 3826 1239 3864 non
1269 3809 1567 3864 secundum
1598 3814 1864 3862 tractatus

265 3907 436 3960 nostri
463 3905 873 3976 possibilitatem
914 3925 926 3957 :
957 3903 1052 3958 sed
1079 3902 1375 3958 secundum
1406 3900 1688 3970 scriptoris
1717 3898 1861 3955 veri-

267 4005 461 4066 tatem,
490 3998 554 4052 ad
580 3999 790 4054 laudem
821 3998 1103 4054 referenda
1132 4005 1215 4052 est
1241 3994 1536 4051 Creatoris.

341 4091 398 4146 5.
445 4089 553 4146 Vos
582 4091 740 4161 igitur
767 4105 969 4160 (ιυειθεο,
997 4098 1053 4144 ιιι
1076 4089 1392 4144 naturaliter
1414 4086 1686 4142 aestimare
1705 4125 1721 4152 ,
1745 4101 1865 4157 qua:

267 4185 500 4241 dicimus
555 4185 942 4256 probabiliter,
980 4200 1041 4240 ac
1092 4183 1320 4253 simplici
1351 4193 1530 4237 mente
1574 4191 1628 4237 et
1676 4181 1866 4236 sedulo

268 4277 487 4349 ingenio
517 4292 750 4348 pensare
792 4277 1128 4348 dignemini,
1182 4291 1288 4331 non
1343 4274 1640 4330 secundum
1692 4273 1868 4344 philo-

269 4371 472 4441 sopltiw
505 4370 823 4426 traditiones
849 4411 863 4435 ,
899 4381 950 4425 et
981 4372 1192 4426 inanem
1221 4369 1589 4425 seductionem
1619 4366 1645 4407 δ
1677 4383 1867 4423 suaso-

268 4465 345 4518 ria
374 4464 686 4520 verisimilia
727 4463 1079 4534 colligentes;
1136 4463 1229 4518 sed
1281 4461 1577 4518 secundum
1627 4463 1865 4534 regulam

269 4555 510 4610 veritatis
530 4598 544 4619 ,
579 4571 696 4626 qua:
728 4555 960 4610 oraculis
1006 4554 1179 4609 divini
1208 4557 1476 4610 sermonis
1507 4555 1862 4624 exprimitur,

1969 3355 2270 3426 praemisit:
2315 3353 2440 3410 Fiat
2485 3358 2904 3427 ﬁrmamentum,
2939 3367 3226 3428 antequam
3276 3357 3576 3426 subiiceret

1967 3447 2103 3501 inter
2125 3447 2345 3501 mediam
2368 3464 2594 3520 aquam;
2635 3458 2691 3504 ut
2716 3459 2769 3504 tu
2797 3452 2945 3520 prius
2974 3449 3228 3505 crederes
3257 3449 3571 3505 ﬁrmamen-

1970 3550 2080 3595 tum
2110 3556 2176 3596 ex
2210 3551 2482 3612 praecepto
2511 3543 2603 3596 Dei
2632 3543 2850 3609 factum,
2882 3558 3042 3613 quam
3067 3542 3137 3599 de
3161 3558 3421 3614 aquarum
3447 3557 3574 3612 pro-

1967 3632 2075 3689 ﬂua
2118 3635 2723 3706 qualitate‘dubitares.
2770 3636 2826 3693 Si
2873 3647 3119 3693 naturam
3173 3639 3569 3694 elementorum

1967 3726 2313 3794 consideres,
2367 3729 2641 3800 quomodo
2671 3731 2812 3786 inter
2843 3747 3010 3802 aquas
3031 3732 3325 3787 solidatum
3352 3743 3438 3788 est
3469 3731 3570 3788 llr-

1969 3830 2300 3874 mantentum
2324 3821 2345 3874 ?
2373 3820 2482 3875 Illae
2514 3821 2788 3892 proﬂuunt
2813 3864 2828 3890 ,
2860 3823 2995 3879 illud
3039 3824 3463 3895 constringitur:
3497 3823 3564 3878 il-

1967 3909 2034 3965 lac
2071 3922 2323 3979 currunt,
2355 3913 2458 3970 hoc
2499 3924 2702 3969 manet.
2756 3913 2825 3968 Et
2874 3920 2980 3982 sit,
3030 3916 3221 3986 inquit,
3275 3917 3567 3971 discernens

1967 4008 2103 4061 inter
2121 4023 2325 4078 aquam.
2348 4006 2455 4064 Sed
2486 4023 2620 4078 aqua
2643 4007 2995 4074 confundere,
3018 4023 3122 4062 non
3147 4007 3458 4063 discernere
3481 4023 3571 4062 so-

1969 4097 2066 4152 let.
2098 4097 2378 4166 Quomodo
2403 4099 2558 4169 jubet
2583 4099 2726 4170 quod
2776 4101 2877 4155 scit
2921 4099 3217 4155 secundum
3271 4099 3565 4155 elemento.

1970 4207 2092 4246 rum
2125 4193 2388 4246 rationem
2424 4207 2544 4248 esse
2565 4194 2939 4248 contrarium?
2971 4193 3076 4249 Sed
3100 4209 3222 4249 cunt
3250 4208 3432 4250 sermo
3449 4193 3569 4264 ejus

1969 4294 2121 4340 ortus
2149 4295 2354 4341 natura:
2399 4287 2490 4348 sit.
2515 4287 2636 4357 jure
2685 4298 2909 4361 usurpat
2932 4287 3062 4345 dare
3083 4289 3259 4360 legem
3317 4285 3524 4344 natura:
3552 4333 3566 4357 ,

1967 4382 2060 4453 qui
2085 4382 2347 4454 originem
2377 4382 2546 4438 dedit.

2043 4473 2096 4528 5.
2143 4473 2251 4531 Sed
2279 4476 2428 4545 prius
2460 4475 2867 4532 consideremus
2892 4476 3018 4549 quid
3044 4477 3114 4532 sit
3142 4476 3568 4546 ﬁrmamentum,

1972 4576 2152 4624 utrum
2183 4570 2355 4641 ipsum
2383 4571 2450 4625 sit
2477 4570 2619 4641 quod
2651 4571 2702 4625 in
2731 4571 3111 4642 superioribus
3145 4571 3341 4627 cmlum
3387 4571 3577 4642 appel—

271 4655 324 4701 ct
352 4648 810 4719 contemplatione
851 4655 1012 4703 tantm
1040 4647 1338 4719 majestatis
1368 4649 1605 4703 lidelium
1638 4649 1866 4719 pectori-
1894 4636 1946 4698 D
1972 4659 2120 4726 lavir,
2150 4636 2217 4716 at;
2245 4661 2420 4727 aliud,
2448 4636 2630 4717 ριἐίιη
2657 4661 2765 4719 duo
2789 4636 2931 4728 (ξαειί,
2966 4679 3032 4717 an
3062 4663 3266 4734 plures,
3289 4636 3574 4718 Ναιηέιιηι

270 4739 369 4796 ltus
391 4742 697 4799 infunditur
720 4785 736 4810 ,
787 4743 912 4815 quia
943 4743 1202 4811 scriptum
1247 4755 1326 4799 est
1354 4762 1366 4799 :
1402 4742 1666 4814 Con/irino
1691 4761 1770 4798 me
1813 4746 1868 4798 in

272 4836 428 4891 verbis
453 4837 579 4891 tuis.
614 4835 664 4891 Ν
674 4847 972 4892 ιη’ναυιγιιηι
995 4837 1122 4891 mihi
1144 4837 1325 4911 injusti
1347 4839 1754 4903 exercitationes,
1778 4837 1867 4892 sed

274 4947 372 4984 non
399 4933 536 4988 sicut
557 4931 636 4986 lea.
667 4943 779 4999 tua,
813 4932 1069 4988 Domine:
1094 4933 1266 4986 omnia
1297 4943 1552 5002 praecepta
1577 4943 1665 4986 tua
1687 4933 1870 4988 ueritas

276 5023 676 5093 (Psal.cxxrttt,
689 5025 856 5091 28,85
870 5038 913 5082 et
927 5025 1040 5099 86).
1057 5025 1170 5080 Non
1185 5040 1313 5096 ergo
1326 5025 1622 5081 secundum
1639 5026 1872 5082 elemen-

279 5127 446 5178 torum
476 5133 720 5188 naturas,
752 5122 847 5178 sed
870 5121 1166 5179 secundum
1191 5120 1466 5177 Christum
1492 5163 1508 5188 ,
1559 5122 1652 5192 qui
1681 5123 1866 5177 omnia

278 5230 391 5286 qua:
420 5216 596 5272 voluit
650 5215 811 5282 fecit,
865 5215 1146 5271 abundans
1201 5215 1536 5284 plenitudine
1572 5214 1870 5271 divinitatis

280 5323 408 5377 suae,
430 5310 840 5367 consideremus
869 5325 989 5380 qua:
1018 5310 1156 5364 facta
1186 5317 1346 5374 sunt,
1377 5319 1431 5364 et
1460 5317 1672 5364 naturae
1698 5309 1871 5379 possi-

282 5401 540 5463 bilitatem
572 5405 984 5475 interrogemus.
1011 5401 1199 5473 Neque
1225 5402 1368 5458 enim
1391 5415 1512 5457 cum
1548 5402 1599 5456 in
1627 5402 1877 5473 Evange-

355 5607 379 5636 ι
420 5598 577 5652 Rom.
610 5593 743 5649 edit.
767 5633 782 5658 ,
803 5607 1060 5658 aquarum
1085 5592 1457 5647 exundantiam
1513 5587 1807 5643 coercitam.
1837 5589 1877 5642 Α

289 5671 494 5724 caeteris
523 5681 655 5722 mss.
712 5673 768 5718 et
798 5664 929 5716 edit.
972 5665 1126 5716 abest
1149 5679 1280 5728 vox,
1324 5660 1618 5725 coercitam,
1673 5671 1726 5714 et
1767 5659 1888 5730 qui-

291 5738 403 5794 dem
433 5749 583 5794 recte
611 5753 625 5799 ;
658 5735 903 5790 nundum
925 5735 1066 5787 enim
1099 5743 1436 5804 congregatae
1467 5739 1622 5804 erant
1637 5744 1809 5804 aqtrre.

371 5811 396 5850 δ
434 5812 510 5868 lta
543 5818 652 5863 vet.
682 5807 794 5862 edit
824 5814 881 5859 et
911 5819 1038 5858 mss.
1092 5800 1375 5874 non'patici
1407 5805 1459 5857 itt
1502 5800 1698 5874 quibus
1729 5801 1887 5874 Big.i,

311 5884 458 5940 Colb.
498 5891 553 5938 et
584 5883 742 5938 Dion.
776 5877 996 5942 habent,
1041 5871 1254 5945 Verique
1282 5874 1494 5932 similia.
1523 5872 1591 5926 At
1617 5871 1733 5928 Vat.
1767 5871 1885 5928 cad.

1971 4753 2063 4822 qui
2105 4768 2268 4807 unum
2299 4753 2496 4810 coelum
2543 4769 2664 4809 esse
2689 4754 2910 4820 dicant,
2943 4769 3042 4809 nec
3082 4756 3305 4810 alterius
3344 4754 3466 4809 coeli
3496 4754 3575 4808 fa-

1972 4844 2148 4899 ciendi
2175 4884 2190 4912 ,
2232 4860 2354 4900 cum
2385 4857 2532 4902 esset
2575 4863 2679 4902 una
2711 4846 2867 4918 ltyle,
2896 4855 2959 4902 ut
2994 4847 3094 4916 ipsi
3121 4849 3304 4915 aiunt,
3334 4848 3574 4916 potuisse

1974 4949 2262 5008 suppetere
2283 4939 2665 5001 substantiam;
2690 4942 2943 5010 quoniam
2967 4955 3088 4996 cum
3113 4941 3290 4995 omnis
3305 4939 3576 5009 superiori

1975 5033 2119 5088 cmlo
2149 5042 2296 5088 esset
2309 5049 2567 5105 expeuSa,
2585 5033 2718 5088 nihil
2743 5035 2932 5107 reliqui
2949 5036 3068 5102 fuit,
3089 5035 3229 5104 quod
3250 5035 3316 5090 ad
3339 5033 3576 5088 mdiﬁca-

1979 5125 2179 5181 tionem
2209 5127 2566 5184 secundicmli
2587 5129 2801 5184 tertiive
2817 5131 3124 5200 proliceret.
3149 5129 3396 5186 Aliivero
3419 5129 3579 5181 innu-

1973 5235 2154 5276 meros
2184 5221 2351 5277 caelos
2377 5230 2433 5277 et
2455 5220 2686 5277 mundos
2715 5236 2838 5279 esse
2866 5231 3152 5288 asserunt,
3181 5234 3317 5291 quos
3349 5217 3583 5273 irrident

1975 5314 2078 5371 sui.
2113 5313 2229 5370 Non
2255 5315 2398 5371 enim
2432 5314 2716 5369 nobiscum
2757 5314 2869 5371 illis
2894 5315 3096 5385 major,
3127 5326 3285 5382 quam
3313 5323 3436 5362 cum
3463 5311 3579 5363 suis

1980 5421 2155 5478 pugna
2187 5415 2271 5463 est
2296 5449 2311 5475 ,
2361 5407 2452 5478 qui
2498 5405 2850 5478 geometricis
2881 5403 3122 5462 numeris
3162 5409 3218 5455 et
3245 5400 3585 5460 necessitati-

1989 5605 2180 5647 vocem
2214 5591 2534 5648 Verisimilia
2565 5605 2674 5645 non
2699 5587 2938 5644 exhibet.
2975 5585 3115 5640 Edit.
3145 5592 3324 5638 autem
3347 5585 3505 5639 Rom.
3536 5596 3593 5640 et

1989 5672 2101 5716 tres
2145 5679 2272 5717 mss.
2331 5664 2533 5717 habent
2560 5659 2812 5713 suasorie.
2846 5658 2947 5712 Tlt.
3000 5663 3056 5708 et
3089 5655 3244 5724 Reg.,
3275 5663 3478 5710 suasuri
3507 5672 3588 5709 ue-

1990 5733 2253 5787 risimilia.
2291 5735 2424 5789 Ben.
2454 5741 2508 5787 et
2540 5730 2705 5783 Corb.
2740 5727 2908 5793 prima
2937 5741 3444 5787 mantt,suasurte...
3464 5724 3589 5778 Car.

1993 5805 2281 5868 suaserim,
2328 5813 2461 5865 etc.,
2501 5814 2608 5856 non
2641 5797 2802 5850 male.
2864 5797 2997 5852 Nam
3045 5797 3370 5865 subuttelligi
3419 5803 3594 5864 potest

1995 5875 2299 5944 disciplima
2355 5938 2364 5944 _
