4156 6370
481 342 505 397 ¹Ι
521 344 581 397 i7

1801 321 2048 385 SANCTl
2087 317 2412 387 Attonth

3670 327 3776 385 HS

477 459 580 514 bus
605 455 943 514 contendam
971 453 1201 525 probare
1229 451 1372 523 quod
1399 451 1546 506 aliud
1572 451 1770 507 etclam
1815 463 1937 507 esse
1963 467 2074 506 non
2101 459 2156 518 Α
2177 467 2435 509 occasum
2463 493 2479 520 ,
2521 452 2742 525 pr0pria
2791 455 3003 524 negotia
3045 463 3206 525 atque
3233 467 3394 526 opera
3431 452 3779 525 derelinque-

481 552 687 625 possit,
715 565 822 606 nec
850 549 956 620 pati
979 558 1225 603 naturam
1255 548 1330 600 uti
1377 545 1673 601 secundum
1719 554 1813 600 aut
1857 548 2074 600 tertium

2181 558 2341 614 rent,
2365 559 2419 604 et
2449 549 2629 602 omnia
2660 549 2744 604 hic
2785 549 2958 604 Otiosa
3005 560 3365 618 remanerent,
3414 551 3648 622 quodam
3679 551 3783 605 hu-

471 645 550 700 sit
573 687 588 712 ,
625 657 724 698 nec
746 640 1045 713 operatoris
1071 638 1324 693 virtutem
1355 637 1625 703 idoneam,
1656 646 1715 692 ut
1748 638 1947 691 multos
1969 649 2077 692 cm-
2179 653 2358 694 mana:
2381 639 2446 694 ad
2476 641 2730 696 cmleSIes
2753 655 2916 696 sonos
2942 644 3139 698 mentis
3161 659 3408 700 excessu.
3440 642 3547 701 Sed
3575 660 3634 700 ea
3659 660 3782 715 qua:

481 740 564 795 los
586 738 809 794 faceret.
846 736 911 791 Et
929 736 1053 806 quis
1079 748 1184 790 non
1218 733 1360 788 hanc
1377 747 1570 788 eorum
1597 732 1861 787 artiﬁcem
1893 731 2077 787 facun-

479 831 629 886 diam
675 829 928 892 irrideat,
959 827 1049 898 qui
1097 840 1220 881 cum
1271 841 1337 880 ex
1367 841 1472 879 tina
1508 833 1670 894 atque
1697 823 1889 879 eadem
1915 837 2077 878 causa

487 921 641 994 plura
670 919 910 991 ejusdem
941 919 1159 990 generis
1199 917 1269 974 ab
1294 916 1604 976 hominibus
1635 914 1753 998 ﬁeri
1784 930 1942 986 posse
1970 929 2080 969 non

486 1016 748 1082 abnuant,
773 1013 842 1070 de
868 1023 1114 1069 creatore
1135 1014 1375 1068 omnium
1403 1011 1670 1075 dubitent,
1693 1018 1874 1064 utrum
1903 1010 2083 1082 plures

487 1107 654 1164 celos
683 1104 862 1161 facere
890 1105 1141 1176 potuerit,
1176 1103 1243 1160 de
1263 1120 1370 1174 quo
1419 1103 1676 1174 scriptum
1727 1109 1851 1157 est:
1901 1100 2084 1156 Domi-

489 1216 584 1254 nus
603 1209 774 1254 autem
797 1198 951 1252 emtas
981 1197 1096 1267 fecit
1121 1195 1350 1269 (Psalm.
1378 1209 1498 1259 xcv,
1517 1192 1596 1265 5).
1616 1194 1683 1248 Et
1703 1194 1829 1248 alibi
1853 1211 1866 1248 :
1893 1192 2085 1248 Omnia

491 1309 822 1365 quacumque
833 1293 991 1346 voluit
1007 1292 1125 1362 fecit
1147 1289 1264 1363 (Ps.
1279 1305 1430 1356 cxiii,
1452 1289 1530 1359 5).
1551 1288 1688 1358 Quid
1707 1289 1851 1344 enim
1865 1286 2085 1342 difficile

491 1387 564 1451 ei,
594 1386 679 1441 cui
703 1384 840 1440 velle
868 1383 1064 1438 fecisse
1093 1382 1217 1438 est?
1249 1383 1450 1438 Fluitat
1477 1382 1640 1453 igitur
1667 1381 1777 1436 illis
1828 1379 2083 1450 impossi-

493 1479 718 1533 bilitatis
744 1477 884 1533 ratio
907 1517 922 1542 ,
946 1489 1068 1531 cum
1096 1476 1165 1532 de
1189 1475 1300 1531 Deo
1326 1475 1605 1545 disputant
1629 1514 1645 1542 ,
1676 1476 1761 1529 cui
1793 1489 1920 1530 vere
1948 1474 2084 1529 dici-

493 1581 614 1625 tur:
648 1570 783 1639 Quia
807 1568 1144 1639 impossibile
1165 1568 1257 1623 tibi
1284 1567 1418 1622 nihil
1451 1577 1556 1623 est.

561 1663 616 1719 6.
653 1663 832 1732 Itaque
885 1676 984 1716 nos
1015 1676 1121 1716 non
1175 1660 1351 1716 solum
1401 1659 1698 1716 secundum
1725 1699 1742 1726 ,
1773 1659 1868 1716 sed
1919 1659 2086 1714 etiam

495 1759 714 1814 tertium
736 1757 933 1812 etelum
961 1770 1081 1810 esse
1107 1770 1241 1825 nega
1252 1770 1309 1810 re
1338 1770 1444 1810 non
1465 1769 1771 1824 possumus,
1791 1769 1916 1808 cum
1941 1753 2088 1822 Apoc

2183 741 2313 786 sunt
2361 731 2539 788 aliena
2589 749 2618 788 a
2669 733 2850 789 stadio
2899 747 3109 800 nostro,
3145 746 3196 792 et
3236 753 3266 792 a
3298 737 3493 793 divina:
3531 739 3782 797 lectionis

2188 827 2371 891 serie,
2421 827 2488 882 iis
2518 828 2609 898 qui
2660 829 2792 885 foris
2823 841 2969 895 sunt,
3022 832 3394 904 relinquamus
3436 853 3450 889 :
3485 849 3582 889 nos
3607 835 3780 891 inlue-

2187 933 2405 975 reamus
2425 919 2826 993 Scripturarum
2856 924 3156 980 caelestium
3191 927 3524 999 magisterio.
3560 959 3568 968 ο

2813 1062 2897 1118 CA
2909 1063 3042 1120 PUT
3081 1063 3169 1119 ΙΙΙ.

2193 1174 2603 1230 Firmamentum
2645 1193 2748 1231 non
2795 1163 2931 1231 idem
2949 1193 3062 1232 esse
3086 1193 3147 1232 ac
3175 1178 3355 1233 emittm
3391 1191 3409 1234 :
3452 1195 3599 1233 veras
3621 1195 3781 1251 aquas

2260 1287 2412 1340 super
2440 1270 2552 1342 ipso
2603 1271 2828 1325 residere
2873 1287 3143 1343 perperam
3171 1274 3371 1344 negari,
3416 1273 3571 1345 idque
3590 1273 3790 1328 ostendi

2266 1363 2569 1432 Scriptura,
2601 1364 2871 1434 exemptis,
2905 1379 2966 1418 ac
2994 1365 3268 1436 multiptici
3311 1367 3512 1421 ratione
3542 1381 3562 1421 :
3585 1367 3674 1421 ubi
3701 1366 3790 1438 qui

2264 1455 2486 1510 calidam
2514 1456 2610 1510 soli
2639 1467 2879 1511 naturam
2909 1457 3073 1511 inesse
3103 1456 3282 1512 nolunt
3307 1499 3322 1526 ,
3349 1460 3702 1513 revincuntur.

2268 1568 2321 1624 8.
2366 1567 2710 1638 Propositum
2743 1569 2904 1640 igitur
2933 1570 3088 1625 nobis
3115 1579 3227 1638 est,
3259 1574 3387 1642 quia
3427 1569 3565 1627 dixit
3603 1572 3743 1628 Deus
3775 1589 3789 1626 :

2195 1657 2319 1714 Fiat
2349 1659 2731 1730 ﬁrmamentum
2779 1663 2913 1717 inter
2962 1661 3188 1716 medium
3223 1677 3392 1734 aquae,
3431 1674 3479 1717 et
3508 1665 3573 1717 sit
3603 1663 3794 1718 discer-

2191 1755 2476 1808 πεποίηται’
2499 1771 2686 1824 aquam
2714 1763 2763 1810 et
2792 1769 3000 1825 aquom.
3035 1755 3104 1810 Et
3146 1754 3272 1810 hinc
3299 1765 3582 1823 tractatur,
3615 1766 3792 1811 utrum

495 1851 671 1906 stolas
685 1847 1062 1920 raptuinsead
1084 1849 1300 1902 tertium
1315 1847 1510 1902 coelum
1526 1845 2088 1915 scriptorumsuorum
2119 1859 2167 1926 Β
2201 1851 2302 1906 hoc
2333 1851 2731 1905 firmamentum
2776 1851 3013 1920 appellet
3057 1849 3202 1920 quod
3251 1860 3374 1905 ante
3399 1849 3509 1920 jam
3541 1850 3702 1916 fecit,
3726 1849 3796 1906 de

495 1943 874 2000 testiﬁcatione
931 1940 1216 1997 conﬁrmet
1277 1939 1344 2011 (ll
1388 1937 1533 2006 Cor.,
1577 1938 1662 2011 ιι).
1713 1938 1881 1993 David
1926 1938 2090 1993 etiam

500 2037 670 2092 caelos
698 2037 962 2091 caelorum
995 2035 1046 2089 in
1075 2035 1167 2089 illo
1197 2033 1526 2088 laudantium
1562 2035 1846 2088 Dominum
1893 2033 2098 2087 consti-

501 2129 602 2182 tuit
654 2127 823 2182 choro
868 2124 1042 2198 (Psal.
1081 2127 1327 2196 evatn).
1368 2127 1540 2192 Quem
1596 2126 1870 2180 imitantes
1921 2125 2098 2195 philo-

495 2219 653 2290 sophi
675 2220 915 2290 quinque
937 2218 1220 2273 asellorum
1251 2228 1308 2273 ct
1333 2218 1466 2273 solis
1493 2227 1548 2272 et
1613 2219 1778 2285 iuuat,
1811 2218 2098 2288 globorum

499 2327 798 2368 consonum
850 2321 1057 2366 motum
1110 2310 1544 2375 introduxerunt,
1597 2326 1826 2380 quorum
1877 2310 2100 2366 orbibus

503 2407 592 2462 vel
616 2407 795 2476 potius
813 2405 988 2475 globis
1017 2419 1261 2459 connexa
1287 2413 1586 2458 memorant
1613 2405 1719 2476 2⁵
1740 2404 1945 2468 omnia,
1961 2418 2101 2473 quos

501 2499 603 2555 sibi
625 2499 850 2553 innexos
861 2508 920 2554 et
943 2497 1085 2552 velut
1107 2499 1340 2553 insertos
1361 2498 1568 2553 versari
1585 2508 1732 2553 retro
1757 2509 1813 2552 et
1829 2497 2104 2553 contrario

503 2591 717 2646 caneris
739 2604 886 2647 motu
911 2589 1041 2646 ferri
1069 2591 1421 2654 arbitrantur,
1453 2607 1628 2661 eoque
1655 2591 1888 2661 impulsu
1904 2600 1958 2645 et
1989 2605 2102 2646 mo-

506 2700 564 2746 tu
592 2691 832 2759 ipsorum
859 2689 1073 2743 orbium
1100 2687 1315 2742 dulcem
1342 2685 1629 2756 quemdam
1658 2696 1710 2740 et
1735 2686 1951 2755 plenum
1980 2700 2107 2740 sua-

508 2783 692 2837 vitatis
715 2791 880 2852 atque
917 2781 1051 2836 artis
1076 2779 1443 2850 etgralissinti
1481 2777 1868 2833 modulaminis
1913 2791 2106 2832 sonum

509 2877 704 2941 reddi,
731 2875 985 2944 quoniam
1027 2873 1232 2929 scissus
1262 2887 1355 2926 aer
1404 2881 1510 2925 tam
1567 2870 1759 2925 artitiei
1813 2876 1960 2924 motu
1988 2911 2003 2936 ,
2053 2877 2110 2926 et

512 2980 669 3026 acuta
701 2984 823 3024 cum
850 2967 1108 3040 gravibus
1141 2974 1501 3037 temperante,
1530 2965 1602 3019 ita
1629 2964 1809 3020 varios
1830 2963 2110 3034 aequabili-

512 3077 594 3122 ter
622 3073 918 3120 concentus
945 3062 1164 3126 el'liciat;
1195 3071 1254 3116 ut
1282 3075 1497 3114 omnem
1525 3058 1970 3131 supergrediatur
1993 3073 2112 3113 mu-

511 3160 611 3218 sici
633 3158 891 3216 carminis
916 3156 1257 3213 suavitatem.

2199 1955 2308 2012 quo
2347 1941 2610 2011 scriptum
2637 1954 2720 1996 est
2751 1959 2764 1996 ε
2796 1939 2862 1995 In
2903 1942 3160 2013 principio
3201 1943 3320 2013 fecit
3351 1940 3489 1998 Deus
3537 1943 3718 1998 citium
3748 1952 3798 1998 et

2200 2045 2416 2089 terram.
2444 2033 2550 2089 Nec
2570 2035 2708 2090 fallit
2731 2035 2873 2104 quod
2889 2036 3051 2106 aliqui
3085 2044 3210 2091 ante
3236 2051 3335 2092 nos
3363 2035 3433 2091 ita
3459 2037 3795 2107 acceperint,

2199 2141 2267 2182 eo
2296 2125 2439 2198 quod
2489 2141 2654 2197 supra
2695 2139 2938 2183 creatum
2986 2138 3210 2184 auctore
3255 2128 3367 2185 Deo
3411 2135 3467 2184 et
3511 2129 3792 2184 conditum

2201 2219 2399 2275 caelum
2427 2217 2706 2290 Scriptura
2738 2221 3090 2290 expresserit,
3127 2220 3216 2276 hic
3244 2222 3638 2292 expositionem
3669 2237 3802 2294 ope-

2203 2311 2310 2378 ris,
2344 2313 2750 2384 creationisque
2789 2313 3106 2380 diffuderit;
3159 2327 3216 2369 ut
3263 2315 3336 2370 ibi
3385 2315 3537 2385 quasi
3585 2329 3802 2372 summa

2203 2407 2388 2476 operis
2444 2407 2683 2462 breviter
2732 2408 3130 2480 comprehensa
3183 2411 3284 2477 sit,
3333 2408 3422 2466 hic
3469 2411 3805 2480 Operationis

2204 2498 2442 2570 qualitas
2495 2515 2593 2572 per
2633 2500 2778 2571 ipsas
2817 2503 3258 2558 concurrentium
3287 2513 3466 2559 rerum
3495 2503 3702 2576 digesta
3734 2503 3808 2561 sit

2208 2591 2442 2662 species.
2469 2591 2574 2649 Sed
2605 2604 2787 2649 movet
2804 2609 2904 2649 nos
2927 2637 2941 2661 ,
2970 2595 3091 2665 quia
3116 2594 3225 2667 26
3249 2605 3302 2651 et
3331 2611 3529 2651 nomen
3564 2594 3708 2651 aliud
3731 2597 3805 2652 si-

2209 2685 2516 2756 gniﬁcatur,
2536 2697 2589 2741 et
2611 2689 2819 2756 species
2846 2688 3090 2752 solidior,
3116 2698 3172 2743 et
3203 2701 3360 2743 causa
3384 2687 3733 2753 discernitur,
3751 2695 3807 2745 et

2213 2793 2440 2848 persona
2481 2781 2858 2850 cooperatoris
2884 2781 3212 2852 adjungitur.
3243 2781 3332 2836 Sic
3359 2780 3503 2836 enim
3539 2781 3806 2852 scriptum

2209 2882 2334 2928 est:
2367 2873 2433 2927 Et
2462 2875 2700 2928 discrevit
2728 2873 2874 2930 Deus
2917 2876 3052 2930 inter
3098 2875 3322 2929 niedium
3350 2891 3497 2946 aqua
3549 2891 3670 2947 qua:
3698 2885 3809 2931 erat

2210 2966 2304 3020 sub
2329 2966 2677 3035 ﬁrmamento,
2709 2978 2758 3022 et
2785 2969 2918 3022 inter
2948 2969 3172 3024 medium
3201 2981 3348 3040 aqua
3373 2983 3490 3039 qua
3527 2981 3636 3024 erat
3654 2985 3810 3041 super

2213 3060 2596 3130 ﬁrmamentum
2625 3060 2779 3135 (Gen.
2817 3075 2854 3130 t,
2883 3063 2964 3132 7).

2285 3154 2341 3212 9.
2385 3157 2450 3211 Et
2495 3157 2671 3228 primo
2712 3158 2902 3212 volunt
2931 3156 2982 3213 id
3015 3158 3300 3215 destruere
3342 3157 3486 3230 quod
3539 3157 3810 3230 frequenti

583 3255 636 3308 7.
667 3253 834 3321 llnjus
885 3249 965 3305 rei
995 3248 1156 3304 [idem
1213 3248 1257 3302 si
1315 3249 1560 3315 requiras
1607 3255 1769 3316 atque
1823 3253 2111 3314 exspectes
2139 3255 2184 3328 ρ
2218 3247 2621 3318 Scripturarnm
2651 3249 2884 3306 lectione
2909 3251 3155 3306 inolitnm
3185 3253 3387 3306 nostris
3409 3261 3460 3306 et
3485 3251 3812 3320 impressum

515 3361 682 3402 sensu
733 3343 888 3398 nobis
917 3353 972 3396 et
1017 3340 1202 3394 auditu
1249 3340 1504 3410 probari,
1557 3338 1832 3393 haesitant.
1884 3336 2017 3392 Nam
2064 3335 2110 3390 si

514 3454 641 3494 vera
695 3436 895 3501 forent,
941 3433 1214 3505 quomodo
1243 3440 1391 3487 tanto
1419 3441 1568 3487 motu
1617 3431 1830 3485 orbium
1881 3443 2111 3484 concre-

519 3543 706 3606 pante,
752 3547 875 3587 cum
933 3530 1024 3585 ille
1052 3528 1296 3585 cwlestis
1341 3527 1508 3594 orbis,
1555 3525 1645 3582 cui
1701 3525 1891 3580 aftixos
1937 3526 2116 3580 ferunt

521 3628 804 3685 stellarum
832 3639 1044 3689 cursus,
1096 3623 1186 3692 qui
1215 3623 1334 3676 sine
1366 3621 1774 3675 intermissione
1803 3618 2110 3684 volvuntur,

524 3723 937 3778 concitatiorem
990 3717 1188 3772 habeat
1241 3714 1658 3770 conversionem
1711 3723 1872 3784 atque
1900 3723 2116 3767 acutum

522 3829 714 3870 sonum
745 3812 968 3878 excitet,
1002 3809 1088 3864 hic
1117 3817 1298 3864 autem
1329 3807 1536 3862 lunaris
1578 3807 1988 3878 gravissimum,.
2012 3821 2117 3859 non

523 3906 801 3961 audiretur
848 3919 881 3957 a
926 3903 1105 3969 nobis,
1161 3916 1285 3957 cum
1317 3900 1519 3955 leviora
1564 3900 1753 3954 audire
1814 3896 2120 3953 soleamus?

528 3999 714 4055 Fidem
745 4011 877 4067 ergo
903 3996 1023 4065 ejus
1072 3993 1455 4062 disputationis
1498 3991 1543 4046 si
1597 3989 1906 4046 testimonio
1932 3999 2122 4045 nostro

525 4101 582 4150 et
603 4091 820 4148 auditus
873 4101 1099 4144 munere
1144 4087 1424 4158 exigamus
1473 4085 1725 4156 probari,
1758 4084 2000 4140 referunt
2029 4083 2125 4139 ob-

527 4187 812 4245 surduisse
831 4197 992 4238 aures
1039 4189 1254 4238 nostras
1279 4222 1294 4248 ,
1341 4187 1398 4236 et
1441 4179 1777 4236 hebetiorem
1815 4178 1971 4233 nobis
1991 4191 2123 4232 sen-

529 4298 650 4340 sum
699 4276 961 4338 audiendi
1011 4275 1251 4339 factum,
1309 4285 1530 4345 propter
1581 4272 1732 4327 illam
1777 4286 1810 4325 a
1863 4271 2128 4340 principio

529 4383 732 4431 nostra:
755 4368 1124 4442 generationis
1152 4369 1397 4438 concepti
1424 4367 1633 4422 sonitus
1655 4363 2122 4420 consuetudinem.

531 4471 597 4528 Et
647 4469 957 4540 exemplum
1022 4465 1274 4531 aﬂ'erunt,
1315 4478 1396 4519 'eo
1438 4460 1582 4534 quod
1634 4460 1788 4516 Nilus
1839 4459 2129 4516 ﬂuviorum

536 4569 806 4623 maximus
833 4603 847 4630 ,
900 4576 967 4618 eo
1016 4551 1271 4616 videlicet
1315 4557 1437 4612 loco
1468 4555 1560 4610 ubi
1605 4570 1664 4610 se
1728 4569 1795 4610 ex
1850 4552 2130 4608 altissimis

2215 3350 2299 3396 est
2325 3343 2615 3408 mentibus,
2639 3344 2770 3412 'qnia
2815 3358 2969 3413 aqua:
2995 3357 3160 3414 super
3187 3345 3356 3400 eteius
3381 3359 3503 3399 esse
3533 3361 3638 3398 non
3691 3359 3815 3413 pos~

2217 3433 2348 3496 sint,
2395 3433 2636 3489 dicentes
2693 3428 2982 3491 rotundum
3029 3452 3150 3492 esse
3199 3437 3386 3493 orbem
3443 3438 3592 3494 illum
3643 3438 3811 3504 cmli,

2215 3524 2371 3594 cujus
2399 3526 2449 3579 in
2495 3526 2673 3582 ntedio
2703 3536 2843 3582 terra
2873 3530 2978 3595 sit,
3029 3539 3084 3584 et
3128 3530 3179 3584 in
3211 3529 3306 3585 illo
3347 3531 3573 3585 circuitu
3620 3545 3816 3600 aquam

2221 3630 2366 3673 Stare
2395 3634 2500 3673 non
2537 3635 2716 3691 posse,
2743 3622 2886 3692 quod
2915 3637 3137 3679 necesse
3163 3633 3245 3680 est
3273 3624 3474 3680 deﬂuat
3500 3634 3556 3682 et
3585 3625 3813 3693 labatur,

2219 3726 2342 3766 cum
2367 3713 2435 3767 de
2462 3717 2840 3785 superioribus
2868 3717 2933 3771 ad
2960 3717 3213 3773 interiora
3253 3718 3511 3774 decursus
3538 3728 3642 3774 est.
3673 3721 3822 3785 Quo-

2223 3806 2384 3860 modo
2404 3810 2550 3861 enim
2579 3823 2714 3878 aqua
2743 3824 2906 3879 super
2935 3810 3145 3875 orbem,
3167 3821 3222 3865 ut
3245 3811 3415 3874 aiunt,
3442 3823 3586 3866 stare
3615 3817 3817 3880 potest,

2223 3915 2346 3955 cum
2379 3901 2526 3957 orbis
2552 3903 2668 3968 ipse
2695 3905 2980 3959 volvatur?
3021 3903 3146 3959 [huc
3187 3912 3270 3960 est
3297 3905 3388 3958 illa
3437 3906 3671 3960 versutia
3704 3904 3824 3960 dia-

2227 3996 2458 4052 lectica.
2495 3998 2566 4050 Da
2595 3997 2724 4051 mihi
2761 3997 2900 4052 unde
2933 3999 3024 4052 tibi
3051 3997 3430 4068 respondeant.
3457 3995 3612 4066 Quod
3634 3997 3679 4053 si
3711 4014 3820 4054 non

2225 4088 2405 4156 detur,
2433 4089 2638 4154 pullum
2670 4089 2894 4145 verbum
2927 4089 3182 4146 refertur.
3229 4090 3427 4146 Petunt
3465 4091 3565 4146 sibi
3592 4090 3820 4145 concedi

2226 4197 2385 4238 axem
2443 4183 2567 4238 coeli
2619 4185 2859 4254 torqueri
2905 4195 3054 4239 motu
3111 4183 3352 4249 concito,
3403 4185 3589 4240 orbem
3638 4193 3822 4239 autem

2229 4283 2388 4331 terrae
2435 4291 2557 4332 esse
2610 4276 2985 4344 immobilem;
3038 4286 3098 4332 ut
3145 4285 3394 4333 astruant
3442 4293 3610 4348 aquas
3657 4291 3824 4347 super

2227 4371 2400 4426 cmlos
2443 4386 2566 4427 esse
2619 4387 2726 4426 non
2776 4386 2968 4443 posse,
3001 4372 3146 4442 quod
3186 4387 3378 4428 omnes
3423 4385 3516 4428 eas
3557 4370 3826 4427 volvendo

2231 4478 2289 4518 se
2316 4463 2432 4519 axis
2448 4464 2749 4520 elfunderet
2774 4482 2787 4518 :
2813 4465 2965 4535 quasi
2993 4479 3122 4522 vero
3144 4473 3204 4521 ut
3227 4465 3521 4521 concedam
3551 4464 3662 4519 illis
3681 4463 3827 4534 quod

2237 4559 2537 4628 postulant,
2570 4569 2624 4614 et
2666 4558 2968 4614 secundum
3017 4574 3208 4614 eorum
3241 4559 3528 4628 opiniones
3575 4557 3683 4612 illis
3711 4571 3832 4611 res-

534 4662 812 4722 montibus
849 4668 874 4696 ιι
903 4659 956 4714 in
984 4654 1247 4725 catadupa
1272 4645 1362 4708 illa
1396 4651 1729 4724 praecipitat,
1759 4647 2131 4720 magnitudine
2159 4655 2209 4717 ι)
2237 4652 2526 4722 pondeam,
2583 4666 2778 4722 negare
2829 4651 3042 4722 possint
3077 4653 3142 4706 in
3175 4651 3265 4706 illa
3297 4650 3581 4705 altitudine
3619 4659 3669 4704 et
3703 4663 3830 4720 pro-

537 4756 766 4828 fragoris
793 4753 874 4809 sui
920 4766 1080 4808 aures
1123 4748 1430 4804 accolarum
1479 4736 1746 4810 obstruat,
1795 4754 1852 4799 ut
1877 4743 2130 4799 audiendi

539 4867 767 4909 munere
797 4863 985 4904 carere
1010 4847 1278 4901 dicantur.
1314 4841 1421 4899 Sed
1462 4842 1616 4897 facile
1638 4841 1723 4896 his
1754 4842 1867 4911 ipsa
1899 4855 2128 4912 respon-

544 4950 638 5006 det
661 4943 882 5000 veritas.
913 4940 1046 4995 Nam
1076 4937 1168 5009 qui
1197 4937 1433 4992 tonitrua
1479 4934 1727 4990 audimus
1771 4933 1991 4990 nubium
2018 4934 2133 4990 col-

543 5041 738 5100 lisione
780 5042 1054 5106 generata,
1111 5038 1384 5084 tantorum
1443 5027 1654 5083 orbium
1723 5028 2129 5095 conversiones,

541 5133 634 5207 qui
661 5129 850 5201 majori
880 5128 1064 5196 utique
1103 5123 1242 5181 sicut
1289 5130 1436 5176 motu
1487 5120 1616 5176 ferri
1667 5120 2023 5186 aestimantur,
2060 5123 2132 5178 ita

540 5223 980 5284 vehementiores
1019 5216 1228 5272 sonitus
1255 5219 1594 5279 excitarent,
1646 5228 1754 5268 non
1785 5213 2136 5269 audiremus?

545 5319 767 5377 Addunt
804 5323 1065 5387 praeterea
1089 5351 1105 5378 ,
1139 5309 1258 5365 ideo
1285 5324 1479 5366 sonum
1529 5307 1673 5363 hunc
1698 5324 1808 5363 non
1855 5310 2139 5378 pervenire

545 5413 617 5469 ad
647 5421 854 5475 terras,
907 5422 976 5462 ne
1001 5404 1143 5476 capti
1189 5404 1440 5459 homines
1508 5418 1604 5473 per
1653 5403 1976 5457 suavitatem
2020 5402 2139 5472 ejus

546 5514 708 5574 atque
759 5499 1124 5573 dulcedinem,
1171 5513 1332 5569 quam
1379 5497 1700 5556 celerrimus
1742 5495 1834 5550 ille
1877 5495 2139 5552 caelorum

546 5595 731 5654 eﬂ‘ecit
787 5600 1003 5659 motus,
1034 5590 1103 5646 ab
1158 5588 1517 5646 orientalibus
1565 5587 1810 5660 partibus
1867 5601 2038 5658 usque
2085 5591 2141 5643 in

620 5743 668 5790 ⁸.
703 5727 836 5789 Mss.
866 5731 1045 5803 plures
1061 5743 1135 5803 ac
1169 5725 1548 5803 probatiores.
1589 5723 1852 5803 catadyta,
1878 5737 1910 5803 _a
1934 5722 2130 5793 quibus

554 5808 646 5864 alii
676 5809 800 5863 licet
834 5791 1074 5873 corrupti
1105 5791 1244 5855 haud
1267 5799 1426 5873 longe
1457 5791 1930 5873 receduntCCorb.
1954 5791 2126 5851 vetus.

550 5881 702 5941 Gem.
730 5893 792 5938 ac
818 5876 972 5937 Cmu.
997 5865 1404 5954 'explicationis
1431 5882 1561 5946 ergo
1589 5865 1788 5924 habent
1809 5865 1983 5925 abdita
2011 5883 2132 5942 pro-

2236 4746 2408 4802 fundo
2460 4756 2516 4802 et
2562 4746 2950 4818 longitudinem
3005 4761 3127 4802 esse
3167 4757 3220 4802 et
3262 4744 3624 4812 latitudinem,
3663 4759 3829 4816 quam

2239 4856 2400 4897 nemo
2431 4851 2608 4910 potest
2639 4837 3138 4910 comprehendere,
3177 4840 3281 4894 nisi
3310 4838 3356 4893 is
3379 4839 3468 4909 qui
3499 4837 3752 4907 impletur
3775 4837 3832 4893 in

2239 4949 2455 4990 omnem
2505 4933 2896 5003 plenitudinem
2952 4933 3084 4999 Dei,
3117 4943 3174 4988 ut
3206 4934 3498 5002 Apostolus
3535 4933 3608 4986 ait
3637 4931 3830 5004 (Epic,

2238 5042 2317 5094 tu,
2353 5028 2442 5093 18,
2477 5025 2585 5100 l9).
2619 5026 2753 5095 Quis
2779 5026 2923 5082 enim
2942 5032 3119 5096 potest
3139 5023 3296 5080 facile
3317 5039 3438 5080 esse
3460 5023 3627 5078 divini
3649 5022 3834 5091 operis

2239 5123 2578 5177 aestimator?
2613 5121 2709 5178 Est
2737 5133 2867 5191 ergo
2889 5118 3113 5174 latitudo
3142 5119 3196 5174 in
3222 5118 3335 5190 ipsa
3364 5117 3487 5173 cteli
3524 5115 3838 5172 altitudine.

2239 5213 2385 5272 Sunt
2411 5215 2599 5280 etiam,
2631 5225 2688 5270 ut
2715 5214 2783 5270 de
2813 5215 2898 5269 his
2923 5213 3168 5268 dicamus
3198 5227 3319 5282 qua:
3341 5211 3480 5264 seire
3509 5222 3832 5278 possumus,

2245 5307 2504 5376 pleraque
2549 5305 2772 5360 mdiﬁcia
2805 5304 2934 5360 foris
2976 5301 3226 5367 rotunda,
3261 5303 3404 5357 intus
3445 5300 3707 5371 quadrata
3735 5339 3750 5364 ,
3780 5307 3839 5354 et

2243 5396 2380 5454 foris
2437 5399 2740 5468 quadrata,
2794 5399 2939 5452 intus
3009 5396 3262 5463 rotunda,
3311 5394 3511 5466 quibus
3553 5393 3838 5464 superiora

2244 5502 2368 5546 sunt
2416 5491 2596 5562 plana,
2655 5492 2706 5546 in
2758 5490 2954 5562 quibus
3007 5505 3143 5562 aqua
3200 5489 3407 5544 hierere
3459 5487 3650 5542 soleat.
3705 5487 3840 5555 Qua:

2246 5595 2422 5642 tamen
2473 5586 2597 5642 ideo
2643 5585 2899 5652 dicimus,
2953 5582 3342 5639 ubsdvertnt
3384 5580 3673 5652 opiniones
3710 5593 3840 5635 suas

2238 5695 2533 5795 fluuit/Alii
2554 5737 2686 5795 vero
2712 5719 3420 5795 etpcditLlegi‘mtfatadupa,
3445 5733 3565 5795 qua:
3583 5724 3712 5772 sunt
3731 5713 3838 5774 Nili

2248 5805 2556 5862 cataractae,
2587 5794 2654 5851 de
2678 5793 2874 5872 quibus
2897 5789 3017 5850 Cic.
3039 5791 3092 5848 in
3115 5789 3341 5850 Somnio
3384 5789 3530 5870 Scip.

4127 172 4133 390 ⁴
