4156 6370
538 281 640 337 ibi

1875 284 2122 342 SANCTI
2157 283 2479 345 AMBROSII

3736 301 3837 358 i332

540 401 658 470 plus
689 399 829 473 ignis
855 414 1220 474 excoqueret,
1253 420 1428 478 neque
1468 399 1796 466 eiuberaret
1821 425 1958 483 aqua
1989 430 2004 468 :
2036 413 2132 469 sed
2159 429 2214 491 Α
2240 422 2459 485 putant,
2495 425 2553 472 ut
2582 415 2718 473 nihil
2751 417 3000 475 videatur
3028 418 3272 477 humoris
3299 435 3623 480 consumere
3654 446 3668 482 :
3712 426 3836 496 quia

542 494 850 551 imminutio
878 495 1035 554 ﬁeret
1063 498 1342 568 utriuSque
1368 501 1647 558 moderata
1667 545 1680 569 ,
1709 518 1830 574 quae
1850 514 1904 560 et
1944 519 2136 576 super.

539 586 708 641 iluum
740 587 1075 655 detraheret,
1111 598 1167 646 et
1197 593 1563 648 necessarium
1601 607 1928 653 reservaret.
1953 597 2139 671 itaque

542 693 667 733 cum
725 687 868 735 tanta
913 681 981 736 de
1031 683 1190 738 terris
1215 693 1505 755 erumpant
1550 688 1908 744 maximorum
1937 689 2138 747 ﬂuenta

541 769 816 834 amnium,
846 770 1000 826 Nilus
1049 773 1223 830 eﬂ‘uso
1251 774 1543 848 Egyptum
1591 786 1849 852 stagnans
1893 782 2138 851 ﬂumine,

544 859 825 919 Danubius
868 864 936 920 de
988 867 1419 924 occidentalibus
1449 873 1722 942 partibus,
1769 873 2135 933 Barbarorum

542 964 705 1026 atque
778 956 1149 1013 Romanorum
1224 960 1562 1018 intersecans
1640 967 1895 1036 populos,
1967 967 2140 1025 donec

543 1047 718 1104 Ponto
759 1050 874 1120 ipse
898 1053 1187 1121 condatur,
1223 1053 1445 1112 Rhenus
1483 1057 1551 1113 de
1571 1058 1699 1130 jugo
1725 1059 1939 1129 Alpium
1970 1077 2140 1135 usque

547 1139 599 1194 in
649 1140 850 1198 Oceani
881 1143 1150 1213 profunda
1203 1161 1396 1204 cursus
1444 1164 1572 1204 suos
1613 1151 1876 1223 dirigens,
1909 1154 2140 1213 Romani

542 1236 932 1291 memorandus
986 1237 1246 1295 adversus
1269 1240 1422 1322 feras
1451 1251 1640 1314 gentes
1671 1262 1860 1302 murus
1884 1247 2093 1319 imperii
2120 1291 2136 1316 ,

542 1327 719 1385 Padus
745 1331 1146 1388 maritimorum
1201 1346 1602 1394 commeatuum
1634 1337 1834 1396 italicls
1883 1343 2138 1400 subsidiis

541 1421 681 1479 ﬁdus
736 1424 996 1493 invector,
1067 1426 1369 1486 Rhodanus
1418 1432 1608 1502 rapido
1661 1436 1906 1492 concitus
1975 1453 2138 1496 cursu

542 1517 856 1590 Thyrrheni
879 1524 1116 1594 :equoris
1147 1525 1281 1581 freta
1329 1528 1611 1596 scindens,
1643 1531 1696 1586 in
1730 1548 1838 1603 quo
1883 1549 1989 1591 non
2018 1553 2136 1592 me-

541 1616 729 1672 diocre
759 1617 931 1673 fertur
983 1623 1350 1692 navigantium
1397 1626 1720 1697 periculum,
1749 1627 1876 1684 dum
1915 1631 2055 1687 inter
2079 1647 2138 1688 se

545 1713 707 1768 maris
736 1712 933 1770 tinctus
955 1724 1009 1769 et
1033 1717 1206 1772 amnis
1233 1717 1432 1774 ﬂuenta
1457 1721 1762 1790 decertant,
1793 1728 2027 1796 itemque
2068 1727 2138 1784 de

541 1805 963 1877 Septentrionali
1020 1819 1173 1879 parte
1217 1820 1242 1848 ιι
1289 1812 1478 1867 Phasis
1526 1812 1818 1871 Caucaseis
1863 1819 2137 1875 montibus

541 1899 694 1955 fusus
716 1915 838 1954 cum
885 1902 1129 1971 pluribus
1170 1904 1291 1959 aliis
1319 1905 1371 1958 in
1403 1905 1671 1962 Euxinum
1705 1924 1764 1964 se
1793 1912 2142 1982 prmeipitans

543 2008 714 2058 mare,
750 1994 1021 2065 prolixum
1053 2004 1138 2052 est
1167 1998 1508 2068 singulorum
1555 2004 1808 2074 prosequi
1850 2003 2139 2061 ﬂuviorum

543 2088 761 2143 nomina
783 2089 874 2158 qui
906 2088 994 2144 vel
1020 2090 1072 2145 in
1105 2102 1349 2147 neSIrum
1374 2108 1524 2148 mare
1545 2093 1882 2162 derivantur,
1914 2098 2000 2152 vel
2028 2097 2144 2154 exi-

542 2181 836 2236 uaniuntur
863 2181 1116 2249 Oceano;
1148 2197 1271 2238 eum
1317 2193 1462 2240 tanta
1496 2187 1659 2256 igitur
1705 2189 1929 2244 ubertas
1972 2205 2140 2262 aqua-

549 2290 666 2328 rum
693 2275 784 2342 sit,
837 2285 1018 2331 tamen
1061 2276 1380 2349 plerumque
1429 2289 1568 2335 terra
1619 2280 1938 2337 meridiana:
1969 2283 2140 2354 plaga:

546 2377 786 2426 torretur
807 2370 1118 2439 ardoribus,
1150 2381 1312 2444 atque
1351 2382 1484 2430 aestu
1515 2375 1690 2432 soluta
1715 2376 1989 2434 fatiscitin
2023 2379 2142 2447 pul-

539 2477 744 2528 verem,
798 2463 1091 2521 miserandi
1139 2467 1387 2538 agricolae
1434 2468 1618 2524 labore
1671 2481 2027 2542 consumpto;
2083 2481 2141 2528 ut

544 2553 857 2625 frequenter
890 2557 956 2613 ad
1008 2567 1218 2630 potum,
1264 2561 1482 2617 siccatis
1520 2563 1717 2633 puteis,
1747 2563 1900 2619 arido
1929 2567 2140 2637 gurgite

539 2648 840 2705 subsidium
866 2651 1026 2708 vitale
1052 2651 1288 2710 deﬁciat.
1316 2653 1386 2710 Et
1414 2656 1522 2712 erit
1555 2657 1772 2727 quidem
1797 2660 2016 2728 quando
2050 2660 2135 2715 di-

539 2751 627 2800 cat
655 2743 856 2816 abysso
890 2765 901 2800 :
941 2747 1139 2804 deserta
1184 2751 1305 2818 eris,
1352 2760 1400 2804 et
1450 2767 1626 2807 omnes
1671 2753 1860 2824 ﬂuuios
1913 2754 2134 2820 siccabo,

540 2835 690 2910 (Esa.
741 2853 885 2907 xuv,
908 2839 1030 2911 2'7),
1054 2841 1196 2898 sicut
1219 2858 1314 2914 per
1334 2843 1548 2900 Esaiam
1581 2843 1818 2902 futurum
1851 2852 2140 2904 annuntia-

541 2933 640 2989 vit.
671 2933 778 2990 Sed
800 2936 963 2992 etiam
997 2946 1287 3010 antequam
1332 2939 1423 2995 ille
1462 2939 1580 2996 dies
1609 2941 1881 3011 adveniat,
1902 2941 1930 2981 ι’
1952 2943 2139 2999 divino

540 3029 874 3098 praestitutus
895 3029 1142 3096 arbitrio,
1174 3025 1282 3086 non
1312 3032 1596 3088 minimum
1630 3033 1774 3089 inter
1801 3050 1858 3090 se
1881 3035 1996 3104 ipsa
2027 3035 2138 3090 ele-

538 3131 848 3178 mentorum
882 3132 1074 3180 natura
1101 3127 1365 3181 decernit.
1398 3125 1607 3182 Crebro
1652 3127 1833 3199 itaque
1861 3137 1958 3183 aut
1981 3130 2138 3185 inun-

537 3209 849 3272 dationibus
881 3216 1122 3274 mundus
1145 3219 1231 3273 hic
1250 3218 1508 3289 quatitur,
1557 3228 1649 3275 aut
1689 3220 1856 3276 nimio
1901 3228 2037 3276 testu
2080 3218 2207 3281 etC

535 3308 785 3365 ariditate
807 3321 1053 3365 vexatur.

611 3403 698 3458 i5.
729 3401 856 3457 Noli
883 3403 1043 3472 igitur
1069 3403 1445 3460 incredibilem
1476 3406 1682 3476 opinari
1709 3421 1973 3478 aquarum
1997 3406 2135 3462 mul-

539 3495 851 3562 titudinem,
877 3496 971 3551 sed
1001 3497 1210 3567 reSpice
1239 3498 1307 3553 ad
1339 3499 1444 3554 vim
1472 3501 1690 3567 caloris,
1737 3509 1790 3560 et
1820 3500 2132 3556 incredulus

539 3606 646 3645 non
675 3591 804 3646 eris.
839 3590 1067 3646 Multum
1089 3603 1172 3647 est
1199 3593 1342 3664 quod
1382 3593 1520 3665 ignis
1550 3595 1804 3652 absorbet
1829 3613 1842 3649 :
1876 3595 2020 3667 quod
2041 3596 2130 3652 vel

537 3698 603 3739 ex
633 3683 726 3739 illo
769 3684 926 3740 nobis
978 3684 1142 3742 debet
1169 3700 1291 3742 esse
1334 3687 1706 3755 manifestum,
1758 3704 1880 3743 cum
1932 3687 2127 3744 medici

538 3791 667 3832 vasa
690 3777 936 3848 quadam
981 3789 1210 3850 angusta
1258 3796 1377 3848 ore,
1427 3782 1671 3852 planiora
1699 3782 1951 3852 desuper,
1983 3783 2130 3840 intus

540 3881 802 3937 concava’,
835 3871 936 3927 levi
969 3871 1206 3926 lucernae
1236 3882 1502 3944 concepto
1531 3874 1729 3929 lumine
1756 3873 1982 3944 afﬂgunt
2007 3889 2130 3930 cor-

534 3963 652 4033 pori
696 3963 1149 4034 quemadmodum
1218 3966 1329 4038 29
1369 3965 1518 4020 calor
1573 3966 1664 4021 ille
1705 3981 1922 4022 omnem
1969 3968 2022 4022 in
2067 3982 2128 4024 se

533 4061 705 4128 rapiat
748 4059 1076 4115 humorem?
1115 4059 1248 4127 Quis
1273 4059 1436 4131 igitur
1476 4059 1687 4115 dubitet
1740 4061 1882 4132 quod
1928 4061 2127 4132 ignitus

533 4153 727 4219 aether,
757 4161 813 4207 et
837 4167 1034 4218 magno
1061 4152 1276 4208 fervens
1323 4169 1524 4224 vapore
1569 4152 1933 4210 inﬂammaret
1961 4164 2124 4226 atque

531 4253 783 4299 exureret
805 4247 1006 4308 omnia,
1032 4247 1135 4300 nisi
1161 4247 1277 4318 lege
1298 4247 1526 4318 quadam
1552 4249 1635 4304 sui
1658 4249 2008 4304 cnliiheretur
2028 4265 2125 4304 au-

529 4339 718 4402 ctoris,
737 4345 917 4392 utnec
939 4337 1184 4403 ﬂumina,
1219 4353 1319 4393 nec
1349 4338 1520 4404 lacus,
1546 4354 1646 4395 nec
1676 4340 1789 4410 ipsa
1821 4339 1986 4395 maria
2010 4341 2121 4396 vim

528 4431 646 4503 ejus
675 4440 900 4503 possent
927 4433 1306 4503 restinguere?
1331 4431 1402 4488 Et
1430 4432 1548 4488 ideo
1589 4433 1826 4503 desuper
1853 4448 1991 4504 aqua
2020 4433 2122 4490 im-

533 4534 660 4601 petu
685 4524 916 4596 quodam
947 4525 1309 4595 descendens,
1344 4527 1399 4582 in
1442 4535 1620 4583 tantos
1663 4528 1983 4601 plerumque
2018 4529 2120 4585 im-

2243 507 2482 564 calorem
2531 524 2638 580 quo
2686 509 2881 567 humor
2921 513 3005 567 vel
3048 513 3342 584 minuitur,
3384 515 3470 570 vel
3519 517 3838 588 plerumque

2242 598 2589 665 exhauritur,
2639 617 2744 658 nou
2776 603 2940 660 habet
2968 606 3292 662 naturalem.
3341 607 3447 665 Sed
3484 610 3618 664 nihil
3649 621 3836 682 agunt,

2241 705 2364 746 cum
2394 691 2496 747 ista
2525 706 2852 764 componunt
2883 712 2898 761 ;
2944 698 3068 766 quia
3100 699 3234 753 nihil
3263 699 3524 770 interest,
3558 708 3739 756 utrum
3769 718 3836 760 ex

2242 791 2434 839 natura
2470 786 2706 840 calorem
2750 787 2871 858 quis
2920 789 3152 855 habeat,
3201 807 3268 844 an
3293 805 3362 846 ex
3395 793 3646 862 passione
3673 837 3689 860 ,
3742 802 3838 849 aut
3924 781 3934 789 ’

2241 876 2417 947 aliqua
2447 891 2723 945 excausa;
2746 881 2866 950 quia
2899 880 3036 952 ignis
3065 883 3244 937 omnis
3265 894 3618 955 consumptor
3646 887 3838 942 humo-

2243 971 2315 1026 ris
2346 981 2456 1039 est,
2493 972 2573 1028 vel
2609 973 2768 1044 hujus
2800 975 2943 1030 modi
2975 978 3236 1046 materiae,
3261 994 3421 1048 quam
3454 980 3671 1034 ﬂamma
3697 995 3833 1036 con-

2241 1067 2416 1122 suevit
2444 1081 2692 1124 cxurere.
2749 1067 2882 1124 Nam
2913 1070 3027 1126 sive
3071 1086 3139 1126 ex
3189 1071 3349 1142 lignis
3381 1072 3520 1128 haud
3567 1089 3837 1145 quaquam

2241 1159 2660 1226 semiustulatis,
2707 1160 2801 1216 sed
2851 1162 2993 1217 inter
3021 1178 3081 1218 se
3107 1162 3348 1232 collisis,
3399 1165 3538 1237 ignis
3575 1181 3839 1222 excussus

2240 1251 2549 1321 excipiatur
2576 1251 2742 1319 foliis,
2772 1254 2936 1309 etiam
2968 1254 3182 1310 ﬂamma
3211 1255 3416 1323 adolet,
3444 1272 3509 1313 ac
3536 1259 3581 1313 si
3612 1257 3680 1314 de
3711 1257 3838 1329 igne

2241 1343 2511 1400 accendas
2565 1344 2782 1402 facem:
2831 1348 2945 1402 sive
2994 1348 3064 1404 de
3112 1349 3344 1406 ﬂammae
3396 1351 3601 1408 lumine
3653 1351 3836 1410 lumen

2240 1435 2538 1502 accendas,
2587 1438 2775 1494 eadem
2804 1441 3016 1509 species
3045 1451 3099 1496 et
3128 1453 3320 1498 natura
3351 1453 3436 1500 est
3465 1443 3720 1512 luminis,
3773 1461 3839 1503 ac

2240 1529 2285 1584 si
2318 1528 2448 1584 illud
2483 1545 2588 1585 non
2617 1533 2878 1589 naturalis
2906 1533 3042 1605 ignis
3069 1533 3408 1602 adoleverit,
3441 1536 3536 1592 sed
3582 1538 3837 1596 accidens

2241 1635 2407 1677 causa
2455 1628 2818 1694 generaverit.
2868 1626 2967 1683 Vel
3010 1627 3136 1683 hinc
3177 1629 3367 1684 saltem
3397 1631 3839 1701 contemplentur

2243 1713 2376 1768 solis
2403 1715 2642 1772 calorem
2663 1759 2678 1784 ,
2711 1733 2818 1788 quo
2845 1719 3058 1776 diversa
3087 1721 3137 1776 ei
3169 1721 3308 1777 Deus
3334 1723 3616 1778 constituit
3643 1738 3838 1784 cursus

2168 1828 2217 1889 B
2242 1807 2323 1861 sui
2364 1809 2480 1862 loca
2513 1818 2568 1864 et
2597 1818 2880 1881 tempora;
2935 1829 3001 1869 ne
3029 1814 3074 1868 si
3103 1828 3318 1886 semper
3344 1816 3395 1870 in
3427 1816 3614 1871 iisdem
3654 1832 3838 1873 mora-

2247 1907 2394 1954 retur
2439 1900 2604 1970 iocis,
2651 1903 2968 1974 quotidiano
3017 1921 3080 1961 ea
3126 1923 3327 1977 vapore
3371 1918 3648 1964 exureret.
3692 1911 3840 1968 Mare

2243 1991 2421 2062 ipsum
2457 1993 2578 2048 ideo
2607 1993 2784 2051 ferunt
2815 1999 2914 2068 ipsi
2939 2000 3139 2054 salsam
3169 2009 3328 2071 atque
3364 2016 3602 2057 amaram
3634 2017 3832 2073 aquam

2244 2086 2465 2151 habere,
2510 2088 2660 2158 quod
2684 2103 2745 2144 ea
2775 2105 2894 2160 quae
2923 2090 3098 2146 ﬂuviis
3144 2093 3195 2148 in
3228 2091 3364 2149 freta
3397 2091 3618 2158 inﬂuat,
3649 2095 3839 2152 eainre

2241 2178 2592 2248 absumatur,
2665 2189 2979 2254 tantumque
3033 2200 3233 2256 vapore
3297 2186 3493 2242 diurno
3545 2194 3839 2257 consumi,

2243 2285 2502 2344 quantum
2527 2275 2770 2346 quotidie
2797 2292 2864 2332 ex
2891 2277 3122 2334 diversis
3154 2279 3440 2335 ﬂuviorum
3477 2282 3730 2337 cursibus
3757 2284 3843 2338 in-

2242 2367 2491 2424 vehatur.
2560 2368 2714 2438 Quod
2763 2387 2828 2428 ex
2871 2371 3002 2427 solis
3031 2372 3260 2444 quadam
3288 2373 3676 2445 dijudicatione
3720 2375 3843 2434 ﬁeri

2241 2462 2593 2532 perhibetur,
2623 2464 2714 2534 qui
2745 2465 2886 2536 quod
2919 2481 3108 2536 purum
3139 2482 3202 2523 ac
3229 2466 3348 2524 leve
3372 2478 3491 2533 est,
3538 2469 3641 2524 sibi
3673 2473 3836 2540 rapit,

2241 2556 2385 2626 quod
2411 2571 2576 2627 grave
2603 2567 2765 2628 atque
2797 2568 3073 2614 terrenum
3098 2602 3113 2626 ,
3169 2560 3426 2630 relinquit
3452 2577 3464 2614 :
3510 2575 3575 2617 ex
3617 2576 3722 2631 quo
3753 2577 3844 2616 re-

2243 2657 2423 2703 manet
2453 2647 2653 2704 salsum
2686 2648 2816 2704 illud
2847 2658 3009 2722 atque
3035 2649 3278 2720 aridum,
3317 2650 3462 2724 quod
3491 2651 3609 2709 sine
3641 2667 3740 2708 usu
3768 2667 3832 2708 ac

2241 2742 2507 2799 suavitate
2539 2743 2760 2814 p0tandi
2789 2744 2883 2801 sit.

2849 2881 3077 2942 CAPUT
3121 2883 3214 2940 1V.

2241 3007 2441 3066 leum
2465 3052 2480 3076 ,
2531 3027 2714 3066 nomen
2743 3027 3010 3067 commune
3037 3029 3056 3078 ;
3103 3012 3322 3083 speciale
3346 3027 3464 3067 vero
3484 3052 3499 3079 ,
3531 3013 3834 3084 ﬁrmamen-

2313 3113 2420 3158 tum
2449 3119 2468 3157 :
2515 3112 2563 3158 et
2607 3104 2745 3158 unde
2791 3120 2889 3159 vox
2927 3113 3144 3176 utraque
3191 3105 3482 3177 desumpta.
3543 3103 3683 3161 Hinc
3719 3107 3836 3162 οωιὶ

2310 3197 2631 3268 acceptiones
2671 3196 2936 3252 nonnulla
2959 3214 2978 3264 ;
3019 3206 3066 3252 et
3108 3197 3177 3252 ad
3208 3207 3490 3254 extremum
3519 3215 3636 3254 cum
3681 3200 3837 3255 creto-

2312 3305 2428 3343 rum
2471 3305 2530 3343 ac
2569 3289 2912 3359 ﬁrmamenti,
2971 3298 3076 3344 tum
3121 3306 3373 3360 aquarum
3414 3290 3626 3347 moralis
3675 3292 3835 3347 inter-

2311 3380 2553 3450 pretatio.

2237 3505 2242 3510 ’
2310 3501 2396 3557 15.
2423 3496 2530 3555 Sed
2554 3508 2891 3556 revertamur
2909 3500 2975 3555 ad
3001 3500 3361 3572 propositum.
3391 3499 3512 3556 Fiat
3533 3502 3835 3573 ﬁrmamen-

2237 3599 2345 3645 tum
2375 3591 2506 3644 inter
2534 3591 2760 3646 medium
2788 3607 2952 3661 aquae.
2999 3589 3116 3646 Non
3147 3601 3379 3657 moveat,
3405 3591 3515 3664 30
3529 3593 3690 3647 sicuti
3714 3592 3828 3664 jam

2235 3683 2378 3751 dixi,
2411 3684 2534 3755 quia
2565 3698 2729 3754 supra
2756 3683 2954 3740 ccelum
2983 3685 3089 3750 ait,
3130 3683 3218 3740 hic
3245 3684 3376 3740 dicit
3404 3685 3786 3755 ﬁrmamentum
3811 3701 3827 3751 ;

2233 3777 2485 3849 quoniam
2513 3786 2570 3833 et
2599 3777 2764 3832 David
2795 3777 2928 3833 dicit
2953 3796 2965 3833 :
3009 3776 3139 3834 Coeli
3174 3789 3416 3832 enm-rant
3445 3778 3667 3850 gloriam
3707 3777 3826 3847 Dei,

2232 3881 2279 3927 et
2318 3889 2476 3942 opera
2523 3889 2770 3927 manuum
2814 3873 2926 3943 ejus
2964 3873 3239 3927 annuntiat
3281 3873 3662 3940 ﬁrmamentum
3704 3871 3827 3945 (Ps.

2233 3980 2396 4031 xvnt,
2430 3963 2507 4036 i),
2555 3965 2657 4020 hoc
2682 3945 2806 4033 est,
2850 3965 3034 4020 mundi
3067 3979 3202 4035 opus
3230 3979 3352 4020 cum
3384 3963 3590 4020 videtur
3615 4006 3630 4032 ,
3664 3980 3824 4020 suum

2231 4057 2413 4112 laudat
2439 4067 2738 4114 auctorem.
2799 4057 3090 4112 invisibilis
3117 4058 3258 4114 enim
3297 4058 3555 4127 majestas
3585 4057 3703 4128 ejus
3729 4073 3827 4129 per

2230 4167 2290 4209 ea
2323 4167 2442 4223 quae
2472 4151 2742 4217 videntur,
2770 4152 3101 4224 agnoscitur.
3131 4151 3200 4207 Et
3220 4150 3434 4207 videtur
3463 4149 3594 4210 mihi
3623 4165 3822 4206 nomen

2227 4246 2489 4301 caelorum
2520 4235 2806 4301 cemmune
2833 4259 2987 4313 esse,
3037 4245 3160 4316 quia
3194 4245 3452 4316 plurimos
3477 4246 3644 4301 caelos
3671 4244 3822 4302 Scri-

2228 4353 2383 4412 ptura
2425 4341 2776 4406 testificatur,
2828 4355 3027 4396 nomen
3059 4349 3240 4395 autem
3271 4355 3390 4395 esse
3419 4339 3684 4410 speciale,
3726 4339 3818 4394 frr-

2226 4443 2578 4490 mamentnm.
2613 4432 2889 4504 Siquidem
2919 4443 2974 4486 et
3002 4431 3090 4487 hic
3118 4432 3191 4487 ita
3224 4431 3453 4486 habetur
3475 4447 3495 4486 :
3524 4429 3594 4484 Et
3623 4431 3822 4485 vocavit

2227 4527 2368 4584 Deus
2417 4529 2794 4599 ﬁrmamenta»:
2823 4529 3006 4583 omnem
3059 4525 3211 4601 (Gen.
3259 4543 3306 4594 ι,
3349 4526 3429 4600 8),
3475 4535 3532 4580 ut
3571 4525 3820 4582 videatur

525 4615 655 4674 hres
691 4619 977 4688 rumpitur,
1006 4628 1064 4673 ut
1085 4616 1308 4674 ﬂumina
1344 4629 1399 4675 et
1425 4620 1576 4675 lacus
1604 4628 1827 4691 repente
1869 4621 2118 4692 replean-
2141 4624 2195 4686 D
2221 4638 2382 4696 supra
2404 4623 2729 4696 generaliter
2751 4622 2976 4687 dixisse,
3002 4621 3053 4677 in
3082 4621 3346 4692 principio
3369 4620 3568 4676 omium
3589 4618 3810 4686 factum,

523 4719 631 4779 tur,
662 4711 777 4782 ipsa
802 4711 969 4768 maria
1013 4712 1310 4769 exuudent.
1344 4711 1498 4770 Unde
1519 4714 1830 4784 frequenter
1857 4724 1912 4772 et
1938 4715 2111 4772 solem

524 4805 770 4861 videmus
801 4806 1074 4863 madidum
1123 4816 1285 4879 atque
1314 4819 1613 4872 rorantem.
1644 4809 1700 4864 in
1729 4825 1836 4882 quo
1888 4810 2112 4866 evidens

517 4897 615 4955 dat
640 4899 920 4969 indicium,
951 4902 1096 4972 quod
1116 4902 1431 4958 alimentum
1452 4904 1558 4961 sibi
1588 4919 1850 4976 aquarum
1880 4905 1946 4961 ad
1977 4914 2112 4962 tem-

515 4991 720 5062 periem
742 4991 826 5048 sui
846 4995 1159 5065 sumpserit.
1222 5064 1223 5067 η

588 5083 677 5143 14.
718 5085 949 5142 Tantum
980 5097 1160 5142 autem
1197 5087 1338 5144 inest
1363 5089 1467 5144 illis
1497 5089 1875 5162 impugnanda:
1909 5093 2106 5148 verita-

516 5182 584 5238 tis
610 5181 883 5250 studium,
934 5189 991 5235 ut
1029 5180 1201 5236 solem
1233 5181 1411 5254 ipsum
1442 5193 1642 5253 negent
1679 5184 1872 5241 calidae
1899 5195 2107 5242 natura;

508 5289 632 5330 esse
656 5291 671 5342 ;
718 5289 784 5328 eo
813 5273 960 5344 quod
987 5274 1144 5328 albus
1171 5275 1273 5342 sit,
1307 5290 1413 5331 non
1445 5277 1776 5332 rubicundus
1797 5320 1812 5344 ,
1845 5290 1938 5334 aut
1967 5280 2102 5334 ruti-

507 5372 594 5426 lus
623 5371 676 5425 in
709 5371 946 5440 speciem
980 5370 1138 5441 ignis.
1174 5371 1241 5427 Et
1273 5370 1398 5426 ideo
1425 5373 1574 5427 aiunt
1602 5373 1745 5445 quod
1776 5388 1875 5430 nec
1906 5373 2106 5442 ignitus

506 5473 702 5520 natura
732 5465 822 5530 sit,
850 5471 906 5520 et
933 5464 977 5520 si
1007 5466 1132 5536 quid
1163 5465 1328 5522 habet
1356 5468 1553 5523 caloris
1573 5510 1588 5534 ,
1616 5467 1798 5523 ferunt
1829 5484 1894 5524 ex
1936 5467 2104 5523 nimio

500 5566 649 5612 motu
693 5557 1066 5612 conversionis
1111 5557 1378 5615 accidere.
1445 5558 1599 5628 Quod
1644 5559 1766 5616 ideo
1805 5558 2096 5616 dicendum

577 5705 624 5750 α.
656 5696 785 5750 Mss.
822 5695 941 5752 Vat.
975 5696 1082 5751 duo
1111 5695 1343 5762 Tanais;
1376 5697 1491 5765 Big.
1528 5695 1719 5764 Ensis;
1749 5695 1890 5752 ViCi.
1922 5710 2082 5760 unus,

499 5767 680 5832 Gem.,
730 5766 903 5834 Caua.
955 5767 1118 5824 Corb.
1169 5784 1305 5825 unus
1352 5767 1651 5832 Euxis....;
1700 5781 1826 5840 mss.
1877 5777 2084 5840 septem

496 5841 820 5909 prq'ripitat;
843 5841 1067 5912 reliqui,
1091 5855 1154 5898 ac
1186 5841 1316 5898 edit.
1346 5855 1554 5907 omnes,
1579 5838 1930 5910 pracipitans.

2221 4731 2280 4774 ut
2309 4735 2526 4775 omnem
2553 4717 2793 4773 caelestis
2829 4727 3094 4772 creatura:
3145 4714 3403 4771 fabricam
3449 4713 3815 4785 comprehen-

2219 4816 2412 4872 deret:
2453 4814 2540 4870 hic
2581 4825 2762 4869 autem
2796 4811 3088 4884 specialem
3121 4810 3445 4866 firmamenti
3476 4810 3637 4880 hujus
3663 4818 3818 4866 exte-

2220 4909 2380 4964 rioris
2409 4905 2772 4973 soliditatem,
2803 4906 2948 4976 quod
2973 4903 3172 4959 dicitur
3213 4903 3336 4959 caeli
3383 4902 3812 4971 ﬁrmamentum,

2216 5003 2357 5058 sicut
2385 4999 2614 5072 legimus
2643 5000 2694 5054 in
2729 4997 2929 5072 hymno
2959 4997 3277 5070 prophetico
3302 5014 3316 5050 :
3344 4995 3657 5052 Benedictus
3681 5013 3734 5052 es
3758 4998 3812 5052 in

2213 5095 2538 5166 ﬁrmamento
2574 5091 2688 5148 τωιὶ
2729 5091 2893 5164 (Dan.
2937 5106 3026 5158 tu,
3057 5091 3169 5163 56).
3215 5089 3348 5146 Nam
3396 5091 3624 5160 omium,
3664 5090 3811 5162 quod

2208 5187 2427 5264 οὐρανὸς
2454 5185 2642 5242 Grazce
2671 5183 2895 5250 dicitur,
2925 5183 3138 5249 Latine,
3168 5184 3292 5256 quia
3324 5183 3588 5255 impressa
3618 5185 3810 5240 stella-

2189 5294 2330 5334 rum
2361 5278 2564 5334 lumina
2592 5277 2741 5334 velut
2766 5277 2917 5349 signa
2959 5277 3189 5343 habeat,
3247 5287 3516 5349 tamquam
3557 5276 3808 5333 cmlatnm

2209 5372 2510 5444 appellatur
2536 5391 2548 5428 :
2592 5373 2733 5428 sicut
2763 5382 3042 5444 argentum
3070 5371 3212 5442 quod
3243 5373 3410 5444 signis
3437 5371 3806 5429 eminentibus

2206 5465 2455 5538 refulget,
2483 5465 2730 5521 calatum
2762 5465 3011 5530 dicimus,
3060 5467 3276 5541 οὐρανὸς
3313 5473 3494 5520 autem
3528 5475 3548 5502 ε
3579 5467 3682 5522 ἀπὸ
3709 5474 3801 5522 τοῦ

2207 5558 2424 5637 ὁρᾷσθαι
2470 5557 2706 5626 dicitur,
2757 5556 2904 5628 quod
2959 5555 3204 5612 videatur
3247 5598 3261 5611 .
3310 5597 3323 5610 .
3372 5596 3387 5611 .
3433 5600 3444 5612 .
3494 5596 3508 5613 .
3548 5597 3564 5613 .
3633 5558 3804 5630 igitur

2193 5769 2242 5823 ὁ.
2266 5703 2312 5780 b_
2338 5695 2458 5751 Vel.
2491 5694 2622 5751 edit.
2655 5710 2720 5751 ac
2749 5710 2880 5752 mss.
2917 5696 3160 5768 aliquot,
3189 5692 3380 5751 Divina
3409 5700 3680 5770 praefectus
3705 5717 3798 5755 ar-

2228 5782 2364 5823 urvo.

2228 5782 2364 5823 ιιι-ιο.

2270 5850 2292 5879 ο
2331 5839 2468 5896 Edit.
2497 5839 2625 5896 Era.
2656 5848 2705 5896 et
2733 5847 3058 5914 sequentes:
3086 5843 3302 5900 ἀπὸτοῦ
3322 5839 3448 5920 ὁρᾶν
3472 5839 3578 5900 ἅνω
3603 5842 3791 5915 (Rom.
