4102 6360
141 299 270 355 155
1482 313 1986 376 ΙΙΕΧᾹΕΜΕΒΟΝ.
2031 320 2158 378 LIB.
2203 323 2263 381 11.
3429 336 3532 391 154

137 428 370 490 terrae,
413 438 570 495 qum
605 427 891 486 obscurior
921 437 1022 496 est,
1057 431 1270 508 οὐρανὸς
1307 445 1670 505 nuncupatur,
1709 436 1834 508 quia
1865 445 1918 504 Α
1947 451 2124 498 tamen
2179 461 2285 501 non
2335 447 2568 503 alienum
2621 449 2829 505 videtur
2885 457 3046 523 atque
3075 446 3396 506 'absurdum
3420 493 3434 517 ,
3486 452 3532 508 si

144 512 416 571 lucidus
454 530 558 575 est
590 564 605 588 ,
655 531 927 595 tamquam
956 523 1204 580 visibilis.
1280 525 1428 582 Unde
1459 537 1586 598 puto
1613 539 1666 583 et
1700 530 1829 585 illud
1945 549 2114 606 aquas
2157 552 2316 593 veras
2350 550 2567 610 propter
2596 541 2742 597 illam
2771 512 2986 598 causam
3013 585 3027 610 ,
3078 559 3238 614 quam
3270 543 3530 614 diximus,

145 605 407 664 dictum
443 628 460 664 :
523 622 556 650 κ
595 613 842 670 Volatilia
870 615 982 670 certi
1028 633 1226 689 semper
1253 617 1424 673 vident
1451 623 1634 690 facient
1663 619 1840 676 Patris
1945 627 2329 699 intelligamus.
2350 605 2508 688 iNam
2549 643 2604 690 et
2634 651 2723 691 ros
2750 645 2804 692 et
2832 638 2953 708 gelu
2985 647 3038 693 et
3070 637 3236 710 frigus
3263 646 3319 694 et
3343 649 3529 708 aestus,

152 703 303 768 πιεῖν
343 705 451 774 qui
489 707 556 760 in
590 708 744 762 ’cwlis
770 717 842 763 est
868 707 1024 780 (Gen.
1079 725 1118 772 ι.
1147 709 1265 782 20).
1316 712 1382 765 Et
1405 729 1417 764 :
1444 712 1673 767 volatilia
1702 715 1840 769 circa
1941 723 2240 777 secundum
2291 724 2548 797 hymnum
2589 703 2960 801 propheticum
2989 731 3316 788 benedicunt
3344 732 3531 788 Domi-

155 793 622 863 [irmammtum
654 802 766 857 coeli
791 819 810 869 ;
852 817 919 858 eo
950 803 1091 874 quod
1124 815 1440 875 potestates,
1477 822 1597 877 quae
1624 818 1751 862 sunt
1783 810 1834 864 in
1945 831 2095 880 num,
2122 793 2389 872 benedicit
2422 829 2476 874 et
2501 793 2642 875 terra
2673 793 2835 891 (Dan.
2868 840 2944 887 ιιι,
2977 824 3044 880 64
3085 834 3131 879 et
3156 822 3286 896 seq.)
3315 844 3328 880 :
3355 834 3409 880 et
3439 825 3530 882 illa

161 886 280 942 illo
317 889 561 948 visibili
619 893 774 961 loco,
815 907 1061 966 spectent
1095 897 1212 953 hxc
1243 899 1423 954 omnia
1444 941 1459 965 ,
1511 912 1565 956 et
1591 901 1834 972 subjecta
1943 923 2050 963 non
2082 909 2146 963 ad
2177 909 2542 982 intelligibiles
2573 925 2792 971 naturas
2823 917 3130 985 referimus,
3165 920 3258 975 sed
3292 919 3358 975 ad
3387 921 3530 975 veri-

160 983 302 1037 suis
343 984 623 1042 habeant
653 992 1051 1059 conspectibus.
1942 1012 2128 1060 tatem.
2222 1003 2466 1059 Laudant
2529 1006 2692 1061 etiam
2759 1008 3020 1067 dracones
3073 983 3357 1069 Dominum
3408 1012 3524 1084 (Ps.

255 1075 358 1132 16.
417 1077 693 1152 Denique
719 1082 962 1139 clausum
991 1085 1187 1141 coelum
1216 1086 1423 1142 dictum
1464 1099 1546 1144 est
1578 1091 1837 1160 tempori-
1939 1111 2160 1163 catum,
2202 1097 2256 1168 7)
2292 1113 2304 1161 ;
2351 1097 2476 1167 quia
2521 1107 2711 1152 natura
2749 1114 2938 1155 eorum
2968 1111 3020 1157 et
3051 1105 3262 1173 species
3289 1121 3409 1162 cum
3443 1107 3525 1162 vi-

165 1167 284 1225 bus
315 1170 479 1227 Elia:
509 1176 742 1246 quando
774 1179 826 1232 in
850 1177 1039 1234 Achab
1063 1192 1113 1236 et
1140 1179 1358 1237 Jezabel
1391 1181 1624 1251 perfidia
1645 1199 1837 1256 regua-
1939 1190 2117 1258 detur,
2151 1207 2262 1268 non
2288 1191 2570 1248 minimum
2603 1193 2684 1249 vel
2706 1193 2919 1251 decoris
2949 1167 3202 1266 offundit,
3233 1199 3320 1257 vel
3354 1201 3528 1257 inesse

168 1262 284 1319 bat
313 1305 329 1329 ,
383 1281 529 1323 cum
582 1272 813 1342 populus
851 1274 1018 1345 regali
1068 1276 1356 1347 sacrilegio
1384 1277 1726 1345 descrviret,
1771 1293 1837 1335 eo
1939 1285 2163 1340 rationis
2197 1262 2451 1342 ostendit.

171 1359 346 1428 quod
405 1377 598 1419 nemo
637 1366 702 1420 ad
731 1367 946 1480 icmlum
980 1369 1168 1480 oculos
1207 1371 1486 1480 erigebant,
1531 1388 1698 1480 nemo.
1717 1373 1836 1444 ejus
2560 1422 2788 1480 CAPUT
2841 1423 2881 1479 γ

2561 1458 2778 1480 υηιυι
2855 1458 2905 1479 ι.

171 1461 501 1528 auctorem
520 1458 911 1526 venerabatur,
939 1461 1195 1532 sedligna
1219 1473 1272 1518 et
1295 1464 1500 1534 lapides
1517 1466 1832 1522 adorabant.
1944 1538 1985 1556 Α
2204 1510 2220 1532 .
2246 1540 2265 1556 ρ
2327 1550 2337 1556 ι
2410 1539 2447 1556 ἢ
2493 1549 2503 1556 Δ
2540 1541 2550 1552 _
2895 1541 2906 1553 ο
3112 1541 3147 1556 η
3326 1544 3338 1556 ⁸

180 1544 362 1601 Unde
388 1546 510 1604 hoc
523 1550 867 1621 colligimus?
882 1553 1015 1622 Quia
1033 1566 1082 1610 et
1103 1554 1155 1610 in
1171 1558 1633 1616 maledictionihus
1652 1577 1794 1632 popu

1941 1538 2106 1606 Quam
2148 1540 2372 1610 perfecta
2400 1539 2578 1596 Patris
2617 1557 2678 1595 ac
2724 1539 2852 1595 Filii
2887 1541 2939 1596 in
2983 1541 3222 1614 operibus
3258 1544 3364 1598 suis
3406 1559 3527 1598 con-

180 1637 379 1694 lsrael
415 1642 572 1697 dixit
603 1643 744 1699 Deus
777 1664 790 1699 :
833 1644 949 1700 Erit
975 1647 1062 1702 tibi
1108 1650 1291 1704 costum
1319 1667 1472 1721 super
1503 1631 1664 1726 caput
1685 1659 1800 1709 titur

2000 1634 2224 1706 junctio.
2269 1631 2454 1688 Videre
2480 1634 2534 1688 in
2568 1632 2675 1688 Deo
2702 1634 2836 1688 idem
2862 1644 3012 1704 atque
3038 1635 3348 1708 approbare.
3381 1634 3528 1706 Opus

182 1747 440 1801 “nam”,
474 1747 528 1790 ει
565 1749 699 1792 mra
728 1752 816 1794 ma
849 1742 1017 1811 ferrea
1047 1744 1233 1814 (Lam.
1285 1763 1442 1812 xx",
1474 1749 1588 1820 19),
1617 1752 1832 1820 quando
2007 1727 2226 1782 laudare
2268 1727 2502 1798 partibus
2541 1728 2766 1782 nondum
2807 1727 3053 1784 absolutis
3082 1726 3193 1783 Deo
3237 1745 3521 1800 proprium.

187 1829 454 1895 pretium
509 1831 754 1901 perfidiae
784 1833 939 1889 luens
982 1839 1209 1907 populus
1233 1823 1579 1907 JudiBorutn,
1631 1843 1821 1897 intent-
1857 1848 1902 1908 Β
2008 1846 2091 1900 18.
2136 1845 2202 1900 Et
2232 1845 2358 1899 vidit
2390 1843 2531 1900 Deus
2561 1845 2681 1916 quia
2734 1845 2918 1900 bonum
2966 1844 3122 1918 (Gen.
3177 1860 3215 1914 t,
3249 1843 3327 1916 5).
3376 1843 3528 1900 Facit

181 1920 353 1988 perie
376 1923 542 1986 cmli.
569 1934 621 1979 et
645 1937 800 1980 terra:
833 1928 1218 1987 infecunditate
1252 1934 1572 2001 mulctatur;
1595 1935 1663 1990 dc
1689 1936 1828 1991 ccelo
1937 1939 2108 1993 Filius
2133 1983 2148 2003 ,
2203 1939 2346 2007 quod
2379 1938 2493 1992 vult
2524 1938 2720 1993 Pater:
2765 1938 2944 1994 laudat
2969 1938 3130 1994 Pater
3154 1981 3170 2004 ,
3222 1937 3364 2008 quod
3397 1937 3526 1993 facit
3557 1961 3584 1987 ο

185 2013 351 2069 enim
410 2029 592 2071 causa
641 2017 953 2079 fertilitatis.
1021 2023 1262 2096 Denique
1301 2035 1357 2081 et
1393 2027 1608 2099 Moyses
1658 2028 1820 2084 benc-
1933 2031 2127 2087 Filius.
2195 2030 2338 2086 Nihil
2386 2031 2436 2084 in
2488 2031 2584 2086 illo
2639 2041 2841 2085 ua!ur:e
2890 2031 3178 2102 degeneris
3229 2031 3522 2096 invenitur,

189 2106 494 2164 dictiones
531 2111 696 2166 tribui
723 2112 922 2185 Joseph
955 2132 982 2169 a
1015 2115 1210 2173 finibus
1241 2119 1362 2175 εωιὶ
1407 2129 1461 2175 et
1492 2135 1615 2176 rore
1643 2120 1824 2193 abyssi
1931 2125 2087 2196 cujus
2117 2139 2252 2195 Opus
2283 2141 2310 2177 a
2345 2135 2567 2195 paterna
2598 2140 2703 2178 non
2732 2123 3022 2194 degenerat
3053 2123 3342 2179 voluntate.
3376 2123 3524 2180 Vidit

195 2197 449 2255 fontium
485 2202 770 2271 deorsum,
799 2205 826 2244 ι)
855 2220 909 2262 et
939 2210 1237 2266 secundum
1270 2212 1458 2268 horam
1487 2229 1515 2267 a
1546 2214 1676 2269 solis
1705 2229 1826 2270 cur-
1931 2221 2144 2290 utique,
2178 2233 2284 2274 non
2332 2218 2505 2274 oculis
2536 2217 2907 2289 corporalibus
2941 2217 3171 2272 intendit
3198 2236 3211 2271 :
3260 2215 3355 2273 sed
3389 2217 3522 2273 deli-

193 2307 291 2359 su,
326 2303 388 2349 et
416 2311 447 2347 a
481 2300 939 2357 convenientibus
970 2306 1269 2372 mensibus,
1299 2316 1352 2361 et
1383 2323 1411 2362 a
1443 2309 1646 2365 vertice
1673 2325 1826 2365 mon-
1931 2312 2065 2367 uivit
2131 2310 2458 2381 plenitudini
2511 2312 2701 2380 gratiae
2743 2311 3032 2366 eonvenire
3055 2351 3072 2378 ,
3127 2322 3186 2366 ut
3232 2309 3362 2365 mihi
3403 2311 3520 2381 ejus

201 2386 348 2444 tium
382 2399 444 2445 et
476 2392 703 2448 collium
734 2405 1060 2454 aeternorum
1088 2399 1268 2467 dedit,
1299 2416 1367 2457 eo
1395 2403 1536 2473 quod
1569 2405 1821 2460 mod'era-
1925 2405 2188 2476 judicium
2233 2413 2695 2470 cognosceretur;
2745 2417 2843 2458 nos
2886 2404 3029 2459 enim
3076 2402 3312 2458 solemus
3353 2403 3519 2458 etiam

192 2480 353 2536 tione
377 2483 602 2540 caelesti
628 2495 890 2543 terrarum
917 2489 1219 2547 fecunditas
1247 2495 1532 2550 nutriatur.
1563 2497 1820 2553 Ferreum
1926 2499 1994 2554 de
2021 2499 2106 2564 iis,
2149 2514 2268 2568 quin
2295 2497 2479 2553 divina
2509 2506 2668 2562 sunt,
2703 2496 3000 2566 disputare.
3049 2497 3117 2552 Et
3147 2497 3275 2567 quid
3321 2498 3517 2554 mirum

189 2588 331 2646 ergo
397 2577 610 2633 caelum
633 2623 647 2646 ,
713 2583 856 2652 quod
923 2585 1130 2641 nullum
1197 2590 1431 2644 exsudat
1499 2590 1778 2647 humorem
1801 2635 1816 2659 ,
1924 2593 1968 2648 si
2001 2592 2068 2648 de
2095 2607 2258 2662 opere
2288 2599 2585 2646 retractare
2619 2591 2827 2659 possint
2849 2634 2863 2658 ,
2905 2593 2996 2663 qui
3027 2591 3097 2648 de
3128 2593 3296 2664 ipsius
3325 2608 3519 2662 opera-

197 2667 432 2736 quando
465 2679 488 2708 c
519 2672 685 2728 nullis
711 2674 944 2731 nubibus
975 2677 1150 2735 imber
1192 2683 1484 2752 rumpitur.
1527 2683 1625 2740 Est
1654 2686 1816 2741 etiam
1925 2688 2060 2743 toris
2107 2689 2458 2758 generatione
2500 2686 2705 2742 faciunt
2750 2687 3080 2756 qumsliones
3116 2688 3140 2741 ?
3212 2689 3391 2757 Ipsum
3462 2693 3517 2744 in

198 2757 451 2814 ferreum
485 2763 687 2820 coelum
725 2768 1093 2825 subobscurus
1124 2787 1247 2838 aer,
1283 2789 1500 2843 pressus
1528 2785 1692 2846 atque
1720 2794 1819 2834 ne-
1917 2779 2180 2851 judicium
2207 2789 2422 2847 vocant,
2450 2782 2624 2850 ipsum
2656 2779 2976 2848 iumqualem
3005 2789 3164 2850 atque
3190 2779 3515 2852 degenerem

199 2852 440 2908 bulosus
481 2856 668 2912 colore
709 2857 1016 2930 ferrugineo
1041 2903 1056 2929 ,
1105 2865 1326 2934 quando
1374 2867 1554 2937 rigore
1596 2869 1815 2939 frigoris
1920 2888 2164 2928 asserere
2189 2880 2473 2928 conantur.
2519 2873 2646 2928 Ideo
2675 2873 2842 2943 legis:
2880 2871 2946 2926 Et
2974 2873 3106 2926 dixit
3133 2871 3296 2939 Deus,
3320 2883 3365 2926 et
3393 2874 3515 2944 fecit

199 2942 502 3012 stringitur
553 2956 699 3002 terra
725 2989 742 3014 ,
798 2961 925 3007 tunc
962 2955 1133 3010 veluti
1176 2972 1341 3026 super
1366 2972 1526 3029 caput
1570 2972 1814 3018 nostrum
1921 2963 2083 3020 Deus.
2131 2964 2334 3019 Eodem
2366 2965 2524 3020 Pater
2553 2976 2606 3018 et
2636 2964 2805 3019 Filius
2843 2965 3138 3034 tttajestutis
3177 2966 3516 3020 honorantur

204 3034 417 3092 humor
462 3053 765 3111 suSpensus
811 3044 1062 3113 videtur,
1110 3059 1162 3102 et
1210 3065 1304 3119 per
1332 3061 1606 3107 momenta
1642 3056 1819 3109 immi-
1923 3056 2162 3112 nomine.
2211 3055 2278 3109 Et
2306 3057 2433 3110 vidit
2464 3056 2605 3112 Deus
2647 3057 2767 3128 quia
2805 3056 3014 3132 bonum.
3067 3057 3210 3112 Dixit
3241 3067 3511 3129 tamquam

200 3142 360 3184 nere.
391 3127 728 3204 Plerumque
757 3136 920 3190 etiam
951 3137 1266 3207 glacialibus
1292 3152 1570 3198 ventorum
1600 3143 1816 3200 flatibus
1922 3152 2102 3206 omnia
2146 3168 2263 3223 qure
2297 3153 2456 3209 Pater
2497 3127 2666 3209 vellet
2701 3153 2927 3220 scienti,
2977 3130 3031 3209 et
3073 3152 3202 3208 vidit
3239 3163 3510 3224 tamquam

202 3222 454 3293 rigentes
489 3240 645 3296 aqua:
671 3229 1076 3286 consolidantur
1107 3233 1157 3287 iu
1189 3237 1389 3301 nivem,
1417 3247 1470 3292 et
1503 3249 1661 3310 rupto
1688 3255 1814 3297 aere
1840 3241 1884 3305 C
1918 3243 2096 3297 omnia
2127 3222 2247 3314 quae
2269 3243 2437 3300 Filius
2465 3245 2671 3302 faceret
2700 3246 2926 3302 scientia
2955 3256 3165 3310 tenens,
3190 3255 3243 3300 et
3266 3247 3512 3302 efliciens

200 3317 297 3370 nix
333 3316 601 3374 funditur.
655 3320 842 3392 Neque
871 3325 1016 3379 enim
1060 3325 1464 3385 firmamentum
1504 3331 1606 3388 hoc
1638 3343 1815 3403 potest
1915 3340 2231 3409 operatione
2257 3341 2518 3395 consorti.

204 3407 325 3464 sine
355 3410 543 3480 aliquo
573 3409 598 3448 ά
629 3416 807 3482 rumpi
856 3415 1089 3486 fragore.
1145 3419 1273 3474 Ideo
1315 3433 1369 3476 et
1411 3424 1809 3483 firmamentum
1955 3407 2074 3487 V19.
2133 3430 2270 3486 Vidit
2301 3434 2418 3502 quia
2451 3434 2658 3488 bonum.
2701 3432 2818 3488 Non
2853 3434 3036 3503 utique
3063 3434 3318 3504 cognovit
3361 3433 3508 3503 quod

203 3499 311 3572 31
345 3500 566 3570 dicitur,
601 3504 746 3574 quod
779 3523 883 3560 non
913 3509 982 3562 sit
1013 3509 1336 3578 int-alidum,
1371 3529 1469 3570 nec
1497 3518 1806 3576 remissum.
1913 3524 2228 3589 nesciebat,
2273 3499 2368 3580 sed
2411 3527 2660 3596 probavit
2700 3527 2841 3597 quod
2890 3527 3152 3597 placebit.
3203 3527 3319 3582 Non
3351 3529 3506 3598 quasi

209 3591 369 3649 Unde
401 3602 458 3650 et
489 3595 556 3652 de
585 3600 922 3668 tonitruhus,
973 3619 1092 3674 qua;
1136 3617 1402 3677 concepto
1451 3609 1588 3665 intra
1629 3613 1804 3669 sinum
1911 3618 2244 3690 inc0gnitum
2277 3620 2476 3690 placuit
2507 3636 2686 3692 opus;
2732 3621 2854 3692 quia
2887 3636 2985 3676 nec
3017 3623 3166 3690 quasi
3199 3622 3506 3691 incognitus

213 3685 442 3742 nubium
472 3691 663 3759 spiritu
690 3708 810 3746 cum
838 3710 898 3750 se
925 3698 1623 3772 vehementer“erupturus
1644 3707 1806 3763 elise-
1910 3711 2071 3769 Pater
2100 3715 2192 3784 qui
2223 3715 2554 3782 complacuit
2597 3717 2648 3768 in
2682 3715 2821 3770 Filio
2846 3758 2858 3779 ,
2902 3717 3041 3771 sicut
3081 3717 3338 3785 scriptum
3381 3726 3460 3769 est
3489 3734 3502 3768 :

206 3777 310 3844 1⁵η»
358 3795 558 3851 magno
587 3797 916 3856 concrepant
948 3791 1158 3858 sonitu,
1203 3793 1279 3847 ait
1314 3793 1591 3866 Scriptura
1619 3817 1633 3852 :
1683 3797 1807 3854 Fir-
1913 3806 2015 3861 Hie
2042 3777 2319 3864 est'b‘ilius
2350 3777 2491 3864 incus
2515 3810 2754 3876 dilectus,
2781 3812 2832 3864 in
2859 3811 2966 3882 32
2992 3828 3093 3880 quo
3118 3811 3243 3864 mihi
3276 3809 3501 3879 compla-

207 3889 356 3928 ntans
378 3877 604 3932 tonitrua
626 3877 828 3951 (Amos.
858 3897 933 3946 tv,
961 3884 1071 3955 1⁸5).
1091 3885 1136 3941 Α
1160 3887 1412 3945 ﬁrmitate
1439 3906 1568 3961 ergo
1617 3893 1804 3948 firma-
1911 3901 1994 3955 cui
2025 3900 2235 3971 (Matth.
2284 3917 2362 3968 ιιι,
2410 3904 2522 3970 17).
2585 3902 2701 3957 Scit
2740 3877 3178 3971 autem—semper
3204 3901 3369 3956 Filius
3394 3877 3503 3956 bvo-

212 3977 456 4022 mentum
493 3979 580 4026 est
632 3983 996 4044 nuncupatum
1025 4019 1040 4045 ,
1089 3980 1171 4035 vel
1205 3983 1345 4050 quod
1387 3983 1569 4038 divina
1603 3987 1804 4043 virtute
1908 3992 2173 4048 luutatem
2207 3993 2412 4057 Patris,
2442 4003 2496 4048 et
2524 3994 2689 4048 Pater
2721 3993 2861 4058 Filii,
2906 4004 2962 4047 et
2988 3993 3139 4048 audit
3166 3994 3376 4048 Patrem
3406 3992 3498 4049 Fi-

209 4057 480 4115 firmatum
529 4064 619 4131 sit,
666 4065 808 4120 sicut
836 4065 1114 4138 Scriptura
1166 4087 1266 4127 nos
1321 4073 1514 4139 docet,
1571 4078 1799 4134 dicens:
1907 4084 2011 4139 lius
2042 4100 2294 4152 semper,
2345 4095 2400 4140 et
2425 4087 2586 4141 Pater
2617 4086 2811 4141 Filium
2855 4102 2950 4156 per
2981 4087 3239 4142 unitatem
3270 4097 3496 4156 naturae,

209 4153 446 4211 Landate
483 4174 603 4212 eum
641 4160 695 4214 in
744 4162 1068 4230 ﬁrmamento
1098 4166 1297 4221 virtutis
1325 4173 1436 4242 ejus
1463 4169 1580 4240 (Ps.
1605 4187 1690 4236 CL,
1723 4174 1800 4244 1).
1906 4179 2198 4232 voluntatis
2243 4187 2406 4248 atque
2433 4179 2769 4234 substantiae.
2843 4153 3084 4250 Denique
3126 4188 3357 4236 testatur
3398 4182 3500 4237 hoc

280 4251 368 4304 17.
408 4250 520 4307 Nec
551 4255 796 4322 praeterit
825 4256 1078 4314 retulisse
1105 4260 1316 4330 aliquos
1341 4263 1511 4320 caelos
1538 4265 1800 4322 caelorum
1905 4270 1959 4325 in
1988 4270 2280 4340 Evangelio
2327 4286 2426 4326 suo
2456 4271 2657 4337 Filius,
2709 4273 2898 4330 dicens
2938 4274 3005 4328 ad
3037 4275 3250 4330 Patrem
3280 4293 3292 4328 :
3343 4277 3490 4332 Scie-

211 4343 276 4398 ad
301 4345 677 4418 intelligibiles
705 4349 961 4415 virtutes,
1012 4354 1408 4412 firmamentum
1448 4359 1513 4413 ad
1541 4371 1803 4432 .operato-
1903 4365 2020 4419 bant
2059 4367 2184 4438 quia
2223 4383 2424 4437 semper
2461 4383 2540 4422 me
2577 4369 2727 4422 audis
2770 4367 2977 4441 (Joan.,
3022 4385 3109 4436 χι,
3160 4368 3274 4439 42).
3317 4371 3497 4442 Imago

210 4437 333 4494 rias.
390 4440 456 4495 Et
507 4441 632 4498 ideo
662 4443 886 4500 laudare
912 4446 1082 4502 caelos
1108 4490 1122 4515 ,
1169 4451 1252 4505 vel
1281 4465 1541 4508 enarrare
1569 4455 1798 4525 gloriam
1903 4466 1988 4512 est
2037 4460 2182 4514 enim
2236 4459 2519 4516 invisibilis
2545 4460 2637 4515 Dei
2674 4461 2866 4516 Filius.
2916 4461 3111 4518 Omnia
3144 4464 3316 4518 Patris
3343 4464 3497 4534 quasi

213 4527 336 4597 Dei,
375 4533 703 4590 annuntiare
735 4536 1172 4594 ﬁrmamentum:
1225 4542 1320 4596 sed
1350 4559 1458 4598 non
1487 4549 1639 4614 quasi
1683 4549 1796 4618 spi-
1904 4549 2082 4620 imago
2107 4555 2405 4624 exprimit,
2451 4554 2632 4609 omnia
2673 4554 2788 4625 ejus
2814 4557 2969 4626 quasi
3016 4558 3275 4624 Splendor
3310 4557 3497 4630 gloria:

213 4621 398 4691 ritalia,
428 4625 526 4681 sed
556 4627 710 4697 quasi
742 4643 905 4697 opera
934 4630 1120 4686 mundi
1148 4645 1426 4699 enarrant,
1451 4639 1799 4706 quemadmo—
1829 4634 1880 4695 D
1907 4621 2213 4707 illuminati,
2257 4657 2419 4716 atque
2461 4646 2614 4702 nobis
2655 4621 2982 4704 manifestat.
3036 4649 3196 4707 Videt
3232 4660 3288 4708 et
3327 4651 3496 4709 Filius

211 4712 329 4770 dum
359 4732 515 4790 supra
549 4718 807 4776 diximus.
833 4721 960 4778 ‘Alii
1009 4739 1221 4796 quoque
1263 4728 1660 4798 purificatorias
1688 4731 1797 4786 vir—
1903 4736 2082 4793 Patris
2108 4754 2244 4810 opus
2269 4781 2284 4806 ,
2333 4712 2474 4796 sicut
2503 4755 2557 4797 et
2586 4743 2747 4798 Pater
2778 4745 2934 4812 Filii;
2978 4744 3116 4801 sicut
3144 4754 3199 4801 et
3244 4747 3358 4814 ipse
3392 4747 3496 4802 Do-

211 4815 346 4864 tutes
373 4812 713 4883 interpretati
741 4827 866 4871 sunt
893 4831 1083 4886 aquas,
1110 4833 1229 4888 qua:
1260 4833 1423 4890 super
1447 4821 1616 4878 cmlos
1648 4833 1793 4878 sunt.
1900 4830 2082 4885 minus
2131 4831 2432 4888 declaravit
2475 4851 2488 4887 :
2555 4832 2676 4888 Non
2727 4847 2890 4908 potest
2927 4836 3097 4892 Filius
3145 4812 3314 4909 facere
3361 4855 3392 4891 a
3441 4855 3495 4894 se

207 4900 508 4974 Accipimus
551 4905 668 4962 haec
696 4908 852 4978 quasi
890 4909 959 4965 ad
999 4920 1262 4968 tractatus
1297 4915 1591 4971 decorem:
1638 4917 1798 4972 nobis
1897 4922 2197 4993 quidquam,
2223 4925 2322 4980 nisi
2344 4925 2484 4998 quod
2505 4900 2976 4999 videritj'acientem
2995 4900 3205 4984 Patrem
3232 4928 3411 5000 (Joan.
3438 4947 3492 4998 v,

209 5042 497 5138 addit,“vel
526 5043 1290 5138 desieram-quod-t‘ideaturfnv
1312 5048 1429 5112 ὅλην
1460 5056 1582 5138 ipsis
1609 5053 1794 5138 ᾆνωθεν

1898 5059 2014 5138 ri_as_
2051 5059 2265 5138 beatum
2306 5061 2428 5118 Job.
2465 5078 2654 5131 xxvni,
2685 5065 2758 5129 ες
2806 5066 3003 5124 videsis
3038 5067 3274 5138 glossam
3309 5067 3488 5122 iuterl.

371 5117 501 5197 Mss.
548 5117 651 5174 ὰπὸ
693 5126 784 5197 rei
830 5119 1050 5197 ρρᾷσσξαι
1090 5121 1307 5188 dicitur,
1351 5117 1498 5197 quod
1534 5117 1788 5184 rideatur.

830 5119 1050 5197 ρρᾇστςαι
1090 5121 1307 5188 dicitur,
1351 5117 1498 5197 (quod
1534 5117 1788 5184 uideatur.
1896 5132 1962 5188 ad
2003 5132 2163 5186 istum
2211 5117 2407 5188 locum.

215 5138 309 5242 gn.
372 5138 501 5174 mss.
548 5139 651 5174 απο
693 5141 784 5174 του
830 5141 1050 5197 opas-rat
1090 5138 1307 5188 ateuur,
1356 5138 1495 5194 quod
1534 5138 1788 5184 videatur.
1896 5138 1962 5188 ad
2003 5138 2163 5186 istum
2211 5138 2408 5188 locum.
3219 5210 3228 5219 .

263 5203 331 5242 ss.
362 5191 602 5259 quinque
633 5191 998 5276 probatissimi
1043 5234 1057 5247 .
1101 5231 1133 5276 :A
1163 5233 1177 5247 .
1220 5195 1359 5276 quod
1401 5197 1668 5276 dividitur.
1721 5206 1792 5257 At
1968 5201 1996 5241 δ
2038 5203 2108 5257 lla
2163 5204 2348 5276 plures
2385 5221 2448 5260 ac
2495 5207 2734 5276 potiores
2782 5225 2913 5264 mss.
2944 5219 2998 5263 at
3030 5218 3359 5264 recentiores
3391 5213 3492 5268 ali-

212 5273 324 5359 (Itur.
348 5272 642 5344 sequuntur
669 5277 844 5332 grznca
877 5263 1065 5329 verba,
1101 5265 1173 5359 ita
1199 5265 1423 5350 confuse
1440 5271 1782 5359 scribuntur,
1892 5284 2023 5359 quot
2065 5263 2226 5359 atque
2253 5275 2384 5330 edit.
2412 5319 2427 5341 ,
2458 5263 2704 5359 a'ﬁnibns
2736 5281 2914 5359 emti,_
2935 5289 2982 5334 et
3007 5296 3154 5359 rore.
3202 5291 3247 5359 et
3289 5263 3490 5359 abyssis

219 5339 269 5412 ut
293 5347 318 5383 a
355 5334 569 5420 nemine
596 5347 783 5388 eorum
813 5349 948 5404 quos
980 5337 1350 5420 consuluimus
1374 5381 1390 5405 ,
1439 5341 1568 5420 legi_
1600 5334 1788 5420 pelue;
1888 5334 2111 5420 fumium
2139 5334 2376 5420 deorsum
2408 5334 2724 5420 uenientibus
2749 5366 2768 5413 ;
2818 5334 2972 5419 vulg.
3007 5350 3071 5402 de
3107 5334 3274 5417 pomis
3301 5334 3414 5405 neti
3442 5367 3489 5409 et

216 5401 334 5482 rint.
384 5401 999 5494 Subodoraniur'tapien
1044 5423 1139 5475 per
1169 5409 1282 5492 haec
1324 5401 1572 5494 nonnihil
1600 5401 1671 5468 de
1697 5417 1782 5471 di-
1888 5401 2172 5494 i'oreAatque
2193 5417 2378 5494 abysso
2400 5401 3050 5494 δᾳὶὺῙᾳῳηιεῖῖλΧΧῗὰπὸ
3074 5401 3216 5494 ᾤ’ρῶν
3245 5421 3487 5494 οὐρανοῦ,

216 5474 552 5572 νὶεὲοῗεεωιὶ
582 5491 610 5528 a
641 5476 1407 5572 cir'culabe-risontesignata
1426 5485 1696 5572 indicari.‘
1721 5559 1752 5572 ﬂ

2089 5474 2099 5484 .
2260 5474 2284 5489 ,,
2405 5475 2418 5478 ..
2715 5474 2728 5484 ,
2917 5474 2925 5483 ,
2955 5474 2978 5475 ,,
3035 5474 3042 5475 ,
3115 5474 3124 5493 ι

1622 5487 1696 5539 ’Ῐο“
1886 5493 1970 5554 καὶ
1996 5489 2204 5564 δρόσου,
2229 5494 2316 5544 καὶ
2347 5493 2450 5546 ἀπὸ
2476 5474 2724 5546 ἇϐύσσων
2749 5499 2928 5564 πηγῶν
2951 5492 3194 5546 κάτωθεν.
3231 5558 3242 5569 .

283 5553 306 5582 ⁸
344 5546 470 5641 Edit.
511 5547 782 5602 nonnullae
799 5547 983 5641 cParis.
1019 5546 1261 5641 volatilitf
1287 5555 1414 5641 Ιςιιξιξ
1429 5567 1533 5641 ,"e‘t'
1559 5556 1784 5613 volantia
1931 5546 2376 5641 lfﬁilomaedit”
2414 5546 3019 5641 nullus_nubibus'im_b£r
3041 5558 3298 5641 erumpit...

220 5629 355 5701 super
381 5627 588 5685 terram,
620 5635 764 5673 secus
791 5619 1176 5701 ﬁrmamentum
1206 5624 1337 5677 cali.
1393 5627 1537 5701 LX}
1583 5668 1597 5682 .
1643 5667 1656 5681 .
1703 5669 1715 5681 .
1766 5671 1778 5683 .
1956 5628 1983 5668 ἀ
2007 5633 2134 5687 Post
2175 5645 2335 5685 voces
2360 5619 2373 5684 ἑ
2399 5633 2849 5701 rnmpifrnngorc.
2873 5629 3089 5701 Nam!"
3119 5619 3342 5701 ,in'ti‘iil-
3395 5648 3486 5690 αιιι

224 5685 295 5765 ξιξτί
315 5697 395 5750 τῆς
419 5700 510 5764 γῆς
531 5694 667 5782 κατᾱξ
691 5693 750 5746 τὸ
779 5685 1049 5782 τξτερὲωμα
1074 5700 1164 5748 τοῦ
1194 5697 1429 5772 οὐρανοῦ.
1476 5699 1575 5753 Hic
1601 5708 1780 5756 autem

226 5764 477 5782 Μηλίνης
516 5778 643 5782 ,μέμ
683 5777 734 5782 η-
770 5778 789 5782 ,
821 5777 905 5782 --Α
983 5777 1090 5782 ---Α
1398 5773 1411 5782 .
1492 5771 1503 5782 .
1624 5771 1634 5781 .
1704 5773 1714 5782 -

1885 5685 2164 5782 penetrari.
2196 5701 2425 5756 Etnum.
2462 5685 2549 5763 Π,
2590 5685 2749 5781 post":
2776 5685 2994 5782 qloriain
3030 5699 3154 5782 Dei_,
3182 5685 3482 5782 add-ituriiri

226 5755 480 5850 sign'uiea'ri
511 5764 749 5850 alngelos‘
763 5755 1344 5850 clear'elostenditur:cx
1385 5771 1674 5825 Ambrosio
1703 5773 1736 5823 I.
1761 5787 1778 5825 ι
1885 5755 2122 5850 Eisdem:
2147 5783 2193 5826 et
2211 5789 2367 5850 opera
2387 5755 2632 5850 mauunt'n
2651 5755 3093 5850 eius:”Ut.ru_mque
3106 5771 3328 5827 deestiu
3345 5789 3479 5833 mss.

226 5826 285 5883 de
315 5826 611 5907 lnterpell.,7
636 5849 688 5893 ε.
717 5833 773 5890 9.
821 5833 1029 5893 Eadem
1059 5836 1375 5906 metaphora
1421 5858 1575 5898 usum
1621 5856 1782 5912 repe-
1895 5826 2227 5903 Diones
2246 5826 2406 5910 'edit.,
2435 5826 2688 5912 eruptura
2707 5839 2950 5893 eliserint.
