4102 6360
164 6009 442 6141 Ὗ

625 258 732 328 {55

1948 252 2192 312 SANCTI
2231 254 2551 313 AMBROSII

626 371 742 443 19).
815 369 975 426 Videt
1017 383 1147 440 ergo
1192 367 1472 424 facientem
1521 367 1773 437 Patrem,
1833 378 1888 424 et
1929 369 2078 426 videt
2123 384 2219 440 per
2244 375 2293 436 Α
2321 386 2481 442 quam
2514 373 2815 427 mstiinator
2836 372 3232 439 universitatis,
3261 373 3614 446 praevidens
3643 375 3970 446 quaeinter:

630 475 902 521 secretum
932 464 1219 521 invisibilis
1251 475 1488 529 natura),
1517 474 1570 518 et
1602 462 1750 518 audit
1783 465 2058 519 similiter.
2110 465 2214 520 De-

635 559 798 629 nique
827 558 902 613 ait
931 575 945 613 :
1008 559 1155 613 Sicut
1183 559 1342 612 audio
1365 600 1380 623 ,
1415 558 1626 627 judico,
1676 567 1724 612 et
1749 558 2016 632 judicium
2049 577 2217 615 meum

630 669 800 708 verum
831 662 946 718 est;
980 653 1100 722 quia
1142 669 1241 706 non
1279 669 1392 705 sum
1431 652 1590 718 solus,
1622 651 1712 705 sed
1738 666 1852 723 ego,
1884 659 1930 705 et
1963 652 2049 723 qui
2080 653 2220 708 misit

631 761 711 801 me
758 745 918 800 Pater
959 743 1138 820 (Joan.
1174 761 1283 814 vni,
1331 746 1440 817 16).

696 840 783 896 20.
829 839 942 896 Hec
971 841 1260 912 mysticum
1295 850 1412 909 est,
1445 841 1575 896 illud
1613 840 1837 896 morale.
1887 839 2034 895 Vidit
2062 839 2216 907 mihi,

626 933 874 1006 probavit
917 933 1067 990 mihi.
1124 933 1281 1002 Quod
1312 935 1455 988 Deus
1503 934 1785 1002 probavit,
1833 941 1890 987 tu
1921 933 2219 1004 repreheno

628 1026 784 1082 sibile
817 1042 884 1081 ne
914 1026 1157 1092 dixeris;
1201 1027 1458 1097 quoniam
1487 1025 1624 1097 quod
1659 1025 1795 1081 Deus
1833 1025 2096 1079 inundavit
2119 1066 2132 1090 ,
2167 1036 2221 1080 tu

625 1137 892 1176 commune
922 1137 985 1174 ne
1014 1120 1209 1176 dixeris
1237 1120 1375 1192 (Act.
1409 1135 1464 1182 χ,
1504 1119 1593 1191 15)
1613 1161 1628 1186 ,
1689 1119 1947 1188 scriptum
1981 1119 2072 1174 tibi
2102 1133 2223 1175 esse

629 1215 961 1282 meministi;
993 1230 1126 1284 ergo
1155 1225 1182 1251 ει
1215 1215 1415 1270 bonum
1452 1215 1542 1269 Dei
1576 1229 1734 1267 nemo
1763 1213 2122 1283 blasphemet.
2166 1212 2224 1268 Si

627 1309 1030 1364 firmamentum
1061 1308 1283 1372 bonum,
1310 1318 1511 1377 quanto
1535 1307 1703 1378 magis
1731 1307 1904 1361 bonus
1935 1310 2054 1369 eius
2074 1321 2224 1361 crea-

627 1409 757 1466 tor;
804 1399 1020 1455 etiamsi
1053 1399 1236 1455 Ariani
1275 1401 1479 1468 nolint,
1531 1400 1851 1454 Ennomiani
1901 1399 2219 1465 reclainent,

629 1494 830 1549 radicis
861 1494 1146 1564 degeneris
1179 1493 1386 1548 fructus
1413 1493 1672 1548 deterior.

700 1586 791 1640 21.
847 1584 1009 1650 Vidit,
1040 1587 1231 1656 inquit,
1266 1584 1407 1640 Deus
1436 1588 1558 1658 quia
1585 1586 1790 1642 bonum.
1838 1586 2025 1642 Solent
2055 1586 2228 1640 artiii-

629 1694 724 1733 ces
755 1677 966 1749 singula
1011 1679 1159 1748 prius
1205 1679 1380 1733 facere
1405 1721 1418 1743 ,
1467 1689 1521 1734 et
1555 1687 1738 1748 postea
1771 1679 1933 1733 habili
1961 1679 2230 1733 commis-

2319 475 2466 529 sunt,
2494 468 2646 536 quasi
2680 466 2915 537 perfecta
2944 468 3053 538 iam
3086 469 3302 532 laudat,
3337 485 3481 539 quae
3509 467 3706 524 adhuc
3739 471 3798 523 in
3831 472 3971 541 prim;

2320 559 2500 630 operis
2530 562 2759 615 exordio
2785 571 2906 616 sunt
2931 601 2947 627 ,
3005 565 3167 616 linem
3210 563 3420 632 operis
3454 563 3809 633 cognitione
3854 581 3971 631 pra.

2323 656 2572 711 venieus.
2605 655 2714 715 Nec
2744 659 2940 712 mirum
2972 660 3016 712 si
3047 657 3191 728 apud
3219 671 3404 728 quem
3438 674 3649 712 rerum
3685 657 3962 728 perfectio,

2321 763 2427 802 non
2457 748 2509 803 in
2538 750 3007 805 consummatione
3033 751 3239 819 operis,
3277 749 3384 805 sed
3421 751 3482 806 in
3519 765 3652 806 suae
3684 751 3963 822 praedesti-

2322 840 2543 895 natione
2572 852 2650 894 est
2687 839 2978 895 voluntatis
3000 883 3013 903 ,
3044 840 3230 894 laudat
3259 842 3505 912 singula
3535 884 3552 907 ,
3583 842 3760 914 quasi
3788 857 3966 898 conve-

2325 935 2524 989 nientia
2578 935 2825 989 futuris:
2889 936 3070 990 laudat
3122 936 3554 1005 plenitudinem
3621 939 3956 1005 singulari

2324 1039 2604 1082 venustate
2626 1029 3001 1097 compositam.
3031 1029 3123 1083 Illa
3154 1039 3239 1083 est
3269 1030 3431 1084 enim
3469 1045 3617 1085 vera
3659 1031 3955 1100 pulchritu-

2324 1121 2395 1176 do
2416 1161 2430 1186 ,
2470 1129 2526 1176 et
2557 1121 2609 1175 in
2635 1122 2862 1190 singulis
2890 1121 3149 1176 membris
3177 1136 3302 1176 esse
3333 1122 3501 1192 quod
3535 1121 3755 1178 deceat
3785 1165 3801 1186 ,
3843 1136 3887 1176 et
3918 1124 3954 1176 is

2327 1227 2440 1273 toto
2467 1237 2480 1282 ;
2531 1229 2587 1273 ut
2618 1220 2669 1273 in
2701 1219 2926 1288 singulis
2953 1220 3124 1288 gratia
3145 1257 3159 1282 ,
3207 1220 3262 1274 in
3292 1219 3586 1276 erunibus
3619 1221 3826 1277 forma:
3855 1238 3958 1277 coa-

2326 1313 2596 1367 venientis
2630 1311 2907 1379 plenitudo
2935 1312 3200 1366 laudetur.

3896 262 3974 315 ἦξε

2398 1405 2489 1459 22.
2524 1406 2629 1460 Sed
2655 1405 2767 1474 jam
2789 1405 2951 1459 etiam
2985 1403 3256 1460 secundus
3287 1405 3464 1461 nobis
3494 1407 3817 1463 claudatur
3841 1408 3951 1468 dies.
4017 1403 4022 1442 ἶ

2329 1512 2397 1552 tte
2423 1497 2550 1551 dunt
2581 1513 2716 1568 opus
2748 1498 3042 1553 :tstruimus
3075 1498 3443 1563 ﬁrmamenti,
3475 1499 3841 1556 inﬁrmiores
3863 1514 3949 1559 ωε.

2329 1590 2420 1659 qui
2450 1589 2708 1655 audiunt,
2752 1589 2965 1644 dicendi
3000 1589 3315 1658 prolixitate
3355 1592 3703 1656 faciamus;
3751 1591 3877 1646 dum
3911 1591 3945 1643 i2
4032 1589 4033 1604 ‘

2331 1695 2543 1738 "Ol’lel"
2576 1699 2755 1738 sermo
2785 1682 3132 1752 producitur,
3176 1697 3303 1752 qua»
3335 1682 3539 1739 adhuc
3570 1700 3786 1739 carens
3817 1686 3942 1745 luna,

632 1773 786 1828 sione
827 1781 1187 1827 connectere:
1235 1781 1290 1827 ut
1321 1773 1408 1844 qui
1443 1774 1624 1828 vultus
1665 1772 1944 1827 hominum
1977 1773 2060 1827 vel
2103 1787 2223 1826 cor-
2257 1786 2302 1846 Β
2331 1777 2721 1846 stellarumque
2751 1775 2980 1840 lumine,
3012 1775 3251 1828 nondum
3285 1775 3443 1828 enim
3479 1777 3796 1832 luminaria
3820 1791 3943 1830 credo

633 1880 764 1934 pora
811 1863 1094 1918 excudunt
1122 1863 1192 1919 de
1223 1879 1495 1920 marmore
1523 1907 1537 1930 ,
1589 1865 1674 1919 vel
1702 1879 1812 1919 tere
1846 1865 2056 1944 lingunt
2077 1905 2091 1925 .
2143 1863 2228 1917 vel

634 1956 778 2012 ceris
805 1957 1156 2027 exprimunt,
1217 1974 1321 2013 non
1355 1970 1528 2014 tamen
1561 1959 1736 2016 sciunt
1774 1958 2231 2030 quemadmodum

631 2051 734 2106 sibi
793 2049 1000 2120 possint
1056 2053 1296 2107 membra
1354 2053 1564 2122 singula
1617 2055 1944 2117 convenire,
2004 2063 2058 2106 et
2104 2051 2230 2122 quid

631 2145 820 2214 gratim
863 2145 1051 2200 all‘erat
1079 2146 1254 2202 futura
1286 2149 1590 2212 connexio;
1635 2157 1692 2202 et
1718 2147 1841 2202 ideo
1875 2156 1967 2201 aut
1997 2146 2224 2202 laudare

631 2253 739 2292 non
773 2237 1007 2305 audent,
1034 2250 1126 2295 aut
1158 2256 1260 2311 pro
1289 2251 1441 2311 parte
1470 2239 1712 2294 laudant.
1759 2240 1904 2294 Deus
1931 2253 2061 2294 vero
2095 2249 2230 2324 tam-

703 2372 731 2402 λ
766 2364 949 2437 Codex
995 2366 1111 2437 Big.
1160 2378 1214 2421 et
1250 2367 1404 2422 Gem.
1434 2409 1449 2436 ,
1497 2368 1684 2422 bonum
1721 2384 1901 2422 nomen
1940 2367 2036 2421 Dei
2081 2383 2230 2424 nemo

633 2435 969 2506 blusphemet.
1019 2435 1127 2493 Alii
1167 2450 1401 2508 quatuor
1438 2435 1455 2494 ν.
1503 2484 1516 2496 .
1562 2479 1576 2492 .
1627 2482 1636 2491 .
1680 2457 1742 2494 ne
1770 2439 2111 2514 blasphemas.

2335 1880 2385 1925 ta
2430 1880 2556 1925 sunt
2581 1868 2609 1907 ι’
2636 1869 2797 1934 (ιωιὶ,
2841 1868 3227 1922 obscuritatem
3262 1869 3451 1937 possit
3487 1868 3707 1924 aﬂerre
3735 1883 3943 1925 remean-

2336 1965 2514 2019 tibus:
2558 1963 2718 2018 simul
2753 1976 2804 2016 ut
2835 1963 2980 2026 cibo,
3016 1972 3255 2030 ponique
3285 1971 3578 2016 curentur
3612 1978 3868 2036 Corpora,
3895 1975 3940 2013 ne

2333 2059 2530 2114 animis
2577 2057 2956 2126 epulantibus,
3009 2054 3269 2124 Iragilitas
3323 2058 3531 2111 carnis
3584 2057 3661 2114 de
3716 2067 3938 2112 noetqu

2335 2166 2550 2224 quoilue
2583 2149 2791 2221 jejunio
2825 2157 3208 2220 conqueratur.

2409 2365 2436 2404 ιι
2469 2366 2595 2420 Mss.
2630 2374 2889 2436 quatuor,
2945 2377 3061 2434 qua
3084 2360 3198 2417 (teli
3225 2361 3624 2418 obscuritatem
3656 2363 3846 2435 possint
3867 2375 3932 2411 n-

2340 2445 2471 2513 ferre
2499 2438 2863 2493 remeantibus.

1818 2671 2164 2754 LIBER
2237 2665 2782 2751 TERTIUS.

1515 2849 1666 2920 DE

1053 3003 1159 3077 33
1195 3001 1426 3062 CAPUT
1453 3005 1493 3063 Ι.
1526 3005 1742 3079 (Sermo
1763 3005 1878 3078 lV.)

639 3140 769 3197 Cum
799 3158 948 3212 aqua:
967 3144 1138 3200 divino
1169 3145 1406 3201 obediant
1434 3147 1670 3218 imperio,
1695 3147 1924 3202 homines
1947 3145 2109 3199 eidem
2136 3161 2236 3198 non

712 3253 894 3308 parere
931 3239 1266 3311 ﬂagitiosum.
1297 3237 1364 3294 In
1401 3257 1650 3308 aquarum
1707 3239 2104 3312 congregatione
2137 3235 2240 3291 Ec-

711 3331 881 3385 clesiae
922 3333 1142 3404 ﬁguram
1183 3333 1420 3403 exprimi.
1477 3332 1646 3396 Quam
1689 3333 1996 3402 praclarum
2037 3342 2238 3399 specta-

714 3423 888 3477 culum
937 3425 1172 3479 exhibeat
1217 3425 1394 3478 eadem
1426 3421 1661 3479 Ecclesia
1690 3441 1710 3491 ;
1739 3435 1784 3479 et
1809 3425 2065 3492 quomodo
2089 3440 2241 3495 super

713 3519 932 3589 ﬂumina
960 3520 1176 3590 fundata
1205 3520 1290 3572 sit.

719 3659 771 3712 l.
801 3657 926 3713 Dies
964 3657 1154 3712 tertius
1203 3656 1359 3711 nobis
1389 3655 1549 3714 hodie
1578 3656 1630 3710 in
1677 3669 1933 3710 sermone
1965 3666 2237 3719 nascatur,

643 3754 734 3825 qui
766 3761 917 3808 ortus
943 3762 1026 3809 est
1056 3753 1106 3806 in
1139 3753 1393 3808 lectione.
1432 3750 1731 3806 Prmelarus
1760 3749 1899 3814 dies,
1927 3750 2017 3820 qui
2043 3756 2240 3802 terram

646 3865 676 3904 a
733 3846 1014 3918 naufragio
1081 3846 1352 3912 liberavit,
1408 3843 1624 3900 dicente
1679 3843 1844 3898 Deo:
1894 3838 2244 3916 Congregetur

643 3959 776 4015 aqua
795 3959 910 4016 qua:
937 3953 1010 3999 est
1034 3944 1128 3997 sub
1153 3943 1280 3998 coalo
1332 3942 1386 3996 in
1434 3939 1833 4011 congregatione
1860 3951 1964 3992 una
2016 3935 2169 4009 (Gen.
2202 3953 2241 4002 I,

645 4038 724 4111 9).
757 4039 833 4094 De
860 4056 967 4110 quo
996 4037 1368 4109 praefationem
1424 4036 1628 4092 adoriri
1664 4033 1859 4105 placet.
1891 4030 2245 4105 Congregelttr

647 4147 786 4200 aqua
824 4131 1026 4185 dictum
1059 4139 1162 4193 est,
1215 4139 1270 4186 et
1317 4139 1643 4200 congregata
1683 4137 1803 4194 est;
1844 4136 1899 4182 et
1927 4126 2245 4197 frequenter

646 4224 864 4289 dicitur,
915 4223 1282 4294 Congregetur
1335 4222 1586 4293 populus,
1636 4228 1824 4276 etnon
1857 4228 2240 4290 congregatur.

649 4316 768 4371 Non
811 4314 1101 4370 mediocris
1161 4314 1335 4384 pudor
1383 4324 1466 4369 est
1498 4314 1730 4383 imperio
1761 4312 1858 4367 Dei
1908 4311 2244 4368 insensibilia

649 4409 915 4466 elementa
966 4422 1180 4478 parere,
1234 4417 1290 4461 et
1321 4407 1571 4461 homines
1625 4421 1732 4460 non
1778 4404 2026 4469 obedire,
2050 4405 2245 4474 quibus

648 4517 847 4560 sensus
884 4502 952 4557 ab
999 4502 1116 4572 ipso
1162 4500 1396 4556 tributus
1421 4508 1773 4555 estauctore.
1806 4497 1870 4552 Et
1901 4496 2131 4552 fortasse
2158 4496 2244 4552 hic

651 4597 827 4668 pudor
850 4596 1060 4660 fecerit,
1093 4605 1154 4650 ut
1186 4595 1350 4650 hodie
1401 4595 1582 4666 plures
1604 4590 1971 4648 conveniretis
1996 4607 2011 4657 ;
2041 4605 2110 4646 ne
2136 4605 2243 4658 quo

647 4690 738 4745 die
784 4699 1107 4760 congregata
1137 4696 1222 4744 est
1264 4703 1400 4758 aqua
1448 4689 1498 4742 in
1550 4684 2022 4758 congregationem
2055 4700 2240 4753 unam,

648 4797 717 4837 eo
745 4781 835 4837 die
859 4781 1088 4849 pepulus
1110 4795 1452 4853 nequaquam
1473 4789 1837 4851 congregatus
1857 4777 1909 4833 in
1941 4777 2241 4833 Ecclesium

647 4873 865 4929 Domini
899 4873 1191 4929 videretur.

720 4971 776 5026 2.
808 4970 919 5026 Nec
946 4971 1047 5026 hoc
1065 4971 1240 5026 solum
1273 4970 1576 5025 obedientis
1618 4984 1771 5042 aqua:
1813 4968 2118 5040 exemplum
2150 4965 2246 5021 ha-

645 5059 876 5134 bemus;
907 5081 1028 5120 nam
1051 5077 1105 5122 et
1133 5065 1531 5135 alibiscriptum
1555 5075 1636 5121 est
1673 5083 1684 5120 :
1723 5063 1966 5119 Viderunt
2008 5074 2055 5118 te
2073 5078 2242 5134 aqua),

650 5160 813 5229 Deus,
861 5161 1100 5215 viderunt
1155 5169 1202 5213 te
1231 5175 1416 5226 aquw,
1461 5169 1508 5212 et
1557 5161 1835 5212 timuerunt
1889 5155 2008 5229 (Ps.
2062 5172 2244 5222 um,

651 5255 762 5324 17).
809 5255 996 5326 Neque
1045 5254 1189 5310 enim
1248 5252 1545 5309 verisimile
1577 5268 1682 5307 non
1732 5250 1950 5306 videtur
1979 5250 2046 5306 de
2093 5251 2246 5320 aquis

649 5347 886 5416 dictum,
918 5347 1136 5420 quando
1184 5347 1313 5402 alibi
1367 5361 1581 5417 quoque
1632 5345 1772 5402 idem
1832 5344 2094 5415 prOpheta
2129 5344 2242 5400 ait:

652 5442 799 5498 Mare
826 5446 953 5498 vidit
981 5453 1028 5499 et
1056 5443 1208 5517 (ugit,
1237 5440 1489 5496 Iordanis
1531 5456 1801 5495 conuersus
1847 5449 1920 5494 est
1967 5449 2247 5493 retrorsum

654 5537 770 5609 (Ps.
806 5555 957 5604 cxut,
984 5539 1062 5611 5).
1098 5539 1208 5594 Hoc
1258 5537 1402 5593 enim
1449 5551 1575 5591 vere
1629 5534 1833 5590 factum
1861 5535 1983 5605 quis
2016 5535 2246 5604 ignorat,
2277 5561 2280 5564 ~

655 5629 794 5698 quod
822 5631 886 5683 ad
912 5629 1263 5686 Hebrmorum
1299 5629 1583 5685 transitum
1616 5644 1765 5683 mare
1793 5625 2008 5695 fugerit,
2035 5625 2250 5696 quando

661 5737 721 5778 se
743 5723 884 5780 unda
913 5724 1098 5780 divisit
1126 5743 1139 5791 ;
1167 5725 1419 5782 transivit
1456 5724 1686 5797 populus
1728 5720 2100 5792 pulverulenta
2131 5734 2252 5774 ves-

671 5820 818 5894 tigio,
853 5821 1060 5903 perisse
1081 5837 1229 5888 mare
1255 5821 1508 5892 credens,
1529 5821 1729 5896 fugisse
1749 5819 1944 5884 ﬂuctus
1965 5818 1988 5874 τ
2010 5816 2252 5890 Denique

1758 2846 2159 2920 OPEBE
2251 2841 2691 2917 TERTII
2797 2839 3089 2914 DIEI.

2345 2997 2576 3055 credidit
2623 2999 2725 3054 hoc
2777 2995 3089 3070 Egyptins,
3121 3003 3176 3051 et
3224 2995 3520 3066 ingressus
3558 3007 3653 3054 est
3688 3014 3702 3050 :
3755 2997 3839 3055 sed
3868 2995 3919 3048 illi

2346 3092 2508 3147 rediit
2536 3091 2699 3156 unda,
2733 3107 2853 3161 qua:
2903 3089 3134 3161 fugerat.
3163 3087 3325 3144 Novit
3376 3105 3518 3160 ergo
3580 3108 3726 3160 aqua
3758 3103 3805 3146 et
3827 3104 3918 3144 cett-

2267 3218 2312 3283 ρ
2343 3185 2578 3255 gregari,
2610 3193 2663 3237 et
2687 3186 2902 3248 timere,
2927 3193 2978 3238 et
3006 3183 3212 3253 fugere,
3253 3181 3479 3251 quando
3505 3185 3658 3239 Deus
3696 3181 3913 3254 praecipit.

2346 3276 2494 3332 Hanc
2525 3277 2796 3330 imitemur
2817 3290 3010 3344 aquam
3039 3284 3096 3329 et
3137 3289 3298 3327 unam
3330 3276 3817 3346 congregationem
3843 3274 3915 3327 οι»-

2345 3369 2497 3434 tnini,
2529 3385 2688 3422 unam
2739 3367 3038 3422 Ecclesium
3071 3366 3403 3421 noverimus.

2340 3529 2352 3546 ο
2415 3467 2468 3521 ὅ.
2496 3467 2822 3536 (lengregata
2843 3474 2927 3520 est
2945 3465 3028 3518 hic
3049 3464 3318 3535 quondam
3344 3479 3486 3534 aqua
3510 3481 3580 3521 ex
3612 3466 3761 3521 omni
3788 3464 3910 3526 valle,

2344 3575 2407 3615 ex
2437 3559 2582 3614 omni
2637 3559 2850 3627 palude,
2884 3574 2950 3613 ex
2978 3557 3125 3613 omni
3179 3559 3316 3613 lacu.
3355 3557 3526 3612 Vallis
3553 3569 3646 3614 est
3697 3559 3907 3619 haeresis,

2345 3651 2497 3706 vallis
2534 3660 2620 3706 est
2651 3651 2970 3720 gentilitas;
3017 3652 3141 3722 quia
3177 3651 3319 3706 Deus
3374 3652 3645 3708 montium
3687 3662 3788 3716 est,
3829 3663 3908 3706 nun

2343 3745 2586 3800 vallium.
2619 3745 2859 3815 Denique
2890 3747 2941 3800 in
2975 3745 3214 3800 Ecclesia
3241 3746 3532 3800 exsultatio
3586 3757 3695 3810 est,
3747 3748 3797 3802 in
3826 3749 3907 3798 liav

2345 3841 2466 3895 rarsi
2495 3851 2551 3893 et
2579 3839 2880 3910 gentilitate
2911 3840 3068 3894 ﬂetus
3122 3852 3178 3895 et
3226 3855 3446 3896 mmror.
3480 3840 3638 3896 Unde
3667 3842 3743 3896 ait
3771 3861 3784 3896 :
3814 3841 3906 3893 Dis»

2346 3933 2516 4002 posuit
2541 3934 2592 3987 in
2622 3933 2852 3987 convalle
2875 3934 3023 4004 ﬂetus
3046 3931 3164 4006 (Ps.
3193 3950 3415 4001 Lxxxnt,
3448 3933 3482 3989 6
3502 3946 3551 3989 et
3585 3937 3664 4001 7).
3695 3937 3771 3992 Et
3790 3933 3903 3991 omni

2344 4028 2508 4098 igitur
2532 4028 2675 4082 valle
2706 4041 3064 4098 congregatus
3104 4039 3190 4083 est
3218 4031 3450 4099 pepulus
3476 4028 3794 4087 catholicus.
3815 4029 3901 4085 lant

2346 4139 2454 4178 non
2487 4123 2667 4178 multm
2690 4125 3140 4194 congregationes
3169 4135 3318 4189 sunt,
3351 4124 3446 4178 sed
3477 4127 3585 4178 una
3605 4136 3687 4180 est
3715 4129 3904 4194 congre-

2341 4220 2508 4288 gatio,
2535 4235 2636 4272 una
2679 4217 2944 4272 Ecclesia.
2997 4217 3206 4272 Dictum
3229 4225 3314 4273 est
3339 4227 3395 4273 et
3423 4218 3512 4273 hic
3537 4237 3549 4272 :
3581 4229 3900 4290 congregetur

2346 4325 2482 4380 aqua
2509 4326 2576 4364 ex
2596 4311 2744 4365 omni
2766 4310 2926 4374 valle,
2947 4319 3000 4366 et
3024 4309 3162 4365 facta
3187 4319 3271 4365 est
3285 4312 3637 4381 congregatio
3659 4313 3899 4383 spiritalis,

2346 4417 2400 4462 et
2431 4406 2605 4462 iactus
2631 4415 2713 4460 est
2735 4422 2872 4460 unus
2907 4407 3178 4475 pepulus:
3212 4421 3280 4460 ex
3313 4405 3588 4461 haereticis
3610 4419 3664 4461 et
3691 4407 3901 4479 gentibus

2347 4500 2557 4571 repleta
2583 4500 2820 4555 Ecclesia
2849 4510 2951 4554 est.
2994 4499 3158 4554 Vallis
3187 4506 3273 4555 est
3297 4513 3481 4565 scena,
3517 4501 3672 4555 vallis
3713 4513 3789 4556 est
3824 4500 3902 4554 cir-

2269 4615 2324 4678 D
2351 4610 2468 4657 cus,
2499 4595 2591 4649 ubi
2619 4595 2789 4649 currit
2820 4593 3050 4649 mendax
3076 4609 3248 4665 equus
3304 4595 3370 4649 ad
3403 4595 3656 4662 salutem,
3689 4597 3772 4652 ubi
3808 4595 3900 4648 vilis

2347 4687 2458 4760 34
2481 4697 2537 4744 et
2556 4687 2762 4758 abjecta
2787 4689 3090 4750 contentio,
3110 4688 3200 4742 ubi
3231 4688 3401 4742 litium
3433 4687 3574 4742 [teda
3601 4688 3896 4744 deformitas.

2350 4781 2430 4836 Ex
2462 4779 2547 4833 Itis
2571 4779 2734 4850 igitur
2769 4777 2860 4849 qui
2882 4781 3030 4834 circo
3057 4778 3322 4834 inhaerere
3366 4790 3774 4845 consueverant,
3797 4778 3901 4834 ﬁdes

2347 4878 2521 4930 crevit
2540 4873 2821 4938 Ecclesiaa,
2846 4873 3192 4944 quotidianus
3229 4883 3403 4928 cretus
3431 4884 3684 4942 augetur.

2424 4968 2477 5022 4.
2509 4969 2668 5023 Palus
2691 4978 2774 5023 est
2804 4969 3036 5035 luxuria,
3078 4969 3232 5040 palus
3255 4976 3339 5024 est
3385 4969 3806 5037 intemperantia,
3831 4982 3902 5038 pa-

2352 5062 2436 5118 lus
2481 5073 2564 5118 est
2615 5061 3050 5116 incontinentia:
3095 5061 3148 5116 in
3189 5078 3291 5133 qua
3341 5061 3620 5116 volutabra
3665 5061 3898 5116 libidinum

2348 5165 2495 5223 sunt,
2523 5156 2816 5210 bestiarum
2868 5169 3168 5220 murmura,
3204 5153 3418 5208 latibula
3475 5152 3898 5224 passionum:ubi

2349 5255 2658 5306 mersa'ntur
2680 5249 3005 5320 quicumque
3053 5248 3362 5314 inciderint,
3393 5257 3446 5302 et
3489 5263 3593 5301 non
3621 5257 3898 5318 emergunt:

2351 5347 2438 5401 ubi
2497 5345 2750 5400 labuntur
2801 5342 2995 5413 pedum
3040 5341 3288 5412 vestigia,
3349 5340 3560 5396 fluitant
3612 5342 3897 5414 singulorum

2352 5440 2598 5494 incessus
2626 5456 2638 5492 :
2669 5438 2757 5490 ubi
2792 5435 2970 5491 fulic:e
3025 5451 3086 5492 se
3121 5435 3250 5489 dum
3296 5434 3499 5499 lavant,
3531 5434 3763 5503 polluunt
3790 5451 3801 5486 :
3832 5432 3898 5485 alii

2358 5533 2567 5589 ﬂebiles
2618 5531 2852 5600 desuper
2898 5527 3131 5601 gemitus
3180 5527 3549 5582 columbarum
3599 5542 3613 5578 :
3661 5526 3740 5580 ubi
3784 5527 3897 5595 pigra

2359 5625 2570 5680 tesuid‘o
2600 5635 2822 5680 rmnoso
2873 5623 3044 5676 haeret
3069 5621 3120 5675 in
3168 5620 3419 5690 gurgite;
3454 5617 3684 5688 denique
3727 5619 3898 5685 aperit.

2357 5718 2579 5790 palude,
2615 5730 2811 5771 cervus
2862 5715 2927 5769 ad
2973 5714 3168 5770 fontes.
3224 5697 3302 5770 Ex
3357 5712 3504 5768 omni
3545 5711 3702 5782 igitur
3725 5711 3897 5782 palude,

2373 5813 2460 5872 ubi
2490 5810 2641 5889 quasi
2671 5823 2817 5867 rana:
2838 5817 3076 5866 veterem
3099 5805 3372 5884 querelam
3401 5803 3687 5876 canebant,
3711 5816 3897 5879 congre-

4031 4477 4033 4589 ί

4031 4642 4033 4733 l
