4102 6360
104 323 222 378 1ὶ.7

1413 324 1909 382 ΙΙΕΧᾹΕΜΕῙΙΟΝ.
1954 324 2082 383 LIB.
2128 330 2216 385 lll.

3359 331 3462 388 158

85 446 233 508 gata
266 448 366 494 est
399 439 582 509 tides,
615 450 937 514 congregata
987 449 1072 497 est
1125 440 1332 511 paritas
1379 441 1569 508 animi,
1604 457 1754 498 men-
1781 453 1836 514 Α
1929 454 2029 498 tein
2057 463 2121 500 ac
2167 457 2344 518 postea
2396 448 2706 520 [tuiditatem
2734 451 2881 518 aquis
2909 449 3124 505 inditam
3169 449 3347 503 divina
3373 463 3468 521 po-

91 536 300 604 tisque
353 536 732 606 simplicitas.

178 625 241 681 5.
267 627 652 702 Congregata
682 638 768 686 est
812 643 950 701 aqua
971 643 1036 683 ex
1066 627 1218 686 omni
1248 627 1391 695 lacu,
1421 637 1476 684 et
1504 643 1572 682 ex
1617 627 1767 683 omni

99 720 304 788 fovea,
345 734 416 778 ut
461 740 640 781 nemo
688 724 857 780 fodiat
905 723 1114 779 foveam
1170 724 1323 778 fratri
1371 738 1494 786 suo,
1521 722 1572 776 in
1603 737 1766 793 quam

100 816 238 887 ipse
271 818 541 874 incidat:
575 819 671 876 sed
701 835 893 875 omnes
936 834 996 875 se
1025 819 1256 874 invicem
1301 817 1546 888 diligant,
1575 829 1770 872 omnes

105 924 176 964 se
210 910 480 967 invicem
518 912 766 976 foveant,
803 921 860 967 et
895 912 1049 982 quasi
1081 927 1246 966 unum
1297 925 1497 980 corpus
1550 908 1768 963 diversa

105 1017 177 1058 se
207 1004 480 1058 membra
515 1014 874 1060 sustentant:
907 1019 1042 1074 quos
1074 1019 1183 1058 non
1207 1001 1469 1057 mortiferi
1501 1010 1694 1055 cantus
1717 1007 1766 1066 ⁸,

111 1106 174 1153 et
219 1108 566 1154 acroamata
600 1101 943 1156 scenicorum
973 1114 1095 1170 qua:
1125 1108 1361 1153 mentem
1397 1096 1679 1150 emolliant
1703 1093 1771 1150 ad

108 1207 380 1259 amores,
417 1195 524 1249 sed
555 1205 862 1250 concentus
911 1194 1189 1258 Ecclesim,
1243 1203 1296 1246 ct
1339 1205 1578 1247 consona
1627 1191 1772 1246 circa

112 1288 222 1344 Dei
263 1288 475 1345 laudes
509 1290 701 1360 pepuli
731 1305 835 1344 vox
864 1299 919 1343 et
947 1287 1032 1358 pia
1055 1286 1083 1325 δ
1117 1288 1222 1340 vita
1269 1285 1508 1341 delectet
1535 1301 1548 1338 :
1577 1283 1774 1353 quibus

115 1395 237 1436 non
295 1396 604 1451 purpurea
652 1381 1110 1452 peripetasmata,
1148 1392 1255 1433 non
1313 1377 1483 1430 aulica
1534 1378 1772 1446 pretiosa

119 1485 400 1543 Spectare
432 1475 716 1546 voluptati
743 1477 831 1540 sit,
857 1475 950 1529 sed
977 1475 1115 1528 bant:
1139 1471 1556 1544 pulcherrimam
1589 1470 1774 1526 mundi

123 1568 446 1633 fabricam,
502 1568 650 1624 hanc
706 1568 1019 1624 distantium
1076 1568 1212 1621 inter
1271 1580 1330 1620 se
1379 1566 1772 1621 elementorum

127 1663 432 1732 copulam,
469 1664 678 1720 caelum
730 1664 872 1718 sicut
900 1676 1171 1717 cameram
1201 1669 1508 1726 extensum,
1542 1669 1598 1712 ut
1620 1658 1777 1712 inha—

131 1753 396 1810 bitantes
425 1757 486 1809 in
539 1756 640 1811 hoc
672 1755 876 1810 mundo
913 1764 1078 1825 tegat,
1105 1763 1306 1809 terram
1343 1752 1409 1806 ad
1437 1751 1770 1823 operaudum

1943 546 2140 606 testate,
2171 556 2285 609 qua:
2307 542 2462 595 variis
2490 544 2738 613 exemplis
2777 545 3045 598 astruitnr.
3094 543 3258 610 Quam
3281 545 3468 596 mirum

1943 646 2104 699 aquas
2159 649 2333 687 omnes
2364 651 2466 688 uno
2489 635 2601 690 loco
2629 637 2880 692 contineri
2906 655 2926 702 ,δ
2952 637 3155 708 illisque
3180 651 3301 691 suos
3330 637 3468 690 limi-

1943 733 2016 776 tes
2045 741 2076 777 a
2109 727 2216 778 Deo
2241 728 2438 798 prwﬁgi
2481 730 2724 796 potuisse.

1943 817 1998 870 7.
2047 812 2415 890 Congregelur,
2451 821 2640 891 inquit,
2691 839 2824 894 aqua
2865 840 2980 888 qua:
3019 825 3112 878 sub
3155 825 3282 880 creto
3313 835 3385 880 est
3414 825 3470 880 in

1873 910 2321 980 congregationem
2353 928 2528 977 unam,
2565 924 2610 967 et
2657 927 2906 984 appareat
2949 919 3119 972 arida.
3163 918 3228 972 Et
3279 919 3472 989 frictum

1872 1011 1944 1056 est
1973 1001 2330 1059 sic.Fortasse
2357 1021 2542 1073 parum
2571 1007 2862 1063 crediderit
2887 1011 3080 1080 aliquis
3102 1012 3474 1082 superioribus

1869 1097 2213 1172 sermonibus
2262 1098 2483 1164 nostris,
2518 1101 2712 1170 quibus
2761 1108 3108 1160 tractavimus
3140 1107 3469 1162 inuisibilem

1878 1189 1999 1247 ideo
2022 1191 2186 1246 fuisse
2231 1201 2452 1255 terram,
2481 1193 2623 1264 quod
2673 1196 2826 1264 aquis
2855 1209 3043 1265 Operta
3091 1208 3388 1269 tegeretur,
3416 1209 3477 1255 ut

1874 1285 2157 1353 corporeis
2186 1285 2359 1340 oculis
2399 1287 2566 1342 videri
2601 1303 2705 1342 non
2741 1299 2946 1358 posset.
2979 1291 3059 1344 Ad
3090 1306 3150 1345 se
3180 1292 3320 1346 enim
3351 1309 3476 1363 pro-

1874 1379 2038 1450 pheta
2067 1379 2276 1444 retulit,
2311 1381 2412 1436 hoc
2435 1392 2542 1446 est,
2570 1382 2635 1436 ad
2666 1390 2906 1437 nostram
2941 1385 3334 1453 conditionem,
3366 1404 3474 1442 non

1875 1471 1940 1526 ad
1989 1473 2185 1527 divina:
2231 1473 2568 1542 majestatem
2622 1484 2859 1542 naturai,
2891 1492 3011 1546 qua:
3065 1478 3250 1546 utique
3297 1480 3476 1534 omnia

1876 1562 2040 1618 videt.
2066 1564 2170 1619 Sed
2204 1574 2258 1619 ut
2287 1565 2579 1621 advertatis
2601 1567 2723 1638 quia
2759 1583 2864 1622 non
2892 1570 3041 1640 quasi
3069 1570 3237 1624 nostri
3271 1570 3474 1639 ingenii

1876 1657 2139 1728 probandi
2175 1659 2370 1729 gratia,
2402 1659 2498 1714 sed
2552 1670 2749 1715 vestra:
2796 1675 2954 1717 causa
2994 1664 3366 1718 instructioois
3387 1677 3479 1718 su-

1874 1743 2148 1818 scepimus
2197 1751 2338 1805 hunc
2378 1753 2668 1821 tractandi]
2700 1753 2936 1808 laborem
2995 1763 3019 1791 θ
3061 1754 3479 1824 adstipulantem

128 1847 360 1916 datam,
397 1847 665 1904 diffusum
693 1864 900 1914 aerem,
927 1849 1108 1903 clausa
1131 1849 1320 1912 maria,
1352 1847 1606 1917 pupulum
1632 1847 1775 1902 hunc
1803 1851 1852 1910 Β
1880 1845 2037 1898 nobis
2062 1844 2310 1899 lectionis
2338 1846 2534 1901 seriem
2567 1847 2941 1913 testificantur,
2989 1863 3108 1920 quae
3137 1859 3322 1919 aperte
3356 1865 3481 1918 pro-

133 1941 349 1996 divina:
381 1943 738 2012 operationis
787 1953 1072 2014 organum,
1099 1943 1151 1996 in
1184 1958 1290 2010 quo
1315 1940 1483 1996 divini
1532 1940 1776 1995 modula-

139 2048 276 2088 men
297 2034 550 2088 resultet
593 2035 824 2102 oraculi,
849 2044 903 2091 et
932 2034 1027 2089 Dei
1075 2034 1296 2103 spiritus
1328 2035 1474 2088 intus
1494 2042 1771 2101 operetur,

141 2129 424 2196 tctnplum
461 2128 608 2184 istud
657 2132 955 2184 sacrarium
986 2127 1288 2194 Trinitatis,
1339 2127 1648 2182 sanctitatis
1675 2127 1774 2179 do-

143 2222 456 2288 micilium,
515 2222 817 2278 Ecclesium
859 2231 1124 2285 sanctam,
1161 2222 1212 2276 in
1245 2235 1353 2291 qua
1381 2221 1648 2291 refulgent
1676 2236 1776 2274 ωι-

145 2315 254 2369 lica
315 2316 602 2384 caelestia,
633 2316 702 2372 de
743 2316 940 2387 quibus
979 2316 1180 2372 dictum
1229 2325 1312 2371 est
1347 2313 1566 2368 :Dilata
1611 2314 1778 2368 locum

142 2410 629 2466 tabernaculorum
662 2422 893 2479 tuorum,
949 2421 997 2465 et
1024 2412 1310 2466 aula'orum
1367 2420 1572 2466 tuorum
1601 2427 1618 2464 :
1651 2410 1772 2479 ﬁge,

144 2520 211 2557 ne
240 2519 438 2575 parcas
481 2520 501 2558 :
539 2505 798 2576 longiores
843 2506 925 2574 [ac
955 2505 1216 2575 funiculus
1248 2513 1382 2570 tuos,
1408 2512 1457 2557 et
1488 2505 1636 2573 palos
1663 2514 1778 2558 tuos

147 2597 414 2664 conﬁrma
448 2612 470 2651 :
500 2599 676 2650 adhuc
706 2598 760 2650 in
814 2597 1077 2651 dexteram
1128 2607 1175 2649 et
1227 2597 1491 2650 sinistram
1537 2595 1774 2662 extende,

147 2696 198 2740 et
226 2701 404 2741 semen
439 2698 590 2742 tuum
611 2699 784 2759 gentes
809 2687 1112 2744 haereditate
1141 2689 1442 2759 possidebit,
1473 2698 1520 2742 et
1550 2689 1778 2742 civitates

151 2779 394 2834 desertas
442 2779 759 2837 inhabitabis
806 2781 954 2853 (Esa.
1011 2798 1118 2847 uv,
1156 2781 1192 2835 2
1219 2790 1266 2835 et
1306 2781 1382 2853 5).
1432 2780 1606 2836 Habet
1649 2796 1779 2852 ergo

154 2871 357 2936 aulaea,
389 2871 595 2941 quibus
641 2875 844 2928 attollit
890 2875 1054 2929 vitam
1111 2874 1330 2940 bonam,
1372 2883 1593 2944 peccata
1625 2877 1777 2946 tegit,

157 2969 387 3038 culpam
427 2971 746 3026 obumbrat.

235 3060 294 3116 6.
313 3060 448 3116 Haec
478 3072 566 3118 est
616 3063 856 3119 Ecclesia
889 3077 1010 3134 qua:
1037 3077 1202 3133 super
1230 3067 1397 3118 maria
1428 3064 1646 3118 fundata
1674 3073 1780 3132 est,

159 3163 218 3211 et
239 3171 416 3226 super
439 3155 666 3214 ﬂumina
711 3167 1032 3228 praiparata.
1081 3158 1255 3228 Supra
1285 3172 1383 3212 vos
1413 3157 1556 3212 enim
1588 3158 1786 3212 contir-

1877 1937 1971 1992 bat
2015 1948 2136 2007 post
2163 1939 2642 2009 congregationem
2675 1955 2828 2011 aqua:
2883 1955 3004 2011 qua:
3032 1953 3149 1996 erat
3177 1956 3340 2012 super
3371 1951 3481 1996 tet"-

1881 2045 2020 2096 ram,
2049 2040 2103 2085 et
2127 2040 2250 2100 post
2271 2031 2660 2089 derivationem
2694 2034 2811 2103 ejus
2852 2035 2903 2088 in
2936 2036 3128 2096 maria,
3160 2037 3480 2106 apparuisse

1876 2123 2103 2180 aridam.
2136 2123 2152 2162 τ
2179 2126 2431 2180 Desinant
2457 2139 2585 2198 ergo
2609 2128 2765 2183 nobis
2781 2129 3079 2184 dialecticis
3100 2130 3480 2200 diSputationi-

1878 2218 1978 2274 bus
2009 2234 2231 2273 movere
2288 2221 2499 2291 negotia
2534 2221 2817 2277 dicentes:
2860 2223 3146 2292 Quomodo
3177 2235 3319 2279 terra
3346 2226 3484 2279 invi-

1879 2313 2052 2368 sibilis
2076 2353 2092 2378 ,
2121 2329 2244 2369 cum
2279 2316 2423 2369 tunni
2452 2317 2668 2386 corpori
2722 2318 3037 2372 naturaliter
3089 2327 3142 2373 et
3169 2320 3378 2390 species
3429 2329 3483 2376 et

1879 2408 2031 2461 color
2062 2407 2210 2474 insit,
2236 2411 2415 2462 omnis
2438 2421 2616 2465 autem
2637 2413 2787 2465 color
2804 2413 2870 2465 sit
2899 2413 3173 2484 subjectus
3196 2415 3481 2484 aspectui?

1879 2498 2096 2554 Clamat
2116 2501 2208 2555 Dei
2240 2517 2341 2555 vox
2376 2519 2388 2555 :
2424 2501 2772 2576 Congregetur
2792 2517 2927 2576 aqua
2966 2516 3011 2560 et
3039 2516 3286 2580 appareat
3308 2507 3480 2560 arida.

1883 2591 1953 2646 Et
2001 2594 2195 2647 iterum
2250 2593 2526 2664 Scriptura
2571 2596 2744 2650 dicit:
2792 2596 3111 2670 Congregata
3157 2611 3227 2654 est
3259 2617 3392 2667 aqua
3421 2600 3478 2654 in

1880 2689 2330 2762 congregationem
2375 2707 2552 2758 unum,
2580 2702 2628 2746 et
2667 2693 2911 2763 apparuit
2959 2694 3130 2748 arida.
3173 2694 3310 2763 Quid
3341 2709 3483 2764 opus

1883 2781 1978 2834 iuit
2007 2781 2225 2848 iterare,
2257 2782 2358 2836 nisi
2381 2784 2776 2840 occurrendum
2811 2787 3202 2855 quaestionibus
3243 2787 3486 2857 judicas-

1883 2882 1966 2928 set:
1995 2873 2306 2943 propheta?
2335 2874 2524 2930 Nonne
2557 2876 2772 2931 videtur
2795 2876 2977 2933 dicere
3002 2897 3016 2934 :
3045 2878 3161 2933 Non
3187 2878 3298 2933 dixi
3350 2875 3486 2936 invi-

1883 2968 2100 3022 sibilcm
2149 2970 2443 3023 secundum
2477 2977 2746 3033 naturam,
2779 2972 2871 3026 sed
2904 2973 3198 3027 secundum
3230 2972 3481 3044 superfu-

1884 3059 2092 3113 sionem
2123 3062 2430 3128 aquarum?
2459 3061 2697 3131 Denique
2727 3063 2934 3117 addidit
2976 3066 3190 3119 sublato
3213 3066 3484 3122 velamine

1885 3152 2202 3221 apparuisse
2228 3152 2457 3218 aridam,
2487 3171 2605 3223 quin
2627 3166 2752 3209 ante
2777 3172 2881 3210 non
2915 3158 3215 3213 videbatur.

158 3261 311 3304 mata
373 3259 460 3304 est
491 3262 551 3306 et,
604 3261 923 3322 prgpamla,
977 3253 1065 3323 qui
1120 3254 1262 3308 sicut
1311 3251 1534 3307 ﬂumina
1568 3268 1699 3322 puro
1729 3253 1779 3308 in
1807 3243 1852 3307 C
1956 3243 2010 3299 8.
2043 3244 2238 3299 Iterum
2268 3260 2480 3315 quoque
2503 3256 2527 3294 ες
2553 3249 2885 3316 quaestiones
2911 3251 3044 3304 alias
3077 3262 3264 3306 serunt
3290 3251 3482 3307 dicen-

149 3358 273 3397 eatn
307 3353 330 3380 ο
361 3345 563 3399 mundi
585 3344 735 3401 fonte
768 3347 1079 3412 decurritis,
1104 3347 1172 3402 de
1198 3347 1394 3416 quibus
1415 3347 1618 3401 dicttnn
1650 3357 1736 3403 est
1763 3365 1776 3401 :

157 3435 522 3500 Elevaaertuet
560 3440 782 3509 ﬂumina
818 3481 831 3504 ,
879 3439 1132 3504 Domine,
1182 3441 1505 3495 eleraverunt
1560 3443 1781 3510 [Iumina

161 3545 338 3585 uocem
365 3547 525 3585 suam
567 3548 600 3586 a
651 3547 773 3586 voce
801 3550 1053 3604 aquarum
1091 3534 1376 3588 multarum
1396 3532 1518 3603 (Ps.
1546 3550 1673 3602 xcn,
1699 3534 1776 3607 5).

169 3623 239 3678 Ει
269 3625 523 3680 addidit:
576 3625 844 3683 Mirabiles
887 3629 1133 3683 elationes
1180 3630 1371 3693 maris,
1424 3630 1674 3685 mirabilis
1726 3633 1782 3686 in

171 3719 386 3774 excelsis
403 3717 653 3777 Dominus
669 3719 777 3793 (Ib.
803 3722 857 3792 4)
907 3722 1048 3778 Bona
1072 3723 1292 3778 flumina
1315 3741 1330 3791 ;
1364 3723 1618 3779 hausistis
1635 3727 1778 3779 enim

173 3826 240 3864 ex
276 3811 367 3866 illo
415 3815 639 3882 perenni
679 3823 734 3869 et
764 3815 923 3882 pleno
945 3815 1096 3871 fonte
1115 3814 1165 3883 ἀ,
1191 3833 1296 3887 quo
1335 3817 1442 3890 35
1473 3817 1669 3872 fluistis
1689 3818 1782 3888 qui

173 3903 246 3956 ait
269 3903 455 3958 vobis:
485 3904 585 3972 Qui
607 3907 768 3960 credit
782 3907 835 3960 in
848 3923 946 3972 me,
960 3909 1091 3962 sicut
1113 3905 1234 3962 dicit
1249 3909 1541 3980 Scriptura,
1563 3911 1782 3979 [Iuntina

177 3994 243 4049 de
286 4006 459 4051 ventre
485 4005 596 4070 ejus
621 3999 782 4068 ﬂuent
821 4017 968 4070 aquis
993 4002 1118 4056 vim
1148 4000 1329 4073 (Joan.
1368 4018 1459 4062 vn.
1492 4001 1605 4074 38).
1670 4003 1784 4059 Hoc

176 4096 359 4141 autem
389 4087 612 4144 dicebat
639 4089 708 4145 de
733 4091 949 4160 spiritu,
971 4105 1130 4162 quem
1156 4092 1486 4162 incipiebant
1511 4097 1782 4166 accipere,

179 4179 273 4250 qui
301 4180 568 4236 credituri
595 4191 753 4239 erant
798 4185 850 4239 in
877 4199 1024 4239 eum.
1055 4184 1162 4240 Sed
1185 4185 1296 4256 jam
1331 4188 1487 4255 quasi
1512 4188 1639 4242 boni
1665 4187 1786 4244 Jor-

182 4272 337 4329 danis
364 4273 568 4332 ﬂuenta
600 4277 934 4334 revertimini
969 4293 1182 4333 mecum
1215 4279 1268 4335 in
1313 4279 1601 4351 originem.
1635 4325 1638 4328 .

825 4407 1052 4469 CAPUT
1076 4409 1140 4468 ll.

185 4546 395 4604 Terram
441 4553 739 4623 superfusis
794 4555 944 4624 aquis
1006 4555 1152 4623 prius
1203 4554 1511 4610 inuisibilem
1545 4595 1559 4621 ,
1599 4555 1784 4610 iisdem

1888 3346 1966 3390 tes
1996 3355 2010 3389 :
2039 3336 2093 3391 Si
2119 3338 2170 3390 in
2213 3339 2723 3408 congregationibus
2750 3341 2978 3395 diversis
3020 3357 3156 3412 aqua
3186 3351 3322 3409 erat,
3349 3359 3484 3414 quo-

1889 3431 2048 3485 modo
2082 3433 2126 3485 si
2157 3432 2261 3486 illa:
2305 3436 2754 3504 congregationcs
2781 3435 2832 3488 in
2881 3435 3258 3506 superioribus
3302 3445 3480 3503 erant,

1884 3541 1988 3578 non
2006 3524 2278 3580 defluebat
2299 3543 2435 3597 aqua
2463 3529 2656 3582 incum
2682 3530 2884 3596 locum,
2903 3526 2930 3565 δ
2953 3529 3018 3585 ad
3041 3546 3198 3601 quem
3229 3541 3350 3600 post
3378 3531 3484 3584 Do-

1884 3618 2012 3674 tniui
2042 3621 2330 3690 imperium
2374 3621 2611 3675 derivata
2654 3635 2728 3677 est
2755 3625 2778 3676 ’ἒ
2805 3621 3006 3677 Natura
3046 3627 3188 3678 enim
3221 3637 3481 3696 aquarum

1882 3724 2074 3783 sponte
2097 3714 2147 3767 in
2176 3715 2427 3770 inferiora
2456 3716 2772 3785 prolabitur.
2796 3718 2888 3773 Sin
2907 3733 3033 3772 vero
3057 3720 3107 3771 in
3134 3718 3484 3775 inferioribus

1886 3815 2042 3861 erant
2072 3807 2177 3861 illa:
2202 3811 2671 3880 congregationes,
2701 3812 2974 3880 quomodo
3002 3823 3188 3866 contra
3236 3820 3481 3867 naturam

1884 3916 2033 3956 suam
2061 3917 2200 3973 aqua
2222 3903 2288 3957 ad
2313 3905 2592 3972 superiora
2620 3906 2977 3958 conscendit?
3007 3905 3189 3976 Itaque
3227 3906 3240 3942 ί
3278 3915 3369 3960 ant
3393 3923 3485 3959 na-

1887 3994 2078 4048 turalis
2101 4009 2299 4050 cursus
2333 3996 2561 4065 imperio
2612 4013 2718 4049 non
2751 3995 2892 4065 eguit
2925 4013 2935 4048 :
2967 4007 3054 4048 aut
3081 4007 3272 4051 contra
3326 4007 3484 4051 natua

1887 4104 2001 4142 ram
2035 4089 2264 4158 imperio
2304 4091 2566 4158 prolicere
2607 4104 2712 4144 non
2747 4091 2934 4157 potuit.
2962 4087 3059 4144 Cui
3088 4091 3373 4160 qua-stium
3405 4089 3482 4142 fa-

1887 4183 1993 4237 cile
2022 4181 2388 4250 respondebo,
2417 4181 2461 4236 si
2511 4183 2641 4236 mihi
2674 4183 2773 4252 ipsi
2797 4191 2921 4238 ante
2962 4185 3330 4252 respondeant
3359 4193 3485 4239 alite

1885 4286 2218 4346 praeceptum
2256 4276 2468 4331 Domini
2502 4276 2638 4334 lianc
2659 4291 2916 4347 aquarum
2955 4275 3124 4332 fuisse
3152 4285 3394 4330 naturam
3429 4285 3487 4330 ut

1887 4367 2185 4435 laberetur,
2215 4378 2273 4424 ut
2318 4367 2534 4424 finierat.
2584 4369 2701 4423 Non
2733 4369 2875 4424 enim
2924 4384 2988 4424 ex
3042 4379 3141 4423 usu
3176 4367 3276 4422 hoc
3327 4367 3489 4424 habet

1888 4470 2207 4516 catterorum
2242 4463 2662 4528 elementorum,
2689 4462 2783 4516 sed
2816 4461 3056 4532 speciale
3083 4471 3138 4517 et
3165 4461 3440 4531 propriutn
3467 4473 3482 4514 ι

1892 4570 2000 4609 non
2041 4569 2110 4610 ex
2137 4555 2373 4625 quodam
2403 4555 2616 4621 ordine,
2647 4554 2745 4610 sed
2793 4557 2964 4624 magis
3011 4570 3074 4609 ex
3130 4554 3408 4609 voluntate
3435 4557 3489 4608 et

253 4660 412 4701 unum
448 4646 508 4700 in
541 4645 730 4713 locum
756 4648 1129 4716 conﬂuentibus
1153 4649 1482 4720 apparuisse.
1518 4647 1790 4705 Stabilita—
1814 4643 1866 4704 D
1891 4650 2208 4720 Operatione
2237 4651 2332 4707 Dei
2364 4653 2582 4707 summi.
2623 4651 2761 4720 Quid
2804 4652 3030 4722 jusserit
3073 4651 3215 4707 Deus
3239 4650 3483 4704 audiunt.

259 4791 284 4823 ⁸
313 4783 435 4843 Mss.
479 4787 682 4857 aliquot
712 4805 725 4841 :
755 4787 1007 4858 mortiferi
1034 4795 1215 4840 cantus
1255 4791 1540 4841 crematum
1565 4790 1794 4842 scenico-

189 4871 320 4912 rum.
350 4859 468 4913 Non
516 4863 672 4914 male.
709 4860 802 4914 Est
845 4862 987 4913 enim
1028 4873 1199 4912 croma
1246 4873 1340 4912 seu
1395 4860 1568 4924 potius
1613 4875 1792 4914 crnnia

193 4931 518 5007 musicorum
536 4933 1015 5007 instrumentorum
1039 4945 1205 4984 sonus
1219 4931 1424 4986 ἀπὸτοῦ
1444 4931 1661 5007 κρούειν,
1691 4933 1790 5007 hoc

195 5003 532 5068 est,pulsare.
554 5002 660 5057 Alii
683 5020 876 5074 magno
892 5017 1187 5057 numero...
1212 5012 1256 5056 et
1281 5002 1596 5055 acronnitum
1622 5005 1790 5074 sceni-

195 5087 382 5126 corum.
415 5075 611 5130 Melius
641 5073 864 5128 cditﬂ...
895 5085 943 5128 et
987 5085 1281 5127 acroamata
1305 5077 1644 5127 scenicorum.
1703 5073 1786 5131 Fit

199 5150 371 5199 autem
401 5161 465 5202 ea
517 5161 620 5200 vox
666 5149 768 5204 ἀπὸ
809 5153 899 5224 τοᾷ
930 5147 1238 5224 agamagam,
1271 5143 1323 5198 id
1356 5154 1456 5208 est,
1492 5146 1782 5224 audire,_:ic_

201 5229 600 5287 ntmnumqnam
637 5234 734 5287 pro
779 5236 849 5273 rei
872 5217 1095 5271 itatione
1121 5228 1175 5271 et
1203 5229 1362 5271 canitu
1397 5219 1648 5270 sumitur.
1679 5217 1786 5273 Sed

202 5284 326 5360 tieri
357 5284 536 5360 potuit
590 5284 653 5343 ut
697 5307 799 5344 vox
847 5299 1164 5344 acromatum
1217 5288 1490 5344 Ambrosii
1545 5299 1787 5358 tempore

203 5359 338 5430 apud
362 5359 622 5430 populum
649 5361 700 5416 in
733 5378 828 5415 usu
858 5371 1022 5415 esset.

270 5427 296 5466 ι)
323 5427 408 5485 Sic
436 5427 634 5487 omnes
665 5447 792 5486 mss.
840 5439 1072 5501 excepto
1098 5429 1258 5500 Reg.,
1287 5429 1377 5501 qui
1409 5428 1546 5484 sicut
1568 5439 1624 5484 et
1665 5447 1784 5485 om-

207 5514 296 5555 nes
323 5503 451 5558 edit.
490 5502 732 5572 praefert,
760 5513 806 5557 et
829 5504 916 5570 pia
952 5514 1065 5556 vota
1091 5506 1355 5556 delectent.

277 5582 297 5610 ε
326 5573 463 5630 Edit.
496 5573 655 5628 Rom.
687 5586 741 5629 et
785 5576 940 5644 pauci
967 5572 1111 5644 iique
1136 5591 1238 5628 non
1264 5589 1471 5644 magnae
1494 5573 1790 5627 auctorita-

209 5641 273 5694 tis
317 5661 442 5701 mss.
507 5647 726 5716 undique
773 5641 912 5716 fonte
941 5641 1212 5699 decurritis
1262 5641 1376 5698 alii—
1407 5655 1462 5716 et
1511 5645 1640 5700 edit.
1682 5645 1784 5699 vet.

211 5718 378 5788 mundi
408 5720 550 5788 [ante
567 5715 860 5780 deciri-ritis,
886 5715 940 5770 id
965 5727 1066 5784 est,
1104 5717 1310 5787 purgati
1337 5716 1404 5771 ab
1433 5715 1705 5771 hwreseos
1724 5731 1788 5772 ac

213 5787 513 5854 gentilitatis
565 5790 865 5845 erroribus.
971 5851 973 5854 ,

280 5856 304 5894 ά
327 5855 396 5930 ita
430 5878 563 5921 mss.
591 5877 696 5918 non
739 5859 920 5936 pauci.
947 5857 1054 5921 Alii
1107 5857 1351 5917 ttOtittulli
1373 5867 1390 5914 ':
1422 5875 1454 5914 a
1476 5875 1576 5934 quo
1600 5857 1788 5932 ﬁnitis,

1898 4791 2009 4870 qui,
2035 4800 2164 4852 etc.,
2217 4801 2310 4870 aut
2333 4807 2452 4846 cum
2486 4791 2616 4847 edit.
2643 4791 2828 4870 Burin,
2857 4809 2887 4844 a
2908 4793 3149 4870 quq/init
3177 4784 3225 4843 is
3249 4789 3354 4870 qui,
3374 4798 3486 4870 etc.

1899 4860 2115 4936 Aliquot
2158 4864 2342 4931 etiam,
2376 4873 2427 4918 et
2463 4869 2571 4918 vel.
2607 4865 2764 4930 edit.,
2790 4883 2818 4916 a
2841 4860 2940 4933 quo
2981 4860 3166 4936 finitis,
3196 4860 3331 4931 quod
3361 4860 3487 4926 ﬂui-

1893 4934 1979 4999 tis,
2007 4936 2109 5004 qui.
2138 4944 2243 4988 etc.

1967 5015 1990 5043 θ
2018 5002 2185 5059 l’aris.
2214 5006 2417 5077 aliquot
2438 5007 2593 5072 edit.,
2626 5007 2936 5075 astipulatur
2975 5007 3118 5061 nobis
3146 5002 3382 5077 lectionis
3408 5016 3490 5053 se-

1890 5077 2011 5151 ries,
2041 5093 2175 5151 quia,
2206 5073 2320 5151 etc.—
2342 5078 2477 5133 Alia:
2499 5094 2686 5151 omnes
2726 5073 2778 5131 et
2806 5079 2957 5133 multi
2992 5093 3144 5151 tns_s.,
3175 5073 3490 5151 astipulante

1891 5150 2034 5216 nobis
2054 5144 2295 5202 lectionis
2324 5153 2454 5204 serie
2503 5150 2856 5216 lesliﬁclmtul',
2886 5166 3035 5214 quia;
3069 5149 3224 5201 Rom.
3256 5144 3484 5221 edit_.....

1891 5223 2227 5293 testiﬁcantur
2257 5240 2314 5274 ea
2335 5238 2467 5292 qua},
2500 5233 2603 5276 etc.
2622 5221 2832 5288 Reliqui
2861 5238 2982 5276 vero
3003 5235 3128 5272 mss.
3162 5223 3488 5293 auctorlltlle

1887 5292 2204 5359 superiores
2248 5289 2358 5347 nec
2401 5309 2628 5347 numero
2669 5293 3089 5361 pauciorestnt
3115 5300 3209 5338 nos
3232 5289 3280 5333 in
3311 5289 3484 5333 ιυκιιιο

1969 5362 1988 5401 ί
2031 5365 2232 5417 Omnes
2259 5367 2390 5419 edit.
2419 5381 2540 5420 cum
2570 5359 2751 5432 paucis
2780 5378 2937 5422 mss.,
2970 5359 3217 5432 Desinunt
3247 5365 3364 5416 ergo
3395 5366 3489 5405 no—

1895 5433 1995 5496 bis,
2028 5434 2117 5503 qui
2149 5435 2548 5490 dialecticis.....
2574 5428 2784 5503 negotia
2811 5436 2993 5488 solent,
3025 5428 3267 5503 dicentes.
3397 5492 3426 5503 ί.

1965 5494 1991 5552 εξ
2029 5494 2250 5559 Amet-li.
2285 5516 2339 5561 et
2380 5507 2536 5561 Eras.
2571 5494 2692 5559 cuin
2724 5519 2852 5556 mss.
2900 5494 3176 5552 nonnullis
3200 5531 3214 5555 ν
3247 5494 3492 5558 ηειωειῐοο

1896 5593 1983 5630 nes
2013 5577 2146 5629 alias
2168 5575 2411 5642 a/ferunt.

1969 5643 1994 5681 ¹¹
2037 5635 2417 5702 Εὼι.”ὀιιηιεε
2461 5659 2514 5701 et
2565 5659 2695 5697 mss.
2747 5641 2972 5708 aliquot,
3004 5635 3083 5687 Ad
3125 5647 3274 5703 quem
3312 5643 3492 5698 postea

1897 5713 2110 5788 Domini
2134 5717 2348 5788 imperio
2379 5720 2610 5788 derivata,
2635 5723 2726 5788 est.

1975 5787 1990 5826 ί
2037 5773 2240 5842 Omnes
2275 5790 2404 5845 edit.
2433 5798 2490 5846 et
2525 5784 2742 5856 quidam
2769 5791 2935 5844 mss.,
2968 5786 3055 5832 aut
3087 5773 3364 5830 secundum
3397 5789 3493 5830 na.-

1848 5901 1852 5905 .
1896 5860 2090 5936 turales
2118 5874 2310 5922 cursus.
