4156 6370
585 324 692 384 159

1923 317 2167 378 SANCTI
2210 283 2537 377 annuosu

3785 315 3889 372 “ill

583 445 695 519 36
716 443 829 501 Vox
846 452 1027 500 autem
1045 442 1159 508 Dei.
1176 442 1419 500 efﬁciens
1437 452 1641 499 naturae
1665 451 1688 480 ιι
1705 452 1807 501 est.
1831 443 1967 499 Eam
1995 456 2181 498 vocem
2217 445 2268 506 Α
2295 440 2340 496 si
2369 439 2558 496 nolunt
2603 437 2855 496 obedisse
2881 445 3154 506 naturam,
3199 450 3467 508 usumque
3505 433 3769 492 clementi
3791 433 3896 489 im-

585 537 813 595 eﬂ‘ectus
836 537 1168 608 Operationis
1200 537 1464 608 implevit.
1491 535 1670 608 Cmpit
1708 537 1814 593 labi
1861 551 2024 609 aqua,
2052 546 2108 593 et
2135 539 2187 593 in

590 645 752 686 unam
793 629 1068 686 conﬂuere
1099 629 1596 701 congregationem.
1625 645 1746 700 qua:
1772 638 1899 685 ante
1947 639 2064 686 erat
2085 627 2189 685 dif-

587 722 704 778 fusa
737 737 832 793 per
856 732 1052 788 terras,
1081 729 1135 776 ct
1162 722 1406 792 plurimis
1453 722 1814 795 receptaculis
1857 722 2184 779 inhaerebat.

588 817 818 873 Cursum
872 816 993 885 eius
1041 824 1167 871 ante
1215 832 1321 870 non
1372 816 1496 888 legi,
1545 825 1751 872 motum
1775 816 1893 887 ejus
1933 826 2059 873 ante
2081 833 2187 872 non

588 908 776 973 didici,
833 923 932 965 nec
985 908 1177 964 oculus
1222 925 1375 964 meus
1407 909 1560 976 vidit,
1614 924 1714 966 nec
1766 911 1914 966 auris
1959 911 2186 966 audivit.

590 1003 780 1060 Stabat
805 1017 940 1074 aqua
987 1003 1221 1060 diversis
1266 1003 1422 1071 locis,
1463 1003 1530 1059 ad
1562 1019 1748 1060 vocem
1784 1005 1875 1060 Dei
1907 1014 2052 1060 mota
2083 1013 2188 1061 est.

587 1094 778 1152 Nonne
818 1096 1029 1151 videtur
1079 1096 1204 1168 quia
1258 1106 1504 1152 naturam
1533 1097 1584 1152 ei
1616 1095 1924 1168 hujusmodi
1960 1112 2062 1154 vox
2092 1097 2188 1154 Dei

589 1186 766 1244 fecit?
797 1187 991 1244 Secuta
1045 1197 1132 1243 est
1157 1198 1406 1244 creatura
1463 1200 1812 1260 praeceptum,
1845 1200 1900 1247 et
1930 1206 2085 1246 usum
2114 1190 2194 1246 fe-

590 1281 664 1337 cit
692 1298 761 1337 ex
788 1281 926 1354 lege.
954 1282 1151 1338 Primae
1186 1283 1334 1338 enim
1381 1285 1790 1340 constitutionis
1844 1285 1928 1341 lex
1961 1286 2193 1340 formam

590 1374 645 1431 in
683 1384 961 1445 posterum
987 1375 1301 1447 dereliquit.
1329 1377 1567 1448 Denique
1601 1377 1770 1433 semel
1810 1377 1954 1432 diem
1991 1377 2117 1434 fecit
2139 1387 2196 1448 et

591 1477 808 1525 noctem
835 1487 848 1523 :
881 1483 948 1525 ex
979 1470 1072 1525 illo
1095 1479 1279 1526 manet
1309 1473 1590 1543 utriusque
1617 1472 1868 1527 diuturna
1893 1474 2192 1542 successio,

590 1569 645 1617 et
667 1561 920 1617 diuturna
952 1562 1422 1633 reparatioJussa
1438 1575 1520 1620 est
1550 1566 1713 1621 etiam
1742 1581 1880 1636 aqua
1897 1581 2118 1623 currere
2140 1568 2191 1622 in

589 1655 1061 1725 congregationem
1089 1673 1101 1709 :
1135 1671 1200 1711 ex
1225 1655 1315 1712 illo
1339 1655 1531 1722 currit,
1551 1656 2060 1713 fonteslabnnturiu
2091 1657 2192 1712 ﬂu-

589 1748 730 1816 vios,
753 1749 803 1804 in
825 1746 964 1805 freta
983 1758 1211 1806 currunt
1238 1751 1481 1817 ﬂumina,
1498 1750 1646 1807 lacus
1673 1751 2054 1808 derivanturin
2078 1769 2194 1809 ma-

2301 533 2454 604 perio
2499 533 2593 589 Dei
2642 547 2765 590 csse
2811 545 3168 596 conversum;
3203 531 3288 586 vel
3338 530 3442 585 hoc
3463 528 3766 586 Concedant
3793 542 3894 600 po-

2294 627 2466 681 tuisse
2509 626 2750 682 immisso
2771 636 2933 682 vento
2973 639 3141 696 aquas
3194 638 3439 689 currere,
3473 624 3616 693 quod
3647 622 3895 693 quotidie

2299 719 2542 774 videmus
2587 721 2638 774 in
2697 719 2943 786 mari,ut
2995 717 3118 772 inde
3169 733 3321 786 aquze
3351 726 3596 783 currant,
3622 715 3766 770 unde
3793 716 3896 768 ﬂa-

2292 815 2432 868 verit
2459 823 2671 868 ventus.
2701 812 2757 869 Si
2812 823 3054 883 tempore
3110 811 3277 882 Moysi
3302 815 3538 866 excitato
3566 809 3768 864 Austro
3787 821 3887 861 va-

2295 906 2405 962 lido
2433 908 2694 964 siccatum
2745 917 2829 963 est
2881 905 3271 971 marr,eodem
3317 905 3481 959 modo
3531 902 3726 958 siccari
3781 917 3892 958 non

2298 1004 2472 1072 potuit
2490 1005 2839 1074 congregatio
2861 1017 3142 1072 aquarum,
3163 1009 3216 1055 et
3241 1000 3346 1071 37
3377 1000 3427 1053 in
3453 1013 3600 1053 mare
3621 996 3898 1068 proﬂuere

2295 1110 2454 1166 aqua,
2487 1111 2606 1166 quae
2629 1104 2813 1166 postea
2838 1095 3006 1150 divisa
3029 1091 3153 1150 estd
3177 1109 3206 1148 a
3239 1092 3504 1163 profundo
3527 1091 3616 1164 (IV
3634 1091 3789 1164 Reg.,
3813 1107 3892 1160 vr,

2301 1189 2357 1262 6)
2386 1191 2408 1244 ?
2437 1190 2543 1245 Sed
2575 1189 2786 1244 discant
2814 1197 3059 1243 naturam
3087 1200 3249 1257 posse
3273 1187 3539 1248 converti,
3557 1186 3773 1253 quando
3800 1199 3897 1254 pe—

2300 1291 2378 1338 tra
2407 1297 2574 1354 aquas
2607 1280 2782 1347 ﬂuxit,
2811 1290 2867 1336 et
2896 1279 3096 1335 ferrum
3139 1293 3294 1350 aqua:
3324 1277 3715 1348 supernatavit,
3747 1274 3895 1346 quod

2300 1378 2482 1447 utique
2505 1377 2732 1432 Eliszcus
2754 1373 2962 1430 orando
2981 1373 3158 1430 facere
3183 1374 3522 1436 nteruit,non
3552 1371 3893 1442 imperando.

2299 1473 2355 1531 Si
2385 1475 2547 1544 igitur
2604 1459 2835 1527 Elisaéus
2885 1469 3086 1524 ferrum
3139 1468 3335 1523 levavit
3381 1477 3568 1522 contra
3620 1475 3894 1534 naturam,

2297 1566 2548 1623 Christus
2583 1580 2751 1636 aquas
2788 1579 3006 1618 movere
3060 1577 3167 1618 non
3201 1561 3419 1632 potuit?
3449 1559 3555 1616 Sed
3587 1561 3777 1624 movit,
3801 1560 3896 1630 qui

2302 1660 2474 1731 potuit
2500 1659 2680 1714 dicere
2708 1673 2722 1710 :
2757 1657 2970 1722 Lazare,
3001 1656 3115 1710 veni
3151 1657 3292 1728 foras
3323 1653 3502 1726 (Joan.
3565 1669 3644 1719 XI,
3695 1651 3814 1723 23),
3839 1659 3900 1708 et

2301 1763 2572 1808 mortuum
2617 1750 2910 1816 sucitavit;
2943 1749 3086 1804 Dens
3137 1748 3280 1802 etiim
3331 1745 3478 1818 quod
3531 1746 3708 1816 jubet,
3743 1744 3892 1800 facit.

591 1842 692 1909 ria,
717 1841 833 1912 ipsa
853 1857 912 1899 se
933 1858 1070 1914 aqua
1091 1845 1363 1916 praecedit,
1383 1853 1560 1916 urget,
1590 1853 1647 1901 et
1666 1847 1930 1916 sequitur.
1957 1845 2104 1904 Unus
2118 1856 2199 1903 est
2227 1845 2274 1906 B
2303 1843 2487 1913 Itaque
2533 1843 2646 1914 pari
2699 1842 2949 1912 exemplo
3005 1841 3208 1896 dietum
3259 1840 3444 1910 accipe
3495 1859 3509 1895 :
3549 1840 3898 1911 Congregetur

561 1955 566 1959 ·
592 1934 810 2003 ductus,
829 1952 991 1991 unum
1015 1951 1230 2008 corpus.
1251 1937 1320 1993 Et
1350 1952 1471 1993 cum
1498 1940 1567 1993 sit
1592 1938 1819 1994 altitudo
1840 1939 2088 2007 diversa;
2119 1941 2200 1996 in-

591 2026 826 2084 discreta
855 2038 1032 2084 tamcn
1060 2029 1207 2086 dorsi
1242 2031 1360 2102 ejus
1389 2031 1691 2102 :equalitas.
1726 2031 1876 2088 Unde
1922 2042 1978 2088 et
2007 2049 2196 2105 aequor

592 2119 920 2192 appellatum
941 2108 1228 2189 arbitror,b
1243 2122 1384 2192 quod
1403 2122 1719 2194 superficies
1731 2124 1848 2194 ejus
1865 2125 2090 2196 azqualis
2105 2127 2195 2182 sit.

665 2210 721 2267 9.
778 2211 1055 2284 Respondi
1106 2213 1402 2270 secundum
1451 2215 1668 2270 illorum
1723 2217 2084 2286 propositum;
2119 2217 2196 2273 illi

594 2319 738 2360 nunc
781 2305 1148 2376 respondeant
1177 2307 1333 2374 mihi,
1367 2307 1410 2363 si
1436 2323 1727 2379 numquam
1757 2309 1994 2366 viderint
2020 2309 2200 2368 fontes

594 2413 659 2455 ex
693 2399 1046 2456 inferioribus
1075 2401 1365 2466 scaturire,
1388 2401 1456 2457 de
1497 2401 1808 2473 pavimento
1849 2419 2042 2475 aquam
2075 2420 2198 2461 sur-

595 2509 746 2564 gere.
782 2494 916 2563 Quis
946 2511 1064 2552 eam
1121 2496 1303 2568 cogit?
1333 2496 1486 2552 Unde
1537 2499 1891 2570 prorumpit?
1927 2499 2198 2569 Quemad-

602 2588 822 2643 modum
855 2605 962 2645 non
1006 2588 1234 2645 deficit?
1263 2588 1546 2658 Quomodo
1597 2591 1659 2646 fit
1689 2602 1711 2630 ο
1744 2601 1800 2646 ut
1853 2591 1957 2647 ima
1980 2594 2082 2648 soli
2104 2609 2198 2649 ora

600 2681 800 2736 undam
831 2682 1102 2738 vomant?
1126 2682 1251 2738 Ηωο
1279 2683 1576 2742 secundum
1613 2684 1837 2740 occultae
1857 2696 2064 2741 secreta
2105 2702 2201 2741 na-

602 2783 760 2830 turre.
788 2775 1056 2831 Caeterum
1108 2776 1228 2846 quis
1265 2776 1475 2846 ignorat
1501 2777 1643 2845 quod
1675 2778 1862 2849 rapido
1884 2779 2201 2851 plerumque

597 2866 803 2939 impetu
837 2871 890 2924 in
923 2868 1028 2924 ima
1060 2869 1422 2938 descendens,
1457 2872 1510 2927 in
1541 2872 1818 2942 superiora
1850 2890 1910 2928 se
1937 2875 2198 2947 subrigat,

596 2970 760 3033 atque
812 2962 864 3017 in
924 2963 1272 3033 supercilium
1329 2965 1530 3020 montis
1568 2965 1831 3033 attollat;
1886 2968 2201 3038 plerumque

599 3056 762 3112 etiam
821 3056 1102 3113 canalibus
1156 3071 1320 3112 manu
1371 3057 1591 3114 artiﬁcis
1643 3059 1908 3125 derivata,
1942 3071 2200 3131 quantum

598 3148 969 3219 descenderit,
1012 3159 1218 3206 tantum
1268 3165 1458 3206 rursus
1486 3151 1996 3225 ascendat?ltaque
2039 3155 2084 3208 si
2115 3154 2200 3210 vel

2302 1953 2458 2008 aqua,
2486 1946 2534 1992 et
2555 1947 2860 2009 congregata
2905 1945 2998 1990 est.
3031 1934 3272 1991 Dicendo
3327 1927 3505 1990 autem
3537 1945 3897 2008 congregetur,

2303 2048 2410 2089 non
2440 2034 2613 2088 solum
2647 2033 2814 2088 movit
2839 2047 2959 2088 eam
2987 2032 3057 2087 de
3086 2031 3208 2087 loco
3234 2048 3248 2086 :
3281 2030 3373 2086 sed
3421 2030 3583 2085 etiam
3625 2031 3814 2086 statuit
3843 2030 3898 2085 in

2304 2126 2444 2194 loco,
2481 2135 2538 2181 ut
2564 2141 2670 2181 non
2701 2127 3113 2197 praetertlueret,
3146 2124 3240 2180 sed
3270 2131 3539 2178 maneret.

2378 2221 2466 2276 10.
2510 2220 2622 2276 lloc
2667 2221 2845 2290 itaque
2885 2219 3105 2290 majoris
3153 2216 3404 2272 miraculi
3454 2223 3570 2282 est,
3625 2212 3902 2286 quomodo

2304 2331 2493 2372 omnes
2521 2314 2970 2386 congregationes
3015 2314 3067 2368 in
3100 2327 3262 2368 unam
3295 2309 3771 2382 congregationem
3799 2308 3900 2364 de-

2305 2409 2581 2473 ﬂuxerint,
2607 2419 2662 2464 et
2683 2423 2791 2464 una
2818 2407 3168 2479 congregatio
3193 2419 3298 2461 non
3321 2403 3610 2474 adimpleta
3638 2387 3900 2459 sitham

2304 2513 2360 2559 et
2387 2502 2667 2573 Scriptura
2695 2503 2797 2558 hoc
2825 2500 2966 2557 inter
2994 2498 3260 2555 mirabilia
3291 2497 3593 2562 constituit,
3626 2493 3858 2551 dicendo
3883 2511 3896 2549 :

2307 2596 2499 2651 Omnes
2526 2605 2772 2650 torrentes
2798 2604 2918 2650 eunt
2943 2594 2998 2648 in
3025 2609 3186 2658 mare,
3224 2601 3270 2646 et
3301 2607 3441 2645 mare
3466 2606 3568 2645 non
3587 2587 3902 2659 adimpletur

2311 2689 2494 2761 (Eccl.
2547 2705 2586 2755 ι,
2619 2690 2706 2761 7).
2742 2687 3038 2758 Utrumque
3070 2686 3230 2756 igitur
3256 2700 3320 2740 ex
3345 2723 3348 2730 -
3369 2691 3639 2754 praecepto
3668 2682 3795 2749 Dei,
3845 2689 3904 2736 ut

2306 2787 2436 2841 ﬂuat
2475 2800 2645 2856 aqua,
2677 2794 2733 2839 et
2772 2798 2878 2838 non
2921 2780 3240 2851 superﬂuat.
3281 2769 3702 2846 Circumscripta
3735 2774 3902 2843 igitur

2308 2879 2562 2950 imposito
2601 2877 2704 2934 fine
2732 2877 2898 2932 maria
2932 2873 3255 2930 clauduntur
3275 2914 3289 2939 ,
3321 2889 3388 2927 ne
3415 2871 3696 2943 superfusa
3740 2869 3904 2926 terris

2307 2971 2573 3028 inundent
2597 2969 2778 3026 omnia
2797 3011 2811 3035 ,
2843 2979 2895 3024 et
2923 2968 3181 3024 destituto
3208 2981 3466 3021 arvorum
3493 2965 3638 3019 cultu
3658 3005 3673 3030 ,
3705 2979 3904 3018 munus

2309 3074 2540 3121 terrenae
2607 3063 2948 3120 fecunditatis
2991 3060 3320 3130 lmpediant;
3365 3068 3695 3132 cognoscant
3743 3059 3906 3130 igitur

2307 3157 2474 3213 divini
2517 3171 2641 3213 esse
2687 3156 2979 3227 praecepti,
3020 3154 3457 3226 operationisque
3498 3152 3757 3210 caelestis.
3806 3151 3900 3207 Ait

596 3244 800 3314 impetu
825 3259 924 3300 suo
947 3245 1141 3313 fertur,
1181 3245 1264 3301 vel
1312 3246 1534 3300 artilicis
1565 3246 1782 3317 ingenio
1831 3257 2019 3302 contra
2044 3259 2201 3302 natu-
2226 3249 2272 3312 C
2304 3251 2448 3308 enim
2479 3250 2739 3305 Dominus
2770 3265 2866 3320 per
2887 3249 3085 3305 nubem
3112 3247 3178 3302 ad
3199 3247 3302 3303 Job
3331 3247 3472 3302 inter
3501 3247 3604 3302 alia
3630 3246 3796 3302 etiam
3824 3245 3898 3301 de

600 3354 719 3394 ram
761 3353 915 3393 suam
961 3337 1176 3394 ducitur
1216 3349 1271 3394 et
1316 3339 1583 3404 elevatur,
1638 3341 1908 3394 miramini
1939 3341 1982 3396 si
2033 3340 2201 3396 divini

598 3431 916 3500 operatione
949 3431 1206 3502 praecepti
1252 3431 1453 3501 aliquid
1512 3431 1580 3486 ad
1631 3447 1784 3486 usum
1839 3443 2044 3488 natura:
2084 3435 2203 3504 ejus

599 3523 850 3589 accessit,
884 3522 1027 3592 quod
1051 3523 1104 3578 in
1154 3537 1255 3578 usu
1287 3533 1414 3578 ante
1439 3539 1545 3579 non
1603 3523 1766 3580 fuerit
1793 3525 1816 3579 ‘I
1844 3526 2038 3581 Dicant
2062 3543 2203 3584 nunc

599 3613 734 3670 mihi
792 3614 1066 3684 quomodo
1125 3623 1395 3685 tamquam
1449 3616 1501 3670 in
1555 3623 1728 3672 utrem
1792 3621 2203 3690 congregaverit

599 3722 770 3779 aquas
792 3709 956 3764 maris
981 3707 1098 3781 (Ps.
1124 3725 1300 3777 xxxu,
1326 3711 1480 3781 7),ut
1508 3711 1768 3780 scriptum
1793 3721 1908 3780 est,
1929 3716 2202 3785 quomodo

601 3800 851 3857 eduxerit
879 3801 945 3857 de
977 3813 1126 3872 petra
1174 3802 1415 3873 aquam?
1443 3801 1543 3872 Qui
1575 3805 1749 3874 potuit
1793 3804 1864 3861 de
1895 3815 2046 3876 petra
2071 3809 2204 3864 edu-

597 3909 722 3952 cere
773 3911 966 3968 aquam
997 3913 1117 3968 qua:
1150 3913 1253 3951 non
1286 3906 1426 3966 erat,
1476 3913 1583 3954 non
1626 3900 1802 3970 potuit
1830 3915 2025 3972 aquam
2067 3904 2199 3959 edn.

598 4005 725 4046 cere
755 4006 875 4062 quae
922 3993 1076 4048 erat?
1106 3991 1370 4048 Percussit
1420 4004 1636 4064 petram,
1669 4005 1716 4050 et
1745 3997 2007 4066 ﬂuxerunt
2055 4016 2204 4072 aqua:

600 4082 722 4156 (Ps.
749 4101 954 4151 Lxxvn,
981 4084 1100 4155 20),
1132 4085 1333 4140 clamat
1383 4086 1573 4154 David,
1597 4096 1646 4142 et
1695 4097 1948 4146 torrentes
1975 4093 2202 4148 inunda-

597 4187 801 4232 vernnt.
867 4178 933 4233 Et
983 4179 1153 4234 alibi:
1187 4179 1358 4250 Super
1413 4191 1609 4237 montes
1655 4183 1860 4238 stabunt
1905 4201 2052 4256 aqua:
2078 4185 2198 4257 (Ps.

595 4285 710 4334 cm,
734 4270 813 4342 6).
840 4270 1016 4327 Habes
1039 4271 1091 4328 in
1120 4272 1409 4344 Evange’lio
1439 4274 1680 4346 (Matt/3.,
1715 4292 1826 4343 VIII,
1869 4277 1942 4334 24
1966 4289 2015 4332 et
2042 4279 2198 4349 δίῳ),

597 4362 743 4433 quod
769 4377 890 4417 cum
921 4363 1102 4435 gravis
1147 4375 1291 4420 esset
1345 4367 1606 4434 procella,
1629 4375 1685 4423 et
1726 4383 1954 4440 magnus
1979 4371 2031 4425 in
2064 4373 2201 4427 mari

598 4466 801 4522 motus,
835 4456 907 4512 ita
937 4467 996 4512 ut
1030 4457 1366 4526 trepidarent
1411 4459 1646 4527 apostoli
1696 4461 1957 4532 naufragii
1988 4465 2200 4533 pericu-

597 4548 733 4613 lum,
766 4550 1143 4605 excitaverunt
1191 4550 1554 4607 dormientem
1604 4551 1658 4607 in
1693 4553 1858 4625 puppi
1908 4555 2198 4612 Dominum

2307 3345 2474 3400 maris
2496 3345 2735 3400 claustro
2764 3363 2776 3396 :
2811 3342 2974 3398 Parui
3013 3343 3057 3398 ei
3098 3342 3250 3412 ﬁnes,
3292 3356 3555 3412 apponens
3585 3340 3812 3394 claustra
3851 3349 3902 3393 et

2308 3446 2504 3508 portas.
2531 3436 2656 3492 Dixi
2676 3446 2846 3492 autem
2869 3436 2952 3491 ei:
2985 3433 3159 3505 Usque
3186 3435 3286 3488 huc
3309 3434 3499 3499 venies,
3528 3448 3620 3494 nec
3640 3442 3907 3504 transgre-

2305 3531 2483 3595 dieris,
2533 3532 2622 3586 sed
2669 3532 2723 3584 in
2789 3540 2837 3585 te
2879 3531 2992 3600 ipso
3027 3539 3358 3585 conterentur
3397 3529 3587 3599 ﬂuctus
3634 3527 3709 3580 tni
3751 3525 3905 3596 (Job.

2306 3640 2534 3694 xxxvtu,
2573 3624 2699 3697 10).
2746 3623 2934 3680 Nonne
2977 3624 3079 3692 ipsi
3125 3623 3369 3679 videmus
3409 3635 3560 3676 mare
3591 3620 3918 3691 frequenter,

2307 3718 2599 3784 undosum,
2632 3719 2704 3772 ita
2735 3726 2792 3774 ut
2819 3719 2871 3772 in
2899 3719 3068 3772 altum
3092 3716 3286 3772 ﬂuctus
3309 3715 3425 3784 ejus
3447 3723 3716 3784 tamquam
3743 3726 3909 3767 mons

2305 3825 2463 3882 aqua:
2516 3821 2818 3883 praeruptus
2871 3811 3155 3881 insurgat,
3190 3807 3281 3864 ubi
3335 3809 3592 3876 impetum
3635 3821 3791 3860 suum
3831 3804 3904 3860 ad

2307 3907 2457 3961 littus
2489 3906 2697 3961 illiserit
2718 3947 2732 3970 ,
2761 3904 2814 3960 in
2858 3919 3078 3975 spumas
3103 3903 3335 3970 resolvi,
3367 3896 3639 3974 repagulis
3669 3900 3900 3972 quibus-

2305 3997 2429 4054 dam
2476 4013 2657 4054 arenae
2696 3997 2915 4052 lmmilis
2964 4011 3378 4067 repercussum,
3426 3994 3723 4051 secundum
3755 3993 3899 4064 quod

2306 4095 2563 4164 scriptum
2589 4103 2714 4148 est:
2747 4090 2847 4146 Aut
2887 4107 2989 4146 nou
3034 4091 3273 4146 timebitis
3321 4106 3422 4157 me,
3464 4088 3587 4142 dicit
3624 4085 3900 4154 Dominus,

2303 4189 2392 4259 qui
2418 4189 2566 4258 posui
2603 4203 2814 4241 arenam
2852 4186 2979 4255 ﬁnes
3002 4185 3131 4238 mari
3165 4182 3340 4256 (Hier.
3398 4198 3452 4248 v,
3481 4180 3616 4254 22)?
3641 4180 3906 4235 lniirmis—

2305 4283 2446 4337 simo
2489 4281 2672 4350 itaque
2714 4279 2955 4336 onmium
2991 4287 3016 4315 θ
3061 4278 3185 4333 vilis
3229 4275 3509 4332 sabulonis
3552 4274 3777 4346 pulvere
3820 4275 3904 4329 vis

2309 4374 2478 4438 maris
2507 4374 2829 4442 intempesta
2853 4371 3159 4436 cohibetur,
3184 4377 3241 4425 et
3264 4368 3408 4424 velut
3435 4365 3658 4423 habenis
3679 4367 3908 4438 quibus-

2308 4465 2434 4522 dam
2463 4465 2703 4522 ctelestis
2733 4462 2946 4534 impeiri
2984 4462 3299 4534 praseripto
3325 4461 3428 4516 sibi
3463 4459 3568 4514 ﬁne
3594 4465 3904 4522 revocatur,

2307 4558 2646 4630 violentique
2673 4557 2910 4628 :cquoris
2942 4563 3120 4611 motus
3153 4555 3204 4610 in
3231 4568 3354 4610 sese
3374 4552 3661 4624 frangitur,
3692 4549 3711 4590 ί
3743 4560 3906 4623 atque

597 4639 804 4706 Jesum,
839 4649 895 4697 et
940 4656 1169 4712 surgens
1200 4642 1483 4713 imperavit
1541 4655 1704 4700 vento
1731 4653 1787 4703 et
1816 4649 1979 4715 mari,
2009 4650 2198 4705 sedata
2229 4654 2283 4715 D
2309 4651 2362 4708 in
2393 4651 2646 4707 reductos
2671 4651 2825 4706 sinus
2851 4663 2980 4705 suos
3007 4648 3295 4704 scinditur.

598 4745 683 4792 est
715 4744 1030 4807 tempestas.
1056 4736 1234 4793 refusa
1261 4737 1646 4810 tranquillitas.
1675 4738 1776 4809 Qui
1806 4742 1982 4812 potuit
2033 4744 2204 4815 impe-

601 4828 686 4886 rio
717 4843 867 4884 mare
909 4838 1082 4884 tctum
1129 4828 1343 4897 sedare,
1397 4847 1504 4887 non
1535 4833 1711 4902 potuit
1759 4848 1927 4904 aquas
1976 4836 2206 4906 imperio

597 4938 820 4980 movere
846 4923 869 4976 Ἰ
895 4923 1058 4992 Atqui
1085 4923 1136 4978 in
1191 4922 1400 4980 diluvio
1429 4924 1508 4980 sic
1537 4927 1871 4996 accepimus,
1904 4928 2050 4999 quod
2079 4944 2202 4985 eruo

600 5018 778 5089 perint
811 5017 990 5090 abyssi
1042 5017 1220 5073 fontes
1251 5017 1405 5092 (Gen.
1457 5033 1554 5086 vn,
1588 5019 1697 5090 Η),
1727 5029 1782 5075 et
1805 5021 1951 5092 quod
1979 5021 2207 5078 induxe-

602 5110 873 5180 ritpostea
898 5109 1174 5180 spiritum,
1199 5119 1252 5164 et
1274 5109 1560 5166 siccaverit
1578 5126 1771 5183 aquam
1795 5110 1952 5186 (Gen.
1995 5114 2202 5186 vum):

673 5307 697 5335 λ
727 5297 848 5352 Vet.
896 5294 1027 5350 edit.
1059 5310 1277 5364 omnes,
1303 5311 1367 5352 ac
1406 5297 1577 5352 Paris.
1612 5299 1889 5355 nonnullae
1911 5315 2034 5357 cum
2065 5301 2203 5359 duo-

599 5372 823 5446 bus‘ant
851 5368 1023 5424 tribus
1047 5383 1204 5446 mss.,
1229 5369 1461 5439 efﬁciens
1505 5381 1695 5446 natura
1723 5381 1815 5427 est.
1847 5372 1972 5428 Mss.
2001 5375 2204 5446 aliquot

600 5441 822 5511 optimae
845 5449 1008 5505 notae,
1033 5440 1233 5564 e{ﬁgies
1261 5451 1461 5496 natura:
1514 5451 1604 5496 est.
1635 5443 1726 5496 llis
1757 5452 1936 5500 tamen
1981 5440 2206 5514 antepo-

601 5512 765 5564 nendi
817 5511 910 5564 alii
941 5519 997 5564 et
1024 5525 1056 5564 a
1081 5512 1220 5564 iuua:
1275 5511 1407 5564 edit.
1455 5511 1686 5564 Sanctus
1715 5515 1860 5564 enim
1885 5531 2203 5564 mni—essum

601 5512 765 5588 nendi
803 5511 999 5588 galii_e_t
1024 5511 1220 5588 aliqua:
1245 5587 1248 5588 ν
1275 5511 1407 5568 edit.
1455 5511 1686 5569 Sanctus
1715 5515 1860 5571 enim
1885 5511 2204 5588 expressum

605 5583 776 5659 voluit
803 5584 934 5659 illud
963 5583 1170 5650 Basilii,
1193 5587 1394 5659 sane;
1415 5588 1529 5642 ἐστι
1549 5593 1806 5648 ποιητική.

676 5652 703 5692 b
731 5655 1134 5736 Quidatninss"
1155 5652 1302 5736 quod
1317 5658 1369 5711 iu
1392 5659 1677 5736 superﬁcie
1689 5662 1807 5736 ejus
1830 5662 2100 5736 inqualitas
2118 5664 2204 5736 sit.

681 5739 702 5766 ε
735 5725 862 5780 Mss.
915 5727 1140 5796 aliquot,
1185 5740 1239 5783 ut
1286 5730 1388 5784 iuta
1438 5725 1500 5784 ac
1543 5725 1814 5789 solidiore.
1855 5725 1961 5788 Alii
1988 5748 2050 5789 ac
2070 5734 2202 5790 edit.

606 5814 800 5879 omnes
827 5816 840 5853 :
871 5809 928 5879 ut
953 5799 1058 5854 ima
1076 5801 1353 5879 φιὶάίοπα.
1375 5801 1588 5879 _C0rb.._,
1610 5804 1799 5874 Carn.,
1827 5806 1959 5863 Ben.
1989 5814 2046 5863 et
2070 5806 2199 5879 Th.,

605 5883 662 5928 nt
685 5874 787 5927 inm
808 5871 904 5928 soli
934 5887 1044 5926 ora.
1068 5871 1252 5930 Germ.
1283 5883 1339 5928 ut
1367 5877 1470 5931 ima
1491 5877 1609 5932 sali.

2382 4742 2754 4799 ll.Ca:terum
2777 4743 2879 4797 nisi
2898 4741 2978 4798 vis
2997 4741 3181 4797 statuti
3196 4737 3444 4796 cmlestis
3463 4736 3756 4805 inhiberet,
3777 4736 3906 4809 quid

2310 4837 2556 4894 obstaret
2584 4838 2712 4910 quin
2746 4853 2844 4910 per
2867 4838 3022 4908 plana
3051 4835 3292 4908 Egypti,
3325 4850 3447 4905 qua:
3475 4833 3709 4889 maxime
3732 4832 3907 4888 Immi-

2308 4929 2538 4988 lioribus
2563 4931 2752 5002 jacens
2796 4931 3030 4987 vallibus
3072 4928 3394 5000 campestris
3419 4927 3717 4993 asseritur,
3756 4942 3906 4983 mare

2312 5024 2560 5082 llubrum
2589 5025 2847 5100 Egyptio
2886 5026 3080 5098 pelago
3121 5024 3477 5079 misceretur?
3518 5021 3763 5094 Denique
3803 5022 3905 5078 do-

2309 5128 2434 5175 cent
2477 5119 2580 5176 boc
2606 5121 2698 5192 qui
2739 5121 3028 5176 voluerunt
3069 5117 3185 5174 haec
3215 5116 3322 5173 duo
3353 5115 3456 5172 sibi
3487 5116 3656 5172 maria
3698 5131 3903 5173 conne-

2376 5305 2404 5344 ἀ
2447 5308 2592 5367 Edit.
2623 5324 2746 5366 cum
2777 5307 2965 5380 paucis
3002 5323 3134 5364 mss.
3155 5349 3170 5373 ,
3216 5307 3380 5380 divisa
3408 5315 3481 5361 est
3525 5307 3579 5361 in
3609 5307 3906 5380 profundo,-

2305 5380 2500 5436 melius
2531 5382 2724 5453 reliqui
2775 5379 2932 5446 mss.,
2963 5397 2996 5434 a
3034 5379 3318 5453 profundo,
3353 5379 3405 5434 id
3441 5386 3559 5445 est,
3602 5379 3670 5433 ab
3700 5379 3811 5434 imo
3838 5381 3904 5436 ad

2309 5465 2600 5508 summum.

2386 5533 2409 5560 θ
2453 5523 2598 5579 Edit.
2643 5539 2872 5578 omnes:
2905 5522 3020 5595 uilis
3066 5524 3232 5578 sabuli
3281 5523 3487 5595 pulvere
3526 5521 3805 5595 visrmaris
3852 5523 3906 5578 in

2314 5605 2613 5665 tempestate
2642 5595 2921 5649 cohibetur.
2963 5593 3088 5650 Mss.
3119 5593 3350 5649 omnes:
3398 5593 3512 5648 vitis
3553 5594 3778 5648 sablonis
3814 5604 3908 5649 aut

2313 5667 2573 5722 sabulonis
2608 5709 2621 5722 .
2646 5708 2658 5721 .
2686 5704 2699 5718 .
2726 5706 2738 5720 .
2787 5665 2978 5732 Carn.,
3025 5665 3190 5724 Corb.
3214 5709 3229 5734 ,
3265 5667 3422 5730 Ben.,
3465 5665 3592 5730 'l‘h.,
3633 5666 3817 5720 Germ.
3851 5677 3907 5722 et

2313 5737 2448 5810 Reg.
2480 5741 2822 5810 intempesta:
2852 5739 2944 5794 alii
2973 5754 3100 5794 vero
3129 5748 3183 5794 ut
3209 5739 3339 5794 edit.
3373 5739 3427 5792 in
3457 5744 3772 5810 tempestate.
3783 5809 3788 5810 ί
3973 5801 3978 5808 λ

2389 5809 2406 5850 τ
2451 5811 2606 5869 Dion.
2637 5807 2786 5881 eod.,
2808 5820 2959 5884 atque
2978 5811 3217 5868 reductus
3237 5814 3291 5865 in
3315 5811 3456 5866 sinus
3481 5824 3598 5865 suos
3625 5807 3901 5866 scinditur.
