4102 6360
86 351 194 410 161
1384 342 1885 407 HEXAEMERON.
1927 341 2058 402 LIB.
2090 344 2180 402 III.
2635 350 2646 358 '
3329 339 3434 398 163

83 477 270 535 ciere,
305 475 481 540 atque
515 468 574 524 in
600 481 661 526 se
689 463 1087 525 transfundere.
1115 463 1386 521 Sesostris
1413 464 1724 536 Egyptius,
1756 467 1808 527 Α
1835 471 2000 533 atque
2028 463 2178 518 Italia
2208 475 2306 533 pro
2333 462 2615 533 regionum
2656 459 3001 532 appellamur
3028 454 3310 512 vocabulis
3333 496 3346 520 ,
3383 463 3439 509 et

87 560 185 631 qui
250 562 550 633 antiquior
601 563 722 628 fuit,
767 571 822 618 et
871 559 1062 616 Darius
1112 557 1318 625 Medus,
1375 557 1467 628 qui
1504 558 1731 628 majoris
1838 571 1942 611 una
1975 564 2060 610 est
2091 565 2278 610 terra:
2311 556 2381 610 ita
2416 556 2582 611 multa
2613 554 2870 612 dicuntur
2911 568 3008 624 pro
3055 553 3296 608 locorum
3343 563 3439 618 ap-

89 655 362 710 contuitu
391 659 664 726 potentia:
693 656 744 711 in
770 654 1017 710 cﬂ‘ectutn
1046 653 1218 709 voluit
1248 651 1556 717 adducere,
1587 650 1729 720 quod
1838 648 2226 720 pellationibus
2256 649 2428 703 maria
2456 689 2470 714 ,
2518 660 2574 705 et
2621 664 2784 703 unum
2816 655 2901 703 est
2945 660 3129 709 mare,
3181 644 3323 700 sicut
3365 641 3442 698 ait

91 747 194 817 ab,
219 747 494 819 indigena
528 750 709 806 fuerat
745 757 870 804 ante.
917 757 1206 804 tentatum.
1243 746 1375 814 Quae
1411 762 1500 802 res
1535 745 1733 802 indicio
1841 739 2126 810 pr0phcta,
2161 739 2391 795 dicens:
2426 738 2527 794 Tui
2552 751 2671 794 sunt
2694 741 2852 812 caeli,
2883 749 2931 794 et
2954 749 3041 793 tua
3069 747 3145 793 est
3167 747 3325 801 terra,
3355 751 3443 790 or-

95 849 220 909 est,
253 843 410 914 quod
444 843 703 914 superius
732 848 818 898 est
863 855 1013 896 mare
1053 839 1318 903 Indicum,
1363 839 1414 893 in
1447 854 1554 908 quo
1584 850 1735 892 mare
1840 834 1952 889 bent
1979 844 2235 889 terrarum
2261 842 2308 888 et
2336 834 2710 902 plenitudinem
2739 837 2849 906 ejus
2872 843 2926 888 tu
2948 832 3200 903 fundasti,
3227 829 3444 902 Aquilo-

97 935 576 1008 Rubrum,quam
608 951 792 1007 aequor
813 933 1128 1007 Egyptium
1151 932 1295 1004 quod
1317 932 1540 987 inferius
1560 930 1732 986 alluit.
1840 943 1956 982 nent
1978 936 2027 981 et
2053 942 2194 980 mare
2225 935 2280 980 tu
2309 929 2495 981 creasti
2533 924 2653 998 (Ps.
2680 941 2960 993 Lxxxvtu,
2993 926 3105 995 I2).
3138 923 3206 978 Et
3244 922 3310 977 ad
3340 921 3443 975 Job

102 1025 178 1082 Et
211 1027 468 1096 fortasse
496 1044 569 1084 ne
601 1029 762 1083 latius
791 1043 850 1084 se
881 1042 1030 1083 mare
1057 1025 1379 1091 effunderet,
1403 1024 1470 1080 de
1490 1023 1739 1096 superio—
1842 1020 1960 1091 ipse
1990 1019 2247 1074 Dominus
2287 1017 2362 1073 ait
2387 1035 2402 1071 :
2432 1017 2674 1073 (Σουσιαεὶ
2701 1027 2871 1072 autem
2901 1033 3041 1072 mare
3093 1016 3254 1088 portis
3290 1011 3433 1086 (Job.

103 1119 269 1176 ribus
313 1120 385 1176 ad
437 1121 703 1176 inferiora
752 1119 1133 1192 praecipitans,
1177 1117 1300 1174 ideo
1329 1115 1610 1173 molimina
1643 1129 1739 1170 sua
1844 1127 2072 1178 xxxvur,
2106 1109 2185 1182 8).

101 1226 206 1268 rex
239 1219 488 1284 uterque
518 1213 821 1270 revocavit.
1920 1207 2008 1261 14.
2051 1205 2204 1261 Nunc
2236 1205 2360 1276 quia
2403 1203 2472 1260 de
2502 1218 2605 1258 una
2650 1201 2972 1258 collectione
3007 1201 3274 1268 diximus,
3310 1197 3444 1256 illttd

1849 1299 2113 1365 occurrit;
2158 1307 2337 1354 utrum
2386 1312 2507 1352 cum
2557 1311 2654 1366 per
2706 1309 2923 1349 omnem
2976 1295 3090 1349 fere
3141 1302 3342 1347 terram
3391 1297 3449 1346 ει

667 1352 777 1424 38
1851 1408 2016 1424 ρηηη..
2049 1401 2250 1424 Inus-unm
2302 1389 2319 1424 f
2353 1390 2544 1424 rum-int
2580 1387 2790 1424 .Iiﬂ‘nun
2829 1401 2982 1424 gnum
3034 1400 3128 1424 nm-
3175 1383 3446 1424 vnllnelrin

1851 1408 2016 1464 super
2049 1401 2251 1448 terram
2302 1389 2319 1428 τ
2353 1390 2550 1447 fuerint
2580 1387 2790 1443 ditI‘usze
2829 1401 2983 1456 aquae
3034 1400 3128 1456 per
3175 1383 3450 1439 vallestria

107 1464 501 1524 Collectionem
527 1485 780 1540 aquarum
802 1485 957 1523 unam
980 1476 1026 1523 et
1049 1467 1346 1520 continuam
1375 1479 1500 1531 esse,
1528 1464 1742 1518 nomina
1851 1501 2137 1559 agrorum,
2187 1500 2421 1542 concava
2457 1483 2715 1538 montium
2741 1524 2754 1547 ,
2802 1479 3193 1551 planitiemque
3232 1490 3451 1547 campo-

187 1579 312 1618 vero
347 1580 448 1632 pro
481 1563 784 1617 diversitate
807 1564 1072 1634 regionum
1096 1562 1316 1616 diversa.
1356 1559 1628 1627 Quomodo
1665 1558 1746 1611 lo-
1855 1558 2003 1647 νέην,
2050 1578 2212 1634 modo
2239 1577 2476 1648 mquoris
2521 1574 2636 1631 fusa
2680 1575 3027 1644 congregatio
3066 1586 3172 1626 una
3217 1569 3454 1641 pulum.“

192 1673 318 1709 cum
347 1657 530 1723 aquis,
562 1666 665 1711 toto
692 1657 812 1710 orbe
838 1654 1045 1722 ili/fusis
1065 1695 1079 1720 ,
1120 1653 1255 1709 Deus
1286 1654 1564 1725 paraverit.
1612 1651 1748 1706 Item

1854 1687 2044 1728 omnes
2078 1671 2200 1726 illas
2232 1685 2398 1741 aquas
2441 1668 2687 1739 recipere
2728 1674 2891 1736 atque
2932 1663 3213 1720 exinanire
3245 1673 3450 1730 terras,

193 1750 261 1802 tle
293 1748 522 1804 lacubus
553 1760 600 1803 et
622 1749 818 1821 stagnis
847 1749 940 1803 sub
963 1766 1064 1803 una
1091 1748 1484 1820 congregatione
1514 1763 1750 1820 compre-

1872 1783 1974 1839 [ure
2005 1777 2130 1822 ante
2163 1765 2282 1820 fuso
2312 1781 2407 1834 per
2443 1764 2754 1819 universum
2787 1761 3006 1817 flumine
3037 1759 3448 1831 Stagnabantur.

204 1843 414 1898 ltettsis.

1783 1876 1832 1936 B
1857 1861 1990 1916 Nam
2023 1861 2067 1916 si
2113 1862 2184 1916 ita
2231 1867 2417 1931 operta
2448 1867 2603 1914 erant
2645 1857 2864 1922 omnia;
2913 1872 3019 1911 non
3050 1857 3194 1911 enim
3225 1854 3453 1922 diceret,

1857 1956 1973 2010 visa
2001 1964 2081 2010 est
2115 1965 2290 2020 terra,
2315 1953 2426 2025 39
2448 1953 2546 2007 nisi
2575 1962 2832 2007 retectam
2853 1951 3011 2007 vellet
3041 1951 3174 2006 locis
3200 1949 3458 2007 omnibus

1857 2049 2256 2106 demonstrare.
2302 2049 2358 2104 Si
2389 2047 2651 2104 diluvium
2683 2045 2798 2102 Noe
2826 2056 3072 2118 tempore
3097 2045 3381 2102 abscondit
3403 2052 3461 2100 et

1859 2153 2093 2210 montes,
2123 2141 2341 2211 quando
2368 2155 2627 2212 aquarum
2652 2141 2760 2210 jam
2784 2149 2840 2196 et
2867 2156 3027 2210 super
3048 2140 3216 2195 coeIos
3241 2147 3297 2195 et
3320 2138 3459 2194 infra

1849 2231 2262 2294 ﬁrmamentum
2308 2235 2482 2292 fuerat
2531 2235 2667 2290 facta
2709 2235 2997 2301 discretio;
3040 2244 3242 2306 quanto
3287 2233 3460 2303 magis

1859 2331 2094 2388 dubitari
2128 2347 2234 2386 non
2273 2338 2454 2402 potest
2481 2329 2644 2384 etiam
2688 2330 2950 2384 montium
2991 2331 3222 2384 vertices
3259 2327 3346 2382 illa
3371 2341 3462 2381 su-

1860 2426 2176 2498 perfusione
2213 2425 2474 2480 latuisse?
2517 2423 2635 2493 Quo
2674 2423 2835 2495 igitur
2862 2424 2951 2478 illa
2995 2425 3171 2478 omnis
3197 2437 3460 2494 aquarum

1862 2519 2223 2576 redundantia
2252 2517 2494 2573 derivata
2527 2516 2644 2572 est?
2672 2516 2803 2584 Qum
2830 2516 3170 2588 receptacula
3199 2531 3320 2570 eam
3349 2523 3460 2570 tam

1861 2614 2122 2670 continua
2171 2622 2332 2684 atque
2362 2626 2614 2666 connexa
2665 2610 2960 2666 absorbere
3007 2609 3337 2682 potuerunt?
3387 2609 3464 2666 De

1862 2726 1970 2783 quo
2002 2709 2208 2765 multus
2238 2707 2398 2762 nobis
2425 2715 2605 2778 potest
2634 2721 2813 2762 sermo
2838 2716 3150 2777 suppetere.

1937 2803 2025 2859 I5.
2069 2803 2309 2858 Primum
2352 2802 2473 2873 quia
2505 2801 2680 2872 potuit
2719 2810 2935 2857 creator
2964 2801 3205 2857 omnium
3237 2808 3293 2856 et
3321 2799 3466 2872 ipsa-

1807 2941 1810 2944 .
1864 2913 1982 2953 rum
2021 2907 2289 2951 terrarum
2331 2896 2505 2966 spatia
2538 2893 2878 2958 diffundere;
2927 2894 3070 2966 quod
3123 2893 3289 2965 aliqui
3338 2902 3464 2950 ante

1868 3006 1968 3046 nos
2015 2991 2443 3056 confirmantes,
2478 2998 2502 3036 ε
2551 2987 2770 3059 propria
2820 2998 3120 3058 posuerunt
3167 2987 3460 3044 sententia.

201 1956 290 2010 l2.
336 1955 548 2024 Qumro
577 1972 747 2023 nunc,
785 1972 909 2013 cum
949 1957 1186 2012 dixerit:
1232 1966 1257 1992 τι
1288 1956 1580 2028 Colligatur
1617 1972 1752 2026 aqua

121 2051 178 2103 in
217 2049 588 2106 collectionem
630 2067 823 2117 unam;
869 2049 1143 2122 quomodo
1171 2049 1396 2105 diffusas
1448 2066 1545 2119 per
1576 2049 1750 2114 lacus,

126 2142 388 2212 paludes,
422 2157 651 2214 Stagna,
700 2158 900 2214 aquas,
950 2152 1006 2198 ct
1050 2143 1367 2212 superiusas
1418 2141 1651 2197 vallibus
1697 2148 1754 2197 et

129 2241 352 2307 eampis
375 2238 745 2308 omnibusque
768 2237 1103 2308 planioribus
1134 2236 1289 2303 locis,
1320 2244 1606 2291 currentes
1634 2234 1754 2289 fon-

127 2334 280 2389 tibus
306 2342 479 2404 atqtte
507 2332 859 2400 ﬂuminibus,
890 2349 995 2387 una
1028 2331 1266 2401 potuerit
1305 2332 1552 2399 recipere
1579 2328 1752 2384 colle-

127 2430 294 2485 ctio:
347 2437 447 2484 aut
499 2428 780 2499 quomodo
827 2442 932 2482 una
980 2427 1272 2491 collectio,
1318 2441 1443 2481 cum
1487 2424 1756 2496 hodieque

130 2521 362 2578 diversa
396 2521 512 2576 sint
547 2521 752 2577 maria?
780 2520 912 2575 Nam
940 2531 994 2576 et
1016 2519 1292 2575 Oceanum
1318 2533 1469 2574 mare
1497 2516 1753 2585 dicimus,

133 2622 192 2668 et
215 2612 604 2686 Tyrrhenum,
637 2623 696 2670 et
723 2613 1060 2669 Adriaticum
1083 2653 1099 2680 ,
1134 2621 1189 2668 et
1220 2611 1484 2677 Indicum,
1516 2620 1572 2666 et
1589 2609 1758 2682 Egy-

139 2709 340 2777 ptium,
378 2717 434 2762 et
461 2707 774 2774 Ponticum,
805 2718 860 2764 et
893 2706 1316 2778 Propontidem,
1351 2715 1406 2762 et
1429 2706 1756 2776 Hellespon-

142 2809 299 2869 tum,
353 2811 410 2857 et
459 2803 768 2869 Euxinum,
812 2801 1060 2874 Egteum
1106 2801 1350 2866 Ionium,
1403 2801 1756 2858 Atlanticum.

145 2893 174 2932 ι)
206 2895 468 2964 Plerique
508 2898 674 2951 etiam
707 2894 1018 2962 Creticum,
1061 2903 1117 2950 et
1163 2894 1609 2964 Septentrionale
1653 2894 1758 2950 Ca-

148 2988 332 3059 spium
361 2989 649 3058 appellant
674 3004 838 3044 mare.
863 2987 1016 3045 Unde
1038 2988 1450 3044 consideremus
1466 2989 1761 3056 Scriptum

149 3084 346 3144 verba,
379 3097 505 3152 qua:
536 3082 734 3137 librato
761 3091 886 3138 sunt
917 3082 1177 3137 trutinata
1204 3083 1476 3136 examine.
1868 3085 1982 3155 Ego
2025 3083 2155 3154 qttid
2206 3081 2384 3137 facere
2426 3083 2666 3151 potuerit
2687 3122 2702 3148 ,
2738 3097 2843 3136 non
2891 3081 3252 3154 praetermitto
3284 3099 3296 3135 :
3337 3081 3466 3152 quid

228 3175 321 3228 15.
368 3171 918 3245 Colligatur,inquit,
948 3190 1081 3244 aqua
1116 3173 1168 3227 in
1207 3172 1558 3228 collectionem
1586 3188 1760 3228 ttnant.
1870 3177 2062 3233 fecerit
2111 3173 2257 3246 quod
2295 3184 2480 3244 aperte
2529 3175 2933 3245 Scripturarum
2984 3175 3304 3231 auctoritate
3357 3191 3464 3231 non

151 3267 270 3324 Um
299 3282 605 3338 aquarum,
631 3269 886 3340 iugisque
911 3279 963 3325 et
991 3269 1249 3325 continua
1279 3266 1630 3339 congregatio
1659 3279 1762 3334 est,
1795 3275 1841 3339 ε
1872 3270 2056 3337 didici,
2088 3271 2240 3342 quasi
2267 3277 2538 3325 secretum
2570 3280 2854 3341 praetereo,
2889 3286 2956 3326 ne
2979 3270 3117 3326 forte
3147 3273 3311 3328 etiam
3341 3271 3468 3329 hinc

144 3360 242 3414 sed
275 3358 501 3414 diversi
539 3361 694 3416 sinus
724 3361 887 3417 maris
907 3403 921 3428 ,
956 3371 1014 3415 ut
1050 3361 1264 3432 quidam
1297 3361 1365 3416 de
1394 3361 1764 3430 Scriptorihus
1868 3366 2003 3421 alias
2029 3364 2130 3420 sibi
2154 3365 2482 3434 quaestiones
2511 3364 2810 3436 requirant.
2840 3366 3041 3420 Assero
3071 3375 3246 3421 tamen
3271 3380 3469 3422 secun-

149 3453 466 3510 l'orensihns
514 3455 590 3509 ait
627 3454 793 3527 (Plat.
837 3456 889 3509 in
943 3453 1178 3528 Timwo).
1223 3453 1468 3525 Namque
1515 3464 1708 3525 pontus
1740 3466 1762 3494 ο
1870 3457 1998 3513 dum
2029 3457 2372 3528 Scripturas,
2422 3458 2543 3526 quia
2593 3459 2766 3526 potuit
2817 3458 3057 3514 locorum
3105 3457 3357 3528 humilia,
3402 3454 3470 3516 ct

157 3549 330 3604 matis
357 3551 536 3606 nosu'i
568 3549 714 3605 sinus
746 3549 1143 3621 amplissimus,
1175 3550 1476 3636 meritoque
1507 3551 1558 3604 in
1587 3550 1767 3606 diver-
1871 3566 2187 3621 camporum
2217 3561 2398 3620 aperta
2419 3550 2748 3614 diffundere,
2778 3553 2917 3608 sicut
2938 3553 3054 3624 ipse
3070 3553 3182 3608 ait:
3214 3552 3328 3625 Ego
3351 3563 3469 3610 ante

160 3643 236 3698 sis
268 3642 408 3697 locis
440 3642 652 3698 diversa
684 3651 812 3697 sunt
849 3643 1064 3697 nomina
1091 3642 1264 3712 ,_qnia
1302 3642 1556 3698 vocabula
1589 3643 1764 3714 aquis,
1873 3653 1921 3698 te
1951 3645 2241 3712 ambulabo,
2274 3654 2321 3698 et
2347 3655 2541 3700 montes
2568 3647 2751 3715 planos
2779 3647 2971 3716 faciunt
3011 3646 3162 3720 (Esa.
3222 3664 3346 3716 ην,
3375 3647 3465 3722 2).

161 3749 229 3790 ex
258 3736 543 3806 regionum
575 3735 850 3790 vocabulis
876 3734 1243 3790 adhaeserunt.
1281 3735 1395 3791 Una
1427 3744 1606 3790 autem
1639 3749 1768 3790 con-
1872 3735 2052 3792 Potuit
2075 3738 2235 3793 etiam
2266 3737 2382 3808 ipsa
2413 3754 2673 3808 aquarum
2699 3739 2778 3793 vis
2809 3738 3152 3826 profundiOra
3178 3756 3240 3797 ea
3264 3743 3466 3810 facere,

164 3829 409 3901 gregatio
426 3844 794 3899 aquarum,eo
815 3827 958 3900 quod
977 3829 1120 3898 jugis
1139 3829 1279 3883 unda
1297 3827 1770 3899 atqnedcontinua
1874 3845 1994 3899 quae
2023 3829 2298 3885 insederat
2322 3847 2336 3884 :
2369 3839 2517 3885 tanto
2547 3830 2806 3886 ﬂuctuum
2836 3839 3020 3901 motu,
3053 3842 3307 3904 tantoque
3335 3845 3472 3891 testu

166 3921 234 3978 ab
265 3922 452 3978 Indico
493 3923 627 3976 mari
675 3936 848 3991 usque
876 3921 944 3975 ad
973 3921 1223 3977 Gaditani
1259 3936 1409 3976 oram
1454 3921 1682 3984 littoris,
1718 3929 1772 3976 et
1876 3924 2252 3978 concitatioris
2284 3924 2540 3979 elementi
2564 3964 2579 3990 ,
2613 3925 2701 3994 qui
2730 3925 2970 3994 quotidie
3015 3925 3117 3979 ima
3152 3926 3324 3999 pelagi
3357 3937 3472 3982 tor-

165 4014 298 4072 inde
332 4016 386 4069 in
419 4030 569 4069 mare
600 4014 841 4069 Rubrum
873 4023 896 4051 θ
929 4024 1176 4071 extremo
1217 4015 1540 4070 circumfusa
1581 4015 1770 4070 orbem
1878 4028 2153 4092 quereLet
2177 4032 2390 4081 arenas,
2426 4025 2642 4071 vertere
2681 4015 2854 4071 soleat
2878 4016 2945 4072 de
2970 4017 3259 4085 profundo.
3287 4016 3316 4056 ιι
3341 4019 3472 4088 Quis

169 4117 442 4166 terrarum
468 4107 696 4163 includit
716 4107 932 4163 Oceano
956 4124 969 4162 :
1004 4107 1231 4163 interius
1253 4122 1468 4177 quoque
1489 4106 1774 4178 Tyrrheno

173 4203 404 4272 Adrias,
449 4204 633 4260 Adriae
671 4213 867 4260 ctetera
897 4203 1062 4258 maria
1105 4203 1422 4269 miscentur,
1469 4201 1777 4256 nominibus

172 4297 426 4354 distincta
444 4316 552 4355 non
573 4298 846 4355 ﬂuctibus.
871 4298 1026 4355 Unde
1049 4299 1270 4369 pulchre
1292 4297 1480 4364 habes,
1498 4299 1617 4368 quia
1637 4297 1777 4353 Deus

173 4393 624 4463 congregationes
652 4407 912 4463 aquarum
943 4391 1154 4448 vocarit
1184 4390 1351 4447 maria
1382 4389 1539 4463 (Gen.
1595 4407 1634 4457 I,
1661 4391 1775 4460 10).

176 4481 249 4537 Ita
280 4491 337 4540 et
365 4502 470 4542 una
496 4492 581 4541 est
599 4486 866 4557 generalis
886 4485 1162 4553 collectio,
1181 4485 1513 4556 quazdicitur
1535 4501 1706 4554 mare,
1729 4494 1782 4541 et

177 4578 361 4633 multae
399 4579 765 4635 collectiones
807 4594 927 4650 quae
959 4579 1126 4634 maria
1173 4593 1271 4648 pro
1300 4577 1615 4649 regionibus
1643 4593 1780 4632 nun-

1880 4107 2078 4164 deinde
2120 4107 2287 4175 sciat,
2320 4109 2370 4161 in
2399 4117 2660 4188 quantum
2693 4123 2752 4163 se
2783 4107 2915 4163 illud
2958 4125 3208 4180 maguum
3239 4120 3294 4166 et
3325 4112 3477 4167 inatt-

1882 4218 2001 4259 Sum
2045 4202 2426 4273 navigantibus
2473 4211 2634 4272 atque
2691 4203 3014 4259 intentatum
3067 4206 3244 4262 nautis
3289 4205 3478 4264 fundat

1885 4312 2070 4364 mare,
2124 4297 2268 4367 quod
2316 4295 2621 4352 Britannias
2674 4296 2930 4353 frementi
2980 4299 3208 4355 includit
3238 4317 3476 4373 (equore,

1885 4402 2049 4464 atque
2085 4392 2429 4448 in‘ulteriora
2471 4402 2525 4448 et
2555 4391 2688 4462 ipsis
2719 4391 2913 4449 fabulis
2960 4393 3235 4452 inaccessa
3271 4408 3482 4454 secreta

1887 4501 1948 4542 se
1978 4485 2246 4558 porrigit?
2289 4485 2419 4554 Quis
2460 4486 2658 4543 deinde
2688 4501 2796 4542 non
2833 4487 3051 4560 colligat
3080 4498 3339 4562 quantum
3371 4491 3483 4548 Lu-

1890 4582 2042 4636 crino
2063 4589 2118 4635 et
2142 4578 2358 4635 Averno
2387 4579 2439 4634 in
2468 4578 2653 4644 Italia,
2683 4579 2962 4636 Tiberiadi
2993 4598 3208 4654 quoque
3239 4585 3290 4639 in
3319 4585 3487 4641 Palin—

177 4682 459 4740 cupantur.
500 4674 655 4728 Sicut
693 4673 838 4729 enim
872 4673 1056 4728 multa:
1089 4682 1281 4741 terrae,
1331 4681 1388 4727 ut
1431 4671 1614 4728 Africa
1636 4713 1650 4738 ,
1685 4671 1780 4727 IIi-
1811 4679 1862 4740 D
1890 4674 2054 4740 stina,
2083 4683 2138 4728 et
2167 4673 2216 4728 ei
2256 4672 2396 4728 Iacui
2425 4673 2518 4744 qui
2563 4673 2710 4729 inter
2740 4673 3085 4730 Palmstinam
3115 4687 3168 4732 et
3196 4676 3488 4750 Egyptum

179 4765 384 4834 spania,
411 4765 670 4834 Thracia,
700 4764 1035 4832 Macedonia,
1061 4764 1239 4838 Syria,
1265 4763 1555 4837 Egyptus,
1579 4764 1776 4836 Gallia,

254 4959 281 4988 α
319 4952 391 5007 Ita
422 4960 538 5010 vet.
575 4951 707 5009 edit.
737 4959 794 5008 et
831 4949 1015 5006 cuncti
1046 4946 1158 5005 fere
1202 4965 1334 5006 mss.
1367 4963 1468 5005 nec
1502 4963 1609 5003 non
1644 4947 1786 5002 infra

184 5035 332 5077 num.
358 5021 444 5081 f5.
465 5025 614 5080 Edit.
638 5036 817 5080 autem
840 5021 1006 5077 Rom.
1031 5037 1152 5077 cum
1177 5036 1308 5077 mss.
1337 5037 1443 5076 uno
1471 5030 1564 5075 aut
1585 5020 1790 5074 altero:

181 5106 536 5168 congregetur,
568 5109 701 5160 etc.,
731 5103 788 5150 ut
816 5092 973 5149 initio
1001 5108 1120 5163 cap.
1155 5093 1211 5159 2,
1240 5105 1294 5149 et
1321 5091 1457 5147 infra
1476 5107 1612 5168 ⁸(Ἀφ’
1647 5089 1702 5155 4ο
1734 5091 1790 5168 i.“

183 5161 385 5232 quibus
419 5161 554 5224 locis
585 5168 759 5224 eidem
806 5179 996 5220 omnes
1043 5161 1178 5219 mss.
1223 5174 1384 5235 atque
1427 5161 1567 5218 edit.
1607 5161 1792 5218 conci-

185 5245 334 5291 nunt.

252 5304 293 5380 δ.
310 5308 472 5367 Rom.
503 5309 633 5366 edit.
663 5307 914 5380 Plerique
933 5309 1088 5365 etiam
1113 5306 1373 5362 Balticum
1392 5303 1795 5376 septentrionale

187 5383 234 5429 et
255 5377 527 5450 Caspium,
558 5390 665 5437 etc.

261 5459 282 5530 ς
325 5448 688 5530 Edit._om_nes
720 5459 776 5506 et
803 5464 940 5507 mss.
974 5451 1257 5530 plerique:
1292 5457 1469 5530 portus
1498 5448 1660 5503 maris
1688 5463 1795 5530 Δηο-

189 5522 296 5586 stri,
326 5533 429 5580 etc.
469 5525 635 5579 Corb.
667 5531 850 5578 tamen
883 5531 940 5578 et
969 5522 1060 5576 alii
1088 5522 1325 5591 quinque
1355 5522 1574 5590 optima:
1609 5526 1791 5573 notze:

192 5538 296 5586 sm,
326 5538 429 5580 etc.
469 5538 635 5579 uorti.
667 5538 850 5578 tamen
883 5538 940 5578 et
969 5538 1060 5576 aut
1127 5538 1325 5591 umque
1355 5538 1574 5590 opttrna:
1609 5538 1791 5573 norat:

192 5603 389 5658 pontus.
451 5595 524 5650 Et
573 5594 714 5650 forte
758 5593 952 5649 eodem
995 5538 1155 5648 modo
1193 5591 1302 5647 dici
1349 5591 1552 5662 possit,
1613 5599 1799 5660 pontus

193 5665 363 5738 maris,
399 5681 515 5738 quo
544 5676 860 5738 usurpatur,
895 5664 1077 5738 solum_
1092 5675 1262 5729 teme,
1290 5674 1343 5719 et
1368 5663 1586 5738 similia.

259 5732 284 5768 (ί
324 5732 494 5794 Roin.
518 5732 698 5804 edit.,'
711 5736 958 5790 continua
987 5751 1017 5787 a
1042 5734 1254 5788 Pontico
1283 5736 1438 5799 mari,
1462 5743 1569 5789 etc.

267 5812 288 5839 ο
329 5807 464 5864 Mss.
514 5809 721 5880 aliquot
762 5805 998 5880 et_edit.
1046 5804 1170 5859 Am.
1210 5814 1372 5880 atque
1400 5805 1804 5880 Era.._ex_trema

203 5873 522 5953 circumfuso
546 5873 741 5948 orbem,
759 5876 978 5949 quidam
1006 5889 1137 5933 mss.
1167 5873 1307 5943 orbe,
1334 5883 1439 5933 etc.
1473 5874 1578 5931 Alii
1598 5873 1808 5943 aliquot

1889 4766 2104 4824 Arabia:
2134 4765 2349 4823 deserta
2377 4765 2689 4837 protendit,
2718 4766 3092 4840 portubusque
3120 4769 3349 4828 diversis
3383 4774 3492 4827 Au-

1893 4955 1949 5003 et
1977 4947 2104 5002 edit.
2141 4946 2578 5018 Rom.i_ea:tremo
2621 4945 2940 5014 circumfuso
2984 4948 3194 5018 orbem,
3225 4960 3330 5008 etc.
3380 4953 3488 5009 Alii

1897 5019 2135 5089 denique
2180 5025 2235 5073 et
2263 5016 2392 5072 edit.
2450 5016 2671 5089 Gillgut
2699 5032 2798 5072 nos
2830 5023 2881 5073 in
2914 5027 3083 5075 textu.
3115 5016 3316 5079 Ibidem
3357 5038 3487 5079 mss.

1895 5087 2242 5156 Victunus,
2275 5089 2430 5144 Colb.
2464 5087 2663 5159 ethig.
2692 5089 2916 5144 includit
2952 5091 3205 5148 Oceanus.

1974 5161 1993 5200 ί
2035 5161 2125 5217 Sic
2167 5160 2403 5230 antiquae
2447 5157 2579 5214 edit.
2614 5157 2663 5233 é_t
2715 5161 2896 5229 plures
2923 5178 3052 5217 mss.
3085 5164 3262 5233 Aliqui
3293 5163 3493 5219 habent

1896 5235 2014 5359 ﬁrm
2044 5229 2442 5303 congregatione
2474 5247 2600 5285 una.
2627 5229 2762 5356 [ἷξε.
2811 5234 2956 5297 [usas
2983 5229 3314 5306 congregatio
3361 5249 3489 5288 una.

1947 5320 2015 5359 on
2057 5301 2395 5359 asnernanda
2441 5303 2624 5358 lectio.
2725 5316 2877 5356 erum
2927 5303 3060 5358 edit.
3109 5304 3266 5357 Rom.
3320 5312 3489 5359 totum

1947 5320 2015 5360 on
2057 5301 2395 5383 aspernanda
2428 5303 2624 5383 .Iectio'.
2679 5301 2877 5356 Verum
2927 5301 3266 5383 edit.'R6m.
3313 5312 3490 5383 totum

1899 5375 2077 5500 lotipm
2103 5376 2175 5458 ita
2196 5373 2543 5430 consarcinat
2566 5388 2581 5426 :
2606 5373 2706 5441 'per
2726 5387 2926 5428 omnem
2947 5377 3058 5444 fere
3077 5383 3271 5426 terram
3301 5377 3492 5442 fuerint

1900 5463 1962 5500 va
2009 5457 2187 5500 esma.
2227 5463 2232 5466 ·

1900 5447 2187 5502 vallestria.
2227 5463 2232 5466 ·

1975 5526 1999 5565 8
2040 5517 2222 5572 Codex
2256 5515 2390 5570 Ben.
2417 5524 2472 5572 et
2499 5513 2656 5571 Cum.
2676 5552 2691 5578 ,
2722 5512 2957 5584 proprias
2983 5521 3262 5584 posuerunt
3289 5523 3494 5570 senten-

1903 5588 2020 5643 tias.
2051 5587 2174 5643 Vat.
2210 5595 2266 5642 et
2303 5585 2458 5642 Colb.
2493 5600 2666 5648 unus,
2699 5580 2994 5650 propriam,
3023 5591 3129 5635 etc.
3164 5580 3257 5636 His
3286 5586 3500 5642 accedit

1905 5660 2062 5716 Dion.
2092 5658 2185 5728 qui
2233 5656 2418 5732 adjicu
2449 5673 2462 5710 ε
2493 5654 2626 5727 Ego
2667 5651 2786 5720 quid
2825 5655 2994 5720 facere
3035 5652 3258 5720 potuerit
3287 5656 3501 5720 nescio;

1907 5747 2007 5801 non
2036 5727 2578 5801 prietermitto,et(_:._
2656 5788 2713 5801 Η
2776 5787 2788 5801 _

1982 5800 2009 5837 ιι
2036 5787 2254 5874 'anus
2280 5787 2437 5859 edit.,
2473 5794 2610 5874 Quis
2633 5787 2817 5843 deinde
2835 5787 3065 5860 colligat.
3083 5788 3195 5849 Sed
3218 5794 3269 5850 in
3293 5793 3509 5852 cunctis

1911 5886 2044 5930 mss.
2075 5869 2306 5926 habetur
2333 5869 2568 5935 negatio.
