4222 6364
623 347 727 410 363

1941 347 2191 407 SANCTI
2229 337 2550 408 Αιιειιοδιι

3811 358 3918 412 ΠΗ»

616 470 759 542 gnSli
783 477 942 539 atque
957 464 1534 539 Trajani,cacterisque
1555 478 1654 537 per
1676 455 1989 521 universum
2017 466 2210 521 orbem
2239 469 2288 527 Α
2315 467 2465 530 aeri,
2503 465 2628 538 quia
2671 465 2924 521 humidus
2949 475 3035 522 est
3086 477 3203 523 aer.
3256 466 3400 539 Ergo
3444 481 3586 540 aqua
3641 475 3921 542 tamquam

620 567 856 621 infusum
887 563 1158 620 addiderit
1195 561 1389 616 mare?

693 658 781 714 l6.
825 657 930 712 Sed
965 667 1089 710 sunt
1116 655 1280 709 etiam
1314 668 1420 708 non
1452 653 1666 708 confusi
1712 653 1895 719 lacus,
1927 659 1985 707 et
2028 659 2220 722 stagna

619 769 738 824 qum
767 767 876 806 non
906 751 1202 806 miscentur
1227 747 1480 803 fluctibus
1502 789 1518 812 ,
1551 757 1610 802 ιιι
1639 746 1830 802 Larius
1859 755 1913 800 et
1941 744 2218 810 Benacus,

621 845 862 899 Albanus
886 857 1100 913 quoque
1137 841 1340 910 aliique
1384 841 1604 909 plures.
1639 837 1914 910 quomodo
1956 855 2060 892 una
2089 853 2222 892 tton-

617 938 860 1010 gregatio
886 934 1182 1006 aquarum?
1208 934 1313 990 Sed
1341 933 1800 1004 quemadmodum
1827 932 2060 994 dicitur,
2092 930 2218 999 quia

617 1031 746 1087 fecit
791 1031 934 1084 Deus
959 1028 1068 1083 duo
1110 1026 1394 1081 luminaria
1417 1067 1434 1091 ,
1467 1025 1519 1080 id
1545 1035 1630 1081 cst
1651 1067 1665 1091 ,
1697 1025 1870 1080 solem
1914 1033 1970 1078 et
2012 1023 2220 1088 lunam,

617 1139 739 1180 cum
771 1122 882 1177 sint
927 1120 1118 1190 utique
1148 1126 1204 1175 et
1252 1118 1538 1173 stellarum
1590 1117 1840 1171 lumina:
1894 1116 1966 1170 ita
2012 1124 2068 1170 et
2113 1129 2220 1168 una

617 1215 969 1286 congregatio
996 1213 1230 1278 dicitur,
1272 1225 1394 1267 cum
1424 1211 1534 1266 sint
1565 1209 1834 1280 plurima.
1867 1207 2053 1280 Neque
2076 1209 2220 1264 enim

621 1316 1068 1373 annumerantur,
1102 1322 1222 1379 qua:
1251 1321 1358 1362 non
1386 1303 1765 1362 conferuntur.

1241 1437 1468 1496 CAPUT
1506 1438 1595 1495 IV.

618 1561 796 1618 Terra:
843 1559 1162 1629 praecipuam
1206 1556 1543 1628 qualitatem,
1598 1569 1713 1608 cum
1770 1552 1923 1608 arida
1969 1559 2220 1617 uocatur,

689 1653 996 1727 signiﬁcari.
1025 1653 1153 1716 Quae
1197 1651 1300 1704 sint
1341 1649 1739 1714 elementorum,
1780 1647 1962 1718 quibus
2006 1645 2224 1699 invicem

691 1757 1088 1813 connectuntur,
1128 1744 1504 1816 praprietates;
1531 1741 1686 1809 idque
1708 1741 1971 1812 speciatim
1999 1738 2063 1792 de
2087 1747 2224 1794 terra

691 1839 1020 1910 disquirilur.

693 1957 782 2010 l7.
824 1953 932 2010 Sed
955 1996 968 2018 ,
1013 1960 1071 2008 ut
1114 1951 1324 2008 videtur
1348 1993 1361 2016 ,
1395 1948 1647 2021 quoniam
1694 1947 1762 2003 de
1793 1947 1927 2002 mari
1961 1946 2223 2016 loqueba-

621 2065 783 2116 mur,
830 2045 1223 2117 aliquantnlum
1271 2043 1706 2105 exundat-imus;
1761 2041 1828 2095 ad
1883 2041 2220 2111 propositum

618 2153 987 2207 revertamur,
1014 2150 1067 2195 et
1098 2139 1516 2196 consideremus
1540 2135 1669 2208 quid
1702 2136 1813 2202 sit,
1837 2134 1977 2205 quod
2007 2135 2081 2188 ait
2116 2134 2220 2187 Do-

619 2239 799 2293 minus
824 2255 836 2289 ι
861 2233 1208 2306 Cougregetur
1235 2250 1366 2303 aqua
1392 2234 1446 2286 in
1477 2248 1632 2285 unam
1666 2229 2139 2301 congregationem,
2173 2237 2222 2282 et

617 2340 869 2401 appareat
891 2329 1062 2392 arida,
1095 2337 1150 2384 et
1182 2343 1289 2381 non
1320 2325 1546 2388 dixerit,
1582 2334 1745 2380 terra.
1779 2323 1932 2391 Quod
1965 2324 2224 2394 praeclare

618 2427 854 2498 positum
902 2424 1021 2494 quis
1073 2436 1178 2475 non
1220 2419 1506 2476 advertat?
1536 2417 1706 2473 Terra
1743 2415 1889 2473 enim
1937 2423 2116 2483 potest
2167 2426 2224 2471 et

619 2519 736 2574 luto
777 2533 898 2573 esse
951 2514 1254 2586 permixta,
1305 2512 1462 2584 aquis
1512 2510 1760 2576 madida,
1809 2509 1966 2580 cujus
2012 2509 2224 2579 species

618 2609 920 2682 superfusis
970 2609 1128 2679 aquis
1178 2624 1286 2662 non
1334 2615 1614 2676 appareat.
1668 2602 1834 2659 Arida
1883 2611 2064 2658 autem
2112 2617 2222 2657 non

618 2708 797 2760 solum
841 2703 905 2757 ad
939 2718 1144 2772 genus,
1195 2699 1292 2757 sed
1339 2700 1505 2755 etiam
1548 2699 1612 2753 ad
1672 2699 1908 2769 speciem
1956 2706 2220 2752 terrarum

618 2797 729 2872 ω
751 2796 1006 2863 refertur,
1025 2805 1049 2832 η
1073 2806 1130 2850 ιιι
1149 2795 1220 2850 sit
1251 2794 1417 2859 utilis,
1447 2793 1610 2852 sicca.
1643 2791 1838 2847 habilis
1866 2801 1922 2847 et
1950 2801 2072 2859 apta
2104 2790 2222 2846 cul-

619 2891 777 2947 turis.
807 2888 981 2945 Simul
1011 2898 1357 2958 prospectum
1390 2896 1507 2953 est,
1540 2901 1608 2941 ne
1633 2886 1881 2940 videatur
1908 2885 2022 2939 sole
2049 2882 2224 2953 magis

618 3003 778 3059 quam
812 2985 902 3042 Dei
931 2993 1204 3055 prmcepto
1232 2997 1357 3038 esse
1382 2983 1580 3036 siccata
1606 3021 1620 3047 ,
1652 2980 1776 3051 quia
1799 2979 1946 3034 arida
1975 2977 2115 3032 facta
2138 2987 2224 3032 est

616 3090 908 3150 antequam
955 3077 1039 3133 sol
1077 3084 1376 3132 crearetur.
1418 3073 1574 3131 Unde
1612 3085 1665 3129 et
1705 3073 1873 3127 David
1905 3072 2220 3128 discernens

619 3189 768 3230 mare
793 3184 846 3229 et
875 3182 1099 3239 terram,
1130 3170 1201 3225 ait
1228 3169 1294 3225 de
1325 3169 1552 3224 Domino
1582 3168 1695 3224 Deo
1721 3185 1733 3220 :
1770 3166 2030 3234 Quoniam
2058 3165 2222 3232 ipsius

2319 560 2558 617 brachiis
2607 562 2934 632 quibusdam
2981 561 3194 618 duobus
3257 562 3475 634 frigoris
3526 573 3580 621 et
3638 565 3923 631 humoris,

2321 656 2492 712 altero
2519 668 2741 724 terram,
2768 657 2944 712 altero
2964 671 3143 713 aerem
3170 657 3384 713 videtur
3413 659 3689 730 amplecti,
3724 657 3930 730 frigido

2323 756 2556 812 terram,
2589 763 2772 804 aerem
2817 748 3060 803 humido.
3113 751 3223 806 Acr
3264 765 3480 821 quoque
3521 751 3732 806 medius
3778 751 3929 806 inter

2320 838 2429 894 duo
2452 841 2867 911 compugnantia
2897 854 2994 911 per
3015 850 3284 908 naturam,
3311 842 3414 898 hoc
3439 850 3546 907 est,
3566 845 3710 898 inter
3728 857 3927 912 aquam

2323 940 2378 988 et
2407 931 2618 1004 ignem,
2651 943 2939 1005 utrumque
2973 933 3107 988 illud
3137 935 3468 989 elementum
3499 933 3759 991 conciliat
3787 935 3926 1001 sibi;

2323 1025 2446 1097 quia
2484 1036 2538 1083 et
2577 1027 2734 1099 aquis
2783 1027 3045 1092 hutnore,
3077 1037 3131 1083 et
3174 1028 3282 1100 igni
3324 1030 3508 1085 calore
3551 1029 3924 1100 coniungitur.

2321 1119 2463 1190 lgnis
2491 1135 2706 1191 quoque
2731 1135 2856 1176 cum
2872 1123 2948 1176 sit
2973 1121 3180 1178 calidus
3205 1131 3261 1177 et
3287 1121 3468 1178 siccus
3495 1131 3710 1187 natura,
3741 1122 3930 1178 calore

2323 1214 2434 1267 acri
2473 1213 2810 1282 annectitur,
2862 1213 3110 1271 siccitate
3153 1222 3336 1272 autem
3386 1216 3440 1272 in
3482 1217 3926 1272 communionem

2325 1313 2485 1360 terra:
2515 1321 2578 1361 ac
2604 1308 2917 1363 societatem
2963 1307 3303 1376 refunditur;
3334 1318 3496 1381 atque
3529 1310 3600 1365 ita
3631 1309 3739 1366 sibi
3778 1325 3876 1380 per
3895 1307 3928 1347 ἀ

2333 1397 2478 1456 hunc
2504 1401 2786 1456 circuitum
2816 1412 2872 1456 et
2901 1401 3129 1458 chorum
3158 1401 3444 1474 quemdam
3490 1405 3803 1460 concordiae
3831 1420 3927 1460 so-

2324 1492 2644 1564 cietatisque
2683 1495 3037 1551 conveniunt.
3075 1493 3232 1552 Unde
3260 1505 3314 1552 et
3353 1513 3528 1569 graece
3559 1506 3811 1572 στοιχεῖα.
3840 1498 3928 1555 di-

2325 1595 2560 1653 cuntur,
2612 1602 2733 1658 qum.
2787 1587 2952 1644 latine
3001 1589 3269 1645 elementa
3317 1589 3582 1659 dicimus,
3635 1589 3780 1664 quod
3823 1591 3929 1648 sibi

2327 1679 2649 1733 conveniant
2680 1687 2735 1734 et
2761 1680 3072 1737 concinant.

2401 1769 2488 1825 l9.
2531 1767 2646 1825 Huc
2690 1780 2866 1827 autem
2901 1773 3172 1845 progressi
3221 1789 3440 1843 sumus,
3488 1773 3613 1847 quia
3649 1777 3928 1849 Scriptura

2250 1859 2297 1920 Β
2324 1863 2427 1930 ait,
2462 1865 2603 1933 quod
2649 1864 2794 1919 Deus
2831 1869 3106 1923 vocaverit
3149 1867 3357 1922 aridam
3402 1877 3601 1922 terram
3625 1910 3640 1935 ,
3688 1867 3792 1926 hoc
3818 1879 3927 1936 est,

2325 1959 2449 2026 quia
2471 1957 2614 2027 quod
2642 1958 2941 2030 principale
2960 1969 3041 2014 est
3071 1957 3208 2030 ejus,
3238 1964 3569 2032 nuncupavit
3591 1965 3929 2034 proprietate

2326 2057 2556 2106 natum.
2579 2049 2852 2106 Naturalis
2872 2053 3016 2108 enim
3047 2053 3356 2124 proprietas
3376 2056 3595 2111 siccitas
3618 2063 3705 2113 est
3733 2066 3928 2115 terrae:

2327 2141 2442 2196 lure
2471 2141 2524 2196 ei
2553 2144 2906 2214 praerogativa
2935 2153 3148 2200 servata
3179 2155 3284 2203 est.
3309 2147 3634 2218 Principalis
3658 2163 3794 2220 ergo
3823 2148 3934 2206 sic-

2325 2237 2480 2292 citas.
2508 2236 2710 2294 Subest
2727 2238 2892 2293 etiam
2918 2247 2976 2294 ut
3005 2239 3075 2293 sit
3104 2238 3302 2310 frigida
3329 2258 3342 2296 :
3370 2241 3465 2296 sed
3489 2257 3595 2297 non
3623 2243 3928 2312 praeferun-

2325 2341 2412 2386 tur
2441 2331 2678 2386 secunda
2721 2331 2928 2402 primis.
2976 2331 3045 2388 Ut
3071 2344 3254 2389 autem
3284 2333 3504 2388 humida
3533 2334 3632 2398 sit,
3665 2349 3930 2406 aquarum

2325 2422 2378 2477 id
2407 2424 2668 2479 afﬁnitate
2707 2426 2953 2480 sortitur.
3003 2425 3148 2496 Ergo
3189 2426 3320 2482 illttd
3366 2441 3562 2495 suum,
3611 2427 3755 2482 istud
3789 2429 3928 2484 alic-

2324 2531 2496 2570 num:
2537 2531 2731 2584 suum,
2775 2517 2922 2588 quod
2961 2517 3149 2584 arida;
3182 2517 3458 2586 alienum,
3502 2519 3648 2588 quod
3682 2519 3927 2574 ltumida.

2324 2612 2532 2665 Auctor
2582 2612 2760 2682 itaque
2812 2619 3019 2666 naturae
3075 2611 3220 2683 quod
3277 2611 3455 2683 primo
3501 2612 3768 2681 donavit,
3823 2613 3932 2670 hoc

2326 2703 2533 2769 tenuit;
2579 2702 2704 2773 quia
2751 2704 2897 2759 istud
2940 2720 3006 2760 ex
3055 2713 3278 2769 natura,
3327 2705 3458 2760 illud
3488 2720 3556 2762 ex
3603 2721 3788 2762 causa.
3840 2707 3928 2764 Ex

2325 2795 2712 2866 principalibus
2731 2796 2912 2867 igitur,
2943 2812 3051 2853 non
3072 2813 3140 2853 ex
3161 2797 3536 2854 accidentibus
3554 2809 3716 2856 terrae
3739 2800 3934 2858 debuit

2326 2888 2628 2958 proprietas
2649 2889 2894 2955 deliniri;
2927 2902 2986 2945 ut
3014 2891 3316 2947 secundum
3347 2879 3762 2965 praerogativam
3795 2911 3934 2967 qna-

2323 2981 2493 3038 litatis
2520 2981 2637 3052 ejus
2667 2978 3052 3039 informaretur
3078 2994 3264 3040 nostra
3295 2986 3560 3058 cognitio.

2892 3115 2998 3190 [ιι
3022 3114 3255 3174 εΑρυτ
3287 3113 3352 3174 v.

616 3279 690 3322 est
717 3283 877 3334 mare,
906 3276 951 3320 et
979 3267 1088 3335 ipse
1113 3265 1236 3336 fecit
1264 3263 1396 3318 illud
1414 3305 1428 3326 ,
1453 3271 1498 3316 et
1528 3260 1735 3314 aridam
1761 3275 1941 3313 manus
1963 3259 2076 3330 ejus
2099 3261 2218 3336 {un-

2325 3230 2574 3299 Quazdam
2627 3232 2719 3287 hoc
2776 3231 3065 3302 Scriptura:
3113 3233 3225 3286 loco
3267 3232 3448 3288 addita
3495 3249 3605 3290 esse
3645 3235 3938 3291 nonnullos

617 3365 861 3418 (laverunt
888 3360 1013 3434 (Ps.
1043 3375 1185 3424 χειν,
1209 3358 1290 3430 5).
1322 3355 1490 3413 Arida
1521 3355 1666 3410 enim
1695 3354 1980 3423 expressio
2010 3359 2220 3406 natura;

617 3466 722 3522 est,
759 3467 898 3510 terra
938 3453 1230 3523 appellatio
1271 3451 1516 3522 qumdant
1557 3448 1788 3518 simplex
1830 3445 2068 3516 negetii,
2096 3459 2220 3515 quae

619 3548 674 3604 in
702 3563 761 3604 se
783 3548 974 3602 habeat
996 3547 1404 3616 proprietatem.
1434 3543 1586 3598 Sicut
1610 3542 1754 3596 enim
1777 3539 1977 3593 animal
1999 3537 2221 3608 generis

619 3639 939 3711 significatio
967 3650 1077 3705 est,
1107 3640 1192 3693 cui
1227 3638 1368 3692 inest
1398 3634 1679 3707 proprium
1710 3633 1914 3702 aliquid
1944 3642 1997 3686 et
2036 3631 2220 3686 excol-

619 3734 765 3799 lens;
798 3731 1118 3787 rationabile
1161 3739 1342 3785 autem
1391 3727 1670 3797 pr0prium
1715 3734 1799 3779 est
1843 3722 2113 3777 hominis:
2145 3723 2220 3777 ita

620 3837 676 3882 et
721 3836 864 3880 terra
912 3832 1088 3895 potest
1127 3821 1486 3878 cdtnmuniter
1526 3819 1631 3874 dici
1675 3817 1756 3872 vel
1796 3827 2016 3872 scatens
2041 3815 2216 3886 aquis,

618 3922 704 3978 vel
730 3921 952 3978 deserta
980 3928 1034 3976 et
1077 3919 1255 3983 invia,
1286 3924 1342 3973 et
1385 3916 1502 3972 sine
1531 3928 1692 3985 aqua.
1738 3913 1878 3984 Ergo
1905 3923 1956 3967 et
1989 3911 2069 3965 illi
2101 3925 2222 3980 quat

617 4028 791 4076 scatet
831 4015 1015 4088 aquis,
1063 4016 1204 4070 inest
1255 4021 1314 4068 ut
1365 4011 1561 4067 habeat
1605 4009 1937 4064 ariditatem.
1992 4008 2218 4062 Remota

616 4113 761 4170 enim
791 4125 954 4180 aqua,
985 4108 1174 4180 incipit
1202 4121 1324 4163 esse
1350 4104 1524 4170 arida,
1553 4104 1695 4160 sicut
1725 4102 1894 4157 babes
1921 4101 2217 4171 scriptum:

623 4203 804 4259 Posuit
833 4204 1052 4273 ﬂumina
1081 4202 1134 4254 in
1157 4200 1436 4265 desertum,
1463 4207 1510 4252 et
1532 4199 1700 4253 exitus
1721 4211 1974 4268 aquarum
2001 4198 2052 4249 in
2085 4195 2222 4249 sitim

622 4297 740 4373 (Ps.
765 4312 874 4362 ενι,
899 4297 992 4366 55)
1014 4337 1032 4364 ,
1061 4295 1164 4350 boc
1191 4304 1294 4364 est,
1326 4293 1395 4349 de
1426 4302 1568 4348 terra
1594 4307 1798 4363 aquosa
1831 4292 2036 4345 aridam
2069 4289 2218 4346 fecit.

692 4393 782 4449 18.
826 4393 1001 4447 liabet
1041 4405 1173 4461 ergo
1203 4399 1345 4445 terra
1389 4387 1662 4459 propriam
1692 4387 2008 4456 qualitatem
2043 4400 2218 4449 suam,

620 4487 756 4543 sicut
781 4495 838 4542 et
863 4484 1076 4556 singula
1107 4483 1380 4539 elementa
1413 4482 1650 4548 habent,
1684 4494 1806 4534 nam
1840 4488 1895 4533 ct
1921 4493 2012 4533 aer
2044 4476 2218 4531 humi.

620 4580 745 4633 dam
774 4579 1091 4649 qualitatem
1115 4619 1130 4643 ,
1155 4585 1212 4633 et
1239 4591 1380 4646 aqua
1405 4573 1680 4645 frigidam,
1709 4582 1766 4628 et
1795 4572 1934 4644 ignis
1963 4571 2214 4626 calidam.

2395 3327 2657 3382 arbitrari.
2709 3324 2874 3380 Maris
2929 3326 3302 3381 commendatio
3350 3344 3382 3380 a
3434 3327 3819 3400 pulchritudine
3869 3345 3935 3383 ac

2396 3419 2672 3492 multiplici
2723 3421 2976 3487 utilitate,
3030 3421 3118 3475 sed
3167 3422 3426 3491 praecipue
3473 3421 3613 3492 quod
3658 3423 3936 3480 insulanos

2392 3513 2726 3569 annchoretas
2755 3514 2910 3568 undis
2939 3515 3314 3583 amplectatur,
3339 3524 3384 3570 et
3407 3527 3565 3571 cattus
3593 3517 3939 3573 ecclesiastici

2393 3608 2618 3679 ﬁguram
2664 3611 2899 3679 referat:
2947 3624 3061 3680 qua:
3086 3609 3282 3663 claudit
3329 3610 3417 3681 pia
3463 3612 3690 3666 auctoris
3743 3627 3934 3682 prcca-

2397 3699 2652 3757 tittncula.

2395 3817 2487 3875 20.
2521 3815 2592 3872 Et
2622 3818 2748 3872 vidit
2778 3817 2915 3873 Deus
2957 3819 3076 3888 quia
3104 3820 3291 3874 bonum
3333 3818 3516 3894 (Gem,
3547 3837 3596 3889 ι,
3644 3820 3758 3894 10).
3809 3821 3932 3878 Non

2324 3911 2665 3982 praeterimus
2690 3912 2822 3982 quia
2849 3912 3012 3983 aliqui
3044 3928 3143 3969 nec
3190 3912 3244 3969 in
3277 3914 3507 3971 Hebraeo
3538 3923 3726 3986 putant
3755 3929 3881 3971 esse
3907 3955 3928 3982 ,

2323 4020 2424 4060 nec
2469 4005 2522 4060 in
2564 4006 2785 4060 caeteris
2829 4005 3365 4076 interpretationibus
3403 4027 3419 4062 :
3457 4010 3580 4080 quia
3619 4020 3936 4083 congregata

2326 4109 2401 4155 est
2445 4116 2580 4170 aqua
2619 4101 2676 4154 in
2705 4099 3034 4156 collectiones
3077 4117 3233 4169 suas,
3279 4112 3328 4157 et
3368 4103 3616 4172 apparuit
3643 4103 3830 4168 arida,
3877 4112 3935 4159 et

2320 4193 2514 4248 uocauit
2544 4192 2685 4248 Deus
2714 4192 2927 4247 aridam'
2947 4203 3162 4261 terram,
3207 4204 3256 4250 et
3296 4195 3628 4251 collectiones
3672 4209 3932 4265 aquarum

2322 4288 2517 4342 vocavit
2555 4289 2736 4342 maria.
2783 4287 2918 4343 Cum
2949 4288 3096 4344 enim
3138 4288 3336 4344 dixerit
3367 4290 3511 4346 Deus
3553 4291 3677 4361 quia
3729 4294 3934 4364 factum

2322 4389 2395 4434 est
2421 4381 2516 4447 sic,
2550 4379 2684 4434 satis
2714 4394 2836 4435 esse
2867 4389 3056 4450 putant
3099 4397 3289 4437 vocem
3320 4384 3622 4453 operatoris
3664 4383 3734 4440 ad
3777 4386 3930 4442 cele-

2321 4475 2492 4532 bratae
2513 4473 2848 4544 Operationis
2873 4475 3155 4531 indicium.
3185 4475 3293 4534 Sed
3321 4479 3445 4546 quia
3473 4479 3528 4532 in
3563 4478 3684 4533 aliis
3709 4492 3932 4549 quoque

2323 4566 2590 4622 creaturis
2619 4565 2782 4623 habet
2805 4577 2858 4621 et
2886 4566 3260 4624 definitionem
3291 4569 3672 4640 prazceptionis
3695 4609 3710 4637 ,
3741 4579 3796 4626 et
3835 4586 3930 4626 re-

623 4675 693 4729 Et
737 4648 838 4728 hoc
864 4681 950 4728 est
986 4669 1289 4742 principale
1323 4670 1600 4738 proprium
1630 4667 1918 4722 clementis
1962 4663 2214 4734 singulis,
2242 4648 2296 4709 Ῑ)
2323 4661 2545 4731 petitum
2573 4661 2908 4730 operationis
2939 4661 3022 4717 vel
3051 4661 3344 4725 indicium.
3378 4663 3462 4717 vel
3489 4661 3766 4730 ell‘ectum,
3803 4663 3934 4719 ideo

618 4767 762 4838 quod
788 4765 998 4821 ratione
1023 4764 1352 4835 colligimus.
1383 4759 1864 4832 Comprehendere
1888 4767 2068 4814 autem
2094 4773 2222 4812 scn-

617 4859 848 4916 sibiliter
873 4868 928 4914 et
946 4857 1308 4927 corporaliter
1331 4854 1375 4910 si
1400 4853 1651 4920 velimus,
1681 4851 1711 4889 ι’
1729 4853 1877 4906 velut
1898 4865 2143 4907 c0nnexa
2165 4858 2223 4906 et

618 4951 918 5020 composita
950 4948 1286 5020 reperimus;
1321 4957 1379 5000 ut
1422 4945 1466 5001 si
1515 4955 1660 5002 terra
1703 4943 1860 4999 arida
1903 4951 1961 5000 et
2002 4942 2218 5013 frigida,

618 5059 761 5116 aqua
808 5042 1000 5114 frigida
1028 5051 1085 5097 et
1125 5039 1382 5106 humida,
1433 5053 1528 5094 aer
1573 5036 1786 5092 calidus
1835 5046 1890 5091 et
1949 5023 2220 5104 humidus,

613 5139 754 5212 ignis
783 5136 990 5194 calidus
1020 5143 1075 5191 et
1123 5137 1331 5200 siccus;
1367 5139 1422 5187 et
1467 5129 1546 5187 sic
1589 5129 1696 5185 sibi
1740 5143 1836 5198 per
1866 5129 1964 5184 bas
2005 5129 2219 5200 jugales

616 5231 904 5306 qualitates
939 5228 1492 5301 singulmmiscentur
1540 5224 1835 5282 elementa.
1888 5222 2023 5278 Nam
2074 5231 2217 5278 terra

615 5347 739 5387 cum
768 5330 833 5386 sit
856 5327 1023 5384 arida:
1047 5333 1103 5381 et
1127 5321 1339 5394 frigidae
1359 5319 1661 5393 qualitatis,
1689 5317 2036 5375 connectitur
2061 5331 2248 5394 aquai.

617 5437 714 5495 per
742 5421 1119 5494 cognationem
1143 5413 1419 5490 qualitatis
1451 5411 1662 5485 frigidae
1684 5453 1699 5478 ,
1731 5420 1753 5452 ε
1787 5415 1844 5469 ει
1883 5423 1982 5482 per
2019 5407 2230 5482 aquam

690 5613 717 5641 ἰ
753 5603 879 5660 Vel.
908 5603 1042 5658 edit.
1069 5615 1190 5656 cum
1215 5595 1402 5661 paucis
1434 5610 1592 5661 mss.,
1620 5605 1675 5650 ut
1704 5594 1775 5650 sit
1799 5592 1970 5659 stilis,
1997 5591 2216 5648 siccabi-

621 5677 705 5733 lis.
732 5675 987 5730 Rom.....
1016 5671 1298 5728 sulrsltilis.

689 5746 733 5831 bo
759 5747 887 5802 Mss.
928 5747 1132 5816 aliquot
1162 5741 1405 5799 melioris
1443 5747 1618 5807 nota,
1646 5739 1786 5796 velut
1821 5744 2048 5792 contra“
2074 5743 2215 5782 60m-

622 5828 964 5948 ρικὶξιιδιιιιιεε
991 5886 1124 5946 edit.
1171 5894 1228 5944 et
1265 5899 1396 5943 mss.
1429 5884 1676 5957 aliquot:
1707 5890 1759 5938 ct
1785 5895 1921 5953 aqua
1949 5867 2076 5934 arri-
2110 5867 2216 5926 Alii

2249 5549 2254 5556 ‘
2279 5579 2284 5586 ’
2309 5585 2515 5662 ’ριιιιιεε
2539 5599 2596 5646 et
2623 5589 2960 5660 probatiores
2985 5604 3110 5646 cum
3133 5590 3290 5662 Bas.,
3319 5600 3368 5646 et
3397 5604 3489 5662 pa

2322 4769 2419 4810 nos
2445 4769 2554 4810 non
2583 4764 2834 4824 putamus
2861 4754 3155 4809 absurdum
3188 4754 3240 4810 id
3279 4754 3422 4824 quod
3457 4754 3779 4825 perhibetur
3824 4755 3930 4810 ad-

2321 4848 2492 4903 ditum
2517 4891 2532 4915 ,
2565 4848 2776 4904 etiamsi
2808 4847 3020 4903 caneris
3047 4847 3440 4918 lnterpretibus
3469 4848 3555 4903 vel
3583 4847 3787 4904 veritas
3827 4847 3929 4904 do-

2320 4950 2506 4996 ceatur
2543 4947 2864 5010 suppetere,
2917 4939 3003 4996 vel
3051 4940 3370 4996 auctoritas.
3413 4939 3577 4996 Multa
3625 4940 3770 4995 enim
3818 4954 3928 4997 non

2320 5035 2498 5089 otiose
2526 5049 2553 5087 ιι
2579 5033 2932 5105 Septuaginta
2959 5032 3090 5089 viris
3113 5023 3395 5090 Hebraiw
3417 5031 3644 5090 lectioni
3668 5031 3850 5089 addita
3870 5038 3960 5090 εν

2320 5126 2566 5198 adjuncta
2595 5126 2981 5196 comperimus.
3129 5109 3148 5196 ς

2386 5193 2483 5274 ἐι.
2521 5217 2661 5274 Vidit
2691 5193 2819 5289 ergo
2852 5220 2994 5276 Deus
3021 5193 3143 5291 quia
3190 5219 3389 5276 bonum
3435 5232 3604 5276 mare.
3636 5217 3752 5274 Etsi
3801 5217 3930 5288 pul-

2319 5311 2450 5368 chra
2480 5313 2551 5366 sit
2572 5312 2786 5382 species
2809 5311 2976 5384 hujus
2999 5311 3286 5378 elementi,
3311 5310 3398 5367 vel
3420 5325 3548 5367 cum
3575 5307 3929 5381 surgentibus

2321 5405 2545 5463 albescit
2573 5406 2806 5462 cumulis
2847 5421 2911 5463 ac
2954 5406 3248 5463 verticibus
3285 5405 3587 5474 undarum,
3638 5412 3695 5460 et
3737 5411 3927 5459 cautes

2399 5605 2515 5645 ures
2539 5605 2596 5646 et
2623 5605 2960 5660 probatiores
2985 5605 3110 5646 cum
3138 5605 3290 5658 ὕει,
3319 5605 3368 5646 et
3397 5605 3489 5662 pa
3518 5605 3707 5660 aquam
3737 5605 3870 5644 aen.

2399 5659 2426 5698 ἀ
2469 5662 2542 5715 lta
2569 5671 2782 5717 cunctae
2809 5661 2946 5717 edit.
2985 5676 3050 5717 ac
3091 5661 3344 5732 plerique
3389 5677 3522 5717 mss.
3558 5665 3629 5716 At
3657 5661 3925 5726 nonnulli,

2324 5749 2416 5804 per
2444 5733 2578 5788 hunc
2621 5733 2896 5787 circuitum
2915 5733 3188 5788 elementa.
3232 5734 3346 5804 Big.
3367 5773 3382 5799 ,
3424 5733 3582 5790 Gem.
3603 5773 3618 5798 ,
3650 5733 3929 5787 elemento-

2323 5803 2441 5858 rum
2460 5844 2476 5868 ,
2523 5805 2577 5858 in
2623 5819 2784 5860 uuam
2828 5803 3120 5861 concordia:
3169 5803 3534 5876 societatisque
3567 5805 3928 5878 compaginatis

2323 5878 2650 5934 conueniunt.
