4222 6364
303 335 406 392 165

1568 311 2071 386 immansueta.
2113 323 2244 382 LIB.
2285 311 2373 383 tu.

3501 339 3603 395 166

295 453 455 506 nivea
483 454 672 506 rorant
701 448 986 520 aspergine
1011 487 1024 514 ,
1057 447 1140 503 vel
1168 459 1290 503 cum
1333 459 1554 516 tequore
1596 447 1852 516 crispanti
1880 489 1894 512 ,
1926 451 1979 512 Α
2004 443 2189 513 quilite
2215 445 2474 514 spiritalis
2501 445 2754 516 graviora
2783 459 2938 515 quam
2971 444 3116 504 ferre
3147 463 3453 519 possumus,
3481 463 3604 508 tes:-

296 544 750 602 clemeutioribus
778 543 926 598 auris
946 583 959 607 ,
991 550 1047 596 et
1073 542 1272 597 blando
1301 555 1509 597 serenae
1541 540 1897 610 tranquillita-

299 639 372 693 tis
419 647 902 708 purpurascentem
947 634 1168 707 praefert
1217 636 1494 698 colorem,
1551 634 1638 701 qui
1689 632 1904 687 eminus

298 731 678 801 spectantibus
705 732 1016 801 frequenter
1045 727 1344 783 oﬂ‘unditur
1363 769 1378 793 ,
1408 725 1626 798 quando
1656 739 1762 781 nOn
1789 725 1906 779 vio-

299 823 464 879 lentis
492 823 744 878 ﬂuctibus
769 823 943 878 vicina
976 821 1145 876 tundit
1177 821 1384 887 littora,
1419 819 1512 875 sed
1545 821 1692 875 velut
1721 819 1908 889 pacill-

301 920 384 975 cis
406 920 576 974 ambit
597 929 654 974 et
682 918 880 973 salutat
909 917 1277 988 amplexibus.
1306 931 1466 985 quam
1495 913 1672 969 dulcis
1713 925 1901 977 sonus,

302 1027 466 1084 quam
491 1011 763 1081 iucundus
786 1010 996 1081 fragor,
1026 1025 1186 1080 quam
1213 1018 1363 1079 grata
1391 1017 1447 1064 et
1464 1021 1702 1064 consona
1732 1006 1908 1061 resul-

303 1107 438 1161 tatio
461 1147 476 1172 ,
506 1119 606 1177 ego
637 1115 819 1160 tamen
842 1119 948 1159 non
971 1103 1147 1159 oculis
1167 1103 1495 1158 aestimatum
1522 1111 1786 1156 creatura:
1807 1099 1908 1156 de-

301 1214 490 1255 corem
520 1199 790 1263 arbitror;
821 1196 918 1253 sed
943 1194 1245 1251 secundum
1268 1195 1534 1250 rationem
1564 1185 1906 1263 Operatlouis

296 1292 506 1365 judicio
559 1291 866 1363 operatoris
910 1288 1206 1346 convenire
1231 1329 1246 1354 ,
1305 1297 1364 1344 et
1418 1301 1721 1359 congruere
1766 1283 1906 1341 deﬂo

125 1381 504 1462 unum.

375 1478 471 1532 9‘2.
507 1477 714 1532 Bonum
745 1476 910 1547 igitur
935 1490 1115 1540 mare,
1148 1474 1382 1545 primum
1413 1471 1538 1541 quia
1589 1479 1765 1527 terras
1811 1485 1908 1526 nc-

305 1573 550 1629 cessario
571 1567 810 1625 sntlttlcit
833 1569 1060 1625 humore
1075 1609 1092 1636 ,
1114 1569 1312 1638 quibus
1334 1583 1431 1638 per
1457 1581 1622 1622 venas
1645 1564 1906 1635 quasdam

306 1666 520 1721 occulte
566 1679 784 1718 succum
817 1662 1110 1731 quemdam
1151 1660 1292 1715 haud
1346 1660 1589 1715 inutilem
1641 1657 1908 1713 submini-

308 1766 470 1815 strat.
499 1758 708 1814 Bonum
738 1772 916 1818 mare.
951 1766 1222 1826 tamquam
1253 1753 1546 1824 hospitium
1574 1753 1863 1809 ﬂuviorum
1888 1793 1903 1814 ,

2007 545 2243 592 lamenta
2279 538 2525 605 nescire,
2571 538 2692 595 lidei
2743 540 2992 611 ignorare
3039 541 3352 615 naufragia,
3403 544 3608 602 habere

2009 647 2195 700 pacem
2228 631 2548 701 profundam
2584 653 2595 686 :
2641 643 2693 688 et
2738 633 2781 688 si
2827 635 3044 704 quando
3083 637 3287 707 aliquid
3330 639 3431 706 sit,
3461 637 3607 711 quod

2004 739 2198 795 graves
2227 726 2382 780 nobis
2409 727 2590 781 saeculi
2621 726 2780 796 hujus
2824 729 3025 784 excitet
3072 729 3298 798 ﬂuctus,
3341 721 3610 804 evigilan-i

2008 828 2114 874 tem
2139 833 2237 890 pro
2259 819 2416 875 nobis
2439 817 2642 874 habt-re
2653 819 3066 891 gubernatorem
3087 821 3374 880 Dominum
3393 825 3604 894 Jesum,

2007 915 2098 984 qui
2127 917 2292 971 verbo
2322 916 2582 985 imperet,
2620 926 2996 986 tempestatem
3027 919 3265 988 mitiget,
3297 921 3606 991 tranquilli-

2010 1018 2170 1063 tatem
2207 1007 2370 1064 tnaris
2402 1008 2654 1064 relnndat
2676 1051 2690 1076 ,
2723 1010 2807 1063 cui
2840 1018 2923 1064 est
2950 1009 3126 1066 honor
3157 1020 3212 1066 et
3238 1011 3433 1082 gloria,
3465 1013 3608 1082 laus,

2009 1101 2394 1172 perpetuitasa
2426 1102 2641 1158 smculis
2686 1112 2740 1156 et
2771 1117 2913 1159 nunc
2955 1114 3010 1158 et
3050 1119 3266 1175 semper
3291 1143 3306 1174 ,
3341 1106 3392 1160 in
3423 1107 3609 1162 oumia

2007 1196 2202 1249 szecula
2233 1193 2581 1250 saeculorum.
2625 1196 2820 1251 Amen.

2468 1328 2696 1388 CAPUT
2740 1330 2826 1385 vr.
2865 1331 3086 1404 (Sermo
3113 1333 3205 1407 v.)

2012 1444 2191 1501 Terra!
2208 1463 2356 1501 suam
2381 1446 2631 1514 speciem,
2655 1463 2769 1518 qua
2794 1447 2847 1502 in
2873 1451 3247 1520 germinatione
3274 1469 3334 1508 ac
3355 1453 3612 1512 viriditate

2083 1541 2251 1610 posita
2291 1549 2398 1606 est,
2444 1541 2802 1611 percommode
2843 1544 3077 1598 additum
3126 1561 3266 1614 esse;
3312 1563 3483 1602 vocem
3516 1547 3614 1604 Dei

2080 1633 2412 1703 fecunditatis
2456 1651 2668 1689 causam
2733 1635 2959 1704 praebere
2981 1653 3000 1692 .°
3045 1639 3184 1710 quod
3227 1640 3439 1711 quidam
3490 1644 3615 1698 solis

2083 1725 2248 1779 calori
2278 1741 2548 1797 perperam
2573 1737 2844 1796 acceptum
2869 1728 3062 1797 ferunt.

308 1851 432 1908 fons
461 1853 750 1916 imbrium,
776 1849 1043 1906 derivatio
1071 1849 1404 1903 alluvionum
1425 1889 1442 1915 ,
1474 1847 1710 1902 invectio
1754 1861 1906 1900 com-
1937 1853 1984 1914 θ
2077 1840 2168 1897 25.
2204 1841 2527 1899 Discedente
2557 1859 2696 1915 aqua
2720 1887 2734 1910 ,
2762 1847 3116 1902 conveniebat
3142 1855 3198 1904 ut
3220 1849 3431 1919 species
3457 1861 3614 1910 terrae

311 1953 588 1999 meatuum
613 1985 630 2011 ,
659 1958 772 2014 quo
793 1943 896 1998 sibi
923 1942 1190 1997 distantes
1219 1941 1400 2011 populi
1426 1940 1769 2008 copulantur,
1799 1952 1908 2008 quo

310 2039 623 2110 pneliorum
655 2047 1006 2092 removentur
1032 2035 1270 2106 pericula
1292 2075 1307 2101 ,
1334 2049 1442 2105 quo
1471 2033 1788 2089 barbaricus
1819 2031 1907 2086 fu-

309 2146 404 2187 ror
427 2131 722 2196 clauditur,
754 2128 1054 2185 subsidium
1085 2128 1146 2182 in
1164 2128 1579 2182 necessitatibus
1597 2166 1612 2191 ,
1641 2122 1908 2194 refugium

310 2225 370 2280 in
400 2224 690 2295 periculis,
718 2224 890 2293 gratia
919 2221 974 2278 in
1005 2221 1393 2291 voluptatibus,
1425 2220 1719 2276 salubritas
1755 2219 1906 2272 vale-

312 2319 514 2376 tudinis
533 2354 558 2385 ,-
582 2328 958 2388 separatorum
997 2315 1344 2385 conjunctio,
1397 2313 1606 2368 itineris
1652 2327 1910 2379 compen-

309 2412 498 2479 dium,
547 2410 903 2481 transfugium
957 2409 1316 2478 laborantium
1343 2449 1358 2474 ,
1399 2407 1701 2463 subsidium
1743 2407 1912 2461 vecti-

307 2505 549 2576 galium,
595 2503 900 2558 sterilitatis
945 2501 1284 2580 alimentum.
1344 2500 1424 2555 Ex
1471 2499 1574 2554 hoc
1629 2499 1810 2567 pluvia
1858 2499 1908 2552 in

312 2609 490 2654 terras
517 2596 945 2664 transfunditur;
993 2595 1260 2666 siquidem
1287 2594 1356 2649 de
1398 2593 1533 2648 mari
1573 2607 1708 2663 aqua
1744 2591 1912 2648 radiis

309 2693 446 2748 solis
488 2692 768 2757 hauritur,
812 2699 868 2746 et
907 2689 1050 2761 quod
1093 2688 1294 2743 subtile
1325 2687 1446 2758 ejus
1475 2697 1593 2752 est,
1639 2687 1849 2757 rapitur
1891 2702 1906 2738 :

309 2783 508 2841 deinde
533 2793 736 2854 quanto
765 2783 928 2838 altius
949 2783 1222 2847 elevatur,
1255 2789 1408 2835 tanto
1430 2779 1602 2850 magis
1621 2779 1786 2834 etiam
1813 2793 1914 2832 nu-

312 2876 462 2933 bium
506 2875 920 2930 obumhratione
968 2874 1239 2945 frigescit,
1270 2883 1322 2928 et
1368 2873 1541 2928 imber
1580 2871 1639 2925 lit
1681 2870 1775 2941 qui
1805 2885 1911 2924 non

312 2970 490 3026 solum
521 2979 794 3025 terrenam
823 2975 1089 3038 temperat
1124 2966 1432 3022 siccitatem
1452 3005 1469 3030 ,
1510 2962 1606 3020 sed
1635 2963 1800 3019 etiam
1828 2961 1913 3032 je-

310 3062 444 3136 juna
473 3077 600 3117 arva
633 3061 910 3117 fecundat.

235 3139 366 3232 "ﬁ
387 3157 476 3212 23.
507 3155 648 3223 Quid
693 3168 1008 3210 enumerem
1053 3151 1262 3208 insulas
1285 3194 1298 3218 ,
1331 3167 1464 3223 quas
1498 3150 1643 3206 velut
1687 3148 1912 3204 monilia

2013 1935 2234 1994 daretur
2263 1943 2316 1993 et
2343 1941 2546 2010 gratia,
2579 1951 2637 1995 ut
2667 1940 2950 1997 invisibilis
2977 1952 3028 1996 et
3071 1943 3430 2016 incomposita
3474 1947 3617 2004 desi-

2013 2039 2166 2087 neret
2193 2047 2337 2088 esse.
2370 2031 2500 2087 Nam
2531 2032 2776 2104 plerique
2806 2033 2969 2090 etiam
3017 2036 3118 2090 hoc
3145 2037 3329 2094 dicunt
3359 2057 3480 2097 esse
3533 2043 3615 2098 in-

2013 2125 2225 2181 visibile
2252 2168 2266 2192 ,
2297 2126 2440 2196 quod
2472 2129 2708 2196 speciem
2744 2142 2850 2181 non
2885 2125 3081 2196 habet;
3109 2139 3163 2185 et
3195 2131 3314 2188 ideo
3341 2135 3616 2204 accipiunt

2013 2231 2212 2275 terram
2247 2219 2571 2274 invisibilem
2596 2218 2762 2275 fuisse
2782 2262 2794 2283 ,
2822 2235 2926 2274 non
2953 2217 3074 2291 quia
3102 2223 3268 2278 videri
3296 2239 3401 2279 non
3433 2237 3617 2296 posset

2011 2327 2040 2367 a
2073 2329 2286 2368 summo
2319 2313 2428 2368 Deo
2457 2313 2540 2368 vel
2572 2313 2782 2386 angelis
2809 2313 2962 2384 ejus,
2995 2331 3119 2369 nam
3163 2316 3338 2373 adhuc
3365 2316 3616 2376 homines

2012 2391 2180 2459 creati
2217 2420 2321 2460 non
2370 2415 2546 2470 erant,
2579 2406 2663 2462 vel
2709 2406 2871 2462 etiam
2907 2409 3163 2477 pecudes,
3203 2409 3298 2466 sed
3329 2413 3452 2482 quia
3498 2416 3616 2470 sine

2011 2513 2106 2551 sua
2133 2499 2315 2567 specie
2339 2505 2474 2552 erat.
2509 2496 2734 2568 Species
2761 2505 2938 2554 autem
2966 2511 3124 2554 terra:
3156 2509 3238 2556 est
3289 2505 3617 2573 germinatio

2013 2597 2068 2644 ct
2094 2590 2341 2644 viriditas
2370 2593 2506 2661 agri.
2542 2589 2696 2647 Unde
2730 2599 2788 2646 ut
2816 2602 2870 2648 et
2908 2591 3176 2649 visibilem
3219 2609 3339 2652 eam
3382 2601 3436 2654 et
3469 2616 3618 2655 cont~

2014 2685 2244 2755 pusitam
2291 2683 2493 2740 faceret
2544 2685 2687 2741 Deus
2709 2729 2723 2749 ,
2757 2687 2833 2741 ait
2877 2689 2901 2740 :'
2933 2685 3198 2743 Germiuet
3227 2697 3366 2746 terra
3407 2693 3616 2750 herbam

2013 2775 2153 2848 feni,
2186 2779 2446 2833 seminans
2485 2795 2656 2834 semen
2686 2776 2714 2816 δ
2762 2779 3046 2834 secundum
3087 2797 3283 2852 genus,
3328 2795 3377 2839 et
3417 2787 3616 2859 lignum

2014 2871 2340 2942 fructifera»:
2390 2871 2586 2940 faciens
2633 2875 2860 2942 fructum
2906 2871 3187 2930 secundant
3227 2893 3419 2946 genus,
3459 2885 3614 2955 cujus

2013 2977 2182 3016 semen
2212 2977 2364 3016 suum
2386 2962 2440 3016 in
2465 2963 2580 3032 ipso
2629 2961 2783 3033 (Gen.
2817 2980 2852 3026 t,
2889 2962 2997 3036 ll).
3523 2989 3534 2998 ν

2083 3058 2176 3112 26.
2221 3057 2518 3113 Audiamus
2548 3057 2713 3115 verba
2743 3059 3020 3127 veritatis,
3050 3077 3278 3133 quorum
3319 3068 3488 3124 series
3531 3083 3620 3124 sa-

2017 3152 2100 3206 lus
2133 3163 2217 3207 est
2239 3152 2602 3224 audientium.
2639 3153 2818 3209 Prima
2845 3157 2985 3212 enim
3016 3158 3105 3213 illa
3135 3175 3235 3216 vox
3270 3161 3363 3218 Dei
3391 3164 3618 3236 singulis

316 3247 637 3319 plerumque
653 3247 918 3317 praetexit,
938 3245 1364 3315 inquibusiiqui
1384 3244 1912 3300 seabdicantintem-
1940 3249 1986 3316 ρ
2018 3247 2283 3302 creaturis
2309 3246 2578 3316 impertita
2607 3249 2888 3319 gignendis
2916 3293 2929 3317 ,
2967 3252 3050 3307 lex
3099 3261 3310 3311 natura!
3341 3266 3424 3312 est
3449 3301 3463 3324 ,
3496 3275 3616 3330 qua:

315 3343 578 3414 perantia!
604 3341 882 3396 S’IECIIIaI‘iS
911 3339 1183 3394 illecebris
1203 3379 1218 3404 ,
1269 3336 1376 3393 ﬂdo
1405 3335 1515 3410 52
1563 3336 1914 3392 continentia}

314 3435 597 3507 proposito
622 3435 832 3506 eligunt
858 3432 1060 3487 mundo
1087 3432 1286 3498 latere,
1319 3441 1374 3486 et
1397 3430 1522 3485 vita:
1554 3429 1712 3499 hujus
1740 3428 1916 3484 decli-

315 3545 448 3586 nare
472 3528 666 3584 dubios
687 3526 999 3582 anfractus?
1030 3525 1178 3580 Mare
1198 3534 1282 3581 est
1311 3539 1444 3596 ergo
1468 3535 1740 3579 secretum
1781 3532 1917 3578 tem-—

315 3623 581 3696 perantia
601 3663 618 3688 ,
645 3621 962 3679 exercitium
991 3619 1344 3675 continentia:
1366 3658 1382 3684 ,
1412 3617 1693 3688 gravitatis
1734 3629 1918 3673 seces-

313 3735 411 3776 sus
431 3761 448 3784 ,
480 3729 664 3788 portus
687 3717 1027 3783 securitatis,
1071 3714 1432 3785 tranquillitas
1462 3712 1650 3767 szeculi
1669 3753 1684 3777 ,
1728 3710 1914 3767 mundi

317 3809 482 3878 hujus
521 3810 789 3866 sobrietas
814 3851 828 3874 ,
879 3816 990 3862 tum
1033 3806 1286 3862 tidelibus
1325 3805 1458 3860 viris
1503 3816 1666 3875 atque
1708 3803 1916 3858 devotis

315 3904 650 3962 incentivum
676 3902 1005 3968 devotionis,
1035 3911 1093 3955 ut
1125 3917 1246 3957 cum
1279 3900 1544 3955 undarum
1594 3900 1788 3956 leniter
1833 3900 1915 3953 al-

319 3996 586 4053 luentium
614 4011 750 4051 sono
773 4006 984 4052 certent
1011 4001 1202 4049 cantus
1235 3992 1577 4064 psallentium
1597 4031 1612 4056 ,
1659 3992 1920 4062 plaudant

317 4090 513 4147 insulae
541 4098 570 4126 ι
597 4088 884 4159 tranquillo
912 4086 1174 4143 ﬂuctuum
1198 4095 1512 4142 sanctorum
1535 4086 1729 4153 choro,
1757 4086 1916 4157 hym-

318 4185 406 4240 nis
434 4193 744 4239 sanctorum
771 4181 1108 4267 personer
1126 4181 1280 4239 Unde
1309 4181 1440 4236 mihi
1477 4191 1537 4235 ut
1569 4195 1788 4235 onmem
1827 4194 1920 4250 pe.

317 4279 425 4350 lagi
455 4277 912 4348 pulchritudinem
937 4275 1395 4347 comprehendam
1427 4291 1586 4346 quam
1622 4275 1762 4329 vidit
1789 4289 1921 4345 ope-

317 4373 505 4428 rator?
532 4372 600 4428 Et
624 4371 756 4444 quid
787 4372 982 4442 plura?
1004 4371 1154 4440 Quid
1173 4371 1322 4426 aliud
1362 4371 1454 4427 ille
1492 4379 1785 4428 concentus
1813 4387 1917 4426 un-

317 4467 538 4534 darum,
569 4469 673 4522 nisi
694 4466 914 4538 quidam
936 4475 1234 4524 concentus
1257 4475 1340 4521 est
1365 4465 1577 4536 plebis?
1605 4467 1760 4522 Unde
1785 4467 1921 4523 bene

318 4562 456 4617 mari
503 4562 824 4632 plerumque
860 4569 1204 4630 comparatur
1236 4559 1482 4616 Ecclesia
1511 4601 1524 4625 ,
1572 4575 1696 4630 qua:
1740 4557 1921 4630 primo

2024 3338 2182 3394 terris
2212 3340 2263 3394 in
2308 3354 2468 3395 omne
2499 3356 2673 3395 aevum
2711 3343 3002 3408 remansit,
3033 3343 3226 3402 futurae
3257 3351 3620 3408 successionis

2021 3431 2211 3489 datura
2263 3433 2656 3504 prrcscriptum,
2704 3437 3160 3508 quemadmodum
3208 3442 3291 3497 vel
3323 3445 3620 3512 generandi

2023 3531 2106 3586 vt-l
2138 3531 2495 3588 fructificandi
2526 3533 2576 3588 in
2607 3535 2870 3605 reliquum
2901 3552 3029 3591 usus
3053 3537 3411 3596 adolesceret.
3438 3542 3634 3612 Prima

2022 3625 2206 3696 itaque
2227 3626 2550 3693 germinatio
2571 3625 2677 3701 43
2705 3637 2808 3696 est,
2833 3631 3051 3699 quando
3080 3637 3351 3688 nascentia
3378 3635 3624 3694 sidentur

2022 3733 2312 3788 erumpere
2353 3737 2365 3773 :
2417 3719 2614 3776 deinde
2644 3736 2767 3777 cum
2795 3725 3037 3792 eruperit
3079 3734 3133 3780 et
3163 3726 3453 3795 profecerit
3501 3746 3624 3799 ger-

2025 3829 2178 3878 men,
2208 3813 2266 3868 ﬂt
2297 3814 2462 3870 herba
2493 3833 2507 3870 :
2542 3809 2705 3873 herba
2730 3831 2946 3888 quoque
2975 3819 3063 3873 ubi
3100 3822 3372 3886 paululum
3402 3835 3624 3894 proces-

2023 3905 2155 3960 serit
2183 3949 2196 3970 ,
2229 3907 2286 3960 lit
2336 3905 2536 3962 fenum.
2569 3907 2740 3976 Quam
2768 3909 2948 3974 utilis,
2974 3927 3132 3981 quam
3165 3911 3462 3970 vehemens
3491 3931 3618 3973 vox.

2023 3997 2287 4054 Germinet
2337 4010 2473 4056 terra
2520 4000 2728 4056 herbam
2768 4003 2902 4073 feni,
2941 4003 3043 4058 hoc
3091 4014 3208 4070 est,
3266 4006 3377 4076 ipsa
3425 4023 3522 4078 per
3564 4025 3624 4066 se

2021 4093 2290 4163 germinet
2340 4101 2517 4162 terra,
2566 4093 2770 4148 nullum
2812 4094 3035 4152 alterius
3078 4105 3285 4168 qumrat
3321 4083 3618 4170 auxilitth

2023 4199 2130 4239 non
2165 4182 2482 4254 cujusquam
2513 4184 2747 4256 indigeat
2775 4186 3096 4243 ministerio.

2093 4276 2186 4332 27.
2217 4277 2408 4334 Solent
2443 4277 2588 4334 enim
2635 4279 2875 4351 plerique
2903 4280 3086 4340 dicere
3121 4299 3134 4337 :
3164 4281 3276 4340 Nisi
3305 4285 3627 4346 clementior

2023 4369 2158 4426 solis
2183 4369 2332 4425 calor
2360 4369 2675 4442 tepefecerit
2701 4381 2892 4441 terras,
2922 4383 2977 4430 et
3016 4377 3248 4446 quodam
3273 4380 3434 4434 modo
3461 4381 3627 4440 radiis

2023 4467 2137 4522 suis
2169 4465 2393 4534 foverit,
2428 4483 2534 4522 non
2559 4469 2757 4539 poterit
2782 4471 3090 4542 germinare
3124 4483 3264 4528 terra
3293 4493 3306 4530 :
3332 4483 3385 4530 et
3406 4485 3626 4548 propte-

2024 4575 2114 4616 rea
2156 4569 2345 4631 gentes
2392 4561 2632 4618 divinum
2682 4561 2944 4620 honorem
2987 4565 3251 4638 deputant
3295 4569 3433 4636 Soli;
3483 4569 3626 4640 quod

319 4655 680 4727 ingredientis
705 4655 886 4725 populi
913 4655 1132 4725 agmine
1156 4654 1282 4709 totis
1303 4652 1586 4708 vestibulis
1615 4653 1787 4708 undas
1829 4668 1919 4706 νος
1944 4667 1998 4728 D
2026 4654 2225 4708 virtute
2249 4654 2447 4709 caloris
2475 4653 2558 4710 sui
2591 4663 2856 4711 terrarum
2891 4668 3137 4726 penetret
3168 4661 3321 4716 sinus
3349 4705 3360 4725 ,
3406 4677 3626 4733 sparsa-

319 4749 422 4804 mit
450 4766 464 4802 :
497 4748 694 4804 deinde
721 4749 774 4803 in
800 4747 1044 4803 oratione
1070 4747 1236 4802 totius
1263 4747 1438 4818 plebis
1468 4755 1744 4816 tamquam
1765 4745 1924 4804 undis

320 4841 684 4898 reﬂuentibus
707 4841 903 4897 stridet
928 4882 944 4907 ,
984 4855 1109 4896 cum
1139 4841 1510 4911 responsoriis
1549 4839 1879 4910 psalmorum
1905 4881 1920 4907 ,

320 4944 514 4992 cantus
540 4935 816 4999 virorum,
847 4932 1132 4988 mulierum
1149 4973 1168 5000 ,
1192 4933 1466 5001 virginum
1487 4974 1501 4999 ,
1534 4932 1884 5003 parvulorum
1907 4973 1921 4998 ,

320 5040 597 5082 consonus
633 5025 902 5084 undarum
931 5025 1112 5097 fragor
1155 5027 1406 5082 resultat.
1436 5025 1572 5080 Nam
1613 5023 1748 5080 illud
1793 5024 1924 5096 quid

320 5121 502 5177 dicam
524 5163 538 5186 ,
571 5120 714 5190 quod
743 5121 884 5177 unda
911 5129 1196 5190 peccatum
1230 5119 1438 5187 abluit,
1473 5127 1531 5176 et
1555 5120 1727 5177 sancti
1754 5119 1928 5196 Spiri-

323 5224 412 5272 tus
437 5230 572 5271 aura
593 5215 848 5272 salutaris
870 5216 1076 5297 aspirat
1092 5216 1118 5270 ‘l

391 5307 484 5363 ῆι.
539 5309 638 5364 Det
665 5308 822 5364 nobis
861 5309 1126 5365 Dominus
1172 5309 1262 5365 illa
1306 5323 1657 5366 successuum
1701 5309 1944 5366 ﬂumina-

324 5417 590 5476 prospero
635 5402 778 5476 ligno
805 5418 1030 5460 currere
1049 5445 1065 5472 ,
1099 5412 1218 5460 tuto
1247 5413 1405 5476 portu
1437 5405 1744 5462 consistere
1769 5447 1784 5472 ,
1826 5419 1926 5461 ne-

396 5600 425 5631 κ
444 5591 582 5664 Μες.
611 5591 836 5664 aliquot,
871 5591 1147 5662 tranquillo
1175 5589 1428 5664 ﬂuctuum
1458 5591 1646 5664 choro,
1675 5589 1881 5664 hymnis
1906 5605 1927 5657 ἶ

325 5663 576 5736 quidam,
625 5663 842 5736 hymni,
873 5673 1188 5728 sanctorum,
1238 5673 1346 5720 etc.
1375 5662 1533 5736 Rom.
1568 5662 1739 5736 edin,
1783 5671 1928 5717 tran-

325 5735 674 5826 quillo‘motu
713 5735 997 5826 ﬂuctuum,
1028 5745 1326 5791 sanctarum
1371 5735 1520 5790 chori
1558 5735 1767 5807 hymnis
1808 5750 1928 5806 per-

328 5816 610 5950 ῳῖεὲἆίι.
642 5878 800 5934 Rom.
830 5891 882 5936 ct
906 5877 1050 5935 LXX
1077 5878 1282 5950 luterp.
1309 5921 1321 5947 ,
1351 5878 1629 5936 secundum
1654 5893 1810 5952 genus
1830 5920 1844 5944 ,
1877 5885 1927 5933 et

2027 4761 2134 4826 que
2161 4745 2341 4801 foveat
2368 4748 2574 4803 semina
2597 4789 2612 4814 ,
2639 4747 2726 4803 vel
2745 4749 2993 4820 rigentes
3021 4751 3143 4821 gelu
3178 4767 3342 4808 venas
3371 4756 3625 4811 arborum

2030 4839 2258 4894 relaxet.
2293 4837 2427 4893 Audi
2455 4854 2584 4911 ergo
2608 4839 2778 4896 Deum
2805 4841 2956 4896 velut
2982 4841 3118 4899 hanc
3153 4857 3343 4902 vocem
3372 4847 3628 4904 emitten-

2030 4939 2138 4986 tem
2166 4947 2179 4985 :
2206 4930 2550 4987 Conticescat
2579 4933 2796 5004 ineptus
2829 4948 3012 4990 sermo
3039 4933 3320 4992 hominum
3345 4941 3436 5010 qui
3482 4939 3627 4996 lutu-

2028 5037 2123 5080 rus
2149 5034 2272 5093 est,
2300 5024 2535 5081 facessat
2581 5041 2717 5081 vana
2763 5025 2968 5097 opinio.
3017 5031 3319 5098 Antequam
3362 5033 3496 5088 solis
3538 5035 3632 5088 tiat

2027 5119 2296 5177 luminare
2320 5161 2333 5184 ,
2369 5117 2537 5176 herba
2563 5132 2818 5179 nascatur
2847 5139 2861 5174 :
2891 5115 3162 5194 antiquior
3182 5121 3302 5194 ejus
3329 5125 3400 5180 sit
3430 5143 3633 5195 pra'ro-

2024 5216 2202 5286 gativa
2227 5256 2242 5280 ,
2273 5229 2436 5286 quam
2463 5215 2617 5271 solis.
2653 5215 2730 5273 Ne
2767 5231 2926 5273 error
2951 5216 3232 5274 hominum
3261 5219 3626 5288 convalescat,

2024 5309 2292 5379 germinet
2313 5309 2458 5379 prius
2483 5319 2650 5377 terra,
2675 5325 2832 5380 quam
2858 5309 2999 5366 fotus
3019 5311 3151 5369 solis
3169 5313 3414 5384 accipiat.
3442 5315 3630 5372 Sciant

2025 5416 2217 5458 omnes
2265 5403 2437 5459 solem
2469 5413 2748 5460 auctorem
2791 5419 2900 5460 non
2951 5421 3073 5462 esse
3119 5409 3480 5465 nascentium.
3534 5410 3629 5467 Dei

2032 5589 2315 5674 secundum
2355 5591 2744 5674 similitudinem
2773 5609 2920 5647 suam
2941 5635 2955 5658 ,
3000 5602 3046 5646 et
3074 5594 3282 5664 lignum
3317 5599 3630 5667 pomiferum

2033 5666 2502 5746 facienstfoructum
2529 5666 2810 5746 secundum
2845 5681 3007 5746 genus
3036 5681 3217 5746 suum,
3262 5673 3412 5746 cujus
3455 5666 3628 5728 semen

2033 5751 2182 5818 suum
2204 5735 2270 5818 sit
2295 5735 2358 5818 in
2373 5736 2507 5818 ipso.
2533 5735 2719 5818 Deest,
2735 5735 3020 5818 secundum
3033 5735 3432 5818 ξίηιίιὶεκμίἧεηι
3447 5761 3593 5800 suam
3610 5762 3630 5812 ;

2033 5805 2088 5860 in
2123 5803 2278 5889 Vulg.
2309 5815 2364 5862 et
2393 5803 2444 5862 in
2472 5815 2580 5864 vet.
2613 5807 2746 5866 edit.
2780 5805 2969 5865 Ambr.
3003 5806 3146 5867 sicut
3169 5822 3224 5869 et
3251 5813 3303 5869 in
3333 5829 3464 5872 mss.
3493 5803 3638 5888 quos

2032 5885 2205 5936 86011“
2233 5892 2441 5933 sumus.
3307 5939 3327 6016 Ι
