4222 6364
584 349 686 412 167

1909 338 2154 398 SANCTI
2198 338 2522 399 AMBROSII

3782 341 3882 398 168

582 460 872 518 clementia
905 465 1104 515 terram
1148 454 1396 523 relaxat,
1427 453 1526 511 Dei
1570 451 1902 525 indulgentia
1931 466 2179 523 prorum-
2204 451 2482 520 Acaduca
2523 452 2676 524 quasi
2721 451 2901 508 fenum
2945 450 3212 523 germinat
3272 450 3403 507 vita:
3447 449 3777 508 viriditatem
3828 453 3884 508 in

585 568 715 625 pere
744 552 873 608 facit
904 550 1125 607 fructus.
1158 547 1442 618 Quomodo
1469 546 1551 602 sol
1582 545 1794 601 vivendi
1823 561 1980 600 usum
2021 543 2179 598 mini-

585 653 723 703 strat
751 645 1026 711 oriundis,
1057 643 1272 715 quando
1299 643 1387 698 illa
1420 641 1568 713 prius
1607 640 1805 696 divina:
1845 637 2181 710 operatioois

587 740 947 797 vivificatione
991 748 1116 794 sunt
1159 738 1336 803 edita,
1381 753 1542 808 quam
1587 735 1672 792 sol
1722 737 1774 790 in
1819 733 1919 789 hos
1962 732 2177 789 vivendi

587 846 718 888 usus
748 829 996 888 veniret?
1019 828 1210 886 Junior
1230 838 1315 885 est
1342 827 1525 884 herbis
1549 867 1565 894 ,
1592 827 1776 898 iunior
1806 825 1949 882 leno.

1197 963 1426 1022 CAPUT
1459 962 1569 1019 VII.

587 1084 691 1142 Cur
732 1082 980 1155 pabulum
1021 1081 1196 1154 pecori
1234 1080 1378 1152 prius
1423 1085 1686 1145 creatum,
1717 1093 1875 1148 quam
1913 1074 2055 1130 cibus
2092 1059 2186 1129 lto-

660 1178 807 1233 mini.
868 1175 1094 1231 Herbam
1145 1175 1392 1229 uirentem
1454 1174 1695 1228 humana:
1751 1170 2026 1242 imaginem
2078 1183 2184 1223 esse

661 1272 1001 1337 conditionis,
1049 1272 1200 1341 cujus
1253 1268 1516 1340 fragilitas
1563 1265 1790 1339 eleganti
1839 1264 2186 1330 descriptione

661 1364 955 1437 exponitur.
982 1362 1234 1432 Eiusdem
1257 1361 1427 1417 herba:
1444 1359 1730 1414 imitatores
1754 1359 1808 1412 in
1826 1358 1996 1427 [ructu
2018 1357 2187 1426 feren-

661 1458 728 1512 do
756 1473 851 1511 nos
877 1473 984 1512 esse
1024 1465 1291 1528 Oportere;
1331 1454 1418 1509 ubi
1459 1451 1736 1508 Maniclttzl
1775 1449 2189 1520 Eunomianique

661 1551 1096 1623 perstringuntur.

661 1663 754 1721 28.
787 1663 852 1720 Et
883 1663 1019 1719 forte
1048 1662 1276 1719 miretur
1301 1660 1494 1733 aliquis
1520 1659 1663 1732 quod
1693 1659 1839 1731 prius
1878 1659 2060 1731 pecori
2091 1673 2188 1730 pa-

589 1755 774 1813 bulum
796 1798 812 1825 ,
843 1771 1004 1828 quam
1035 1755 1191 1812 cibus
1216 1753 1422 1810 homini
1452 1753 1525 1808 sit
1569 1761 1804 1809 creatus.
1839 1751 1894 1806 In
1940 1750 2188 1822 quopri-

2283 544 2494 616 specie,
2543 559 2648 600 non
2695 544 2748 599 in
2794 543 2969 599 fructu
3017 543 3387 612 soliditatem,
3438 543 3710 600 hilarioris
3755 545 3883 600 vitae

2283 639 2434 708 quasi
2463 638 2562 694 ﬂos
2593 638 2936 710 praetendens
2959 638 3418 708 juneunditatem,
3451 640 3688 696 breviori
3709 640 3892 710 spatio

2285 745 2564 798 occasura,
2614 732 2753 789 sicut
2799 732 2964 788 herba
3009 732 3141 798 feni,
3182 732 3323 804 quod
3349 732 3658 804 priusquam
3688 733 3893 788 evella-

2284 832 2403 890 tur,
2435 825 2652 880 arescit.
2680 824 2810 892 Qua:
2841 826 2989 882 enim
3028 824 3304 881 firmitudo
3335 825 3388 880 in
3414 840 3601 893 carne,
3634 841 3757 896 quae
3801 839 3893 882 sa-

2285 916 2512 972 lubritas
2541 927 2718 989 potest
2746 934 2866 975 esse
2890 918 3166 975 diuturna.

2359 1011 2454 1066 30.
2496 1011 2666 1069 Hodie
2729 1011 2917 1067 videas
2974 1012 3382 1070 adolescentem
3454 1011 3726 1082 validum,
3791 1028 3896 1086 pu-

2288 1104 2624 1172 bescentem,
2657 1108 2834 1161 mtatis
2859 1107 3129 1164 viriditate
3155 1105 3468 1174 ﬂorentem,
3502 1118 3654 1181 grata
3683 1109 3888 1179 specie,

2288 1199 2444 1255 suavi
2471 1200 2695 1267 colore;
2724 1200 2977 1271 jcrastina
3011 1201 3099 1256 die
3126 1202 3224 1257 tibi
3255 1201 3392 1258 facie
3434 1210 3490 1257 et
3513 1217 3611 1258 ore
3651 1213 3894 1258 mutatus

2289 1295 2561 1350 occurrit:
2591 1302 2646 1350 et
2667 1295 2758 1366 qui
2781 1293 2808 1332 δ
2839 1295 3012 1366 pridie
3043 1295 3137 1352 tibi
3174 1295 3510 1351 lautissimus
3539 1295 3752 1352 decorat
3779 1295 3894 1350 for—

2289 1402 2392 1442 mae
2422 1387 2570 1442 visus
2618 1396 2703 1443 est
2749 1389 2945 1460 gratia,
2999 1387 3106 1444 alio
3156 1389 3244 1445 die
3281 1388 3624 1445 miserandus
3669 1399 3898 1460 apparet

2290 1480 2628 1550 aegritudinis
2659 1481 2884 1550 alicuius
2914 1479 3233 1538 infirmitate
3265 1481 3558 1537 resolutus.
3599 1480 3898 1551 Plerosque

2291 1583 2383 1629 aut
2430 1575 2581 1629 labor
2613 1573 2844 1645 frangit,
2887 1585 2979 1630 aut
3027 1573 3207 1646 inopia
3250 1585 3509 1643 macerat,
3539 1583 3634 1630 aut
3659 1576 3900 1632 cruditas

2292 1677 2450 1723 vexat
2478 1709 2492 1732 ,
2520 1675 2614 1721 aut
2643 1667 2765 1722 vina
2795 1680 3172 1738 corrumpunt,
3206 1678 3305 1724 aut
3332 1680 3587 1724 senectus
3610 1668 3896 1737 debilitat,

2291 1773 2383 1820 aut
2437 1763 2674 1818 eviratos
2725 1762 2934 1818 deliciae
2997 1763 3261 1830 reddunt,
3330 1763 3540 1819 luxuria
3593 1762 3898 1819 decolorat.

589 1861 767 1907 mum“
785 1850 1109 1924 profundum
1136 1850 1227 1906 Dei
1249 1848 1508 1905 debemus
1529 1845 1836 1912 advertere,
1859 1842 2003 1916 quod
2018 1841 2183 1900 etiam

2298 1857 2479 1914 Nonne
2507 1874 2692 1914 verum
2723 1868 2802 1914 est
2821 1899 2837 1925 ,
2867 1859 2992 1929 quia
3020 1858 3164 1913 aruit
3204 1858 3418 1926 fenum,
3448 1868 3505 1915 et
3529 1857 3629 1914 ﬂos
3659 1857 3904 1914 decidit?

590 1943 814 2000 minima
861 1957 1090 2016 quaeque
1135 1956 1242 1997 non
1291 1939 1558 2012 negligat,
1604 1941 1746 1995 sicut
1793 1938 1846 1993 iit
1895 1933 2188 2006 Evangelio

591 2035 864 2109 Sapientia
899 2035 991 2092 llei
1017 2036 1148 2092 dicit
1177 2053 1191 2089 :
1225 2035 1484 2105 Respicite
1511 2034 1746 2089 volatilia
1773 2033 1885 2088 cali
1906 2074 1920 2097 ,
1943 2031 2190 2101 quoniam

591 2149 693 2188 non
721 2142 930 2200 serunt,
961 2147 1122 2203 neque
1154 2139 1384 2196 metunt,
1417 2145 1579 2200 neque
1618 2135 1932 2200 congregant
1968 2126 2024 2179 in
2062 2127 2186 2178 lior-

589 2245 712 2294 νεα,
753 2237 801 2284 et
845 2225 1004 2282 Pater
1047 2235 1211 2290 uester
1249 2225 1466 2281 caelestis
1498 2223 1660 2291 pascit
1689 2221 1781 2275 illa
1826 2237 1844 2274 :
1892 2234 2060 2274 nonne
2102 2233 2190 2271 vos

591 2322 754 2394 pluris
782 2322 905 2377 estis
951 2321 1057 2376 illis
1087 2318 1304 2392 (Matth.
1340 2334 1414 2384 vi,
1458 2315 1591 2388 26)?
1621 2315 1756 2370 Cum
1789 2314 1935 2369 enim
1965 2311 2056 2365 illa
2097 2325 2191 2381 pa-

589 2423 813 2471 scuntur
840 2415 934 2470 Dei
963 2413 1168 2486 gratia,
1201 2426 1362 2466 nemo
1392 2409 1493 2466 sibi
1527 2408 1685 2464 debet
1712 2406 1781 2462 de
1802 2420 1898 2461 sua
1924 2403 2189 2460 industria

589 2518 646 2566 et
677 2511 871 2565 virtute
897 2506 1147 2565 blandiri.
1186 2504 1388 2561 Deinde
1413 2503 1537 2575 quia
1567 2501 1868 2572 simplicem
1911 2498 2108 2552 victum
2138 2503 2194 2550 et

591 2605 892 2660 naturalem
924 2604 1102 2658 cibum
1130 2599 1353 2672 reliquis
1380 2598 1516 2654 cibis
1546 2595 1731 2652 debuit
1758 2593 2050 2649 anteferre.
2095 2587 2192 2644 llic

523 2703 526 2706 ’
591 2700 736 2756 enim
762 2695 1071 2753 sobrietatis
1098 2704 1183 2750 est
1210 2693 1395 2756 cibus,
1436 2689 1630 2761 reliqui
1669 2687 1987 2743 deliciarum
2030 2693 2194 2755 atque

593 2790 823 2848 luxuriae
852 2807 866 2844 :
899 2789 986 2844 hic
1011 2785 1316 2843 communis
1342 2782 1595 2840 omnibus
1621 2778 1988 2835 animantibus
2015 2775 2192 2840 cibus,

592 2885 686 2941 ille
717 2897 1030 2955 paucorum.
1075 2878 1397 2949 Exemplum
1444 2877 1624 2946 itaque
1668 2870 2030 2945 frugalitatis,
2080 2883 2195 2923 ma-

593 2978 873 3050 gisterium
932 2973 1280 3048 parcimouize
1326 2978 1441 3037 est,
1492 2966 1681 3024 herba:
1738 2963 2002 3035 simplicis
2049 2961 2194 3016 victu

593 3074 867 3143 olerisque
893 3070 1016 3125 vilis
1046 3076 1139 3124 aut
1167 3066 1312 3138 pomi
1337 3071 1624 3120 contentos
1649 3074 1772 3116 esse
1801 3071 1989 3112 omnes
2026 3069 2194 3126 opor-

596 3175 713 3222 tere
739 3180 898 3234 quem
933 3172 1120 3217 uatura
1147 3159 1365 3226 obtulit,
1389 3171 1548 3229 quem
1574 3152 1872 3210 liberalitas
1893 3150 1989 3205 Dei
2021 3149 2192 3218 prima

2290 1951 2442 2006 Alius
2480 1951 2596 2006 avis
2635 1951 2913 2022 atavisque
2945 1951 3169 2017 nobilis,
3201 1960 3255 2007 et
3283 1951 3548 2022 majorum
3579 1951 3902 2008 houeSIatus

2291 2046 2506 2112 infulis,
2553 2047 2818 2117 prosapia:
2843 2047 3042 2102 veteris
3087 2046 3268 2103 clarus
3314 2046 3659 2118 insignibus,
3707 2046 3900 2101 amicis

2290 2141 2601 2209 abundans,
2666 2145 2896 2212 stipatus
2946 2142 3234 2198 clientibus
3285 2152 3341 2197 et
3392 2150 3684 2212 utrumque
3752 2140 3898 2195 latus

2293 2244 2499 2303 tectus,
2545 2234 2851 2306 producens
2879 2235 3168 2290 maximam
3197 2250 3260 2290 ac
3289 2233 3555 2292 reducens
3598 2233 3856 2289 familiam
3885 2275 3900 2302 ,

2291 2340 2517 2402 repente
2562 2331 2739 2401 aliqua
2787 2329 3084 2386 accidentis
3136 2329 3358 2401 periculi
3409 2329 3552 2385 mole
3605 2328 3853 2385 turbatus
3883 2369 3898 2395 ,

2292 2423 2603 2480 destituitur
2629 2423 2698 2480 ab
2737 2423 3022 2489 onmibus,
3071 2438 3100 2476 a
3146 2422 3424 2479 sodalibus
3452 2421 3853 2492 derelinquitur
3881 2461 3896 2488 ,

2294 2517 2692 2587 impugnatura
2723 2515 3005 2585 proximis.
3041 2515 3177 2571 Ecce
3211 2530 3400 2570 verum
3443 2525 3548 2581 est,
3602 2514 3732 2586 quia
3762 2515 3905 2569 sicut

2294 2609 2477 2666 fenum
2521 2609 2632 2664 vita
2687 2606 2925 2677 hominis
2946 2649 2961 2674 ,
3002 2608 3316 2678 priusquam
3339 2605 3607 2663 evellatur
3634 2647 3647 2671 ,
3680 2606 3902 2661 arescit.

2298 2703 2395 2757 Est
2421 2702 2584 2759 etiam
2616 2702 2704 2773 qui
2732 2701 2933 2757 dudum
2957 2701 3206 2757 ubertate
3235 2700 3464 2756 afﬂuens
3489 2699 3767 2769 copiarum
3792 2739 3808 2763 ,
3839 2697 3906 2752 li-

2295 2794 2598 2851 beralitatis
2621 2795 2761 2850 fama
2791 2810 2885 2865 per
2911 2809 3002 2849 ora
3045 2793 3276 2848 volitans
3302 2793 3635 2863 singulorum
3665 2832 3679 2856 ,
3722 2791 3906 2846 clarus

2299 2886 2630 2953 honoribus,
2683 2886 3044 2955 pracemineus
3096 2883 3488 2956 potestatibus,
3543 2881 3906 2938 tribunalibus

2296 2980 2509 3048 celsus,
2557 2980 2694 3036 solio
2740 2980 2989 3036 sublimis
3014 3019 3030 3046 ,
3079 2979 3288 3046 beatus;
3321 2977 3534 3050 populis
3559 2978 3862 3033 aestimatus
3888 3019 3902 3045 ,

2297 3074 2426 3130 dum
2472 3088 2780 3144 praeconum
2829 3073 3068 3129 clamore
3118 3072 3440 3138 deducitur,
3492 3071 3668 3126 subita
3719 3088 3904 3127 rerum

2297 3167 2656 3222 conversione
2684 3167 2736 3221 in
2766 3181 2888 3222 eum
2912 3179 3186 3221 carcerem
3215 3164 3454 3237 rapitur,
3489 3180 3597 3234 quo
3624 3163 3761 3220 alios
3788 3164 3906 3235 ipsc

595 3258 836 3316 donavit.
881 3257 977 3313 Ille
1015 3254 1275 3321 salubris,
1308 3253 1399 3308 ille
1429 3250 1576 3306 utilis
1620 3247 1808 3314 cibus,
1857 3243 1948 3316 qui
1978 3241 2197 3298 morbos
2226 3251 2270 3316 α
2302 3258 2640 3326 dcimam“,
2673 3268 2728 3314 ει
2755 3260 2895 3313 inter
2924 3272 3046 3314 reos
3067 3273 3200 3314 suos
3229 3257 3562 3312 imminentis
3595 3271 3767 3327 ρωηω
3804 3256 3904 3312 de-

594 3352 846 3423 repellat,
869 3349 958 3421 qui
988 3357 1196 3404 resecet
1223 3346 1541 3407 cruditates,
1601 3340 1748 3397 nullo
1773 3338 2049 3394 hominum
2074 3350 2193 3404 par-

596 3457 683 3504 tus
712 3445 901 3500 labore
921 3485 936 3511 ,
966 3443 1062 3499 sed
1091 3441 1279 3498 divino
1307 3440 1512 3496 effusus
1540 3451 1768 3493 munere
1789 3477 1804 3503 ,
1835 3435 1954 3489 sine
1984 3433 2195 3487 satione

595 3539 780 3608 fruges
797 3581 812 3606 ,
843 3537 1047 3592 fructus
1073 3529 1190 3592 sine
1220 3539 1426 3590 semine
1449 3574 1464 3601 ,
1488 3541 1597 3587 tam
1621 3530 1795 3586 dulcis
1814 3570 1828 3594 ,
1855 3539 1960 3583 tam
1985 3537 2192 3598 gratus,

597 3633 843 3687 utetiam
872 3629 1091 3700 repletis
1122 3626 1384 3697 voluptati
1409 3634 1570 3696 atque
1596 3624 1712 3678 usui
1745 3620 1836 3677 sit.
1867 3621 2108 3691 Denique
2128 3619 2196 3674 ad

598 3725 802 3796 primas
825 3723 984 3779 datus
1012 3736 1229 3778 mensas
1257 3761 1272 3788 ,
1302 3719 1368 3774 ad
1401 3718 1666 3775 secundas
1696 3716 1974 3772 remansit.

668 3817 760 3874 29.
805 3815 945 3885 Quid
984 3823 1165 3871 autem
1187 3822 1451 3870 creaturae
1493 3809 1652 3882 huius
1678 3819 1919 3865 attexam
1969 3807 2200 3862 miracu-

599 3911 710 3968 lum
731 3909 860 3984 Μ,
879 3919 934 3968 et
950 3907 1230 3981 sapientia:
1259 3905 1578 3978 operatricis
1603 3907 1982 3976 argumentum
2013 3902 2197 3975 expri-

599 4007 788 4063 mam?
812 4005 873 4062 In
906 4005 1004 4060 hac
1030 4004 1175 4060 enim
1201 4003 1506 4074 germinum
1529 3999 1710 4072 specie
1727 4043 1742 4065 ,
1773 4009 1828 4056 et
1851 3999 1946 4055 illo
1976 3999 2201 4054 virentis

599 4099 785 4157 herbae
811 4113 1036 4155 munere
1077 4097 1254 4168 imago
1280 4105 1364 4152 est
1400 4093 1523 4150 vitae
1574 4094 1824 4149 humana:
1847 4133 1862 4158 ,
1911 4101 1966 4148 et
1994 4099 2202 4147 natura:

600 4193 1034 4263 conditionisqne
1079 4202 1279 4249 nostra:
1327 4191 1538 4261 insigne
1567 4188 1838 4261 quoddam
1885 4195 2160 4258 spectatur
2186 4228 2200 4252 ,

601 4298 659 4347 et
687 4288 966 4359 speculum
994 4288 1191 4343 elucet.
1217 4285 1312 4342 Illa
1344 4285 1509 4342 herba
1541 4294 1596 4340 et
1621 4284 1722 4339 ﬂos
1749 4283 1854 4340 feni
1907 4283 2076 4352 figura
2121 4290 2204 4338 est

602 4381 782 4440 carnis
807 4380 1056 4436 humana:
1076 4421 1092 4448 ,
1126 4380 1265 4435 sicut
1293 4379 1464 4435 bonus
1491 4377 1789 4433 divinitatis
1816 4377 2090 4446 lnterpres
2116 4391 2207 4430 or-

602 4494 744 4553 gano
773 4494 884 4534 suae
911 4477 1059 4534 vocis
1089 4476 1374 4548 expressit,
1405 4474 1594 4530 dicens
1628 4492 1641 4528 :
1672 4470 1894 4528 Clama..
1925 4471 2064 4540 Quid
2097 4472 2208 4526 cla-

2298 3353 2390 3407 tlet
2419 3366 2739 3406 mrumnum.
2777 3350 3022 3419 Quantos
3063 3350 3235 3417 pridie
3261 3361 3476 3406 caterva
3507 3349 3902 3421 plaudentium,

2298 3453 2353 3500 et
2373 3443 2631 3498 invidiosa
2653 3455 2674 3482 ο
2696 3443 2995 3514 frequentis
3009 3443 3188 3516 populi
3205 3443 3422 3499 domum
3442 3458 3636 3515 pompa
3656 3429 3904 3512 deduxit,

2299 3546 2354 3592 et
2391 3553 2494 3591 nox
2541 3552 2644 3590 una
2690 3536 2945 3606 gloriosa:
2989 3536 3138 3614 illurn
3170 3536 3517 3607 splendorem
3561 3535 3908 3592 deductionis

2299 3631 2569 3697 abolevit,
2600 3646 2665 3687 ac
2691 3633 3010 3702 repentinus
3032 3632 3218 3687 lateris
3239 3631 3430 3699 dolor,
3456 3629 3642 3687 eﬂ‘usis
3667 3629 3904 3701 gaudiis,

2299 3725 2598 3781 luctuosam
2631 3726 2813 3797 gravis
2839 3727 3243 3783 successionem
3293 3719 3545 3782 maeroris
3574 3724 3862 3780 admiscuit
3888 3724 3902 3777 !

2302 3820 2618 3890 Huiusmodi
2651 3820 2811 3892 igitur
2833 3829 2917 3876 est
2945 3821 3118 3891 gloria
3151 3819 3386 3876 hominis
3413 3819 3556 3876 sicut
3600 3819 3703 3876 ﬂos
3747 3819 3852 3874 feni
3887 3837 3902 3873 :

2299 3929 2421 3985 qua:
2464 3915 2626 3968 etiam
2674 3928 2795 3968 cum
2846 3911 3089 3969 defertur
3133 3909 3160 3948 ἀ
3193 3912 3326 3967 nihil
3358 3911 3613 3983 operibus
3637 3909 3905 3983 adiungit,

2303 4009 2356 4063 in
2387 4023 2490 4079 qua
2532 4007 2708 4063 nullus
2738 4006 2942 4062 fructus
2981 4006 3320 4078 acquiritur;
3353 4014 3408 4061 et
3445 4020 3567 4060 cum
3600 4004 3862 4060 amittitur
3886 4045 3903 4070 ,

2302 4099 2614 4164 evanescit,
2650 4114 2867 4154 omnem
2899 4112 3117 4154 scenam
3152 4097 3388 4154 hominis
3414 4139 3427 4163 ,
3463 4106 3521 4154 et
3548 4111 3708 4168 quam
3739 4096 3905 4152 desuo

2307 4210 2404 4266 per
2431 4194 2792 4251 obumbrabat
2817 4201 3042 4265 repente
3071 4193 3376 4249 destituens
3403 4233 3419 4260 ,
3468 4201 3524 4248 et
3560 4205 3720 4263 quam
3762 4190 3906 4245 intus

2305 4289 2602 4345 animabat.

2377 4381 2486 4455 45
2510 4383 2598 4438 5L
2643 4383 2821 4453 Atque
2851 4381 3055 4437 utinam
3093 4381 3430 4437 imitaremur
3461 4379 3602 4436 hanc
3634 4378 3857 4434 herbam
3884 4416 3899 4443 ,

2308 4474 2376 4531 de
2425 4493 2528 4545 qua
2577 4476 2653 4529 ait
2697 4474 2952 4531 Dominus
2996 4473 3302 4530 :Germinet
3329 4482 3465 4529 terra
3503 4471 3714 4528 herbam
3759 4471 3866 4540 [eui
3892 4511 3905 4535 ,

603 4572 788 4628 mabo?
818 4569 999 4626 Omnis
1040 4585 1160 4624 caro
1189 4570 1364 4640 fenum
1387 4610 1402 4635 ,
1432 4576 1478 4622 et
1509 4567 1675 4621 omnis
1706 4566 1872 4638 gloria
1900 4565 2121 4620 hominis
2151 4575 2206 4620 ut
2309 4571 2567 4624 seminans
2591 4586 2763 4626 semen
2790 4569 3071 4624 secundum
3115 4585 3275 4640 genus
3297 4610 3312 4634 ,
3339 4578 3387 4622 et
3416 4566 3700 4623 secundum
3725 4565 3913 4620 simili-

605 4667 703 4738 flos
724 4666 849 4740 feni.
877 4665 1026 4720 Aruit
1080 4669 1276 4738 fenum,
1307 4672 1352 4718 et
1383 4663 1484 4734 ﬂos
1514 4661 1702 4716 decidit
1732 4677 1749 4714 :
1775 4659 1982 4714 uerbum
2026 4670 2201 4715 autem
2229 4645 2282 4708 D
2307 4649 2556 4720 tudinem.
2585 4663 2930 4719 Seminemus
2960 4662 3124 4733 igitur
3153 4675 3342 4717 semen
3372 4659 3672 4717 secundum
3708 4672 3904 4729 genus,

605 4758 819 4814 Domini
844 4767 1014 4813 manet
1039 4758 1093 4812 in
1135 4768 1383 4813 internum
1428 4743 1582 4829 (Esa‘.
1636 4771 1734 4821 xt.,
1774 4753 1808 4810 6
1837 4764 1884 4808 et
1911 4753 2069 4825 seq.).
2112 4753 2209 4809 Dei

607 4852 877 4910 sententia
907 4867 1012 4908 vox
1038 4850 1275 4906 humana
1304 4857 1408 4905 est.
1444 4839 1584 4904 Dicit
1626 4849 1794 4910 Deus.
1829 4846 2008 4902 Clama
2051 4861 2071 4900 :
2111 4844 2207 4902 sed

608 4946 664 5003 in
693 4946 812 5018 ipso
833 4947 987 5002 Esaia
1009 4945 1265 5016 loquitur.
1292 4943 1388 5000 Ille
1413 4941 1696 5013 respondit
1721 4959 1734 4996 :
1763 4941 1903 5008 Quid
1930 4941 2210 4997 clamabo?

609 5038 681 5096 Et
727 5049 998 5110 tamquam
1043 5037 1170 5108 quid
1214 5037 1528 5108 loqueretur
1570 5036 1855 5104 audisset,
1903 5036 2148 5108 adiunxit
2191 5054 2206 5089 :

613 5129 796 5186 Omnis
837 5147 958 5188 caro
986 5130 1180 5201 fenum.
1205 5129 1273 5185 Et
1301 5143 1461 5196 vere;
1495 5129 1626 5184 viret
1659 5129 1801 5185 enim
1833 5129 2004 5200 gloria
2036 5128 2211 5184 homi-

612 5224 697 5281 nis
726 5226 778 5281 in
803 5239 967 5281 carne
1005 5224 1188 5296 quasi.
1215 5222 1438 5280 fenum:
1470 5232 1526 5280 et
1548 5239 1667 5294 quae
1707 5232 1927 5294 putatur
1965 5239 2087 5280 esse
2119 5239 2208 5279 su-

611 5316 828 5386 blimis,
861 5318 1056 5390 exigua
1095 5318 1248 5389 quasi
1291 5315 1456 5372 herba
1487 5325 1602 5383 est,
1635 5326 1959 5388 praematura
1999 5328 2056 5372 ut
2085 5315 2205 5382 ﬂos,

689 5510 716 5540 ⁸
754 5500 900 5557 Edit.
923 5516 1045 5558 cum
1070 5498 1254 5570 paucis
1277 5513 1435 5565 mss.,
1457 5498 1772 5570 profundum
1793 5497 1892 5555 Dei
1912 5497 2205 5554 consilium.

613 5572 749 5631 Cod.
795 5588 923 5630 vero
969 5573 1149 5645 plures
1191 5581 1246 5628 et
1294 5572 1535 5642 potiores
1580 5585 1769 5627 vocem
1801 5571 2072 5625 consilium
2103 5586 2208 5626 non

615 5656 935 5718 agnoscunt.

686 5715 716 5755 δ
749 5716 867 5773 Vel.
911 5716 1042 5772 edit.
1071 5725 1127 5772 et
1155 5713 1399 5771 nonnulli
1434 5729 1568 5768 mss.
1593 5753 1609 5778 ,
1663 5713 1831 5784 pridie
1859 5711 1951 5784 tibi
1979 5712 2213 5766 lautissi-

616 5804 750 5861 mus.
779 5788 913 5861 Reg.
934 5829 949 5854 ,
983 5787 1394 5861 laudatissimus.
1426 5783 1723 5861 Utrumque
1747 5783 1985 5861 deestnin
2019 5784 2209 5861 proba-

617 5859 842 5918 tissimis
862 5853 992 5918 inss.
1025 5875 1255 5932 quorum
1298 5857 1386 5912 alii
1430 5853 1644 5927 legunt,
1678 5854 1844 5924 pridie
1874 5853 1962 5908 tibi
2008 5853 2212 5910 decore.

2308 4759 2463 4828 Quod
2494 4760 2562 4814 sit
2590 4774 2782 4829 genus,
2801 4757 2926 4813 audi
2955 4757 3225 4814 dicentem
3252 4766 3508 4828 oportere
3544 4772 3646 4812 nos
3670 4767 3916 4826 quaerere

2312 4851 2444 4908 illud
2493 4851 2756 4920 divinum,
2799 4851 2844 4907 si
2876 4851 3150 4922 quomodo
3197 4849 3330 4906 illud
3372 4858 3607 4906 tractare
3643 4847 3918 4920 possimus

2310 4953 2404 5000 aut
2445 4945 2697 5002 invenire
2731 4963 2744 4998 :
2779 4944 3024 5010 Quamvis
3063 4961 3168 4999 non
3217 4942 3367 5015 longe
3409 4943 3475 4998 sit
3515 4941 3578 4996 ab
3621 4954 3920 5009 unoquoque

2308 5050 2558 5095 nostrum.
2585 5038 2652 5093 In
2677 5041 2790 5110 ipso
2813 5040 2946 5096 enim
2971 5040 3184 5094 vivimus
3200 5079 3216 5106 ,
3243 5047 3292 5094 et
3310 5054 3487 5093 sumus
3506 5079 3521 5105 ,
3543 5045 3591 5092 et
3621 5049 3917 5100 mouemur;

2311 5135 2439 5205 sicut
2463 5134 2671 5205 quidam
2699 5144 2958 5202 uestrum,
2992 5135 3186 5205 inquit,
3240 5132 3505 5199 dixerunt,
3548 5133 3696 5204 cujus
3741 5138 3790 5183 et
3832 5144 3919 5200 ge-

2312 5204 2406 5281 nus
2435 5204 2612 5281 sumus
2640 5225 2780 5299 (Act.
2838 5242 2968 5293 xvu,
3000 5204 3120 5296 28).
3155 5225 3468 5282 Secundum
3496 5223 3601 5280 hoc
3637 5237 3810 5294 genus
3835 5236 3926 5277 se-

2314 5319 2583 5375 minemus
2612 5331 2798 5374 semen
2831 5331 2939 5374 non
2967 5317 3020 5373 in
3051 5332 3252 5386 carne,
3295 5317 3391 5374 sed
3440 5317 3494 5373 in
3542 5315 3759 5388 spiritu.
3804 5312 3925 5370 Non

2314 5497 2476 5554 Corb.
2508 5497 2745 5554 secunda
2779 5513 2963 5563 manu,
2996 5496 3210 5552 decorus
3238 5501 3420 5568 forma:
3446 5499 3582 5553 uisus
3609 5505 3682 5552 est
3708 5495 3878 5568 gratia
3906 5510 3925 5560 ;

2316 5571 2410 5626 alii
2437 5576 2616 5625 autem
2643 5611 2657 5634 ,
2691 5570 2856 5640 pridie
2889 5569 2979 5623 tibi
3007 5571 3187 5624 decore
3214 5567 3397 5638 [omne
3425 5570 3566 5624 uisus
3593 5577 3668 5624 est
3704 5567 3926 5637 gratior.

2393 5652 2414 5712 ς
2458 5641 2582 5694 Edit
2613 5656 2830 5704 omnes,
2853 5640 3068 5711 faventis
3091 5642 3268 5711 pepuli
3290 5645 3527 5712 frequens
3551 5641 3782 5712 domith
3807 5650 3919 5712 etc.

2391 5709 2418 5751 ά
2453 5711 2574 5767 Edit
2605 5707 2877 5785 nonnulla:
2902 5707 3110 5785 Paris,
3145 5707 3274 5785 nihil
3290 5707 3418 5785 'opis
3433 5707 3930 5785 _adiungi_t._Cudcx

2319 5784 2587 5866 Dionaet
2619 5781 2863 5854 .Germ.,
2908 5784 3038 5839 nihil
3088 5781 3366 5855 opibus...)
3417 5783 3575 5841 Cum.
3614 5781 3756 5837 nihil
3801 5797 3929 5850 ope-

2320 5863 2392 5910 ris
2421 5896 2435 5921 ,
2461 5863 2567 5911 ctc.

4169 1034 4171 1120 1

4169 1121 4171 1196 l
