4102 6360
149 275 270 336 169
1431 277 1938 340 HEXAEMERON.
1980 281 2111 342 LIB.
2153 282 2242 340 ΙΙΙ.
3395 293 3502 351 170

149 397 318 452 enim
352 397 608 455 carnalia
635 435 652 465 ,
703 393 796 452 sed
825 392 1133 466 spiritualia
1181 396 1454 454 seminare
1495 399 1790 466 debemus,
1824 403 1872 464 Α
1901 414 2014 455 ram
2058 400 2263 455 semina
2311 399 2686 468 reStilvantur,
2734 414 2797 456 ac
2846 400 2946 457 nisi
2997 410 3207 459 mortua
3263 403 3500 472 fuerint,

151 492 254 563 qui
303 491 379 547 ad
413 494 592 548 vitam
621 490 904 563 pervenire
934 490 1190 548 volumus
1235 500 1519 548 :rtcrnam.
1551 493 1685 563 Quae
1731 497 1801 548 sit
1907 491 2109 546 uulltnn
2144 491 2371 546 fructum
2399 492 2662 549 afferant:
2698 493 2745 549 si
2773 511 2899 550 vero
2928 494 3122 551 fuerint
3154 499 3385 567 quadam
3418 500 3502 555 sui

153 597 356 644 autem
389 587 735 655 similitudo,
767 602 872 643 non
905 588 1130 659 ignoras
1152 631 1165 650 ,
1198 589 1289 661 qui
1321 587 1388 644 ad
1422 589 1716 662 imaginem
1746 600 1802 647 et
1905 593 2080 640 morte
2111 585 2372 650 resoluta,
2401 585 2454 643 in
2488 587 2769 643 uberiores
2799 589 3005 645 fructus
3031 603 3332 663 resurgant.
3367 593 3505 651 Sus-

156 680 610 739 similitudiuem
639 682 730 738 Dei
763 682 931 736 factus
956 696 1038 738 es.
1076 681 1254 738 Herba
1285 683 1471 754 generi
1507 682 1804 752 reSpoudet
1903 677 2035 749 cipit
2079 678 2242 750 igitur
2275 695 2500 749 granum
2549 682 2709 738 tritici
2738 679 2765 720 ά
2808 687 2981 756 putris
3013 685 3167 758 gleba
3193 730 3209 754 ,
3243 698 3296 744 et
3344 705 3501 759 spar-

161 789 276 830 suo
297 817 316 844 ,
371 785 433 831 tu
484 793 599 833 non
640 773 935 847 respondes
963 783 1056 830 tuo
1103 775 1312 845 generi.
1343 774 1530 832 Tritici
1574 791 1801 847 granum
1906 786 2024 827 Sllltl
2053 771 2269 827 cohibet
2293 781 2317 810 ε
2347 773 2590 842 occatio,
2613 791 2676 830 ac
2698 778 2841 832 velut
2864 788 3109 836 materno
3135 791 3274 837 terra
3295 783 3502 849 gremio

165 883 444 940 sparsum
475 880 645 926 terra:
673 870 889 943 generis
915 870 999 926 sui
1027 870 1259 942 gratiam
1292 869 1505 939 reddit,
1536 877 1592 927 et
1622 880 1680 926 tu
1707 870 1805 927 de-
1907 864 2057 921 fovet
2082 875 2136 920 et
2167 865 2498 931 comprimit.
2527 866 2656 923 Inde
2685 884 2806 924 cum
2835 887 2894 928 se
2924 889 3149 943 granum
3180 874 3308 930 illud
3335 876 3506 931 resol-

171 978 455 1034 generas.
491 963 705 1038 Fruges
728 979 836 1020 non
866 964 1178 1020 adulterant
1207 965 1288 1020 sui
1320 963 1689 1021 sinceritatem
1719 980 1807 1022 se-
1908 957 2080 1022 νθῐῑιο
2113 957 2333 1015 herbam
2356 958 2645 1029 gerlllillali
2676 973 2827 1033 graia
2862 964 2974 1032 ἰιιδει
2998 966 3109 1036 iam
3141 971 3350 1038 ερεοῖεε
3381 968 3509 1025 her-

164 1057 341 1114 minis
363 1102 379 1127 ,
418 1070 480 1116 ιιι
509 1060 790 1118 adnuens
818 1062 1107 1133 puritatem
1130 1061 1326 1118 animm
1345 1104 1361 1131 ,
1384 1060 1625 1134 vigorem
1649 1077 1804 1118 me"-
1909 1051 2180 1108 bescentis
2207 1052 2498 1110 viriditatis
2518 1096 2531 1120 ,
2564 1070 2685 1126 quae
2711 1059 2888 1112 statim
2915 1075 3085 1131 genus
3116 1062 3271 1118 SitllVi
3315 1063 3508 1120 simili-

165 1150 241 1207 tis
269 1194 285 1218 ,
323 1154 595 1225 corporis
620 1155 946 1211 castitatem.

1912 1145 2097 1200 tudine
2124 1146 2204 1200 sui
2231 1145 2440 1215 prodit;
2465 1157 2522 1202 ut
2549 1146 2601 1202 in
2624 1148 2742 1218 ipso
2767 1167 2876 1206 sua:
2897 1152 3082 1223 stirpis
3103 1156 3331 1210 exordio
3352 1159 3508 1224 cujus

244 1241 344 1299 δὲ.
391 1243 520 1301 Νοιι
569 1248 820 1317 agnoscis
848 1264 986 1320 opus
1016 1263 1140 1305 esse
1192 1259 1244 1304 te
1284 1248 1512 1304 Christi.
1559 1249 1808 1305 Manibus
1911 1239 2123 1310 generis
2147 1238 2310 1294 bet-ba
2333 1239 2401 1295 sit
2424 1251 3001 1314 reCOgnoscas,atque
3029 1246 3080 1299 iu
3104 1247 3281 1301 herbis
3305 1247 3509 1305 fructus

169 1337 328 1404 suis,
375 1349 441 1394 ιη
490 1339 757 1411 legimus,
805 1350 857 1396 ιε
885 1341 976 1396 me
1020 1340 1308 1410 formam,
1339 1351 1366 1380 ει
1403 1349 1459 1398 ει
1499 1352 1594 1406 ιιι⁹
1642 1340 1809 1397 Mani-
1912 1335 2580 1405 appareat;paulatimque
2598 1334 2859 1391 adolescit
2883 1354 2940 1390 ut
2986 1341 3512 1414 fenum,cultnoque

168 1429 378 1498 clme,
415 1431 660 1488 alterum
707 1432 801 1488 tibi
846 1432 1104 1490 adsciscis
1135 1444 1434 1490 auctorem.
1466 1435 1626 1488 Pater
1667 1434 1806 1489 Deus

1912 1425 2214 1496 pubescens
2255 1426 2478 1495 erigitur
2503 1437 2557 1483 et
2581 1430 2834 1500 assurgit.
2865 1428 2963 1484 Ast
2989 1430 3081 1485 ubi
3111 1445 3169 1486 se
3211 1436 3517 1503 geniculata

173 1525 318 1580 dicit
362 1525 436 1580 ad
483 1526 684 1583 Filium
713 1545 726 1582 :
761 1524 1049 1582 Faciamus
1077 1528 1335 1584 hominem
1365 1529 1433 1582 ad
1458 1529 1734 1600 imaginem
1763 1537 1811 1582 ct
1911 1518 2022 1589 iam
2047 1520 2192 1589 spica
2211 1521 2518 1585 SUSlllleril.
2545 1522 2750 1591 vaginae
2768 1521 3014 1592 quaedam
3044 1523 3234 1580 Γιιιυτίιὶ
3259 1526 3393 1598 frugi
3419 1543 3516 1600 pa-

177 1617 600 1675 simifitudinem
629 1631 857 1675 nostram
904 1619 1097 1692 (Gem,
1133 1638 1182 1690 ι,
1224 1622 1367 1694 26);
1409 1629 1464 1678 et
1494 1629 1548 1676 tu
1573 1664 1589 1688 ,
1624 1621 1808 1676 Photi-
1915 1624 2137 1680 rantur,
2168 1612 2220 1668 itt
2251 1613 2444 1684 quibus
2482 1631 2708 1685 granum
2735 1615 2999 1672 formatur
3029 1618 3284 1684 interius;
3324 1637 3390 1674 tte
3438 1631 3520 1676 te-

183 1713 361 1770 niane
383 1755 401 1782 ,
437 1714 582 1770 dicis
615 1716 737 1786 quia
768 1716 820 1771 in
849 1717 1242 1772 constitutione
1274 1716 1456 1772 mundi
1490 1717 1670 1774 adhuc
1702 1733 1806 1774 non

1917 1724 2043 1763 nera
2074 1707 2191 1778 ejus
2222 1707 2508 1778 primordia
2536 1721 2626 1763 aut
2654 1710 2820 1782 frigus
2851 1711 3045 1780 laedat,
3075 1721 3169 1768 aut
3194 1715 3324 1770 solis
3351 1722 3518 1772 aestus

181 1815 312 1862 erat
338 1805 636 1874 Christus;
668 1817 723 1863 et
765 1818 818 1862 tu
841 1849 856 1873 ,
887 1807 1224 1865 Eunomiane
1250 1851 1264 1876 ,
1295 1810 1432 1865 dicis
1470 1811 1592 1882 quia
1637 1811 1799 1868 dissi-

1912 1812 2137 1869 exurat,
2166 1813 2258 1858 aut
2285 1815 2569 1859 ventorum
2615 1805 2989 1874 inclementia,
3035 1808 3114 1862 vel
3145 1807 3398 1864 imbrium
3439 1809 3524 1864 vis

189 1898 347 1954 milis
377 1907 467 1955 est
497 1899 642 1956 Patri
682 1900 876 1956 Filius.
911 1901 1042 1957 Nam
1065 1903 1116 1958 si
1146 1902 1359 1976 imago,
1395 1920 1500 1961 non
1530 1905 1813 1962 dissimilis

182 1991 385 2062 utique
409 2009 424 2046 :
444 1991 475 2032 δ
501 1993 597 2056 sed
629 2005 798 2050 totum
823 2011 893 2052 ex
921 2005 1034 2051 toto
1059 1998 1368 2070 exprimens
1384 1998 1597 2057 Patrem
1619 2044 1633 2069 ,
1653 1981 1812 2072 quem

185 2083 359 2142 Pater
389 2086 714 2144 substantiae
741 2104 857 2144 sua:
903 2090 1111 2146 unitate
1156 2091 1411 2162 signavit.
1449 2093 1608 2149 Pater
1635 2093 1768 2150 dicit
1798 2112 1812 2150 :

193 2176 533 2249 Faciamus;
580 2192 634 2240 et
685 2195 740 2239 tu
775 2193 1188 2256 cooperatorem
1229 2188 1442 2259 negas?
1478 2188 1634 2258 Quod
1682 2189 1817 2246 dixit

196 2273 401 2344 Pater,
431 2275 606 2334 Filius
650 2278 810 2348 fecit;
855 2290 908 2338 et
957 2291 1013 2338 tu
1063 2281 1329 2354 azqualem
1374 2299 1579 2354 negas,
1609 2285 1665 2342 iu
1709 2299 1817 2361 quo

181 2369 535 2441 complacuit
561 2371 745 2430 Pater.

801 2506 1030 2566 CAPUT
1074 2508 1209 2566 VIII.

194 2612 278 2674 De
321 2618 527 2676 virtute
567 2622 887 2691 seminaria;
933 2623 1094 2696 deque
1119 2626 1445 2698 germiuandi
1487 2643 1548 2683 ac
1596 2629 1818 2700 fructiﬁ-

261 2715 422 2770 candi
443 2718 606 2772 modo
635 2718 788 2789 plane
812 2719 1040 2775 mirabili
1065 2737 1084 2776 :
1112 2721 1234 2777 item
1259 2723 1324 2778 de
1343 2733 1492 2778 teme
1519 2727 1780 2794 feracitate
1797 2767 1814 2794 ,

269 2812 387 2882 agri
436 2811 588 2880 pleni
629 2814 1046 2884 pulchritudine,
1098 2815 1376 2872 herbarum
1415 2819 1716 2876 salubritate
1757 2837 1819 2876 ac

279 2902 556 2958 remediis.

271 3016 366 3072 55.
413 3017 715 3088 Germinet,
744 3019 954 3094 inquit,
983 3033 1120 3078 terra
1149 3023 1358 3079 herbam
1387 3013 1494 3098 feni
1541 3027 1822 3083 secundum

193 3127 383 3183 genus.
418 3109 479 3168 lu
524 3114 778 3172 omnibus
823 3133 944 3189 quae
987 3117 1242 3174 dicuntur
1289 3119 1568 3176 nascentia
1616 3128 1775 3176 terra:
1801 3163 1817 3187 ,

1916 1910 2058 1951 Saeva
2086 1896 2342 1951 decutiat.
2370 1897 2680 1953 Succedunt
2701 1899 2920 1965 quidam
2946 1899 3165 1956 ordines
3192 1905 3386 1971 spicae,
3415 1903 3523 1958 mi-

1916 1989 2070 2044 rabili
2103 1993 2219 2045 arte
2247 1989 2485 2054 formati,
2520 1991 2604 2046 vel
2629 1991 2696 2046 ad
2725 1992 2959 2063 Speciem
2989 1995 3146 2063 grati,
3172 1995 3256 2049 vel
3287 1995 3358 2051 ad
3384 2007 3526 2051 tuta-

1916 2097 2039 2138 men
2067 2099 2209 2139 nexu
2239 2083 2472 2155 quodam
2499 2084 2640 2140 inter
2668 2100 2727 2139 se
2756 2087 3017 2142 naturalis
3042 2088 3402 2160 colligationis
3427 2091 3526 2147 ad-

1917 2176 2118 2243 striCti,
2143 2195 2279 2249 quos
2311 2179 2646 2250 providentia
2667 2179 2848 2235 divina
2873 2181 3145 2237 f0imavit.
3180 2184 3242 2238 Et
3267 2200 3334 2241 ne
3359 2187 3528 2258 frugis

1918 2271 2308 2327 numerosioris
2345 2272 2587 2343 pondere
2629 2266 2774 2329 velut
2819 2275 3065 2345 qutcdam
3117 2276 3276 2333 cedat
3329 2278 3527 2334 fultura

1917 2363 2219 2420 culmorum
2241 2410 2255 2434 ,
2293 2367 2503 2438 vaginis
2540 2367 2863 2438 quibusdam
2906 2371 3020 2440 ipse
3047 2371 3258 2426 culmus
3288 2356 3527 2428 includi-

1919 2464 2037 2525 tur,
2065 2468 2125 2513 ut
2163 2460 2452 2530 geminatis
2479 2459 2683 2517 viribus
2721 2462 2926 2532 frugem
2958 2465 3129 2534 possit
3171 2465 3531 2536 multiplicent

1917 2553 2189 2611 sustinere
2215 2598 2229 2622 ,
2269 2573 2337 2612 ne
2367 2557 2540 2629 impar
2567 2559 2720 2614 oneri
2750 2571 3006 2617 curvetur
3034 2561 3086 2617 iu
3123 2572 3346 2620 terram.
3389 2563 3529 2620 Tum

1917 2661 2079 2716 supra
2124 2649 2298 2719 ipsam
2326 2652 2531 2720 spicam
2579 2652 2778 2708 vallum
2821 2655 3051 2710 struitur
3099 2657 3390 2714 aristartun
3419 2699 3433 2726 ,
3468 2672 3534 2714 ut

1921 2741 2072 2810 quasi
2098 2741 2330 2812 quadam
2358 2744 2412 2799 in
2439 2761 2564 2801 arce
2586 2747 2916 2816 praetendat,
2950 2764 3016 2804 ne
3043 2749 3223 2804 avium
3254 2755 3532 2807 minorum

1921 2836 2193 2892 morsibus
2224 2837 2375 2907 spica
2411 2838 2641 2894 laedatur
2661 2881 2676 2907 ,
2709 2848 2804 2894 aut
2831 2840 2945 2895 suis
2969 2850 3200 2899 exuatur
3228 2845 3492 2903 fructibus
3516 2887 3534 2915 ,

1921 2935 2018 2982 aut
2043 2928 2285 2999 vesdgiis
2317 2940 2646 3000 proteratur.

1994 3019 2086 3074 35.
2128 3018 2268 3086 Quid
2294 3020 2468 3075 dicant
2495 3023 2955 3094 quemadmodum
2982 3027 3274 3087 clementia
3311 3031 3401 3088 Dei
3432 3033 3535 3090 ltu-

1927 3126 2102 3166 mante
2142 3113 2482 3181 prospexerit
2509 3115 2768 3170 utilitati?
2808 3115 3134 3175 Feneratum
3170 3133 3311 3177 terra
3359 3128 3527 3182 resti-

193 3207 438 3277 primum
470 3223 699 3280 germen
729 3221 847 3276 est;
881 3211 967 3269 ubi
999 3229 1060 3268 se
1103 3212 1378 3283 paululum
1409 3213 1728 3279 sustulerit,
1761 3212 1822 3269 ﬁt
1848 3208 1894 3274 C
1927 3206 2029 3262 tuit
2055 3205 2200 3278 quod
2245 3206 2493 3276 accepit,
2533 3219 2585 3263 et
2614 3225 2898 3266 usurarum
2941 3213 3160 3268 cumulo
3203 3216 3530 3287 multiplica-

203 3300 418 3368 herba,
467 3312 659 3374 postea
705 3305 930 3374 fenum,
979 3307 1108 3364 inde
1153 3308 1215 3362 lit
1256 3307 1486 3363 fructus.
1535 3309 1674 3365 Sunt
1722 3323 1818 3363 na-

195 3399 410 3454 scentia
455 3415 579 3469 qua:
609 3399 676 3456 de
714 3401 898 3457 radice
919 3403 1267 3473 germinant,
1311 3412 1370 3458 ut
1417 3403 1645 3458 arbores
1695 3417 1815 3474 qua:

195 3505 306 3545 non
343 3499 477 3548 sunt
506 3502 638 3549 sata:
659 3535 675 3562 ,
707 3509 775 3550 ex
819 3494 1050 3550 aliarum
1082 3497 1339 3552 arborum
1368 3496 1552 3553 radice
1578 3512 1815 3552 nascun-

199 3593 305 3640 tur.
337 3584 392 3641 In
423 3586 690 3644 arundine
716 3587 962 3646 videmus
1003 3589 1278 3661 quomodo
1310 3591 1360 3645 in
1392 3600 1644 3647 extremo
1690 3591 1812 3662 ejus

194 3678 350 3733 velut
378 3679 597 3750 quidam
628 3680 685 3737 fit
723 3682 897 3739 nodus
924 3699 955 3739 e
986 3684 1158 3741 latere
1183 3726 1197 3748 .
1225 3695 1281 3741 et
1312 3685 1439 3741 inde
1466 3685 1572 3740 alia
1602 3684 1810 3742 arundo

195 3772 489 3843 germinat.
524 3774 617 3830 Est
647 3791 780 3848 ergo
811 3778 863 3831 in
895 3776 1080 3833 radice
1113 3777 1192 3833 vis
1217 3779 1463 3849 qttzcdam
1504 3779 1804 3834 seminarii.

194 3860 416 3922 lnsitiva
443 3883 662 3939 quoque
683 3868 738 3924 in
758 3857 1488 3941 superioribus'germinant.
1522 3882 1544 3910 ε
1566 3871 1700 3926 Aliis
1721 3887 1807 3926 er-

193 3974 262 4030 go
304 3976 335 4016 a
377 3960 594 4028 radice,
622 3961 745 4016 aliis
771 3961 994 4019 diverso
1041 3979 1266 4020 munere
1296 3965 1469 4021 series
1497 3967 1804 4020 successio-

192 4051 281 4108 nis
309 4054 630 4124 acquiritur.
661 4053 810 4111 lnest
853 4057 1000 4113 enim
1049 4057 1403 4114 nascentibus
1451 4058 1679 4131 singulis
1711 4069 1806 4114 aut

192 4135 425 4217 semen,
470 4159 565 4205 aut
612 4150 785 4206 virtus
811 4150 994 4222 aliqua
1032 4150 1359 4218 seminaria,
1396 4161 1451 4208 et
1499 4168 1561 4207 ea
1611 4167 1804 4208 secun-

175 4237 318 4295 .dutn
349 4257 566 4313 genus;
617 4251 676 4298 ut
716 4243 859 4314 quod
892 4245 1135 4300 nascitur
1165 4261 1229 4300 ex
1263 4260 1326 4300 ea
1349 4286 1364 4312 ,
1396 4245 1574 4301 simile
1611 4259 1799 4302 eorum

190 4346 310 4403 qua:
336 4343 450 4389 sata
480 4345 613 4392 sunt
637 4378 652 4404 ,
683 4336 769 4394 vel
807 4352 1038 4409 quorum
1067 4337 1137 4395 de
1182 4337 1365 4394 radice
1393 4338 1483 4405 sit,
1509 4340 1792 4410 germinet.

191 4421 266 4481 De
295 4427 473 4483 tritico
509 4429 750 4484 triticum
771 4473 785 4494 ,
817 4431 884 4485 de
914 4431 1065 4486 milio
1097 4430 1309 4487 milium
1329 4471 1344 4494 ,
1374 4431 1440 4486 de
1466 4447 1603 4503 pyro
1632 4445 1798 4504 pyrus

189 4518 314 4574 albo
345 4520 478 4579 flore
509 4524 820 4595 prorumpit
845 4541 859 4578 :
889 4532 1140 4581 castanea
1167 4539 1388 4597 quoque
1416 4524 1590 4596 surgit
1612 4525 1679 4581 de
1709 4541 1797 4581 ra-

189 4609 307 4669 dice
336 4625 632 4672 castaneae.

260 4705 350 4764 54.
393 4707 682 4776 Germinet,
713 4711 927 4783 inquit,
958 4722 1093 4768 terra
1121 4713 1331 4768 herbam
1357 4711 1465 4785 feni
1511 4711 1795 4767 secundum

190 4817 370 4872 genus.
399 4803 462 4859 Et
507 4808 773 4860 continuo
805 4807 1116 4876 parturiens
1149 4817 1293 4863 terra
1347 4820 1516 4862 novos
1557 4821 1618 4861 se
1660 4805 1796 4860 fudit

192 4891 244 4950 in
277 4907 458 4968 partus
481 4941 496 4967 ,
528 4910 585 4956 et
613 4899 786 4956 induit
812 4916 872 4958 se
895 4903 1150 4957 amictum
1185 4901 1474 4956 viriditatis
1493 4943 1508 4968 ,
1537 4899 1649 4974 46
1671 4916 1794 4972 gra-

192 4987 318 5045 tiam
345 4991 692 5052 fecunditatis
717 4996 1037 5068 assumpsit,
1062 4997 1400 5069 diversisque
1431 5005 1644 5067 comth
1671 5012 1792 5066 ger-

194 5083 424 5146 minibus
446 5129 462 5158 ,
511 5092 764 5163 proprios
795 5095 1033 5164 suscepit
1062 5103 1308 5148 ornatus.
1361 5092 1618 5150 Mirantur
1647 5089 1790 5161 quod

195 5181 299 5232 tam
321 5181 426 5237 cito
446 5185 868 5257 germinaverit;
895 5194 1096 5257 quanto
1121 5185 1322 5257 majora
1350 5185 1608 5240 miracula
1631 5172 1756 5240 sutit
1772 5225 1789 5251 ,

194 5269 240 5327 si
268 5287 474 5346 spectes
517 5279 764 5359 singula,
796 5278 1259 5350 quemadmodum
1289 5278 1373 5336 vel
1395 5277 1541 5350 jacta
1589 5276 1643 5334 in
1685 5288 1792 5334 ter-

269 5491 313 5560 ιξΔ
334 5485 456 5545 Mss.
496 5495 750 5560 septem:
783 5496 831 5543 et
857 5497 942 5552 tu,
973 5487 1647 5560 Manichwe,iadulterunt.
1684 5485 1790 5542 Alii

202 5555 428 5614 melioris
477 5555 626 5617 nota:
676 5569 839 5631 atque
878 5564 1044 5630 edit.,
1076 5573 1126 5617 et
1169 5572 1255 5631 tu,
1280 5555 1588 5616 ’Manichwe
1611 5600 1627 5625 ,
1666 5563 1796 5614 atte-

201 5637 310 5677 rum

265 5642 310 5677 nt
360 5646 390 5684 θ
447 5675 462 5689 ,

265 5693 295 5733 δ
324 5641 441 5754 .Se‘t‘l:
472 5717 638 5762 totum
677 5724 743 5764 ea:
786 5719 890 5764 toto
918 5708 1228 5772 exprimens.
1269 5704 1434 5761 Deest
1470 5703 1525 5760 in
1554 5701 1794 5776 quinque

204 5775 576 5844 mSSLOPIlmSB
603 5792 768 5844 noue.
805 5796 870 5836 ea:
894 5789 1020 5836 toto.

274 5849 296 5878 ο
332 5841 471 5909 Edit.
498 5851 629 5911 Gill.
658 5867 723 5907 ac
755 5841 936 5908 Reum
966 5850 1097 5907 Aliis
1119 5865 1241 5922 ergo
1263 5867 1298 5908 a
1324 5848 1537 5908 semine.

638 5949 918 6016 Pauor"
963 5948 1137 6013 XIV.

1926 3309 2056 3355 tum.
2091 3299 2347 3356 llomiues
2374 3315 2521 3371 saepe
2559 3300 2872 3373 decipiunt,
2901 3316 2956 3362 et
2997 3305 3110 3376 ipsa
3163 3307 3531 3369 feneratorem

1921 3409 2078 3450 suum
2127 3405 2276 3452 sorte
2306 3393 2669 3452 defraudaut:
2705 3406 2846 3454 terra
2893 3398 3071 3454 fidelis
3119 3412 3321 3458 manet.
3371 3403 3440 3459 Et
3483 3408 3535 3463 si

1918 3488 2134 3560 quando
2165 3504 2272 3544 non
2323 3489 2584 3557 solverit,
2618 3489 2663 3545 si
2707 3491 2845 3548 forte
2883 3493 3169 3550 adversata
3221 3495 3386 3552 fuerit
3431 3499 3533 3555 fri-

1913 3583 2061 3652 goris
2089 3581 2436 3638 inclementia
2459 3625 2474 3648 ,
2507 3593 2596 3639 aut
2636 3584 2803 3641 nimia
2831 3587 3052 3643 siccitas
3078 3631 3092 3655 ,
3127 3601 3220 3643 aut
3263 3593 3532 3651 immensa

1913 3677 1995 3732 vis
2023 3677 2307 3746 imbrium,
2340 3679 2448 3736 alio
2470 3693 2615 3735 anno
2640 3682 2943 3750 superioris
2971 3685 3098 3738 anni
3126 3683 3322 3741 damna
3376 3702 3531 3744 cont-

1911 3784 2134 3846 pensat;
2171 3776 2241 3830 ita
2273 3786 2326 3831 et
2353 3776 2570 3847 quando
2602 3787 2898 3849 proventus
2924 3795 3075 3850 Spem
3103 3781 3350 3837 destituit
3381 3785 3530 3852 agri.

1909 3869 2074 3927 colae.
2101 3867 2231 3921 nihil
2261 3877 2402 3922 terra
2435 3868 2710 3939 delinquit
2736 3889 2749 3924 ι
2778 3881 2833 3926 et
2854 3872 3073 3942 quando
3099 3874 3332 3939 arridet,
3368 3877 3528 3932 uber-

1908 3966 1991 4014 tas
2032 3959 2276 4016 fceundac
2317 3961 2506 4017 matris
2542 3977 2602 4018 se
2632 3963 2684 4018 in
2731 3977 2917 4032 partus
2962 3964 3227 4032 effundit,
3256 3978 3312 4022 ut
3362 3983 3522 4025 num-

1907 4067 2066 4123 quam
2101 4052 2272 4108 ullum
2300 4053 2646 4123 dispendium
2678 4069 2779 4110 suo
2808 4055 3006 4111 inferat
3033 4057 3314 4114 creditori.

1977 4146 2069 4202 '56.
2111 4146 2244 4216 Quae
2271 4162 2400 4203 vero
2429 4152 2640 4218 species
2672 4148 2815 4219 pleni
2847 4148 2999 4219 agri!
3051 4149 3150 4218 Qui
3184 4150 3350 4208 odor!
3383 4151 3518 4222 Quae

1905 4240 2181 4296 suavitas!
2241 4241 2371 4308 Qu'e
2420 4242 2668 4311 voluptas
2718 4241 3117 4312 agricolarum!
3160 4244 3299 4312 Quid
3349 4245 3514 4316 digne

1903 4335 2176 4406 explicare
2206 4350 2527 4408 possumus,
2559 4336 2602 4391 si
2636 4348 2823 4391 nostro
2853 4345 3068 4391 utamur
3093 4337 3368 4407 alloquio?
3397 4339 3510 4398 Sed

1902 4428 2166 4486 habemus
2204 4429 2498 4500 Scriptura:
2540 4431 2849 4487 testimonia
2875 4474 2890 4498 ,
2937 4433 3134 4503 quibus
3173 4435 3285 4506 agri
3327 4438 3510 4492 suavi-

1900 4531 2065 4580 tatem
2113 4523 2478 4580 benedietioni
2525 4533 2578 4579 et
2617 4526 2804 4597 gratim
2834 4528 3507 4588 sanctorumadvertimus

1825 4611 1880 4674 D
1904 4632 2268 4690 comparatam
2296 4661 2311 4685 ,
2353 4619 2570 4676 dicente
2612 4632 2803 4676 sancto
2851 4619 2997 4675 Isaac
3029 4639 3042 4676 :
3076 4621 3221 4677 Odor
3259 4623 3356 4691 ﬁlii
3403 4627 3506 4680 mei

1899 4713 2033 4767 sicut
2077 4711 2204 4765 odor
2248 4711 2364 4781 agri
2404 4711 2544 4782 pleni
2592 4709 2781 4784 (Gem,
2810 4728 2989 4779 xxvu,
3017 4713 3132 4785 27).
3163 4714 3299 4782 Quid
3342 4715 3505 4787 igitur

1900 4806 2204 4863 describam
2248 4817 2701 4877 purpurasceutes
2733 4807 2936 4875 violas,
2965 4807 3192 4865 candida
3225 4809 3334 4864 lilia
3357 4852 3373 4878 ,
3407 4829 3500 4867 ru-

1901 4900 2118 4956 tilantes
2143 4914 2325 4963 ros:ts,
2358 4899 2568 4970 depicta
2617 4915 2741 4955 rura
2791 4915 2933 4956 nunc
2958 4903 3138 4956 aureis
3165 4944 3178 4965 ,
3221 4919 3361 4958 uttuc
3407 4921 3503 4958 va-

1898 4996 2025 5066 riis,
2059 5010 2200 5050 nunc
2228 4994 2386 5050 luteis
2428 4993 2687 5061 ﬂoribus,
2720 4995 2772 5048 in
2800 4994 2996 5066 quibus
3046 4997 3286 5062 nescias,
3319 5005 3498 5053 utrum

1899 5087 2113 5160 Species
2144 5087 2375 5156 amplius
2414 5086 2641 5153 florum,
2679 5101 2746 5140 an
2774 5091 2856 5141 vis
2901 5088 3067 5141 odora
3097 5084 3369 5142 delectet?
3395 5087 3500 5141 Pa-

1898 5194 2123 5240 scuntur
2151 5182 2290 5239 oculi
2333 5193 2487 5252 grato
2530 5180 2840 5250 spectaculo
2864 5223 2880 5246 ,
2913 5182 3071 5252 longe
3111 5179 3326 5246 lateque
3364 5178 3503 5235 odor

1898 5277 2202 5350 Spargitur,
2228 5274 2382 5346 cujus
2409 5275 2674 5332 suavitate
2717 5274 3076 5345 complentur.
3122 5266 3276 5324 Unde
3318 5267 3504 5330 divine

1973 5486 1998 5528 ἀ
2038 5489 2289 5561 Quinque
2311 5499 2451 5561 mss.
2479 5480 2766 5561 non‘malse
2790 5490 2966 5561 notat:
2996 5474 3370 5561 nutrix_gleba.
3401 5481 3508 5539 Me.

1898 5559 2003 5617 lius
2029 5546 2118 5617 alii
2168 5546 2223 5616 ei
2256 5560 2426 5616 edit.:
2454 5555 2620 5628 putris
2645 5553 2793 5626 gleba
2817 5595 2832 5620 ,
2864 5553 2917 5608 id
2951 5561 3037 5608 est
3060 5591 3076 5616 ,
3119 5546 3373 5606 solubilis
3394 5592 3412 5620 ,
3452 5565 3513 5612 ut

1901 5631 2050 5707 Virg.
2063 5676 2078 5703 ,
2105 5649 2122 5689 ι
2139 5632 2337 5704 Georg.
2367 5647 2382 5685 :

2245 5748 2250 5750 -
2402 5727 2466 5780 Ει
2489 5725 2701 5789 zephyro
2723 5723 2882 5785 putris
2903 5733 2960 5773 se
2983 5721 3137 5786 gleba
3160 5718 3381 5771 resolvit.

1979 5851 2002 5882 ⁸
2042 5839 2159 5900 Hoc
2189 5845 2273 5896 est
2295 5875 2310 5904 ,
2339 5827 2697 5893 comminatio
2724 5826 3024 5899 glebarum.

2832 5921 2873 5980 6
