4102 6360
633 277 729 340 171
1967 269 2212 332 SANCTI
2253 269 2580 336 AHBBOSII
3879 285 3968 340 1ῗί

626 395 892 454 Dominus
917 395 992 450 ait
1021 411 1036 451 :
1077 393 1144 450 Et
1173 394 1364 464 species
1391 393 1496 467 4⁸1
1523 393 1636 464 agri
1683 409 1879 450 mecum
1905 403 1980 449 est
2023 393 2214 464 (Psal.
2245 387 2298 448 Α
2325 395 2468 452 virili
2491 395 2738 466 portione
2763 394 3038 466 complent
3063 379 3336 453 universae
3365 395 3800 468 plenitudinem
3827 414 3966 456 erra-
4032 395 4033 428 ‘

629 506 782 554 nix,
807 491 1057 558 ll);cum
1077 489 1192 556 ipso
1211 497 1294 542 est
1313 489 1452 542 enim
1474 503 1634 558 quam
1661 487 1774 557 ipse
1797 485 2220 556 formavit.Quis
2329 497 2480 542 tur-.e.
2519 487 2634 542 Alia
2663 501 2792 558 ergo
2833 487 2948 542 esui
2975 529 2990 552 ,
3023 497 3046 526 ο
3075 487 3178 542 alia
3209 487 3302 544 alii
3343 499 3668 545 nascuntur
3697 489 3856 546 ueni.
3887 491 3964 546 iii-

627 586 773 642 enim
825 583 964 640 alius
991 581 1180 640 artifex
1219 583 1388 654 possit
1427 592 1632 638 tantam
1665 599 1842 638 rerum
1887 583 2222 654 singularum
2327 579 2402 636 hil
2435 589 2622 644 varat.
2671 581 2804 636 nihil
2837 583 2996 637 inane
3023 583 3292 650 germinat
3322 595 3494 640 terra.
3525 585 3702 654 Quod
3735 587 3840 644 tibi
3873 603 3962 658 pu-

629 679 934 750 exprimere
958 677 1322 732 venustatem?
1343 675 1680 732 Considerate
1703 677 1816 730 lilia
1839 677 1950 748 agri
1977 677 2222 744 (Matth.,
2328 683 2408 730 tas
2437 675 2660 742 inutile,
2689 676 2810 732 aliis
2857 677 2986 732 utile
3015 675 3130 752 ω
3169 687 3292 742 est;
3325 677 3502 734 immo
3543 680 3660 748 ipsi
3713 681 3820 736 tibi
3867 683 3960 738 frc—

627 785 718 836 vt,
753 769 876 838 28),
899 779 1128 840 quantus
1151 769 1220 824 sit
1245 769 1448 824 candor
1471 769 1522 824 iu
1552 767 1734 834 foliis,
1766 769 2222 840 quemadmodum
2326 777 2558 842 quenter
2585 769 2692 826 alio
2723 779 2808 826 est
2835 785 2936 826 usu
2969 771 3122 826 utile.
3145 771 3300 840 Quod
3327 787 3514 829 escam
3553 789 3670 830 non
3699 774 3954 844 adjuvat,

627 865 818 931 stipata
850 865 962 936 ipsa
993 862 1115 917 folia
1145 864 1214 918 ab
1260 869 1370 918 Imo
1407 863 1474 918 ad
1515 879 1786 919 summum
1819 863 2106 920 videantur
2133 881 2222 920 as-
2327 861 2652 918 medicinam
2683 865 2962 936 suggerit:
2991 871 3046 920 et
3085 879 3230 936 sirpe
3257 865 3450 922 eadem
3480 883 3612 938 qua:
3655 867 3766 924 tibi
3799 869 3952 924 noxis

624 971 846 1028 surgere
865 997 882 1026 ,
917 965 973 1012 ut
1001 957 1192 1028 scyphi
1221 958 1526 1026 exprimant
1555 955 1782 1012 fomlam
1809 999 1824 1026 ,
1855 967 1911 1014 ut
1937 959 2056 1014 auri
2077 975 2228 1030 qum-
2327 963 2484 1020 suttt,
2514 953 2702 1010 avibus
2731 965 2822 1010 aut
2853 955 2978 1010 feris
3007 957 3284 1012 innoxium
3315 957 3644 1014 ministrant
3675 959 3950 1030 pabulum.

623 1049 744 1105 dam
773 1050 981 1119 Species
1013 1052 1158 1106 intus
1183 1051 1472 1130 ellulgeat,
1505 1067 1628 1122 qua:
1659 1061 1837 1108 tamen
1869 1053 2013 1108 vallo
2035 1055 2088 1108 in
2119 1053 2226 1110 cir-
2327 1047 2572 1116 Denique
2614 1048 2792 1104 sturni
2847 1059 3136 1104 vescuntur
3178 1051 3426 1118 ennium,
3481 1066 3590 1108 nec
3641 1051 3836 1108 fraudi
3881 1065 3952 1108 est

620 1145 770 1199 cuitu
798 1143 1195 1214 ﬂoi'isobsepta
1225 1142 1360 1198 nulli
1389 1155 1568 1216 pateat
1601 1144 1830 1216 injuriae.
1861 1145 1918 1204 Si
1939 1149 2060 1214 quis
2081 1145 2225 1202 hunc
2327 1141 2437 1209 eis,
2471 1147 2724 1210 quoniam
2759 1159 2856 1214 per
2881 1144 3194 1212 qualitatem
3239 1145 3321 1202 sui
3369 1147 3630 1218 corporis
3679 1165 3946 1205 venenum

619 1236 814 1292 florem
845 1235 1136 1306 decerpat,
1165 1247 1219 1292 et
1249 1251 1344 1292 sua
1374 1237 1550 1292 solvat
1579 1238 1632 1293 iu
1663 1237 1788 1294 folia
1807 1281 1820 1306 ,
1843 1255 1964 1311 qua:
1986 1241 2118 1294 tanti
2141 1251 2226 1296 est

619 1330 846 1384 artificis
879 1343 1070 1382 manus
1097 1345 1220 1399 quae
1257 1329 1430 1399 possit
1459 1329 1554 1384 lilii
1599 1331 1838 1402 speciem
1883 1331 2224 1390 reformare?

619 1421 755 1490 Quis
783 1431 965 1476 tantus
1007 1423 1248 1478 imitat0r
1278 1431 1480 1478 natura?
1503 1466 1518 1492 ,
1547 1435 1604 1480 ut
1634 1427 1820 1482 liorem
1863 1427 2006 1484 hunc
2036 1429 2222 1486 redin-

621 1523 838 1586 tcgrare
865 1527 1186 1584 pra-sumat,
1219 1516 1304 1572 cui
1331 1518 1590 1574 Dominus
1625 1531 1830 1576 tantum
1855 1524 2222 1582 testimonium

625 1607 790 1674 tulit,
823 1615 880 1662 ut
917 1607 1158 1664 diceret:
1197 1609 1306 1666 Nec
1347 1611 1594 1668 Salomon
1643 1615 1696 1668 in
1735 1617 1875 1670 omni
1919 1618 2084 1688 gloria
2129 1636 2226 1674 sua

623 1703 696 1757 sic
729 1701 1061 1767 vestiebatur,
1093 1703 1226 1758 sicut
1265 1721 1424 1760 unum
1452 1723 1516 1760 ea:
1543 1708 1654 1762 istis
1696 1707 1716 1780 (
1735 1707 1899 1778 lbid.,
1927 1711 2058 1782 ευρ
2103 1711 2220 1768 Rex

625 1797 1069 1868 opulentissimus
1100 1807 1154 1855 et
1191 1801 1621 1870 sapientissimus
1659 1804 1882 1862 inferior
1901 1805 2180 1878 iudicatur
2205 1849 2220 1876 ,
2253 1789 2304 1852 Β

627 1905 786 1960 quam
819 1889 978 1960 hujus
1007 1891 1158 1948 ﬂoris
1187 1893 1549 1965 pulchritudo.

698 1983 789 2039 57.
830 1986 968 2052 Quid
1009 2003 1320 2046 enumerem
1367 2007 1560 2048 succos
1607 1992 1896 2050 herbarum
1937 1995 2224 2052 salubres?

623 2077 751 2146 quid
783 2079 1134 2151 virgultorum
1165 2101 1226 2140 ac
1259 2085 1508 2141 foliorum
1543 2087 1822 2142 remedia?
1847 2087 2054 2144 Cervus
2080 2104 2226 2160 trger

621 2173 962 2229 ramusculos
1015 2175 1150 2230 olea:
1205 2178 1452 2242 mandit,
1506 2188 1560 2235 et
1613 2193 1780 2234 sanus
1831 2181 1906 2236 lit.
1967 2180 2224 2237 Locustas

622 2279 839 2336 quoque
871 2277 896 2304 θ
927 2269 1048 2324 t'olia
1079 2271 1216 2326 olere
1258 2287 1444 2326 arrosa
1499 2273 1736 2328 liberant
1781 2277 1850 2331 ab
1877 2277 2220 2346 a‘gritudine.

621 2355 760 2414 Rubi
787 2357 914 2415 folia
941 2363 1248 2434 superjacta
1275 2365 1555 2436 serpenti,
1594 2365 1908 2422 interimunt
1938 2384 2082 2424 eum.
2117 2369 2223 2424 Cu-

617 2449 755 2508 lices
797 2469 905 2510 non
937 2463 1158 2524 tangent
1191 2467 1275 2522 te.
1303 2459 1348 2512 si
1391 2459 1650 2516 absinthii
1683 2460 1906 2516 herbam
1949 2477 2071 2518 cum
2103 2461 2226 2520 oleo

623 2557 826 2615 coquas
843 2587 858 2614 ,
885 2556 941 2602 et
963 2561 1030 2603 eo
1058 2558 1108 2604 te
1135 2551 1478 2620 perunxeris.

1239 2687 1471 2746 CAPUT
1511 2689 1603 2746 IX.

625 2799 804 2857 Nomia
831 2815 948 2857 cum
993 2801 1202 2858 utilibus
1251 2821 1352 2859 non
1396 2807 1506 2860 sine
1545 2809 1746 2864 ratione
1788 2809 2060 2878 generari;
2107 2827 2224 2866 cum

697 2902 834 2968 quod
865 2898 955 2952 uni
998 2900 1210 2954 noxium
1234 2941 1250 2965 ,
1295 2899 1440 2954 alteri
1469 2903 1536 2955 sit
1579 2901 1702 2955 utile
1716 2917 1737 2966 ,°
1775 2913 1925 2974 atque
1963 2905 2031 2958 ad
2071 2905 2228 2962 noxia

693 2988 930 3042 evitanda
953 2989 1252 3043 instinctum
1279 2991 1469 3056 brutis,
1498 2991 1787 3048 hominibus
1807 2996 2061 3050 rationem
2087 2993 2226 3050 Deus

693 3081 960 3138 indiderit.
996 3083 1162 3151 Quam
1191 3085 1374 3140 decens
1403 3085 1532 3142 ordo
1563 3087 1616 3142 in
1646 3097 1794 3146 terra:
1820 3088 2228 3162 fructiﬁcatione

696 3189 946 3232 servatus.
1659 3191 1672 3200 ’

2249 3179 2299 3244 C

691 3291 782 3347 58.
826 3292 931 3348 Sed
963 3291 1105 3350 forte
1133 3293 1316 3350 dicant
1340 3296 1505 3366 aliqui
1535 3314 1548 3350 :
1579 3297 1716 3365 Quid
1746 3297 1888 3368 quod
1919 3314 2044 3354 cum
2077 3299 2224 3354 utili-

619 3383 724 3440 btts
771 3385 932 3440 etiam
982 3387 1200 3442 let'talia
1245 3398 1298 3442 et
1343 3391 1640 3458 perniciosa
1673 3392 2042 3460 generantur?
2089 3392 2223 3446 Cum

621 3476 804 3531 tritico
833 3473 860 3514 ιι
901 3477 1120 3532 couium
1149 3478 1294 3548 quod
1341 3481 1481 3535 inter
1523 3480 1780 3536 alimenta
1829 3481 1952 3536 vitae
2003 3485 2222 3538 noxium

623 3567 896 3637 reperitur
917 3610 934 3636 ,
967 3579 1018 3628 et
1051 3571 1150 3626 nisi
1185 3573 1472 3640 prmvisum
1515 3575 1704 3638 fuerit,
1737 3576 2022 3630 etinsuevit
2065 3576 2224 3632 saluti

625 3675 844 3717 nocere.
877 3663 1021 3717 inter
1058 3663 1162 3718 alia
1193 3680 1409 3736 quoque
1457 3668 1786 3722 nutrimenta
1821 3669 1942 3723 vita:
1989 3669 2228 3727 hellebo-

625 3769 744 3810 rum
777 3755 1216 3825 deprehenditur.
1246 3757 1478 3814 Aconita‘
1502 3775 1714 3832 unoque
1745 3760 1938 3817 fallunt.
1967 3762 2225 3834 frequen-

625 3857 735 3916 ter,
767 3861 820 3906 et
847 3851 1126 3922 decipiunt
1150 3854 1512 3924 Colliget-tetu.
1541 3853 1647 3910 Sed
1697 3856 1796 3910 hoc
1821 3855 1894 3912 ita
1923 3866 2008 3914 est
2031 3901 2047 3928 ,
2075 3873 2140 3914 ac
2179 3860 2222 3914 si

621 3942 986 4015 reprehendas
1017 3954 1213 4002 terram
1241 3987 1255 4006 .
1291 3945 1412 4018 quia
1442 3963 1548 4003 non
1577 3963 1766 4006 omnes
1799 3950 2047 4008 homines
2073 3951 2224 4007 boni.

623 4037 730 4096 Sed
767 4039 911 4110 quod
963 4042 1084 4112 plus
1133 4051 1216 4097 est
1259 4043 1478 4116 accipe,
1527 4045 1649 4115 quia
1693 4059 1800 4100 non
1849 4063 2044 4103 omnes
2097 4045 2224 4101 boni

622 4135 814 4206 Angeli
859 4137 910 4190 in
952 4137 1113 4192 ρωιο.
1158 4137 1246 4192 Sol
1281 4139 1394 4206 ipse
1443 4153 1554 4207 prae
1601 4138 1769 4196 nimio
1811 4142 1996 4197 calore
2045 4141 2226 4210 Spicas

629 4235 840 4288 torret,
893 4227 1070 4282 adurit
1125 4239 1306 4283 autem
1359 4230 1693 4300 gignentium
1749 4233 1922 4302 prima
1975 4232 2222 4288 exprdia.

621 4317 774 4374 Luna
819 4334 1034 4388 quoque
1077 4321 1345 4376 viantibus
1387 4325 1489 4377 iter
1533 4323 1906 4388 demonstrat,
1953 4326 2226 4382 latronum

626 4411 804 4483 prodit
835 4413 1078 4468 insidias.
1111 4415 1248 4470 Num
1277 4416 1440 4487 igitur
1463 4416 1684 4487 dignum
1709 4430 1790 4472 est
1821 4429 1879 4474 ut
1907 4419 1959 4474 in
1991 4420 2076 4474 his
2105 4437 2226 4492 qua:

625 4505 778 4560 utilia
806 4515 965 4571 sunt,
1027 4507 1408 4576 posthabentes
1447 4510 1746 4564 conditoris
1779 4513 2007 4582 gratiam
2055 4517 2226 4568 conli-

626 4599 758 4663 teri,
815 4607 1034 4668 propter
1088 4599 1262 4670 aliqua
1309 4602 1691 4657 alimentorum
1745 4605 1904 4660 noxia
1959 4580 2308 4662 creatorisD

627 4689 1024 4760 prospicientis:
1070 4689 1430 4762 derogemus,
1473 4697 1626 4764 quasi
1676 4711 1806 4750 vero
1854 4699 2032 4770 omnia
2085 4701 2223 4768 gulie

626 4797 784 4838 caus:t
817 4783 1104 4838 debuerint
1131 4786 1435 4854 procreari,
1459 4775 1562 4841 'aut
1585 4789 1776 4860 exigua
1802 4791 1912 4848 sint
1943 4807 2062 4862 quae
2090 4808 2224 4848 ven-

627 4877 698 4933 tri
729 4889 912 4933 nostro
948 4878 1126 4933 divina
1159 4880 1490 4952 indulgentia
1529 4885 1948 4942 ministraverit?
1972 4887 2221 4946 Definitte

629 4971 786 5025 nobis
813 4985 952 5025 escae
979 4979 1142 5037 sunt,
1174 4981 1228 5027 et
1257 4981 1398 5026 nono
1431 4976 1712 5042 omnibus,
1744 4993 1866 5050 qua:
1893 4990 1949 5036 et
1977 4983 2223 5054 volupta-

629 5071 736 5118 tem
765 5071 1055 5135 genere-nt,
1084 5065 1327 5135 corporis
1354 5067 1748 5135 salubritatem.

699 5155 790 5215 ‘59.
833 5155 1055 5226 Singula
1085 5169 1264 5212 autem
1306 5173 1493 5214 eorum
1527 5177 1645 5230 qum
1679 5174 2009 5232 generantur
2037 5183 2067 5223 e
2117 5179 2224 5225 ter-

625 5251 699 5307 ris
721 5295 736 5322 ,
767 5251 1057 5323 specialem
1089 5251 1375 5323 quamdam
1407 5255 1671 5311 rationem
1701 5259 1935 5330 habent,
1968 5279 2088 5336 qua:
2115 5283 2219 5338 pro

698 5399 728 5430 ι
765 5395 892 5450 Mss.
933 5393 1043 5464 Big.
1067 5435 1080 5458 ,
1114 5393 1268 5447 Coll).
1303 5404 1355 5448 et
1383 5393 1578 5455 Corb.:
1613 5401 1739 5456 olea:
1780 5417 1843 5456 ac
1887 5421 2040 5460 rosaz.
2090 5406 2225 5462 Mss.

631 5463 783 5521 Gem.
816 5476 870 5521 et
899 5463 1084 5521 lietu.:
1118 5466 1244 5521 olere
1267 5483 1325 5520 ac
1352 5485 1490 5523 rosa.

705 5577 732 5616 ι)
763 5579 1005 5645 Quatuor
1037 5597 1167 5636 mss.
1202 5583 1403 5636 lolium.
1431 5583 1534 5637 Alii
1565 5585 1762 5641 melius
1803 5591 2036 5646 contum.
2065 5591 2232 5646 Nam-

636 5664 740 5730 que
764 5651 833 5704 ita
863 5653 1000 5708 Basil
1021 5671 1032 5707 :
1057 5655 1186 5726 μετὰ
1211 5663 1300 5712 τοῦ
1331 5658 1472 5712 σίτου
1501 5658 1558 5713 τὸ
1583 5660 1807 5728 κώνειον,
1833 5675 1950 5715 cum
1969 5669 2231 5734 frumento

633 5732 821 5775 etcum.

721 5823 742 5852 ε
783 5814 1030 5888 Quinque
1069 5834 1200 5876 mss.
1232 5829 1287 5878 et
1315 5822 1472 5880 Rom.
1502 5823 1635 5882 edit.
1658 5823 1894 5883 addunt:
1922 5828 2028 5884 alia
2063 5829 2236 5902 potui;

2329 1235 2476 1290 succi
2525 1235 2742 1290 lethalis
2789 1236 3048 1292 evadunt.
3101 1237 3316 1310 Frigida
3366 1241 3514 1296 enim
3559 1241 3650 1296 vis
3703 1243 3832 1314 ejus
3877 1257 3944 1296 est

2327 1329 2474 1384 succi
2493 1371 2506 1392 ,
2539 1345 2700 1400 quam
2723 1331 3010 1386 subtilibus
3031 1331 3180 1404 poris
3205 1333 3256 1388 in
3293 1333 3474 1390 cordis
3501 1335 3588 1391 sui
3619 1335 3824 1392 sedem
3853 1335 3942 1392 duo
4021 1329 4024 1402 ξ

2327 1421 2602 1488 centibus,
2632 1422 2863 1492 praecoci
2889 1423 3192 1494 digestione
3223 1427 3562 1496 praeveniunt
3581 1470 3596 1492 ,
3630 1430 3940 1500 priusquam
4021 1431 4026 1484 '.

2329 1513 2508 1570 vitalia
2559 1516 2672 1586 ipsa
2723 1525 3007 1584 pertentet.
3045 1517 3392 1574 Helleborum
3437 1531 3630 1576 autem
3668 1523 3840 1592 periti
3875 1525 3940 1578 lo-

2327 1621 2567 1682 quuntur
2609 1626 2790 1666 escam
2831 1625 2952 1668 esse
2992 1623 3046 1668 et
3087 1613 3402 1668 alimoniam
3444 1615 3844 1686 caturnieum,
3883 1631 3936 1673 eo

2329 1705 2472 1778 quod
2523 1705 2750 1760 naturali
2797 1705 3030 1778 quodam
3077 1717 3508 1776 temperamento
3557 1709 3644 1764 sui
3699 1713 3936 1780 corporis

2331 1799 2436 1852 vim
2485 1797 2664 1868 pabuli
2699 1799 2944 1854 nocentis
2974 1798 3197 1856 evitent.
3233 1799 3448 1854 Etenim
3491 1799 3542 1855 si
3585 1803 3810 1858 ratione
3839 1817 3934 1858 tne-

2325 1889 2518 1946 dicinre
2567 1890 2882 1960 plerumque
2927 1889 2994 1945 ad
3033 1891 3408 1948 salubritatem
3457 1890 3692 1948 humani
3723 1907 3930 1965 quoque
4019 1945 4022 1954 ,

2325 1983 2570 2052 corporis
2613 1993 2946 2054 temperatur
2965 2025 2977 2044 ,
3007 1983 3094 2039 cui
3127 1984 3338 2038 videtur
3368 1999 3494 2040 esse
3539 1987 3884 2042 contrarium
3913 2003 3922 2039 :

2327 2085 2528 2146 quanto
2579 2079 2750 2148 magis
2779 2077 3110 2148 proprietate
3137 2088 3346 2132 natura:
3375 2077 3440 2134 ad
3471 2067 3660 2134 cibum
3691 2079 3896 2150 prolicit
3915 2119 3928 2140 ,

2325 2169 2468 2240 quod
2515 2170 2720 2226 medica
2777 2185 2938 2226 manu
2987 2171 3330 2226 convertitur
3377 2171 3444 2226 ad
3493 2172 3786 2230 salutem!
3845 2173 3928 2228 Per

2327 2261 2739 2332 mandragoram
2761 2279 2976 2335 quoque
3003 2279 3226 2320 somnus
3253 2263 3578 2334 frequenter
3601 2269 3924 2330 accersitur,

2327 2357 2416 2412 ubi
2463 2357 2770 2428 vigiliarum
2825 2357 2954 2428 :rgri
2999 2357 3330 2413 alﬂictautur
3379 2361 3762 2416 incommodo.
3811 2359 3924 2416 Nam

2326 2448 2454 2519 quid
2482 2445 2510 2484 ἀ
2537 2447 2606 2504 de
2635 2449 2762 2520 opio
2789 2450 2979 2518 loquar
3003 2491 3018 2516 ,
3049 2451 3194 2522 quod
3227 2451 3390 2505 etiam
3421 2451 3584 2506 nobis
3623 2455 3924 2523 quotidiana

2329 2559 2496 2612 prope
2542 2559 2638 2596 ttsu
2683 2543 2950 2610 innotuit,
2983 2543 3238 2614 quoniam
3271 2543 3491 2600 dolores
3519 2559 3591 2600 eo
3621 2547 3917 2616 gravissimi

2325 2635 2662 2692 interttorum
2687 2651 2835 2708 βίηρθ
2861 2637 3132 2693 viseerum
3161 2637 3474 2706 sopiuntur?
3501 2636 3616 2693 Nec
3637 2639 3780 2694 illud
3806 2654 3920 2708 prs-

2329 2729 2471 2793 terit,
2501 2728 2645 2800 quod
2675 2729 2838 2784 conio
2889 2729 3208 2800 plerumque
3231 2728 3444 2786 furores
3473 2729 3772 2786 libidinum
3803 2745 3920 2786 tuar-

2328 2833 2592 2886 cuerunt,
2621 2833 2674 2878 et
2703 2823 3046 2880 lielleborum
3079 2831 3304 2880 vetustae
3331 2823 3624 2896 passiones
3659 2825 3793 2897 argri
3817 2839 3918 2882 cor-

2331 2919 2477 2990 pOris
2501 2928 2622 2974 sunt
2654 2917 2862 2973 Solum).

2401 3010 2491 3065 40.
2532 3009 2650 3066 Non
2701 3012 2876 3066 solum
2925 3011 3087 3082 igitur
3133 3011 3282 3068 nulla
3333 3011 3387 3067 in
3438 3011 3524 3068 his
3577 3011 3914 3084 reprehensio

2333 3111 2625 3172 creatoris,
2670 3107 2763 3162 sed
2808 3109 2971 3162 etiam
3029 3107 3422 3164 incrementum
3481 3117 3566 3162 est
3621 3109 3912 3178 gratiarum.

2330 3201 2606 3272 Siquidem
2649 3201 2794 3272 quod
2829 3201 2896 3256 ad
2939 3199 3234 3272 periculum
3281 3200 3510 3270 putabas
3541 3215 3668 3256 esse
3711 3213 3914 3273 genera-

2331 3305 2442 3349 tum
2469 3337 2484 3360 ,
2525 3293 2593 3348 ad
2645 3295 2878 3349 remedia
2925 3293 3018 3348 tibi
3069 3293 3262 3348 salutis
3301 3303 3580 3363 operatur.
3637 3291 3772 3348 Nam
3803 3303 3852 3349 et
3873 3289 3912 3346 id

2329 3385 2470 3455 quod
2513 3383 2736 3456 perieuli
2767 3395 2851 3440 est
2875 3427 2891 3450 ,
2925 3400 3022 3456 per
3057 3383 3452 3452 providentiam
3497 3383 3841 3440 derliuatur:
3873 3391 3912 3438 et

2331 3476 2384 3532 id
2415 3478 2554 3548 quod
2587 3477 2808 3542 salutis,
2849 3491 2945 3546 per
2995 3477 3317 3532 industriam
3363 3492 3471 3532 non
3520 3478 3808 3532 amittitur.
3847 3479 3912 3530 An

2330 3585 2437 3626 non
2487 3585 2616 3627 oves
2657 3581 2712 3626 et
2757 3585 2934 3638 capue
2973 3586 3036 3626 ea
3065 3585 3186 3641 qua:
3231 3570 3332 3624 sibi
3381 3571 3540 3624 noxia
3574 3581 3706 3626 sunt
3763 3567 3912 3626 decli-

2329 3680 2462 3726 nare
2487 3663 2815 3728 didiceruut,
2839 3675 2894 3719 et
2921 3665 3040 3720 solo
3081 3663 3251 3718 odore
3293 3678 3390 3734 per
3417 3661 3694 3734 quoddam
3729 3673 3912 3718 natura:

2334 3769 2358 3796 ο
2391 3759 2708 3831 mysterium
2731 3801 2745 3824 ,
2781 3773 2904 3814 cum
2927 3757 3040 3812 sint
3077 3757 3302 3814 rationis
3341 3769 3600 3826 expertes
3622 3801 3636 3824 ,
3673 3761 3910 3814 rationem

2333 3859 2510 3906 tamen
2552 3849 2812 3907 evadendi
2857 3849 3114 3922 periculi,
3157 3850 3242 3905 vel
3285 3847 3497 3904 tueudm
3537 3851 3734 3905 salutis
3771 3863 3910 3922 agno-

2337 3955 2497 4000 scunt
2525 3987 2538 4010 ,
2597 3946 2867 4014 noxiaqne
2913 3945 3116 4014 pariter
3142 3960 3203 3998 ac
3227 3939 3508 4015 profutura
3551 3943 3906 4016 distinguunt;

2331 4035 2405 4092 ita
2438 4046 2496 4092 ut
2541 4036 2857 4108 plerumque
2903 4051 3028 4092 cum
3079 4044 3286 4092 armata
3321 4037 3544 4092 venenis
3591 4037 3698 4093 tela
3748 4049 3909 4094 sense.

2333 4133 2470 4196 rint,
2505 4140 2656 4185 notas
2703 4145 2886 4202 petere
2929 4131 3124 4185 herbas
3153 4139 3315 4202 atque
3359 4129 3446 4184 his
3487 4130 3790 4186 remedium
3817 4129 3908 4185 vul-

2335 4223 2452 4278 neri
2503 4223 2748 4279 dicantur
2790 4223 3091 4282 adhibere?
3137 4223 3299 4281 Cibus
3331 4223 3436 4280 illis
3483 4241 3618 4297 ergo
3667 4227 3906 4282 medicina

2333 4329 2452 4384 cst,
2485 4329 2541 4373 ιιι
2571 4319 2778 4375 resilire
2819 4319 3042 4388 sagittas
3076 4319 3256 4374 videas
3291 4334 3321 4374 e
3349 4319 3614 4386 vulnere,
3665 4331 3722 4376 et
3751 4319 3908 4392 fugere

2335 4427 2540 4468 venena
2563 4455 2576 4476 ,
2611 4427 2716 4467 non
2747 4425 2991 4482 serpere.
3023 4411 3260 4482 Denique
3281 4413 3458 4465 cervis
3483 4409 3642 4466 cibus
3665 4425 3906 4469 venenum

2335 4517 2438 4560 est.
2467 4503 2707 4560 Coluber
2731 4521 2950 4560 cervum
2987 4505 3116 4576 fugit
3141 4547 3154 4570 ,
3186 4505 3394 4559 leonem
3437 4503 3737 4563 interﬁcit:
3763 4507 3907 4562 draco

2335 4597 2678 4668 elephantem
2714 4600 2876 4666 ligat,
2910 4599 3064 4668 cujus
3105 4599 3258 4654 ruina
3299 4613 3445 4653 mors
3487 4601 3712 4655 victoris
3738 4609 3834 4656 est.
3857 4597 3908 4653 Et

2337 4692 2460 4746 ideo
2485 4707 2698 4746 summa
2727 4693 2777 4746 vi
2806 4693 3075 4763 utrimque
3109 4705 3383 4759 certatur;
3419 4693 3510 4748 ille
3551 4701 3613 4748 ut
3635 4695 3824 4765 pedem
3847 4691 3908 4746 al-

2335 4783 2504 4856 liget,
2543 4785 2595 4839 in
2638 4801 2744 4854 quo
2785 4800 2942 4840 casus
2985 4785 3149 4840 vincti
3194 4783 3297 4840 sibi
3343 4801 3540 4842 nocere
3571 4803 3682 4842 non
3727 4787 3903 4860 possit;

2335 4879 2438 4935 iste
2471 4896 2537 4934 ne
2565 4883 2870 4952 posteriore
2893 4888 3170 4938 extremus
3199 4881 3336 4952 pede
3355 4925 3369 4945 .
3405 4893 3498 4938 aut
3523 4883 3664 4940 calle
3691 4885 3907 4956 Capiatur

2336 4983 2596 5047 angusto,
2625 4977 2714 5032 ubi
2761 4976 2843 5031 vel
2889 4977 3004 5046 ipse
3038 4993 3096 5031 se
3143 4993 3248 5031 non
3289 4989 3452 5048 queat
3491 4988 3838 5050 retorquere,
3863 4983 3904 5032 et

2335 5072 2624 5127 draconem
2671 5072 2820 5144 gravi
2875 5079 3154 5142 proterere
3207 5073 3472 5143 vestigio,
3523 5075 3606 5130 vel
3655 5069 3904 5145 sequentis

2335 5165 2604 5237 elephanti
2631 5163 2888 5220 auxilium
2919 5181 3025 5220 non
3061 5165 3281 5221 habere.

2401 5263 2493 5316 41.
2537 5257 2678 5330 Ergo
2713 5259 2760 5314 si
2803 5259 3190 5314 irrationabilia
3223 5257 3474 5314 animalia
3507 5269 3709 5316 norunt
3739 5261 3902 5332 quibus

2333 5402 2474 5473 quod
2505 5401 2717 5476 inmel.
2751 5410 2890 5456 notae
2921 5417 3052 5458 mss.
3077 5401 3435 5459 desideratur.
3469 5403 3640 5475 Βεεά
3665 5404 3783 5461 Alia
3805 5420 3903 5476 ergo

2335 5475 2454 5528 usui
2479 5514 2492 5536 ,
2525 5474 2630 5527 alia
2653 5484 2934 5528 nascuntur
2963 5477 3090 5528 esui.

2409 5545 2434 5582 ά
2477 5545 2619 5599 Edit.
2647 5543 2755 5599 Gil.
2785 5559 2848 5600 ac
2877 5561 2981 5600 non
3015 5548 3163 5614 pauci
3191 5537 3347 5614 mssf,
3383 5547 3447 5602 de
3472 5545 3612 5613 apio.
3655 5546 3814 5606 Basi‘l.
3839 5559 3902 5605 ta—

2335 5631 2458 5672 men
2479 5629 2546 5690 iet
2569 5631 2691 5671 cum
2723 5631 2790 5671 eo
2819 5619 3012 5688 reliqui
3041 5633 3171 5674 mss.
3199 5626 3254 5674 et
3281 5621 3410 5674 edit.
3431 5661 3446 5682 ,
3477 5621 3540 5674 de
3569 5619 3710 5690 apio.

2415 5699 2437 5725 ε
2479 5689 2565 5762 Ιιὲ
2605 5704 2735 5743 mss.
2764 5687 3102 5762 patiquioris
3145 5705 3365 5762 manus,
3409 5701 3570 5762 atque
3600 5687 3757 5750 edit.
3794 5691 3895 5747 Am.

2337 5753 2490 5832 Pan,
2525 5757 2652 5832 Era.
2686 5753 2892 5816 etGilt.
2915 5753 2994 5815 'tn
3029 5763 3294 5832 margine.
3319 5753 3518 5820 Castori
3543 5769 3682 5819 τινες.
3715 5771 3767 5818 et
3785 5765 3894 5822 edit.

2337 5830 2462 5888 Gill.
2495 5843 2560 5886 ac
2587 5831 2769 5898 Rom,
2800 5832 3152 5890 ministerium.
