4102 6360
642 292 749 350 175
1995 288 2239 354 SANCTI

2345 293 2605 354 llBROSll
3920 304 4002 359 1ῖὸ

640 409 812 465 multa
840 415 968 465 sunt
996 407 1137 464 enim
1168 422 1288 481 quze
1310 408 1485 465 adhuc
1512 416 1704 481 sponte
1728 419 2085 482 generantur.
2134 411 2241 469 Sed
2271 413 2326 476 Α
2350 415 2437 479 tis,
2466 414 2771 486 animaeque
2813 420 2995 472 sentes
3041 415 3166 488 jure
3201 414 3728 475 condemnationis
3788 422 3997 491 ascripti

644 502 808 557 etiam
838 502 893 555 in
940 500 1022 556 bis
1070 500 1199 569 ipsis
1235 516 1353 572 qu.e
1382 517 1539 556 manu
1580 512 1915 572 qureruntur,
1951 519 2145 572 magna
2170 520 2237 560 ex
2342 517 2485 562 sunt.
2516 507 2761 564 lrrutiles
2784 508 2948 580 igitur
2969 510 3118 575 licet,
3146 526 3179 565 ο
3207 510 3404 580 homo,
3437 523 3543 568 aut
3573 514 3901 585 splendore
3924 531 3995 568 nco

644 605 799 667 parte
824 602 1042 651 manent
1067 594 1221 649 nobis
1243 593 1420 650 divina
1446 595 1726 657 beneﬁcia.
1754 604 1810 652 ut
1832 596 2099 650 frumenta
2124 596 2235 666 ipsa
2344 599 2591 668 bilitatis,
2631 614 2720 656 aut
2753 603 2968 672 fastigio
2998 608 3311 673 potestatis,
3348 614 3453 661 aut
3482 606 3726 678 fulgore
3768 607 3991 669 virtutis.

644 689 1049 759 quiescentibus
1074 687 1394 744 inferantur.
1426 690 1579 757 Quod
1610 690 1900 761 proposita:
1942 689 2101 745 docet
2131 689 2240 745 lcc-
2345 709 2562 767 semper
2586 696 2681 751 tibi
2711 697 2864 766 spina
2898 698 3141 769 proxima
3189 711 3298 766 est,
3331 699 3362 739 δ
3396 716 3643 773 semper
3674 712 3775 759 eq
3816 706 3989 765 κως,

645 782 811 838 tionis
836 783 1165 852 exemplum,
1217 783 1433 839 dicente
1462 784 1693 839 Domino
1724 800 1736 838 :
1777 783 1909 852 Quia
1938 784 2013 838 sic
2038 793 2113 839 est
2160 800 2241 838 re-
2345 806 2563 861 semper
2589 790 2847 847 inferiora
2890 803 2977 847 tua
3010 794 3250 865 respice,
3286 806 3307 833 ε
3343 810 3524 865 super
3559 797 3777 866 spinas
3806 798 3989 869 germi-

646 892 805 948 gnum
822 875 919 931 Dei
934 879 1423 947 quemadmodumsi
1441 880 1591 933 Iconio
1606 879 1771 944 jaciat
1793 895 2123 951 srmensuper
2142 888 2243 933 ter-
2347 903 2465 954 nas,
2492 905 2591 945 nec
2618 889 2827 960 prolixa
2857 890 3025 961 gratia
3061 902 3243 947 manet
3279 908 3292 945 :
3323 891 3490 949 brevi
3547 890 3984 966 unusquisque‘

643 986 778 1036 ram,
806 980 855 1025 et
881 970 1189 1037 obdormiat,
1220 971 1414 1042 inquit,
1470 981 1516 1026 et
1542 980 1785 1043 exsurgat
1816 982 1961 1025 nocte
1980 982 2025 1025 et
2052 972 2157 1036 die,
2195 980 2243 1027 et

645 1080 816 1120 semen
832 1066 1103 1137 germinet,
1127 1066 1460 1131 etincrescat,
1478 1067 1598 1119 dum
1625 1066 1782 1120 nescit
1812 1063 2132 1135 illetMarc.,
2161 1079 2240 1135 tv,

638 1156 757 1228 26).
806 1155 963 1214 Ultro
1007 1159 1154 1213 enim
1210 1166 1355 1212 terra
1398 1155 1727 1224 fructiﬁcat,
1775 1158 1951 1228 primo
1993 1156 2240 1223 herbam,

639 1252 843 1310 deinde
885 1257 1117 1323 spicam,
1146 1253 1344 1309 deinde
1379 1253 1596 1323 plenum
1623 1252 1858 1309 triticum
1891 1251 1945 1308 in
1974 1253 2142 1325 spica.
2176 1252 2246 1309 Et

637 1364 762 1406 cum
793 1351 1116 1419 produxerit
1165 1348 1423 1416 fruetum,
1456 1351 1639 1406 statim
1672 1350 1834 1405 mittit
1864 1348 2080 1415 falcem,
2110 1364 2244 1420 quo-

639 1444 786 1499 niam
814 1445 970 1500 adest
1005 1444 1218 1499 messis.
1256 1444 1554 1500 Durmienti
1586 1445 1744 1516 igitur
1771 1442 1889 1507 tibi,
1919 1460 1951 1497 ο
1974 1443 2161 1510 homo,
2190 1451 2247 1500 et

640 1538 910 1595 nescienti
958 1539 1161 1593 fructus
1190 1553 1319 1594 suos
1351 1538 1491 1594 ultro
1536 1547 1676 1594 terra
1707 1539 1975 1610 producit.
2031 1539 2245 1595 Dormis

636 1640 695 1686 et
730 1633 940 1704 surgis,
986 1642 1042 1689 et
1083 1633 1339 1690 frumenti
1370 1648 1467 1706 per
1508 1644 1720 1706 noctem
1762 1634 2100 1692 incrementa
2142 1634 2245 1691 mi-

644 1739 703 1782 ra
713 1741 789 1783 I‘IS
798 1766 810 1781 .

1198 1862 1302 1938 ει
1342 1864 1572 1922 CAPUT
1615 1864 1707 1921 xu.

648 1975 731 2037 De
780 1988 900 2035 ortu
949 1980 1231 2035 arborum:
1275 1990 1426 2052 atque
1476 1982 1601 2035 inibi
1649 1980 1713 2034 de
1760 1996 1879 2036 rosa
1928 1994 2043 2050 qua:
2078 1978 2243 2049 primo

714 2076 829 2131 sine
871 2076 1033 2149 spinis
1073 2087 1217 2143 nata,
1264 2076 1372 2132 illis
1399 2078 1725 2146 postmodum
1746 2077 2031 2145 inhorruit,
2059 2086 2105 2131 et
2132 2078 2247 2131 vita

712 2182 903 2229 nostra:
931 2173 1200 2244 speculum
1224 2173 1365 2245 facta
1394 2183 1488 2229 est.

716 2291 808 2346 47.
850 2289 1095 2345 Diximus
1117 2288 1184 2346 de
1204 2288 1372 2344 herba
1399 2288 1528 2356 feni,
1572 2302 1717 2342 nunc
1740 2285 1985 2343 dicamus
2004 2284 2073 2341 de
2099 2283 2245 2353 ligno

637 2384 919 2443 fructuoso
969 2383 1202 2439 faciente
1249 2381 1481 2437 fructum
1508 2378 1814 2436 secundum
1864 2394 2056 2450 genus,
2089 2378 2245 2447 cujus

637 2492 826 2534 semen
852 2475 973 2545 ejus
1002 2476 1053 2528 in
1082 2475 1200 2545 ipso
1226 2476 1319 2529 sit.
1367 2473 1505 2528 Dixit
1532 2483 1587 2528 et
1619 2472 1755 2527 facta
1788 2482 1934 2537 sunt,
1963 2482 2018 2527 et
2040 2471 2241 2533 subito,

630 2583 694 2630 ut
722 2589 885 2643 supra
917 2574 1164 2640 ﬂoribus,
1199 2572 1599 2643 herbarumque
1629 2572 2004 2638 viriditatibus,
2053 2572 2125 2627 ita
2158 2570 2245 2628 hic

637 2666 954 2722 nemoribus
989 2675 1133 2722 terra
1167 2667 1359 2722 vestita
1406 2675 1508 2722 est.
1562 2666 1970 2723 Concurrerunt
1998 2666 2243 2732 arbores,

633 2775 1031 2817 Consurrexcre
1063 2761 1241 2826 silvae,
1288 2761 1524 2817 vertices
1559 2768 1781 2831 repente
1808 2760 2069 2815 montium
2096 2758 2245 2813 frun-

636 2855 893 2912 duerunt.
930 2856 1066 2911 llinc
1108 2856 1288 2927 pinus,
1321 2855 1445 2911 hinc
1470 2870 1762 2925 cupressus
1792 2854 1844 2909 in
1872 2852 1977 2907 alta
2002 2868 2063 2908 se
2089 2862 2244 2907 extu-

634 2949 817 3006 lerunt
842 2952 1147 3013 Cacumina,
1180 2948 1330 3005 cedri
1362 2958 1417 3005 et
1456 2949 1626 3020 piceae
1654 2956 2045 3003 convenerunt.
2080 2944 2244 3001 Abies

633 3058 851 3115 quoque
876 3059 984 3100 non
1030 3052 1283 3099 contenta
1316 3046 1551 3098 terrenis
1598 3040 1868 3096 radicibus
1901 3048 2064 3109 atque
2092 3037 2243 3093 aerio

631 3137 861 3202 vertice,
909 3138 1072 3193 etiam
1104 3150 1263 3192 casus
1291 3135 1532 3191 marinos
1560 3144 1673 3189 tuto
1705 3133 1944 3189 subitura
1992 3129 2238 3201 remigio,

2346 981 2580 1041 decurso
2602 985 2777 1041 :ctatis
2800 984 2938 1043 ﬂore
2969 987 3273 1042 marcessit.

2971 1122 3198 1179 CAPUT
3226 1122 3345 1180 XII.

2348 1232 2621 1291 Laudatur
2641 1236 2779 1301 vitis,
2808 1246 2856 1292 et
2900 1254 3013 1293 cum
3044 1236 3279 1295 Ecclesia
3318 1251 3682 1313 comparatur
3720 1260 3745 1299 :
3778 1260 3875 1300 nec
3898 1262 3974 1299 ses
4034 1272 4035 1313 ι

2420 1333 2711 1404 exemplum
2736 1290 2850 1405 ejus
2892 1334 3039 1389 nobis
3079 1335 3149 1389 ad
3188 1290 3536 1393 imitationem
3568 1290 3923 1411 proponitiu.
4032 1290 4035 1437 i

2421 1444 2512 1500 49.
2555 1444 2699 1503 Sane
2749 1456 2806 1503 ut
2835 1450 3038 1506 caduca
3072 1450 3167 1507 tibi
3215 1453 3436 1509 noveris
3484 1458 3830 1512 communia
3870 1473 3965 1513 sse

2350 1554 2471 1595 cum
2506 1540 2748 1610 ﬂoribus,
2782 1543 2851 1598 ita
2886 1545 3045 1600 etiam
3081 1546 3199 1600 beta
3228 1561 3355 1603 cum
3386 1548 3625 1616 vitibus,
3654 1553 3868 1623 quibus
3893 1569 3966 1622 ge-

2351 1644 2573 1689 neratur
2602 1635 2805 1703 viuum,
2835 1652 2944 1708 quo
2986 1654 3082 1693 cor
3130 1637 3371 1695 hominis
3399 1641 3757 1698 lzetificatur.
3810 1645 3961 1713 Atque
4032 1640 4035 1659 ‘

2350 1728 2579 1794 utinam,
2609 1744 2643 1784 o
2671 1729 2856 1797 homo,
2905 1730 3063 1802 hujus
3099 1734 3320 1802 generis
3348 1734 3593 1791 imiteris
3622 1738 3955 1807 exemplum,

2270 1825 2320 1889 Β
2349 1832 2404 1876 ιιι
2444 1820 2559 1891 ipse
2583 1821 2676 1878 tibi
2700 1822 2945 1878 laetitiam
2971 1823 3477 1898 jucunditatemque
3506 1826 3876 1887 frnctiﬂces!
3918 1829 3957 1883 la

2351 1924 2405 1970 te
2436 1914 2554 1985 ipso
2579 1925 2602 1952 ε
2629 1915 2870 1970 suavitas
2898 1930 3002 1971 tua:
3030 1917 3217 1987 gratim
3239 1929 3344 1984 est,
3372 1935 3439 1975 ex
3470 1929 3525 1976 te
3546 1922 3823 1990 pullulat,
3848 1923 3897 1977 in
3921 1931 3957 1976 te

2349 2017 2553 2067 manet.
2587 2007 2733 2063 intus
2914 2010 3006 2066 tibi
3054 2009 3216 2075 inest,
3252 2012 3304 2067 id
3336 2023 3439 2080 est,
3476 2015 3531 2069 in
3563 2024 3622 2071 te
3682 2017 3812 2087 ipso
3837 2032 3957 2088 qutt-

2348 2100 2515 2156 renda
2538 2100 2852 2169 incunditas
2884 2114 2989 2157 tua:
3014 2114 3098 2159 est
3122 2105 3492 2161 conscientiae.
3528 2108 3672 2163 Ideo
3704 2112 3786 2165 ait
3816 2130 3830 2165 :
3858 2110 3956 2164 Bibe

2348 2208 2535 2263 aquam
2563 2192 2628 2247 de
2655 2195 2755 2249 tuis
2785 2195 2952 2260 vasis,
3005 2206 3053 2251 et
3099 2197 3163 2252 de
3196 2207 3469 2270 puteorum
3498 2211 3724 2257 tuorum
3750 2206 3953 2275 fontibus

2349 2285 2561 2359 (Prom,
2584 2303 2637 2354 v,
2666 2288 2779 2354 15).
2814 2287 3056 2344 Primum
3090 2290 3332 2346 omnium
3360 2293 3492 2349 nihil
3522 2296 3750 2363 gratius
3779 2297 3951 2352 ﬂoren-

2349 2382 2417 2436 tis
2430 2382 2595 2437 odore
2615 2382 2761 2437 vitis.
2779 2382 3058 2455 Siquidem
3072 2383 3139 2440 de
3154 2384 3287 2441 ﬂore
3306 2402 3494 2442 earum
3509 2402 3723 2444 succus
3746 2406 3948 2460 expres-
4034 2402 4035 2407 ‘

2345 2490 2439 2532 sus
2472 2476 2648 2547 poculi
2678 2491 2850 2548 genus
2897 2476 3141 2544 conficit,
3174 2478 3315 2549 quod
3347 2490 3400 2534 et
3424 2479 3703 2550 voluptati
3732 2492 3789 2538 et
3814 2481 3946 2537 saluti

2346 2568 2436 2624 sit.
2485 2569 2688 2625 Deinde
2713 2570 2835 2641 quis
2864 2586 2969 2625 non
3001 2571 3227 2626 miretur
3252 2586 3316 2626 ex
3349 2571 3493 2628 acini
3534 2574 3764 2630 vinacio
3809 2576 3942 2630 vitem

2348 2676 2519 2731 usque
2560 2663 2611 2716 in
2666 2662 2873 2719 arboris
2936 2678 3204 2719 summum
3245 2678 3505 2722 cacumen
3563 2683 3939 2738 prorumpere,

2347 2770 2506 2826 quam
2536 2756 2684 2810 velut
2706 2755 2936 2824 quodam
2960 2760 3207 2828 amplexu
3236 2758 3403 2826 fovet,
3418 2768 3472 2814 et
3489 2760 3825 2832 quibusdam
3848 2762 3939 2815 bra

2346 2848 2483 2904 chiis
2533 2850 2680 2921 ligat,
2724 2859 2779 2906 et
2814 2851 3115 2907 crcmndat
3165 2852 3402 2919 lacertis,
3449 2854 3736 2924 pampinis
3782 2855 3931 2915 vestit.

2346 2942 2508 2997 sertis
2554 2958 2777 2998 uvarum
2824 2946 3095 3000 coronat?
3142 2947 3273 3013 Quze
3317 2946 3384 3003 ad
3426 2947 3799 3007 imitationem
3835 2952 3932 3004 vita

2345 3044 2544 3091 nostra:
2585 3038 2814 3105 primum
2858 3040 3031 3094 vivam
3075 3038 3261 3112 deligit
3289 3040 3528 3098 radicem
3556 3085 3571 3107 ,
3606 3042 3810 3099 deinde
3835 3042 3929 3115 quia

2345 3142 2533 3185 natura
2563 3130 2816 3187 ﬂexibilis
2860 3144 2915 3188 et
2946 3133 3148 3189 caduca
3179 3144 3285 3201 est,
3314 3133 3335 3172 ί
3370 3137 3524 3205 quasi
3558 3138 3805 3193 brachiis
3840 3134 3931 3208 qui-

630 3244 733 3286 nec
759 3231 938 3286 solum
983 3230 1181 3297 ventis,
1213 3228 1307 3284 Sed
1335 3230 1503 3284 etiam
1535 3227 1789 3283 ﬂuctibus
1816 3235 2086 3282 certatura
2117 3238 2240 3294 pro-
2270 3226 2316 3289 C
2348 3221 2575 3278 busdam
2600 3266 2613 3285 .
2649 3224 2720 3279 ita
2751 3234 2806 3281 et
2852 3226 3136 3282 claviculis
3174 3226 3438 3299 quidquid
3494 3230 3927 3302 apprehenderit,

632 3324 820 3380 cessit.
872 3322 985 3379 Nec
1036 3338 1143 3378 non
1188 3331 1245 3378 et
1292 3321 1480 3377 laurus
1506 3334 1799 3391 assurgens
1828 3317 2052 3373 odorem
2084 3331 2242 3373 suum

636 3413 790 3471 dedit
838 3431 1131 3483 numquam
1180 3429 1281 3469 suo
1334 3412 1585 3471 exuenda
1622 3411 1912 3467 velamine.
1963 3409 2244 3466 Umbrosze

636 3523 856 3581 quoque
925 3508 1074 3565 ilices
1124 3509 1383 3564 verticem
1443 3508 1825 3577 protulerunt,
1876 3503 2245 3560 inhorrentcm

642 3616 854 3658 comam
892 3600 1135 3656 hibernis
1158 3616 1373 3671 quoque
1428 3599 1763 3668 temporibus
1787 3607 2105 3654 servaturae.
2132 3596 2243 3653 Hoc

644 3696 790 3753 enim
820 3695 873 3750 in
905 3695 1135 3767 singulis
1176 3694 1517 3765 privilegium
1558 3703 1747 3747 natura
1788 3691 1977 3747 denuit
2023 3692 2076 3745 in
2119 3690 2246 3745 reli-

633 3804 825 3861 quum,
848 3787 993 3859 quod
1016 3788 1117 3844 sub
1142 3790 1247 3841 ictu
1276 3785 1458 3840 mundi
1486 3785 1759 3856 surgentis
1780 3785 2018 3854 accepit:
2041 3792 2096 3839 et
2118 3783 2243 3838 inde

633 3891 816 3938 manet
840 3898 937 3938 sua
965 3881 1184 3937 ilicibus
1215 3879 1575 3953 praerogativa
1602 3921 1616 3945 ,
1654 3888 1839 3935 manet
1868 3878 2239 3951 cupressibus,

633 3984 696 4033 ut
716 3978 850 4033 nulli
881 3976 1029 4035 venti
1058 3991 1153 4034 eas
1183 3975 1349 4032 crinis
1381 3974 1462 4030 sui
1494 3972 1704 4029 honore
1730 3972 2057 4043 despulient.

704 4070 798 4127 48.
822 4070 1146 4128 Surrexerat
1164 4078 1188 4107 α
1211 4078 1338 4124 ante
1360 4066 1581 4123 ﬂoribus
1605 4068 1849 4122 immixta
1875 4065 2103 4122 terrenis
2123 4063 2242 4120 sine

633 4164 805 4235 spinis
831 4180 977 4230 rosa,
1004 4174 1054 4218 et
1084 4162 1481 4234 pulcherrimus
1510 4160 1612 4215 ﬂos
1639 4160 1758 4216 sine
1782 4160 1886 4215 ulla
1916 4158 2102 4215 fraude
2127 4174 2242 4214 vcr-

631 4258 797 4314 nabat
825 4275 837 4311 :
868 4268 1058 4327 postea
1087 4263 1241 4326 spina
1273 4256 1446 4326 sepsit
1475 4256 1705 4327 gratiam
1738 4255 1888 4312 ﬂoris
1916 4295 1931 4319 ,
1965 4264 2239 4326 tamquam

632 4347 886 4404 humanae
934 4348 1211 4419 speculum
1258 4348 1557 4418 praeferens
1592 4346 1744 4415 vitae,
1767 4364 1887 4417 quae
1916 4348 2237 4403 suavitatem

632 4442 1029 4515 pcrfunctionis
1075 4458 1190 4497 suae
1239 4440 1486 4497 finitimis
1532 4456 1783 4497 curarum
1829 4441 2064 4497 stimulis
2092 4458 2239 4513 saepe

632 4548 983 4609 compungat.
1025 4537 1233 4593 Vallata
1264 4547 1347 4593 est
1383 4537 1530 4593 enim
1557 4534 1822 4607 elegantia
1861 4538 1982 4592 vite
2014 4544 2235 4602 nostrae,

2348 3316 2586 3387 stringit,
2619 3316 2813 3388 hisque
2842 3332 2901 3373 se
2926 3320 3084 3390 erigit
3108 3330 3158 3377 el
3189 3320 3408 3377 attollit.

2418 3407 2509 3464 50.
2555 3407 2724 3477 Hujus
2751 3420 2834 3465 est
2874 3410 3068 3465 similis
3116 3411 3267 3483 plebs
3310 3414 3592 3481 Ecclesiae,
3645 3433 3767 3489 qure
3810 3417 3926 3474 velut

2345 3499 2579 3570 quadam
2612 3501 2734 3557 fidei
2776 3501 2961 3558 radice
2992 3504 3289 3575 plantatur,
3317 3515 3370 3561 et
3396 3508 3718 3578 reprimitur
3744 3508 3926 3565 humili-

2346 3594 2475 3650 tatis
2503 3597 2818 3667 propagine,
2862 3597 2930 3653 de
2956 3614 3058 3667 qua
3108 3599 3339 3671 pulchre
3383 3600 3459 3655 ait
3508 3601 3781 3672 Pr0pheta
3810 3622 3821 3656 ε
3855 3601 3925 3654 ι’ἱο

2346 3704 2495 3743 neam
2518 3706 2580 3744 ex
2600 3688 2836 3763 Egypto
2858 3693 3189 3761 transtulisti,
3203 3704 3250 3748 et
3272 3694 3521 3767 plantasti
3539 3697 3742 3753 radices
3758 3701 3876 3771 ejus.
3901 3703 3920 3741 ε

2347 3793 2395 3837 et
2444 3785 2654 3855 replesti
2684 3794 2874 3839 terram
2902 3804 2922 3841 .'
2952 3788 3154 3860 aperuit
3181 3799 3375 3842 montes
3404 3790 3589 3845 umbra
3620 3794 3754 3863 ejus,
3787 3801 3831 3846 et
3854 3806 3919 3843 ar-

2346 3877 2494 3931 busta
2522 3882 2635 3952 ejus
2659 3880 2838 3935 cedros
2880 3878 2977 3934 Dei
3008 3896 3027 3934 :
3059 3883 3334 3937 extendisti
3361 3882 3601 3954 palmites
3628 3886 3743 3955 ejus
3786 3897 3913 3949 usque

2346 3971 2416 4025 ad
2446 3989 2608 4039 mare,
2665 3984 2713 4028 et
2763 3990 2925 4045 usque
2965 3975 3033 4029 ad
3061 3973 3252 4045 ﬂumen
3304 3977 3615 4049 prapagines
3663 3982 3774 4051 ejus
3819 3975 3911 4048 (Ps.

2346 4080 2529 4134 Lxxtx,
2579 4065 2655 4135 9).
2692 4066 2754 4122 Et
2804 4082 2898 4137 per
2928 4067 3141 4123 Esaiam
3185 4069 3301 4139 ipse
3331 4068 3592 4125 Dominus
3634 4070 3833 4125 locutus
3854 4074 3913 4122 est

2344 4159 2531 4216 dicens
2562 4178 2573 4212 :
2609 4159 2773 4215 Vinea
2793 4163 2934 4231 facta
2954 4170 3027 4216 est
3048 4161 3239 4216 dilecto
3269 4162 3324 4215 in
3350 4178 3532 4227 cornu,
3556 4162 3614 4217 in
3639 4162 3747 4217 loco
3768 4160 3912 4216 uberi:

2343 4263 2392 4308 et
2422 4256 2695 4309 maceriam
2723 4255 3061 4319 circumdedi,
3084 4268 3131 4311 et
3162 4257 3471 4329 circumfodi
3501 4257 3703 4313 vineam
3729 4256 3910 4317 Sarus.

2344 4357 2392 4402 et
2417 4348 2669 4419 aedificavi
2702 4349 2883 4403 turrim
2928 4350 2980 4403 in
3011 4349 3179 4404 medio
3200 4353 3313 4424 ejus
3371 4348 3549 4419 (Esa.,
3573 4366 3608 4405 v
3654 4351 3679 4406 l
3714 4361 3758 4406 et
3784 4346 3906 4422 sap).

2342 4440 2709 4497 Circumdedit
2751 4442 2896 4497 enim
2944 4458 3064 4498 eam
3096 4444 3246 4499 velut
3297 4442 3438 4498 vallo
3484 4444 3720 4514 qundam
3749 4446 3909 4501 cccles-

2344 4534 2477 4591 tium
2512 4546 2931 4606 prmceptorum,
2961 4547 3018 4593 et
3047 4537 3361 4609 angelorum
3386 4537 3654 4593 custodia.
3692 4539 3907 4595 lmmittet

633 4643 691 4691 et
710 4632 1033 4703 quibusdam
1061 4628 1518 4687 sollicitudinibus
1539 4629 1787 4700 obsepta,
1816 4639 1874 4685 ut
1900 4629 2115 4685 tristitia
2140 4629 2236 4686 ad-
2260 4622 2314 4684 D
2340 4630 2485 4685 enim
2515 4630 2739 4700 angelus
2765 4630 2979 4686 Domini
3008 4632 3060 4686 in
3083 4630 3311 4687 circuitu
3342 4631 3646 4687 timentium
3674 4648 3808 4687 eum.
3831 4631 3908 4685 Po-

625 4732 817 4804 juncta
848 4731 920 4786 sit
946 4730 1157 4802 gratiae.
1199 4727 1354 4785 Unde
1381 4743 1505 4783 cum
1533 4729 1901 4800 unusquisque
1928 4736 2023 4783 aut
2051 4728 2235 4783 suavi-

633 4834 747 4881 tate
773 4824 1017 4891 rationis,
1041 4832 1136 4879 aut
1155 4823 1516 4894 prosperioris
1536 4837 1730 4879 cursus
1749 4823 2092 4879 successibus
2111 4838 2236 4895 gra-

629 4920 855 4985 tulatur,
906 4916 1219 4975 meminisse
1247 4917 1422 4988 culp:e
1452 4932 1574 4973 eum
1608 4916 1883 4981 convenit.
1932 4932 2030 4987 per
2072 4932 2234 4987 quam

627 5013 786 5073 nobis
815 5012 872 5070 in
903 5010 1137 5085 paradisi
1166 5012 1479 5069 ammnitate
1517 5010 1837 5069 ﬂorentibus
1865 5011 2037 5084 spinae
2076 5026 2235 5068 men-

700 5210 727 5239 ιι
768 5197 914 5254 Edit.
945 5209 1165 5252 omnes:
1192 5193 1407 5265 ﬂoribus
1436 5193 1671 5248 immixta
1693 5193 1900 5248 teneris.

696 5272 725 5311 ι)
772 5272 913 5326 Edit.
941 5283 1151 5327 oincs.
1176 5274 1229 5320 et
1250 5282 1377 5321 mss.
1407 5267 1611 5332 aliquot
1629 5268 1907 5320 mttittuut:
1932 5280 2136 5333 semper
2155 5273 2231 5319 est

623 5346 813 5411 sentis;
842 5358 965 5415 qua:
1002 5340 1164 5395 verba
1190 5353 1220 5393 e
1252 5353 1382 5392 mss.
1423 5337 1610 5393 decem
1642 5335 2039 5408 probatissimis
2068 5337 2228 5392 reati-

631 5418 852 5472 luimus.

698 5498 721 5526 ⁸
762 5488 887 5541 Mss.
912 5486 1068 5543 C(en.
1100 5492 1155 5540 et
1174 5481 1316 5538 Vict.
1342 5495 1501 5535 unus:
1525 5496 1725 5543 semper
1744 5480 1922 5547 spinas
1943 5480 2221 5550 germinas.

693 5552 721 5593 ἀ
762 5557 897 5612 Tres
926 5574 1057 5613 mss.
1083 5554 1185 5609 aevi
1212 5556 1560 5608 remotioris:
1597 5555 1753 5604 decor
1781 5553 2046 5604 suavitatis
2074 5552 2221 5620 ﬂare,

624 5637 731 5683 etc.
766 5629 867 5699 Alii
893 5629 1129 5699 quinque
1157 5644 1170 5679 :
1202 5629 1424 5680 decursu
1468 5623 1635 5677 artatis
1662 5623 1813 5692 ﬂore,
1844 5631 1949 5677 etc.
1983 5622 2217 5694 Reliqui,

623 5706 678 5753 et
696 5698 831 5754 edit.
859 5711 915 5753 ut
944 5698 998 5754 in
1034 5698 1204 5755 textu.

700 5780 724 5840 ἐ
766 5769 909 5826 Edit.
942 5766 1449 5826 omneszsuavitatis
1474 5775 1574 5824 tute
1598 5767 1770 5840 gratia
1796 5775 1895 5822 est.

621 5848 633 5911 ί
704 5839 721 5881 ί
764 5841 927 5900 Rom.
956 5841 1115 5911 odit.;
1148 5839 1413 5895 claviculis
1439 5841 1586 5911 quasi
1600 5836 1853 5898 'manibus
1882 5836 2213 5911 quibusdam.

2343 4723 2455 4779 suit
2486 4723 2538 4778 in
2566 4724 2806 4781 Ecclesia
2839 4724 2989 4781 velut
3018 4726 3207 4781 turrim
3232 4727 3606 4795 apostolorum
3634 4736 3690 4782 et
3712 4724 3907 4797 propheo

2347 4830 2523 4875 tarum
2551 4828 2713 4889 atque
2739 4819 3048 4885 doctorum,
3081 4820 3173 4888 qui
3198 4820 3377 4876 solent
3400 4835 3497 4890 pro
3522 4819 3777 4877 Ecclesize
3804 4830 3905 4889 pace

2346 4912 2708 4983 pra-tendere.
2752 4912 3108 4968 Circumfudit
3157 4928 3299 4979 eam,
3356 4913 3576 4985 quando
3631 4908 3905 4969 exoneravit

2346 5018 2686 5066 terrenarum
2704 5009 2848 5066 mole
2872 5024 3144 5065 curarum.
3176 5008 3321 5065 Nihil
3344 5008 3487 5064 enim
3513 5008 3685 5079 magis
3705 5016 3903 5065 mentem

2339 5189 2441 5248 Ubi
2472 5191 2780 5261 respexisse
2825 5191 3063 5248 editores
3089 5192 3157 5247 ad
3190 5192 3369 5249 locum
3399 5208 3430 5249 e
3463 5192 3557 5248 lib.
3602 5192 3712 5249 Cic.
3740 5193 3798 5249 de
3822 5192 3897 5249 Se-

2336 5273 2479 5318 nect.
2524 5266 2654 5319 Satis
2697 5265 2957 5320 credibile
2987 5275 3091 5320 εει.
3140 5264 3326 5332 Neque
3369 5265 3678 5335 negaverim
3710 5266 3898 5320 Ambro-

2335 5335 2474 5389 sium
2508 5337 2721 5407 etquod
2757 5337 2841 5391 hic
2865 5335 2935 5391 de
2960 5335 3088 5398 vite.
3123 5346 3179 5393 et
3205 5336 3347 5407 quod
3383 5337 3542 5407 paulo
3569 5348 3693 5391 atate
3720 5338 3780 5393 de
3803 5336 3895 5390 fru-

2335 5418 2518 5460 mento
2540 5406 2829 5473 dictitavit,
2862 5424 2925 5464 ex
2965 5410 3158 5464 eodem
3189 5406 3409 5463 oratore
3458 5419 3751 5463 mutuatum
3774 5422 3891 5463 esse.

2335 5477 2535 5533 Verum
2559 5488 2745 5534 contra
2778 5480 2909 5535 edit.
2953 5492 3004 5535 et
3039 5496 3171 5535 mss.
3200 5483 3574 5534 anetoritntcm
3604 5481 3728 5535 nihil
3753 5492 3890 5535 mulo.

2410 5559 2434 5597 8
2475 5550 2551 5605 lla
2578 5563 2659 5604 vet
2710 5552 2842 5605 edit.
2872 5563 2927 5607 et
2970 5567 3161 5607 novem
3202 5567 3332 5607 mss.
3367 5553 3439 5608 At
3466 5552 3657 5617 Cari...
3683 5550 3823 5607 Corb.
3850 5558 3891 5603 et

2333 5620 2439 5694 Th.
2466 5637 2588 5676 cum
2641 5622 2784 5678 LXX
2808 5632 2862 5678 ct
2886 5624 3044 5678 Rom.
3079 5624 3415 5694 pSaIteriunt,
3451 5625 3644 5691 repleta
3668 5634 3737 5678 est
3756 5633 3885 5676 terra.

2331 5690 2438 5749 Alii
2466 5708 2598 5765 mss.
2631 5703 2686 5749 et
2711 5694 2841 5751 edit.
2875 5695 3033 5751 Rom.
3063 5690 3322 5765 {replevit
3346 5690 3557 5749 terram.
3593 5694 3783 5751 Rursus
3806 5708 3883 5749 eo-

2330 5765 2455 5821 dem
2485 5764 2606 5820 toco
2630 5766 2762 5822 edit.
2793 5766 2951 5823 Rom.
2984 5785 2996 5820 :
3026 5764 3253 5839 extendit
3282 5768 3523 5837 palmites
3550 5782 3708 5834 suos;
3732 5766 3879 5839 plures

2328 5850 2499 5905 mss.,
2533 5839 2667 5909 ejus.
2696 5838 2824 5910 Alii,
2849 5849 2905 5897 et
2930 5848 3040 5898 vet.
3068 5838 3227 5910 edit.,
3256 5839 3547 5907 extendisti,
3580 5847 3683 5894 etc.
