4102 6360
105 334 225 392 177

1436 340 1939 403 HEXAEMERON.
1980 345 2108 404 LIB.
2150 346 2240 408 Ill.

3390 355 3494 411 178

104 460 350 525 onerat,
375 469 564 529 quam
596 457 766 516 istius
785 455 965 515 mundi
988 454 1308 515 sollicitudo
1329 466 1386 515 et
1408 457 1674 531 cupiditas
1701 460 1788 517 vel
1814 464 1865 526 Α
1894 477 1960 519 eo
1984 462 2068 519 vel
2094 463 2404 535 spectaculo
2428 468 2667 539 gratius,
2697 467 2784 525 vel
2816 468 2991 526 fructu
3018 479 3105 529 est
3135 470 3346 531 dulcius
3366 516 3381 542 ,
3410 478 3497 532 vi-

106 548 390 618 pecunim
452 550 549 606 vel
610 553 890 622 potenti:e.
945 549 1098 619 Quod
1149 551 1248 605 tibi
1278 550 1690 608 demonstratur
1731 554 1785 610 in

111 638 449 713 Evangelia
484 643 687 714 (Luc.,
719 662 830 709 aut,
862 645 1115 713 ll),cttm
1147 644 1445 717 legis,quia
1474 645 1790 717 illamulier

112 750 253 806 qua:
282 736 550 794 habebat
587 742 847 813 spiritum
900 741 1253 807 inﬁrmitatis,
1303 741 1557 797 inclinata
1586 753 1701 797 erat
1732 751 1791 798 ut

118 843 366 888 sursum
400 834 703 904 reSpicere
732 851 838 890 non
866 844 1065 905 posset.
1098 833 1333 891 Curvata
1360 837 1505 893 enim
1537 846 1652 893 erat
1674 836 1791 892 ani-

120 940 218 979 ma
248 925 407 995 ejus,
440 942 576 999 qua:
611 928 978 984 inclinabatur
1006 929 1071 984 ad
1105 936 1323 985 terrena
1355 930 1702 999 compendia,
1737 940 1793 987 et

122 1020 431 1077 caelestem
468 1025 721 1094 gratiam
753 1040 859 1079 non
888 1024 1125 1106 videbat.
1160 1025 1415 1096 lteSpexit
1446 1039 1563 1079 t-am
1590 1024 1786 1093 .lesus,

126 1123 187 1169 et
236 1116 509 1183 vocavit,
545 1127 608 1172 et
646 1119 823 1173 statim
854 1120 1053 1174 mulier
1079 1133 1243 1174 onera
1276 1132 1488 1175 terrena
1517 1120 1787 1191 depOSnit.

128 1206 235 1264 llis
261 1209 695 1281 cupiditatibus
720 1213 882 1269 etiam
915 1213 1036 1269 illos
1060 1224 1313 1270 oneratos
1343 1214 1510 1269 fuisse
1563 1215 1792 1269 demon-

134 1313 311 1372 8trat,
344 1306 565 1375 quibus
594 1309 710 1363 ait:
742 1307 925 1363 Venite
948 1310 1016 1363 ad
1037 1326 1325 1373 nte,ontnes
1345 1310 1433 1380 qui
1457 1308 1716 1377 laboratis,
1748 1317 1797 1364 et

137 1402 360 1456 onerati
389 1404 553 1471 estis,
590 1416 642 1459 et
673 1420 765 1475 ego
794 1421 884 1460 vos
919 1406 1150 1475 reﬁciam
1178 1403 1358 1477 (Matt.
1391 1420 1450 1460 XI
1469 1448 1482 1465 .
1510 1406 1624 1475 28).
1653 1404 1796 1476 Ergo

138 1495 239 1551 illa
284 1498 488 1551 anima
541 1498 796 1555 mulieris
824 1498 978 1571 quasi
1004 1498 1359 1555 circumlossa
1389 1500 1708 1573 reSpiravit,
1741 1507 1796 1556 et

140 1599 343 1646 erecta
373 1601 490 1647 est.
804 1594 807 1597 ⁷

224 1682 326 1737 51.
374 1682 492 1739 Sed
517 1684 715 1742 eadem
743 1685 870 1741 vitis
893 1686 986 1742 ubi
1008 1686 1362 1743 circumfossa
1390 1686 1573 1751 fuerit,
1600 1686 1796 1759 religa—

148 1782 247 1830 tur
274 1784 335 1831 et
375 1778 643 1850 erigitur,
675 1795 743 1836 ne
773 1779 1089 1836 reflectatur
1116 1781 1169 1836 in
1202 1791 1422 1837 terram.
1457 1781 1796 1837 Reciduutnr

149 1872 266 1926 alia
324 1886 645 1937 sarmenta,
690 1875 793 1930 alia
841 1886 1204 1948 propagantur

152 1964 313 2020 inani
342 1966 628 2023 effusione
658 1970 949 2032 luxuriant.
979 1981 1343 2043 propagentur
1371 1988 1433 2027 ea
1460 1988 1579 2041 qua:
1621 1972 1795 2027 bonus

154 2058 413 2129 agricola
445 2061 780 2130 judicaverit
811 2062 1103 2119 fructuosa.
1134 2064 1271 2131 Quid
1304 2078 1401 2135 ego
1436 2062 1797 2120 adminiculo-

161 2166 295 2207 rum
332 2153 596 2223 ordines,
627 2156 1029 2230 jugatiouisque
1066 2157 1368 2213 describam
1396 2158 1650 2229 gratiam,
1674 2172 1796 2228 qua:

164 2261 303 2301 vere
326 2256 502 2319 atque
534 2250 818 2307 manifeste
845 2252 1207 2324 :equalilatem
1234 2252 1433 2308 docent
1461 2254 1515 2307 in
1544 2250 1796 2307 Ecclesia

166 2352 301 2394 esse
331 2342 693 2407 servandam.
720 2354 775 2399 ut
797 2359 956 2400 nemo
997 2361 1056 2401 se
1084 2346 1235 2399 dives
1258 2354 1351 2400 aut
1377 2345 1674 2399 honoratus
1702 2359 1799 2398 ex-

169 2434 357 2497 tollat.
393 2451 564 2491 nemo
594 2453 799 2509 pauper
838 2438 1079 2509 dcjiciat,
1112 2438 1476 2511 ignobilisque
1502 2436 1801 2509 desperet?

170 2525 457 2585 Omnibus
488 2530 562 2584 sit
594 2532 645 2586 in
684 2531 926 2587 Ecclesia
952 2549 1049 2604 par
1079 2541 1241 2604 atque
1269 2549 1373 2588 una
1407 2532 1651 2598 libertas,
1683 2545 1799 2586 om-

169 2618 345 2675 nibus
387 2621 743 2691 impertiatur
764 2624 971 2695 justitia
1014 2625 1315 2681 communis
1363 2625 1468 2698 53
1511 2637 1563 2680 et
1603 2627 1795 2697 gratia.

161 2711 301 2769 ldeo
334 2718 512 2771 turris
553 2719 606 2775 in
639 2720 818 2777 medio
843 2730 945 2788 est,
973 2738 1093 2793 qute
1119 2724 1427 2789 exemplum
1453 2722 1522 2778 de
1552 2722 1657 2777 illis
1685 2736 1802 2778 rus-

161 2806 384 2873 ticanis,
410 2807 483 2863 de
528 2812 635 2868 illis
660 2812 1005 2869 circumferat
1028 2816 1403 2886 piscatoribus,
1428 2818 1519 2887 qui
1540 2818 1801 2872 virtutum

170 2913 359 2955 arcem
388 2909 601 2960 tenere
647 2916 1002 2963 meruerunt:
1035 2925 1266 2979 quorum
1310 2912 1577 2981 exemplis
1621 2921 1804 2966 noster

177 2995 428 3064 erigatur
476 2996 736 3065 affectus,
766 3008 792 3036 ι
821 3015 993 3071 neque
1020 3001 1169 3057 humi
1216 3001 1341 3059 vilis
1372 3013 1425 3058 et
1456 3003 1806 3072 desiticabilis

176 3087 404 3161 jaceat;
439 3091 545 3146 sed
576 3092 997 3165 uniuscujusque
1025 3110 1179 3151 mens
1201 3095 1265 3150 ad
1286 3098 1567 3167 superiora
1595 3110 1655 3151 se
1681 3096 1808 3151 sub-

184 3183 355 3252 rigat.
404 3194 471 3263 ut
504 3185 704 3241 audeat
731 3185 953 3243 dicere:
1004 3187 1199 3243 Nostra
1230 3196 1410 3244 autem
1440 3189 1724 3244 conversio
1753 3189 1805 3244 in

1890 554 2022 612 dere
2069 566 2213 612 serta
2262 559 2548 628 pendentia
2594 560 2744 616 velut
2788 563 3035 632 quaedam
3080 566 3314 637 speciosi
3353 570 3497 624 ruris

1892 648 2132 713 monilia,
2165 665 2391 720 carpere
2418 668 2553 709 uvas
2583 655 2670 710 vel
2696 671 2864 711 aureo
2894 658 3079 715 colore
3112 660 3192 715 vel
3224 677 3496 731 purpureo

1893 746 2242 801 renitentes?
2284 745 2621 818 Hyacinthos
2660 765 2993 824 caeterasque
3021 770 3261 825 gemmas
3287 756 3497 828 fulgere

1892 836 2208 903 existimes,
2258 852 2550 894 coruscare
2593 839 2621 879 ιι
2670 842 2917 909 indit-os,
2968 846 3213 902 albarum
3256 850 3495 905 emicare

1892 928 2142 1001 gratiam.
2175 928 2284 986 Nec
2317 932 2559 987 advertis
2593 951 2657 990 ex
2689 936 2771 991 his
2797 937 3075 995 admoueri
3101 951 3174 1006 te.
3209 940 3393 1007 homo,
3426 958 3499 999 ne

1895 1024 2217 1080 immaturos
2258 1025 2463 1082 fructus
2489 1035 2613 1083 tuos
2634 1028 2749 1084 dies
2783 1046 3069 1102 supremus
3097 1036 3337 1091 inveniat
3358 1078 3373 1104 ,
3405 1045 3501 1093 aut

1896 1118 2070 1189 plena:
2103 1128 2316 1190 tempus
2356 1123 2531 1176 aetatis
2574 1133 2596 1160 ο
2649 1139 2812 1193 opera
2859 1126 3123 1197 ituparata
3169 1130 3493 1187 dedeceant.

1896 1212 2138 1269 Aeerbus
2169 1214 2313 1268 enim
2347 1216 2550 1269 fructus
2588 1218 2826 1272 amarior
2855 1233 2978 1273 esse
3022 1222 3344 1291 consuevit;
3394 1238 3496 1279 nec

1900 1320 2078 1378 potest
2105 1307 2262 1363 dulce
2292 1322 2414 1364 esse
2440 1349 2454 1373 ,
2498 1309 2599 1363 nisi
2642 1309 2783 1379 quod
2825 1310 2891 1365 ad
2924 1314 3287 1369 maturitatem
3320 1314 3499 1386 perfe-

1899 1400 2095 1456 ctionis
2122 1400 2438 1456 adoleverit.
2479 1400 2613 1457 lluic
2636 1401 2753 1457 viro
2780 1404 3017 1474 perfecto
3045 1420 3146 1462 nec
3178 1405 3344 1478 frigus
3372 1408 3501 1464 hor-

1899 1494 2033 1551 rida:
2070 1495 2261 1549 mortis
2287 1536 2300 1559 ,
2350 1507 2448 1548 nec
2488 1496 2567 1548 sol
2616 1494 2913 1565 iniquitatis
2953 1512 3151 1553 nocere
3177 1502 3500 1567 consuevit;

1902 1588 2026 1658 quia
2058 1588 2350 1644 obumbrat
2371 1605 2491 1644 eum
2522 1588 2697 1661 gratia
2726 1590 3008 1659 Spiritalis,
3037 1599 3093 1646 et
3125 1592 3311 1647 omnia
3347 1608 3507 1648 mun-

1899 1682 2054 1739 danae
2082 1682 2393 1753 cupiditatis
2430 1689 2485 1737 et
2522 1697 2799 1749 corporea:
2824 1682 3062 1739 libidinis
3099 1685 3387 1755 restinguit
3417 1687 3501 1740 in-

1897 1775 2087 1831 cendia
2120 1816 2137 1842 ,
2190 1773 2431 1830 defendit
2472 1774 2721 1830 ardores.
2779 1775 3025 1830 Laudent
3069 1784 3122 1832 te
3165 1778 3500 1849 quicumque

1249 1896 1261 1931 :
1312 1877 1630 1934 reciduntur
1672 1893 1794 1947 qua:
1823 1869 1871 1930 B
1899 1867 2236 1941 conspiciunt
2264 1910 2277 1933 ,
2305 1876 2359 1923 et
2385 1867 2594 1933 agmina
2626 1867 2884 1923 Ecclesite
2918 1868 3068 1923 velut
3109 1869 3357 1939 quasdam
3387 1871 3506 1940 pal-

1901 1965 2090 2019 mitum
2146 1970 2289 2018 serta
2342 1959 2644 2017 mirentur:
2706 1970 2956 2033 speeteut
3007 1963 3205 2033 singuli
3256 1962 3501 2018 lidelium

1899 2057 2127 2130 pulchra
2168 2057 2470 2111 animarum
2503 2055 2719 2109 monilia
2748 2073 2760 2109 :
2812 2055 3162 2113 delectentur
3188 2059 3503 2115 maturitate

1902 2150 2221 2223 prudentiae,
2268 2147 2563 2219 splendore
2592 2148 2737 2215 fidei,
2770 2147 3133 2205 confessionis
3163 2150 3384 2217 decore,
3411 2152 3502 2222 ju-

1901 2246 2064 2303 stitiae
2095 2243 2516 2314 pulchritudine,
2543 2243 2790 2299 ubertate
2822 2244 3233 2313 ttiisericordize,
3260 2256 3321 2301 ut
3349 2247 3502 2304 dica-

1904 2349 1992 2396 tttr
2036 2339 2167 2394 tibi:
2213 2336 2360 2394 Uxor
2388 2348 2477 2393 tua
2520 2340 2652 2393 sicut
2693 2340 2811 2395 uitis
2851 2338 3125 2397 abundans
3155 2342 3209 2395 in
3248 2342 3503 2399 lateribus

1903 2437 2083 2490 domus
2115 2443 2216 2488 tua:
2249 2432 2364 2500 (Ps.
2401 2450 2610 2502 cxxvn,
2652 2436 2749 2504 5);
2797 2449 2863 2490 eo
2905 2436 3050 2506 quod
3085 2436 3505 2493 redundantiam

1902 2530 2027 2585 vitis
2077 2526 2368 2586 fructiferae
2392 2570 2408 2598 ,
2453 2527 2686 2601 copiosa:
2723 2544 2951 2586 munere
2994 2528 3339 2587 liberalitatis
3378 2530 3507 2588 imi~

1907 2624 2057 2679 teris.

2496 2738 2727 2799 CAPUT
2764 2739 2907 2799 Xlll.

1908 2881 1987 2936 De
2027 2881 2270 2935 arborum
2310 2880 2558 2943 utilitate,
2605 2896 2667 2935 ac
2696 2881 3029 2950 diversitate;
3070 2882 3134 2937 de
3163 2883 3363 2938 ratione
3388 2883 3511 2939 illas

1970 2974 2196 3048 jugandi
2218 2990 2277 3028 ac
2297 2973 2612 3040 medicandi;
2651 2984 2905 3041 postremo
2934 2974 2998 3030 de
3026 2974 3361 3029 arboreorum
3383 2992 3509 3029 suc-

1982 3083 2160 3121 corum
2186 3066 2579 3137 praprietatibus
2606 3082 2623 3122 :
2665 3082 2781 3121 cum
2809 3062 2994 3123 niorali
3023 3067 3093 3122 ad
3123 3068 3330 3138 singula
3352 3084 3509 3141 expo-

1982 3165 2188 3219 sitione.

189 3275 353 3330 castis
377 3286 488 3332 est.
526 3272 783 3335 Unde‘ne
810 3279 1077 3349 aliquibus
1122 3281 1378 3352 procellis
1420 3282 1604 3337 saeculi
1638 3282 1808 3350 possit
1834 3270 1881 3336 C
1983 3281 2074 3338 55.
2106 3279 2213 3337 Sed
2234 3279 2363 3348 quid
2385 3295 2487 3350 ego
2512 3281 2562 3337 in
2588 3282 2700 3338 sola
2723 3282 2830 3339 vite
2857 3283 3140 3352 immoror,
3166 3299 3289 3341 cum
3330 3285 3513 3342 omnia

192 3368 433 3435 reﬂecti,
479 3380 533 3428 et
565 3381 887 3443 tempestate
917 3373 1134 3441 deduci,
1185 3376 1465 3430 claviculis
1494 3376 1600 3430 illis
1629 3385 1683 3432 et
1706 3377 1810 3433 cir-

198 3465 340 3519 Cttlis
369 3467 525 3536 quasi
554 3467 897 3538 amplexibus
930 3467 1215 3525 charilatis
1250 3470 1527 3538 proximtts
1567 3484 1811 3541 quosque

200 3560 607 3629 eomplet-titur,
653 3562 791 3617 etin
837 3577 1028 3617 eorum
1076 3561 1460 3633 conjunctione
1499 3564 1807 3635 requiescit.

202 3652 463 3710 Charitas
493 3665 577 3711 est
620 3656 782 3728 igitur
810 3672 929 3727 qua:
958 3671 1059 3712 nos
1088 3655 1457 3728 superiotibus
1485 3657 1672 3722 nectit,
1702 3672 1813 3713 cte-

208 3744 372 3818 loque
404 3747 619 3802 inserit.
647 3746 751 3816 Qui
777 3747 920 3802 enim
952 3756 1137 3802 manet
1181 3748 1232 3802 iu
1261 3748 1549 3815 cltaritate,
1584 3749 1725 3804 Deus
1758 3750 1809 3804 itt

207 3852 276 3894 co
300 3849 502 3895 manet.
533 3839 690 3896 Unde
711 3852 765 3895 et
793 3840 1049 3895 Dominus
1072 3841 1146 3895 ait
1172 3859 1183 3893 :
1220 3839 1429 3895 Manete
1449 3843 1498 3895 in
1523 3859 1621 3905 me,
1647 3852 1695 3897 et
1721 3858 1812 3917 ego

206 3935 263 3989 in
290 3935 455 3989 vobis.
490 3934 635 3989 Sicut
669 3934 862 4003 palmes
892 3951 992 3988 non
1024 3944 1190 4007 potest
1218 3939 1443 4004 fructum
1471 3932 1660 4002 afferre
1680 3954 1711 3990 a
1738 3954 1809 4004 se,

213 4031 316 4084 nisi
346 4030 593 4088 manserit
623 4029 677 4083 in
706 4030 834 4093 uite;
864 4031 937 4084 sic
967 4039 1013 4084 et
1043 4045 1149 4094 vos,
1181 4030 1227 4084 si
1255 4030 1307 4083 in
1336 4046 1413 4083 nte
1438 4047 1539 4084 non
1571 4032 1818 4086 manseri-

211 4125 299 4179 tis.
334 4123 448 4195 Ego
476 4140 594 4178 sum
624 4124 756 4186 vitis,
786 4139 873 4178 uos
898 4125 1130 4194 palmites
1158 4125 1279 4178 estis
1310 4125 1519 4195 (Joau.,
1539 4141 1632 4193 xv,
1662 4123 1741 4196 4).

287 4218 376 4273 52.
425 4217 721 4274 Evidenter
775 4216 936 4289 igitur
985 4218 1290 4288 exemplum
1342 4220 1466 4273 vitis
1508 4218 1575 4273 ad
1620 4226 1819 4274 nostrae

217 4312 342 4368 vitae
387 4312 787 4367 institutionem
819 4312 1206 4367 arcessendum
1248 4327 1368 4367 esse
1398 4313 1663 4383 signavit,
1698 4329 1817 4383 qua:

218 4407 455 4477 primum
491 4406 631 4461 veris
679 4405 942 4476 tepefacta
973 4407 1234 4477 temperie
1264 4421 1540 4478 gemmare
1572 4406 1821 4478 perhibe-

217 4502 568 4560 tur:deinde
598 4519 663 4558 ex
706 4502 836 4573 ipsis
879 4513 1273 4557 sarmentorum
1318 4502 1557 4557 articulis
1587 4502 1819 4559 fructum

219 4597 496 4661 emittere,
519 4595 586 4649 de
608 4596 801 4667 quibus
820 4596 999 4651 oriens
1024 4612 1121 4649 uva
1148 4594 1432 4662 formatur,
1456 4596 1822 4667 paulatimque

1912 3388 2111 3445 genera
2125 3372 2377 3428 arborum
2404 3374 2550 3429 utilia
2580 3374 2710 3442 sint,
2740 3375 2843 3431 alia
2875 3375 2983 3449 54
3008 3378 3072 3433 ad
3099 3376 3332 3435 fructum
3363 3390 3512 3448 nata,

1913 3467 2017 3523 alia
2048 3466 2111 3522 ad
2136 3481 2289 3522 usum
2313 3465 2465 3521 data?
2485 3467 2616 3523 Nam
2632 3476 2685 3524 et
2707 3470 2905 3539 quibus
2931 3484 3035 3526 neu
3059 3481 3143 3527 est
3156 3470 3361 3527 fructus
3382 3472 3515 3529 ube-

1913 3563 2049 3629 rior,
2078 3570 2256 3616 tamen
2286 3575 2417 3616 usus
2445 3563 2730 3632 pretiosior
2754 3572 2857 3617 est.
2886 3560 3094 3618 Cedrus
3122 3564 3517 3634 suspendendis

1917 3664 2183 3715 tectorum
2208 3666 2328 3726 apta
2355 3654 2702 3722 culminibus,
2743 3670 2811 3712 eo
2841 3657 2981 3728 quod
3008 3657 3314 3727 huiusmodi
3347 3668 3518 3714 mate-

1914 3749 2022 3803 ries
2050 3756 2106 3803 et
2146 3762 2372 3818 procera
2414 3752 2484 3802 sit
2514 3749 2725 3819 spatiis.
2768 3764 2870 3805 nec
2917 3765 3145 3805 Onerosa
3197 3750 3515 3819 parietibus.

1915 3840 2281 3898 Lacunaribus
2298 3859 2510 3913 quoque
2531 3838 2558 3879 ἀ
2580 3842 2965 3914 comendisque
2988 3843 3209 3913 fastigiis
3229 3842 3422 3898 habilis
3438 3853 3525 3899 est

1917 3951 2230 4004 cupressus.
2257 3934 2411 3991 Unde
2434 3947 2487 3991 et
2520 3935 2761 3991 Ecclesia
2796 3935 2927 3991 dicit
2954 3936 3007 3989 in
3029 3934 3301 3990 Cauticis:
3329 3934 3520 3991 Trabes

1920 4027 2192 4083 domorum
2216 4039 2510 4083 nostrarum
2541 4028 2782 4093 cedrium,
2816 4028 3084 4082 lacunaria
3118 4037 3291 4082 nostra
3308 4043 3519 4099 cupres-

1919 4125 2032 4178 sina
2055 4121 2254 4195 (Cant.,
2284 4139 2322 4182 t.
2355 4122 2479 4193 16);
2515 4123 2566 4177 itt
2602 4121 2685 4177 his
2707 4136 2828 4176 esse
2857 4121 3139 4177 declarans
3159 4122 3355 4179 decora
3379 4124 3462 4180 sui
3498 4133 3523 4162 ο

1922 4225 2240 4273 ornamenta
2270 4214 2491 4287 fastigii.
2524 4217 2614 4287 qui
2648 4216 2804 4287 quasi
2837 4216 3015 4271 trabes
3040 4217 3299 4273 verticem
3328 4218 3524 4274 Eccle-

1924 4311 2019 4365 siae
2040 4325 2135 4365 sua
2158 4310 2357 4366 virtute
2378 4309 2703 4375 sustineant,
2727 4322 2776 4365 et
2803 4308 3075 4380 fastigium
3099 4310 3217 4381 ejus
3238 4322 3525 4367 exornent.

1925 4405 2133 4461 Laurus
2161 4414 2216 4460 et
2240 4404 2416 4474 palma
2438 4404 2504 4459 ad
2528 4405 2737 4476 insigne
2763 4403 3029 4460 victorian
3053 4403 3232 4460 Lauro
3262 4407 3528 4461 vietorum

1926 4501 2099 4574 capita
2122 4510 2474 4564 coronantur.
2508 4502 2682 4573 palma
2710 4516 2899 4557 manus
2915 4502 3151 4559 victricis
3170 4514 3398 4559 ornatus
3412 4512 3518 4560 est.

1929 4596 2085 4653 Unde
2105 4608 2153 4651 et
2171 4595 2418 4651 Ecclesia
2438 4595 2540 4650 ait:
2566 4593 2712 4658 Dixi,
2727 4597 3002 4652 ascendam
3022 4596 3073 4650 in
3086 4597 3336 4669 palmam,
3351 4597 3529 4653 tenebo

219 4706 522 4762 augescens
554 4690 824 4745 immaturi
858 4701 1041 4761 partus
1074 4691 1272 4745 retinet
1300 4690 1647 4746 acerbitatem
1669 4732 1683 4755 ,
1722 4707 1822 4747 nec
1850 4675 1902 4737 Ῑ)
1928 4688 2223 4744 altitudines
2260 4692 2371 4761 ejus
2401 4688 2602 4761 (Caut.,
2643 4703 2737 4755 vn,
2765 4688 2843 4756 8).
2887 4689 3018 4755 Qua:
3062 4688 3417 4744 entinentiam
3447 4688 3532 4743 vi-

221 4793 394 4855 potest
429 4782 532 4839 nisi
565 4794 770 4838 matura
799 4783 908 4854 jam
941 4792 995 4837 et
1029 4791 1180 4838 cocta
1219 4782 1549 4839 dulcescere.
1582 4783 1824 4841 Vestitur

226 4878 431 4937 interea
461 4877 816 4933 viridantibus
840 4878 1111 4951 pampinis
1131 4877 1309 4942 vinea,
1336 4876 1533 4947 quibus
1554 4890 1607 4933 et
1634 4878 1828 4933 adver-

228 4984 339 5026 sum
370 4964 563 5041 frigus,
589 4985 915 5044 omnemque
945 4970 1199 5041 injuriam
1223 4985 1329 5024 non
1361 4970 1559 5041 exiguo
1587 4972 1827 5027 munitur

228 5064 495 5135 subsidio,
537 5072 593 5122 et
628 5080 658 5120 a
696 5065 828 5122 solis
861 5064 1059 5121 ardore
1099 5062 1427 5120 defenditur.
1471 5062 1610 5131 Quid
1649 5072 1829 5121 autem

302 5285 327 5313 η
366 5274 523 5332 Edit.
556 5289 749 5333 omnes
788 5285 843 5331 et
871 5288 1005 5330 mss.
1038 5287 1152 5328 non
1182 5271 1335 5343 pauci
1358 5289 1378 5344 :7
1406 5288 1567 5344 neque
1591 5272 1827 5344 ﬁumilis.

233 5346 455 5403 Addunt
506 5348 787 5402 nonnulli:
838 5347 1073 5401 ἀήθει...
1122 5344 1318 5415 jaceat.
1366 5343 1523 5410 Ben.,
1570 5343 1732 5400 Cara.
1777 5354 1834 5401 et

234 5418 422 5475 Germ.
446 5436 459 5474 :
490 5435 652 5489 neque
671 5420 812 5473 humi
841 5419 977 5482 vilis,
1006 5427 1112 5471 etc.

304 5489 330 5529 δ
377 5491 523 5546 Edit.
560 5485 717 5545 Rom.
746 5500 799 5543 et
824 5503 958 5544 mss.
991 5486 1236 5542 nonnulli
1260 5504 1273 5539 :
1302 5486 1519 5540 indicas.
1548 5485 1693 5541 Edit.
1714 5495 1828 5542 vet.

241 5575 354 5618 cum
392 5577 524 5617 mss.
560 5561 844 5616 undecim:
875 5559 1097 5613 indicas.
1141 5560 1293 5615 Cmn.
1328 5558 1499 5612 codex
1529 5559 1593 5611 ad
1635 5558 1833 5624 margi-

245 5649 360 5689 nem
394 5636 582 5689 eadem
608 5649 790 5694 manu,
822 5646 935 5701 qua
956 5640 1161 5693 textus,
1191 5631 1306 5683 haec
1333 5626 1547 5701 praefert
1573 5646 1586 5681 :
1622 5626 1837 5701 Indicos

244 5717 383 5778 uocat
416 5706 651 5778 lapides.
681 5706 768 5773 qui
805 5698 867 5756 de
907 5699 1065 5778 ludia
1113 5704 1378 5778 feruntur;
1418 5700 1584 5760 albas.
1615 5717 1744 5768 quas
1766 5698 1842 5778 _B.

253 5774 403 5850 Greg.
427 5771 660 5850 albulus,
693 5771 808 5844 quae
836 5774 1025 5850 usitato
1054 5772 1258 5825 nomine
1281 5781 1528 5850 uocantur
1550 5771 1847 5850 margaritae

252 5856 296 5967 si
323 5841 499 5933 pitrlte.
535 5841 779 5921 Legimus
808 5857 856 5902 et
880 5845 1053 5899 albam
1078 5842 1430 5911 smaragdum,
1455 5852 1498 5897 et
1527 5841 1698 5897 albam
1726 5857 1836 5897 sar-

289 5932 497 5967 om‘cm.

289 5932 477 5975 enicem
486 5954 498 5975 ς

1933 4782 2067 4839 dens
2099 4780 2282 4840 Verbi.
2309 4792 2363 4836 et
2388 4796 2613 4850 sperans
2638 4780 2780 4852 quod
2810 4780 2877 4835 ad
2907 4780 3024 4850 ejus
3044 4780 3382 4835 altitudinem
3408 4795 3544 4850 pos-

1931 4876 2001 4929 sit
2026 4873 2323 4929 ascendere
2353 4884 2406 4929 et
2434 4873 2676 4928 scientiae
2701 4874 3100 4938 summitatem,
3133 4873 3266 4928 dicit
3294 4889 3307 4925 :
3346 4872 3542 4928 Ascen-

1933 4969 2051 5025 dam
2080 4970 2133 5022 in
2156 4968 2386 5041 palmam
2412 4984 2430 5031 ;
2462 4977 2518 5022 ut
2545 4967 2726 5023 omnia
2777 4965 3035 5021 inferiora
3069 4966 3366 5038 relinquat.
3396 4977 3449 5022 et
3477 4965 3548 5021 ad

1935 5065 2218 5136 superiora
2243 5062 2563 5131 contendat,
2599 5061 2617 5100 τ
2647 5060 2713 5117 ad
2735 5061 2982 5118 bravium
3013 5060 3238 5129 Christi,
3267 5068 3325 5115 ut
3346 5074 3549 5117 suaves

2016 5282 2039 5311 ο
2079 5273 2206 5330 Mss.
2240 5272 2510 5344 quinque:
2544 5284 2700 5344 opera
2722 5282 2885 5336 parua
2915 5264 3356 5344 deducat._'l‘res:
3389 5278 3549 5344 opera

1942 5362 2101 5418 prava
2131 5334 2371 5401 deducat.
2394 5334 2600 5400 'Unus':
2646 5334 2921 5393 deducant.
2971 5336 3126 5391 Alius
3154 5334 3425 5403 denique:
3463 5335 3553 5389 de-

1946 5419 2212 5566 kcéeiiiss.
2242 5509 2485 5579 aliquot:
2520 5498 3043 5566 commendandisque
3075 5493 3298 5566 fastigiis
3337 5495 3547 5553 habilis.

2022 5613 2045 5641 θ
2089 5603 2247 5658 Rom.
2279 5601 2411 5654 edit.
2449 5613 2573 5653 cum
2619 5586 3341 5665 paucisrecentioribnsqtte
3369 5603 3545 5644 mss.:

1951 5656 2251 5729 ονηηῇίεηια
2291 5671 2485 5741 [αδιξθίξ
2531 5656 2649 5741 qua}
2686 5661 2831 5733 quasi
2851 5670 3002 5741 ,ἐξιῇ
3044 5656 3231 5741 Melius
3258 5656 3389 5739 alite.
3423 5675 3546 5741 υιιῃι

1952 5727 2322 5814 reliquis.....'.
2366 5727 2454 5810 qi.“
2500 5727 2823 5814 quasu'etq-
2870 5727 3132 5814 syllepsis
3166 5741 3262 5814 ,ςβι
3305 5728 3448 5814 enim
3493 5729 3551 5782 in

2111 5799 2435 5875 ornamenta,
2467 5799 2561 5878 per
2588 5818 2747 5872 quant
2775 5799 3019 5867 Apostoti
3044 5799 3437 5868 signiﬁcantur.

2038 5908 2057 5945 τ
2100 5898 2237 5961 Vide
2267 5913 2449 5958 notam
2482 5897 2560 5965 (c)
2583 5893 2848 5949 columnae
2875 5887 2979 5944 182
2998 5889 3320 5958 subiectam.
