4102 6360
600 393 705 450 179

1964 385 2212 445 SANCTI
2252 381 2576 446 AMBROSII

603 514 722 586 ejus
749 512 952 568 fructus
977 518 1159 580 carpat
1183 517 1235 564 et
1263 515 1458 578 gustet.
1483 506 1675 564 Suavis
1701 507 1844 562 enim
1878 506 2094 561 virtutis
2119 518 2203 562 est
2238 511 2279 570 Α
2310 504 2516 577 gr05sis
2555 501 2766 558 arboris
2813 502 3041 575 agrestis
3085 501 3332 573 alligatis
3379 499 3459 556 ad
3511 500 3684 555 illam
3738 498 3965 556 feraci:-
4022 495 4023 500 “

603 606 834 664 fructus.
871 603 1110 674 Populus
1140 617 1352 672 quoque
1381 603 1600 656 Coronis
1638 600 1800 654 arlior
1833 599 2088 654 umlirosa
2123 600 2202 654 vi-

605 699 882 756 CIricihtis.
928 706 983 753 et
1027 696 1160 750 salix
1207 696 1345 748 li-tita
1389 692 1591 747 vilibus
1643 693 1836 747 habilis
1883 692 2204 760 vincietidis,

605 790 734 864 quid
766 791 908 846 aliud
941 791 1166 862 mystice
1204 787 1514 853 declarant,
1548 787 1653 841 nisi
1687 785 1824 841 bona
1857 800 1975 840 esse
2002 784 2206 839 Christi

604 885 850 946 vincula,
896 898 1016 954 qum
1051 896 1246 938 nocere
1292 897 1398 935 non
1437 879 1681 944 soleant,
1729 877 1937 932 vincula
1979 881 2206 949 gratiae,

603 978 818 1034 vincula
847 976 1159 1037 cliaritatis,
1193 981 1251 1028 ut
1290 972 1663 1040 unusquisque
1692 972 1805 1026 suis
1835 970 2065 1026 vincul.s
2093 973 2211 1042 glo-

603 1073 796 1137 rietur,
827 1073 972 1125 sicut
998 1066 1339 1138 gloriabatur
1369 1076 1424 1122 et
1470 1065 1671 1121 Paulus
1699 1108 1714 1130 ,
1748 1064 1975 1120 dicens:
2009 1063 2211 1120 Paulus

601 1167 798 1221 vinctus
827 1163 957 1219 Jesu
987 1160 1181 1217 Christi
1237 1161 1486 1234 (Philem.
1524 1176 1563 1226 ι,
1599 1161 1618 1216 l
1648 1159 1709 1230 )?
1742 1160 1831 1214 llis
1863 1161 2059 1229 ligatus
2090 1161 2210 1214 viti-

603 1261 741 1315 culis
773 1259 993 1314 ἀίοιτιιςιι
1020 1275 1032 1310 :
1091 1257 1218 1324 Quis
1250 1273 1342 1310 nos
1379 1255 1635 1326 separabit
1667 1273 1698 1310 a
1744 1255 1994 1310 rhuritate
2019 1255 2211 1310 Christi

605 1351 786 1426 (Rom.
832 1366 948 1418 vui,
983 1349 1123 1420 5'5)?
1159 1349 1395 1404 Vinculis
1428 1350 1792 1412 abstinentiae,
1823 1348 2054 1404 vinculis
2084 1348 2213 1402 Cha-

605 1449 808 1502 ritatis.
845 1445 939 1500 llis
970 1445 1167 1512 ligatus
1195 1444 1425 1499 vinculis
1455 1451 1617 1499 etiam
1648 1442 1813 1498 David
1843 1444 1913 1497 ait
1939 1461 1952 1496 :
1987 1441 2055 1497 In
2083 1442 2212 1497 sali-

608 1541 800 1605 cibus,
859 1540 912 1593 in
970 1539 1138 1592 medio
1188 1540 1303 1612 ejus
1359 1538 1722 1604 suspendiinus
1783 1553 1979 1609 organa
2036 1545 2214 1589 nostra

612 1632 744 1706 (Ps.
776 1649 996 1700 cxxxvi,
1028 1632 1119 1704 2).
1165 1632 1346 1686 Busus
1373 1647 1589 1702 quoque
1618 1631 2012 1686 elementorum
2040 1628 2212 1697 apici-

611 1729 715 1784 bus
766 1728 912 1782 uiilis
952 1725 1347 1796 exprimendis,
1399 1728 1502 1781 levi
1549 1726 1776 1782 materia
1824 1742 1979 1781 usuin
2015 1740 2208 1781 manus

618 1819 841 1892 puerilis
872 1823 1144 1877 informat.
1180 1819 1331 1876 Unde
1359 1820 1430 1874 ait
1452 1819 1769 1889 Scriptura:
1804 1819 1982 1874 Scribe
2005 1820 2056 1872 in
2080 1817 2216 1872 buxo

2313 601 2600 667 arborem,
2633 599 2919 654 medentur
2947 596 3064 667 ejus
3099 596 3463 662 infirmitati;
3520 608 3578 652 ui
3627 596 3826 667 ρυίθὶι
3879 602 3968 650 Ira—

2310 709 2429 751 etus
2486 696 2730 766 proprios
2787 707 3068 750 reservare
3103 733 3118 758 ,
3176 691 3541 764 jamjantque
3603 691 3660 747 si
3728 691 3968 746 detinent

2313 788 2574 856 remedia,
2621 787 2885 857 lapsuros.
2932 787 3051 854 Quo
3090 784 3471 840 admonemur
3514 784 3691 840 velut
3739 785 3961 856 quodam

2313 886 2597 954 aenigmate
2623 889 2825 936 natura:
2859 895 2966 934 non
2995 876 3242 950 refugere
3268 892 3368 933 eos
3389 919 3406 944 ,
3443 878 3550 950 qui
3585 893 3620 931 a
3646 889 3855 933 nostra
3877 879 3960 934 ﬁde

2313 985 2368 1032 et
2395 985 2670 1031 consortio
2701 973 2936 1043 separati
2976 983 3138 1036 sunt;
3185 987 3252 1039 eo
3292 972 3449 1042 quod
3500 980 3565 1026 et
3599 971 3848 1042 gentilis
3885 976 3957 1040 qui

2316 1067 2477 1123 fuerit
2506 1068 2820 1137 acquisitus,
2850 1081 2957 1136 quo
2992 1065 3206 1134 gravior
3230 1063 3396 1120 fuerit
3431 1076 3712 1120 as:ertor
3745 1066 3952 1128 (προεὶς,

2315 1179 2380 1219 eo
2411 1161 2785 1218 Vcliemrntior
2813 1168 2983 1230 possn
3014 1158 3137 1213 fidei
3167 1161 3433 1214 defensor
3464 1161 3775 1215 exsistere
3802 1175 3818 1224 ;
3846 1159 3951 1212 etsi

2315 1261 2439 1331 quis
2465 1259 2531 1314 de
2563 1257 2834 1313 htcreticis
2862 1263 3252 1320 convertatur,
3287 1254 3445 1310 velut
3485 1252 3812 1310 coiil‘trmet
3845 1270 3945 1308 eam

2319 1365 2524 1427 partem
2558 1353 2611 1407 iti
2651 1367 2813 1424 quam
2844 1367 2903 1407 se
2942 1358 3269 1406 commutata
3300 1349 3579 1421 Opinione
3613 1350 3945 1414 contulerit,
4017 1377 4024 1396 ι

2320 1447 2553 1502 maxime
2581 1447 2623 1499 si
2655 1446 2849 1499 habeat
2878 1444 3080 1515 aliquid
3103 1457 3312 1498 natura:
3337 1445 3658 1508 directum,
3692 1454 3758 1498 nt
3784 1444 3944 1498 vivi-la

2321 1540 2486 1610 possit
2512 1530 2634 1592 esse
2664 1537 2785 1606 ejus
2812 1537 3103 1599 sententia,
3134 1534 3178 1589 si
3213 1534 3666 1590 adminiculetur
3696 1537 3754 1592 ei
3789 1549 3942 1590 attes-

2329 1634 2404 1690 tio
2432 1631 2764 1696 sobrietatis,
2795 1628 3141 1686 observantia
3170 1627 3460 1683 castitatis.
3499 1627 3810 1683 Profunde
3833 1643 3939 1698 ergo

2321 1726 2463 1782 circa
2499 1741 2621 1780 eum
2651 1722 2888 1779 studium
2923 1735 3070 1778 tuum
3092 1764 3107 1785 ,
3150 1732 3206 1776 ut
3242 1721 3619 1778 similitudine
3653 1720 3940 1778 fructifera

2324 1818 2469 1873 illius
2489 1817 2620 1872 licus
2643 1816 2712 1873 de
2736 1817 3022 1887 pravsentia
3044 1822 3098 1869 ct
3119 1813 3511 1883 conjunctione
3537 1817 3796 1886 agrestis
3819 1816 3934 1868 illius
4028 1867 4029 1874 η

621 1915 806 1988 (Esa.,
840 1930 968 1982 xxx,
1001 1917 1081 1983 8).
1108 1915 1279 1972 Simul
1328 1925 1383 1970 ut
1427 1915 1716 1971 admone-it
1756 1924 1806 1971 te
1838 1914 1951 1984 ipsa
1992 1914 2217 1969 materia
2251 1915 2299 1978 Β
2326 1911 2542 1967 arboris
2574 1921 2718 1966 tuam
2752 1911 2925 1980 possis
2960 1907 3318 1965 corroborare
3349 1907 3646 1963 virtutem.
3694 1907 3777 1964 Ita
3810 1909 3933 1962 enim

619 2025 740 2080 quin
772 2025 990 2078 semper
1017 2011 1182 2075 viret,
1219 2025 1317 2065 nec
1350 2025 1605 2080 umquam
1637 2009 1781 2064 foliis
1812 2011 2029 2063 exuitur
2058 2005 2172 2062 suis
2200 2051 2216 2077 ,

619 2121 691 2160 ne
743 2119 996 2175 umquam
1045 2105 1158 2174 spei
1207 2114 1311 2159 tua:
1344 2104 1782 2159 dissimulatione
1824 2104 2072 2170 nuderis,
2123 2102 2220 2159 sed

619 2200 838 2266 Semper
865 2195 958 2251 tibi
991 2211 1086 2268 per
1111 2197 1270 2254 fidem
1300 2198 1569 2269 germinet
1599 2212 1727 2267 spes
1751 2196 1966 2252 salutis.

691 2287 782 2348 54.
813 2291 949 2360 Quid
979 2309 1078 2361 ego
1101 2309 1419 2347 enumerem
1442 2303 1640 2364 quanta
1669 2292 1907 2347 varietas
1932 2291 2220 2360 arborum,

621 2401 783 2458 quam
815 2385 1067 2440 diversus
1099 2383 1150 2439 in
1183 2385 1411 2454 singulis
1440 2398 1492 2441 et
1523 2383 1751 2454 pulcher
1778 2397 2030 2452 ornatus,
2061 2401 2221 2456 quant

623 2479 821 2549 patula:
854 2476 984 2548 fagi,
1015 2493 1174 2548 quam
1208 2493 1446 2546 procera:
1471 2477 1679 2533 abicies
1700 2519 1714 2544 ,
1747 2493 1910 2546 quam
1943 2489 2224 2535 comantes

623 2571 810 2642 pinus,
840 2585 1000 2638 quant
1027 2570 1296 2624 umbrosa:
1322 2569 1497 2634 ilices,
1527 2585 1688 2640 quam
1721 2570 1906 2640 populi
1933 2570 2222 2640 bicolores,

629 2678 790 2734 quam
821 2678 1106 2718 nemorosa
1140 2672 1192 2717 et
1224 2663 1461 2717 rediviva
1497 2670 1783 2727 castanea,
1817 2678 1938 2733 quas
1977 2663 2141 2719 simul
2169 2673 2228 2720 ut

632 2755 813 2811 excisa
846 2754 1042 2817 fuerit,
1088 2765 1359 2823 tamquam
1390 2755 1583 2808 silvam
1613 2769 1679 2809 ex
1708 2771 1767 2810 se
1797 2754 2062 2824 pullulare
2091 2772 2228 2812 con-

629 2849 846 2914 suevit;
879 2847 1336 2918 quemadniodinn
1377 2850 1430 2904 in
1472 2849 1758 2904 arboribus
1804 2851 1933 2920 ipsis
1970 2861 2101 2906 tetas
2136 2863 2228 2908 aut

631 2941 843 3008 senilis,
875 2948 970 2994 aut
1009 2942 1221 2996 novella
1253 2941 1715 3014 deprehenditur;
1743 2943 2051 3013 junioribus
2080 2946 2227 3001 enim

630 3032 885 3090 exiliores
938 3035 1097 3101 rami,
1156 3036 1552 3105 antiquioribus
1602 3036 1865 3092 validiora
1919 3045 1971 3092 et
2020 3039 2225 3093 nodosa

631 3137 757 3182 sunt
787 3127 1003 3183 liracliia
1033 3146 1044 3180 :
1086 3127 1194 3183 illis
1225 3128 1349 3182 folia
1383 3129 1612 3200 levigata
1645 3139 1806 3200 atque
1846 3128 2039 3184 dill‘usa
2065 3167 2080 3196 ,
2110 3130 2229 3185 istis

629 3221 998 3276 ciiiitractiora
1029 3231 1083 3276 et
1110 3235 1324 3291 aspera.
1359 3220 1497 3276 Sunt
1526 3221 1690 3277 etiam
1728 3223 1956 3278 arbores
1992 3238 2112 3292 qua:
2143 3237 2227 3276 se-

2329 2018 2418 2061 tua
2452 2020 2550 2060 nec
2581 2003 2910 2058 dissolvetur
2941 1999 3188 2070 intentio,
3225 2009 3280 2056 et
3303 1998 3615 2072 diligentia:
3651 1998 3868 2057 fructus
3889 2008 3932 2052 et

2327 2101 2513 2172 gratiae
2543 2098 2931 2152 reservabitur.

2399 2192 2488 2249 56.
2532 2192 2704 2262 Quam
2734 2191 2900 2247 multa
2925 2200 3050 2246 sunt
3079 2198 3257 2245 autem
3291 2203 3411 2260 qua:
3443 2186 3698 2243 doceant
3729 2194 3930 2243 natura-

2334 2287 2438 2344 lem
2469 2286 2722 2342 duritiam
2748 2301 2904 2357 posse
2931 2283 3227 2356 diligentiaa
3251 2283 3430 2338 studio
3459 2284 3797 2354 temperari.
3827 2281 3927 2352 qui-

2334 2382 2431 2438 bus
2460 2380 2614 2436 aﬂ’ert
2643 2379 2820 2436 cultus
2842 2381 3038 2436 ruralis
3061 2378 3400 2450 exemplum!
3440 2377 3584 2434 Nam
3619 2381 3926 2450 plerumque

2329 2476 2441 2532 cito
2487 2475 2681 2530 ﬂorent
2728 2475 2865 2529 mala
2910 2483 3156 2546 grauata,
3208 2482 3263 2527 et
3313 2479 3551 2527 lructum
3597 2472 3806 2527 aﬂ'erre
3839 2484 3926 2524 uoti

2335 2577 2579 2642 possunt,
2599 2567 2703 2624 nisi
2725 2568 2978 2639 congruis
2992 2575 3289 2639 peritorum
3305 2565 3567 2622 remediis
3589 2565 3920 2621 excolantur:

2337 2662 2654 2734 plerumque
2685 2675 2877 2716 succus
2905 2659 3147 2715 vanescit
3180 2657 3431 2723 interior,
3460 2669 3517 2712 et
3544 2657 3711 2714 fortis
3736 2656 3922 2728 Species

2331 2757 2447 2827 ejus
2476 2757 2694 2827 piilclira
2728 2755 3096 2826 praztenditur.
3125 2753 3258 2824 Qttie
3283 2769 3387 2808 non
3419 2753 3706 2807 immerito
3730 2764 3921 2820 compa-

2339 2866 2487 2906 ratur
2516 2849 2776 2906 Ecclesia:
2802 2891 2817 2916 ,
2859 2861 2915 2903 ut
2961 2848 3126 2902 babes
3165 2847 3216 2901 in
3249 2847 3492 2902 Catiticis
3532 2846 3603 2902 ad
3637 2845 3916 2902 Ecc-lesiam

2293 2989 2302 3000 .
2336 2945 2570 3001 dictum:
2601 2943 2667 2999 Ut
2695 2955 2868 2998 cortex
2890 2943 3012 2996 mali
3039 2941 3212 3011 punici
3241 2955 3385 3011 gena!
3410 2949 3513 2994 luce
3543 2939 3755 3004 (Cant,
3774 2937 3914 3006 tv,5).

2339 3041 2402 3096 Et
2447 3039 2624 3095 infra:
2679 3038 2742 3094 Si
2787 3038 2965 3109 ﬂoruit
3009 3036 3147 3100 vitis,
3199 3035 3485 3106 ﬂoruerunt
3530 3035 3678 3089 mula
3727 3039 3916 3105 grauata

2341 3133 2657 3210 (Cant.,vti,
2691 3132 2800 3205 12).
2833 3132 3074 3188 Ecclesia
3103 3129 3247 3187 enim
3281 3129 3480 3184 bonutu
3514 3129 3644 3184 lidei
3677 3127 3914 3197 fulgorem

2337 3230 2804 3299 confessionisque
2845 3226 3166 3298 pra-tendit.
3210 3234 3287 3279 tot
3330 3234 3636 3298 martyrum
3678 3222 3912 3291 sanguine

628 3317 724 3371 nili
757 3326 920 3383 atque
948 3321 1196 3369 emortua
1227 3313 1409 3370 radice
1436 3317 1841 3372 successionem
1873 3317 1980 3384 sui,
2013 3318 2057 3371 si
2090 3316 2231 3373 forte
2257 3313 2303 3379 C
2342 3323 2611 3393 speciosa,
2641 3333 2694 3378 et
2726 3320 2866 3394 quod
2889 3332 2966 3376 est
2994 3318 3227 3389 amplius
3255 3315 3461 3371 Christi
3490 3330 3695 3370 cruore
3717 3314 3909 3374 doma;

628 3407 907 3463 caedantur
930 3449 944 3471 ,
977 3421 1236 3476 reparare
1267 3422 1372 3462 non
1415 3410 1706 3463 noverint:
1755 3409 1879 3463 alite
1913 3410 2109 3479 quibus
2138 3418 2232 3466 aut

634 3501 887 3570 juventus
915 3500 1082 3564 viret,
1113 3507 1206 3552 aut
1233 3510 1425 3553 natura
1455 3499 1733 3556 fecundior
1761 3514 1845 3556 est
1865 3543 1880 3568 ,
1914 3503 2110 3572 quibus
2138 3521 2224 3558 ex-

635 3593 769 3646 cisio
800 3591 951 3646 lucro
980 3592 1158 3661 potius
1182 3607 1344 3661 quam
1376 3591 1703 3647 detrimento
1725 3593 1817 3660 sit,
1847 3604 1903 3647 tit
1931 3610 2026 3663 per
2049 3595 2233 3666 plures

636 3683 721 3738 sui
749 3683 988 3739 rediviva
1015 3684 1358 3739 successione
1387 3693 1736 3740 removentur
1770 3686 2034 3742 luci-edes.

708 3778 798 3835 55.
831 3778 924 3832 Est
955 3779 1142 3845 etiam,
1173 3775 1314 3849 quod
1349 3779 1585 3846 mireris,
1610 3778 1740 3848 ipsis
1763 3794 1928 3835 sexus
1955 3781 2006 3835 in
2038 3782 2230 3851 pomis,

636 3880 724 3927 est
744 3871 1001 3926 discretio
1023 3886 1188 3928 sexus
1211 3869 1263 3925 iu
1288 3869 1594 3926 arboribus.
1625 3869 1762 3926 Nam
1787 3861 1972 3927 videas
1997 3873 2232 3944 palmam

633 3974 753 4036 quae
783 3964 1026 4038 dactylos
1048 3964 1296 4036 generat,
1323 3967 1645 4036 plerumque
1669 3967 2022 4023 iiiclln-inteni
2053 3983 2236 4022 ramos

636 4075 764 4116 suos
793 4069 847 4114 et
876 4060 1254 4131 stibjicientem
1283 4102 1295 4126 ,
1336 4069 1391 4115 et
1421 4061 1879 4129 concupiscentia:
1920 4073 2083 4134 atque
2121 4077 2238 4116 am-

636 4151 828 4220 plexus
859 4150 1555 4228 specienrprieteudentem
1598 4153 1706 4227 55
1737 4153 1786 4209 ei
1821 4155 2033 4222 arbori,
2073 4169 2236 4226 quam

637 4255 842 4300 marem
862 4246 1096 4316 palmam
1114 4247 1386 4318 appellant
1406 4256 1432 4286 ³·
1456 4251 1605 4319 pueri
1625 4247 1970 4304 rusticorum.
1993 4243 2090 4305 Illa
2109 4264 2238 4321 ergo

645 4339 825 4411 palma
860 4338 1092 4395 leuiiuea
1121 4337 1224 4403 est.
1254 4353 1308 4396 et
1339 4357 1531 4397 sexum
1559 4357 1718 4397 suum
1741 4341 2092 4413 subjectionls
2114 4359 2240 4412 Spe-

642 4432 726 4488 cie
769 4433 1081 4486 cunlltetur.
1135 4431 1292 4488 Unde
1332 4433 1576 4489 locorum
1628 4433 1868 4490 cultores
1918 4438 2238 4506 pra‘jacinnt

641 4526 812 4581 ramis
840 4529 959 4596 ejus
986 4525 1325 4599 dactylorum
1363 4527 1448 4583 vel
1475 4525 1505 4566 ι’
1540 4527 1818 4600 palmitum
1850 4531 2061 4588 semina
2096 4549 2238 4588 mas-

642 4622 915 4690 culorum,
954 4624 1153 4693 quibus
1193 4621 1271 4677 illi
1312 4621 1561 4679 feminea:
1606 4622 1787 4679 arbori
1833 4623 1978 4680 velut
2018 4627 2235 4696 quidam

2337 3418 2494 3474 simul
2529 3416 2790 3488 plurimos
2832 3417 2968 3468 intra
3007 3428 3067 3468 se
3113 3411 3317 3466 fructus
3343 3425 3443 3465 usu
3472 3407 3632 3463 istius
3665 3411 3804 3479 pomi
3832 3403 3908 3457 sub

2337 3529 2438 3568 una
2465 3512 2764 3566 munitione
2788 3521 3136 3574 coiiscrvans,
3163 3514 3218 3560 et
3247 3506 3505 3559 virtutum
3534 3504 3746 3572 negotia
3767 3499 3906 3554 multa

2337 3606 2723 3675 complectens.
2777 3599 3004 3670 Sapiens
3054 3600 3196 3653 enim
3253 3595 3445 3668 spiritu
3500 3595 3642 3649 celat
3701 3592 3906 3664 negotia.

2340 3696 2654 3771 Ainygdalis
2699 3710 2912 3767 quoque
2969 3691 3072 3748 hoc
3118 3706 3318 3763 genere
3369 3687 3632 3744 medicari
3690 3687 3909 3742 feruntur

2341 3792 2606 3864 agricolzc,
2664 3799 2721 3844 ut
2762 3806 2828 3845 ex
2867 3787 3067 3842 amaris
3114 3783 3304 3840 dulces
3346 3783 3473 3838 [iant
3517 3779 3744 3848 fructus,
3790 3788 3840 3832 ut
3864 3786 3906 3830 ct

2343 3887 2616 3942 terebrent
2638 3884 2756 3955 ejus
2788 3881 3027 3938 radicem
3055 3882 3267 3936 aiboris
3289 3921 3304 3947 ,
3346 3889 3399 3934 et
3435 3877 3488 3932 in
3523 3877 3760 3933 medium
3789 3877 3903 3929 insc-

2341 3994 2458 4036 raut
2490 3977 2767 4033 surculum
2797 3975 2914 4046 ejus
2938 3973 3152 4028 arboris
3181 3987 3341 4044 quam
3372 3969 3547 4026 Graeci
3584 3971 3798 4036 πεύκην,
3828 3980 3903 4020 nos

2340 4075 2547 4146 piceam
2574 4068 2844 4132 dicimus;
2878 4082 2988 4138 quo
3018 4065 3160 4122 facto
3185 4063 3331 4122 succi
3357 4063 3671 4119 amaritudo
3699 4060 3899 4134 deponi-

2345 4175 2450 4220 tur.
2475 4162 2617 4233 Ergo
2639 4162 2683 4215 si
2707 4157 3033 4233 agricultura
3055 4158 3327 4213 convertit
3348 4155 3598 4227 stirpium
3626 4155 3901 4226 qualitates,

2351 4271 2531 4312 nonne
2559 4253 2733 4308 studia
2770 4252 3054 4316 doctrinrc,
3095 4261 3150 4305 et
3190 4249 3493 4317 disciplina:
3529 4249 3757 4304 attentio
3790 4245 3904 4303 miti-

2340 4364 2470 4422 gare
2494 4356 2716 4420 p0ssunt
2747 4356 2768 4384 ε
2799 4342 3068 4416 quaslibet
3087 4342 3435 4414 :rgrituilines
3461 4341 3801 4413 passionum?
3820 4337 3903 4412 56

2344 4443 2514 4500 Nemo
2534 4458 2662 4509 ergo
2681 4439 2888 4512 positus
2911 4438 2992 4493 vel
3011 4438 3061 4491 in
3076 4434 3461 4492 adolescentia:
3477 4435 3558 4490 vel
3575 4435 3902 4506 intemperan-

2344 4541 2432 4594 tia:
2460 4539 2690 4604 lubrico,
2721 4535 2789 4591 de
2818 4536 2902 4589 sui
2932 4534 3290 4590 conversione
3318 4532 3593 4604 desperet.
3623 4531 3787 4604 Ligna
3813 4529 3900 4602 ple-

2345 4647 2570 4701 rtintque
2593 4629 2646 4684 in
2680 4625 2936 4683 meliores
2969 4635 3254 4682 vertuntur
3281 4641 3409 4682 usus
3437 4665 3453 4693 ,
3484 4635 3541 4681 et
3580 4641 3686 4682 non
3714 4632 3903 4697 possunt

560 4740 566 4745 -
641 4729 835 4771 sensus
873 4716 1267 4785 perlunctiouis
1299 4715 1618 4784 infunditur,
1654 4727 1707 4773 et
1733 4721 1954 4789 expetiti
1977 4722 2238 4776 concubi-
2263 4719 2318 4782 D
2344 4725 2619 4781 hominum
2650 4722 2812 4778 corda
2851 4721 3088 4777 mutari?

646 4821 729 4865 tus
755 4808 926 4881 gratia
961 4818 1404 4880 reprazsentatur.
1429 4811 1549 4880 Quo
1576 4828 1801 4868 munere
1824 4813 2022 4868 donata
2049 4831 2238 4872 rursus

605 4893 610 4896 ’
643 4906 895 4976 erigitur,
925 4915 978 4960 et
1007 4905 1187 4960 elevat
1212 4920 1393 4961 ramos
1419 4921 1570 4974 suos,
1593 4915 1648 4963 et
1678 4907 1732 4963 in
1765 4918 2010 4965 veterem
2038 4920 2236 4966 statum

641 5012 855 5054 comam
884 5005 1036 5055 suain
1075 5013 1263 5054 rursus
1297 5000 1518 5056 attollit.
1558 4999 1632 5057 De
1661 4999 1765 5058 ﬂcu
1799 5019 2014 5074 quoque
2042 5006 2237 5061 eadem

641 5094 828 5165 opinio
856 5101 960 5149 est.
994 5089 1227 5162 Ideoque
1269 5093 1515 5167 plerique
1551 5097 1847 5154 secundum
1881 5097 2238 5156 domesticam

645 5195 701 5244 et
749 5187 1085 5243 fructiferam
1137 5186 1300 5243 ﬁcum
1338 5200 1608 5259 agrestem
1656 5190 1944 5247 ficulneam
1993 5191 2241 5249 feruntur

650 5280 894 5337 inserere
918 5322 932 5346 ,
961 5295 1030 5335 eo
1058 5281 1201 5350 quod
1231 5281 1339 5334 cito
1373 5280 1583 5337 fructus
1616 5281 1860 5338 fecundae
1886 5283 2035 5340 illius
2062 5298 2116 5341 et
2145 5287 2243 5342 do.

639 5375 880 5430 mrsticm
922 5369 1058 5428 ﬁcus
1089 5372 1172 5427 vel
1219 5387 1350 5427 aura
1395 5374 1584 5428 tentati
1616 5373 1816 5445 aliqua,
1858 5376 1944 5430 vel
1985 5389 2118 5432 aestu
2149 5377 2244 5436 de-

646 5463 817 5522 ﬂuere
847 5467 1090 5522 ferantur
1117 5465 1169 5519 in
1201 5477 1422 5521 terram.
1469 5465 1624 5521 Unde
1651 5469 1804 5536 gnari
1835 5466 1995 5540 hujus
2021 5474 2245 5529 remedii

715 5629 744 5659 ι
785 5622 900 5699 llpc
943 5633 1024 5699 est
1058 5665 1074 5690 ,
1117 5623 1318 5699 rustici.
1369 5619 1436 5674 Et
1475 5633 1550 5699 ea‘
1579 5619 1833 5699 loquendi
1877 5621 2048 5699 forma
2083 5631 2248 5699 petita

645 5700 730 5747 est
753 5710 780 5745 a
813 5689 1068 5766 Cra-cis,
1088 5695 1228 5763 apud
1258 5705 1395 5763 quos
1421 5689 1606 5766 παῖδες
1631 5693 1904 5766 φιλοσόφων
1931 5689 2252 5758 idem-sonat

662 5778 727 5816 ac
771 5764 1062 5838 90.66990“
1114 5769 1362 5838 illinto__el
1399 5765 1541 5838 apud
1585 5763 1838 5818 llt‘himtis
1865 5767 2003 5835 [ilius
2033 5770 2253 5828 hominis

657 5851 759 5911 pro
787 5835 1001 5911 iit-lliitic
1023 5849 1170 5904 saepe
1199 5852 1249 5911 in
1276 5835 1394 5888 νει.
1424 5835 1774 5892 Testamento
1799 5843 2033 5911 ponitur,
2063 5851 2117 5900 et
2146 5843 2253 5903 alia

651 5909 961 5983 hujusmodi
984 5916 1207 5966 estita-nt
1234 5909 1374 5968 bene
1395 5911 1587 5964 multa.

2419 4819 2510 4875 57.
2541 4816 2832 4872 Docuimus
2859 4831 2965 4870 non
2997 4813 3171 4868 solum
3202 4814 3344 4869 inter
3372 4811 3575 4868 diversi
3607 4811 3811 4883 generis
3835 4824 3900 4864 ar-

2345 4912 2506 4969 bores
2534 4926 2655 4966 esse
2686 4909 2953 4966 fructuum
2977 4907 3320 4964 diversitates
3344 4949 3358 4972 ,
3403 4905 3497 4961 sed
3543 4903 3900 4977 pleruinquein

2348 5007 2537 5063 eadem
2561 5003 2742 5076 specie
2768 5003 3023 5058 arborum
3045 4992 3411 5074 compugnare
3438 5001 3538 5056 sibi
3569 4999 3786 5056 fructus.
3807 4998 3901 5054 Alia

2346 5104 2490 5156 enim
2527 5101 2738 5168 Species
2784 5096 3186 5163 masculorum,
3235 5095 3340 5152 alia
3392 5094 3740 5150 femineorum
3785 5092 3902 5148 fruc-

2348 5202 2496 5247 tuum
2525 5233 2540 5258 ,
2569 5192 2709 5247 sicut
2737 5188 2804 5244 de
2835 5188 3063 5260 dactylis
3085 5203 3247 5259 supra
3285 5187 3540 5246 diximus.
3587 5187 3718 5254 Quis
3756 5197 3900 5240 autem

2348 5282 2518 5356 possit
2546 5279 3016 5351 comprehendere
3040 5280 3352 5334 varietatem
3378 5319 3395 5346 ,
3427 5279 3664 5348 speciem
3690 5279 3902 5349 gratiam-

2347 5393 2452 5449 que
2483 5389 2792 5448 pomorum,
2847 5371 3182 5444 singulorum
3233 5386 3446 5444 quoque
3478 5371 3752 5427 utilitatem
3788 5369 3900 5425 fruc-

2353 5484 2502 5531 tuum
2529 5509 2545 5538 ,
2573 5479 2970 5539 succorumque
3010 5465 3399 5538 proprietatem
3424 5507 3440 5533 ,
3486 5481 3607 5536 quae
3645 5465 3818 5537 cuique
3839 5465 3898 5519 rei

2425 5628 2454 5670 ι’
2495 5628 2652 5682 Rom.
2683 5623 2842 5681 edit.:
2875 5620 3326 5695 palmas-timeant
3353 5619 3591 5695 quietiam
3615 5620 3791 5674 semina
3811 5633 3898 5695 irie-

2355 5701 2636 5758 scularum.
2669 5697 2801 5752 Alia:
2847 5692 2902 5749 et
2952 5708 3084 5749 mss.
3139 5694 3379 5763 aliquot:
3419 5692 3704 5763 palmarum
3742 5692 3896 5744 mitias

2355 5771 2726 5828 masculorum.
2757 5772 2827 5821 At
2851 5781 2982 5821 mss.
3007 5765 3194 5820 decem
3217 5761 3435 5834 optima:
3459 5770 3620 5817 notae:
3649 5763 3892 5833 palmitum,

2352 5854 2462 5956 om;
2506 5913 2664 5981 Rom.
2691 5912 2821 5972 edit.
2855 5911 3000 5971 sola:
3045 5910 3292 5987 quaslibet
3329 5908 3620 5967 animarum
3655 5907 3888 5985 pastiones.

3889 388 4023 450 ί.οη
