4102 6360
204 343 318 403 181

1537 346 2045 409 HEXAEMEBON.
2065 350 2195 408 LIB.
2231 352 2320 409 Ill.

3486 355 3587 412 182

206 473 353 536 apta
380 465 716 524 videantur
739 510 756 536 ,
783 461 1241 536 quemadmodum
1283 461 1443 536 aegris
1467 462 1768 520 visceribus
1792 461 1890 518 ho-
1917 464 1970 526 Α
1998 463 2095 518 bus
2123 464 2419 521 videretur.
2457 466 2529 522 Ea
2567 476 2746 524 autem
2777 468 2915 523 ratio
2943 466 3154 523 videtur
3181 477 3392 523 servata
3435 477 3590 523 natu-

207 560 453 617 minum
512 561 810 618 amariora
859 573 1015 629 poma
1045 556 1393 613 medicentur
1417 599 1432 623 ,
1470 566 1524 611 et
1551 555 1889 612 inﬂationem

208 656 745 728 asperitatemque
788 651 1101 709 interiorem
1154 660 1498 720 temperent,
1541 650 1891 722 quemadmo-

212 748 362 805 dum
426 766 651 807 rursus
719 751 1006 804 ltumorum
1066 762 1258 815 aspera
1312 761 1594 814 pomorum
1644 744 1892 801 dulcibus

219 841 707 909 temperentur?
744 840 982 910 Denique
1013 853 1076 894 ea
1123 837 1390 892 medicina
1429 838 1722 908 antiquior,
1771 853 1892 908 quae

223 933 442 992 herbis
489 952 709 992 curare
748 935 1030 990 consuevit
1059 942 1114 988 et
1154 934 1363 998 succis;
1406 948 1506 988 nec
1546 932 1654 986 ulla
1685 932 1894 987 ﬁrmior

226 1032 480 1097 sanitas,
518 1046 700 1103 quam
738 1046 855 1101 qua:
891 1028 1200 1085 salubribus
1239 1026 1568 1086 reformatur
1595 1027 1889 1086 alimentis.

228 1122 408 1180 Unde
453 1124 778 1180 secundum
812 1131 1057 1178 naturam
1088 1121 1383 1185 docemur,
1416 1122 1542 1192 quia
1587 1120 1701 1176 sola
1733 1122 1893 1176 nobis

223 1229 367 1271 esca
405 1215 706 1271 medicina
749 1225 854 1271 est.
902 1213 1096 1268 lierbis
1123 1220 1273 1268 cette
1303 1212 1484 1267 ulcera
1526 1222 1712 1278 ajcrta
1744 1212 1892 1266 clau-

229 1307 487 1375 duntur,
521 1310 732 1366 herbis
759 1320 1018 1364 curantur
1040 1309 1272 1364 interna.
1301 1307 1535 1379 Ideoque
1557 1308 1891 1364 medicorum

233 1415 331 1463 est
378 1421 535 1476 Opus
583 1406 881 1462 herbarum
916 1413 1219 1478 potestates
1264 1419 1512 1462 noscere.
1561 1404 1700 1461 Hinc
1747 1407 1890 1462 enim

239 1499 528 1556 medendi
559 1515 700 1556 usus
729 1499 970 1554 inolevit.
1011 1510 1019 1520 '

884 1633 1114 1692 CAPUT
1157 1633 1299 1692 XIV.

250 1751 339 1808 De
383 1751 722 1822 simplicium
752 1765 1021 1823 pomorum
1049 1747 1374 1817 uibrantia,
1423 1747 1771 1817 foliorumque
1810 1746 1894 1802 di-

1991 571 2102 619 ras,
2149 567 2207 610 ut
2248 567 2301 611 et
2330 559 2501 614 solem
2552 559 2760 616 facilius
2815 559 3084 628 admittat,
3118 568 3170 615 et
3213 559 3458 615 umbram
3493 559 3592 614 ob-

1993 656 2165 703 texat.
2202 649 2439 721 Denique
2469 657 2747 722 procerius
2772 655 2946 710 media
2967 671 3086 724 pars
3113 655 3230 724 ejus
3254 655 3582 720 extenditur,

1991 751 2046 796 et
2075 743 2127 798 in
2156 744 2268 814 ipsa
2291 745 2599 802 summitate
2631 758 2900 814 tenuatur,
2935 757 2994 804 ιιι
3023 747 3140 817 plus
3167 747 3586 818 pulchritudinis

1993 853 2152 909 quam
2184 840 2476 910 tegumenti
2505 840 2778 910 pra-ierat.
2812 843 3023 898 Etenim
3060 852 3082 882 ο
3132 841 3301 898 bravii
3349 842 3586 912 speciem

1993 933 2205 986 videtur
2243 933 2520 1001 ellingere,
2549 931 2857 1000 signiﬁcans
2881 933 3023 1003 quod
3053 950 3150 988 uva
3179 934 3318 990 inter
3345 936 3586 1007 penden-

1995 1033 2074 1078 tes
2105 1031 2333 1078 ca~teros
2361 1024 2562 1078 fructus
2611 1022 2804 1081 habeat
2854 1028 3231 1098 principatum,
3279 1034 3367 1083 cui
3415 1034 3577 1083 tacito

1993 1115 2222 1188 quodam
2251 1116 2455 1187 judicio
2486 1128 2712 1181 natura»,
2741 1117 2833 1173 sed
2864 1119 3098 1174 evidenti
3125 1120 3326 1177 indicio
3356 1121 3588 1176 innasci-

1995 1220 2079 1263 tur
2109 1210 2316 1278 species
2364 1219 2419 1264 et
2464 1213 2825 1281 pra-rogativa
2870 1211 3129 1267 victt‘trim.
3179 1214 3376 1270 Secum
3427 1217 3587 1285 igitur

1995 1301 2159 1358 habet
2188 1301 2429 1357 bravium
2463 1319 2642 1368 suum,
2690 1318 2794 1374 quo
2825 1315 2879 1359 et
2913 1306 3187 1361 munimen
3233 1309 3332 1362 sibi
3378 1310 3590 1380 praebe-

1995 1407 2082 1453 tur
2129 1396 2415 1453 adversutn
2466 1397 2690 1468 injurias
2747 1399 2910 1465 aeris,
2969 1402 3279 1471 pariterque
3333 1402 3588 1458 imbrium

1993 1490 2328 1554 violentiam,
2360 1501 2414 1545 et
2463 1490 2905 1560 impedimentum
2941 1506 3047 1545 non
3079 1491 3304 1547 aﬂ‘crtur
3341 1494 3408 1547 ad
3455 1495 3594 1548 reci-

1996 1586 2250 1658 piendum
2283 1585 2414 1640 solis
2443 1585 2702 1652 calorem,
2733 1599 2840 1655 quo
2879 1583 3139 1656 tepefacta
3171 1586 3350 1655 alitur,
3380 1587 3594 1641 colora-

1996 1687 2104 1744 tur,
2150 1685 2393 1749 augetur.
2439 1674 2710 1732 Ficulnea:
2739 1693 2954 1748 quoque
2985 1675 3192 1744 folium,
3234 1693 3387 1747 aeque
3423 1693 3592 1748 prope

1995 1780 2054 1826 ut
2097 1772 2380 1841 pampinus
2407 1813 2422 1838 ,
2471 1770 2768 1840 quadrifida
2821 1767 3226 1824 interscinditur
3276 1768 3586 1824 divisione:

329 1845 596 1901 vanitate
618 1860 638 1900 :
681 1845 768 1900 ubi
795 1846 1052 1915 prccipuc
1079 1841 1144 1896 de
1183 1841 1458 1912 pampino,
1489 1849 1539 1895 et
1567 1839 1694 1912 {otio
1726 1839 1889 1910 ﬁcus;

2002 1839 2136 1935 quod
2167 1877 2234 1917 eo
2260 1861 2456 1916 clarius
2477 1839 2712 1926 videtur,
2755 1879 2862 1934 quo
2891 1862 3066 1932 majus
3094 1872 3177 1917 est
3204 1860 3388 1916 folium
3407 1904 3423 1927 ,
3454 1877 3585 1918 Sane

328 1937 512 2010 deque
543 1938 704 1994 uariis
728 1936 950 1993 aliorum
981 1935 1225 2006 foliorum
1253 1933 1456 2004 ﬁguris.

333 2050 432 2106 58.
480 2048 599 2107 Sed
631 2059 687 2104 ut
711 2047 780 2106 ad
818 2046 1086 2117 simplicia
1115 2062 1274 2118 poma
1304 2059 1624 2101 revocemus
1649 2044 1847 2117 stylum
1871 2085 1886 2112 ,

257 2141 373 2198 alia
408 2155 544 2197 sunt
595 2159 714 2215 qua:
755 2151 1068 2213 coquuntur
1107 2140 1223 2196 sole
1249 2180 1264 2204 ,
1308 2138 1412 2194 alia
1455 2155 1574 2210 quae
1606 2141 1758 2193 testis
1796 2145 1891 2194 aut

261 2234 584 2291 eorticibus
610 2235 788 2290 clausa
821 2235 1186 2304 complentur.
1222 2232 1357 2289 Mala
1387 2243 1437 2289 et
1471 2248 1598 2306 pyra
1621 2275 1634 2297 ,
1661 2248 1889 2290 uvarum

261 2343 496 2400 quoque
529 2345 730 2396 genera
762 2328 939 2384 omnia
975 2328 1115 2383 nuda
1143 2327 1355 2398 objecta
1387 2336 1512 2382 sunt
1541 2326 1685 2409 soli’:
1718 2333 1744 2363 ³
1789 2343 1888 2381 nu-

264 2421 349 2477 cis
377 2429 574 2478 autem
611 2437 661 2479 et
695 2423 903 2479 nucleze
929 2465 944 2490 ,
974 2422 1150 2477 nuclei
1184 2437 1401 2492 quoque
1435 2423 1637 2476 fructus
1668 2430 1723 2474 ct
1750 2428 1888 2475 testa

263 2525 505 2587 opertus
555 2526 608 2570 et
637 2518 874 2582 cortice,
904 2515 1067 2570 alitur
1096 2525 1273 2569 tamen
1308 2525 1362 2568 et
1393 2515 1509 2585 ipse
1548 2512 1732 2570 calore
1758 2513 1888 2569 solis

265 2619 446 2679 atque
480 2612 757 2675 nutritur;
787 2620 840 2665 et
869 2619 1128 2680 quantum
1162 2608 1336 2677 pinea:
1363 2607 1632 2662 densitate
1663 2608 1888 2664 nucleus

255 2701 664 2771 absconditur,
693 2713 903 2759 tantum
933 2703 1062 2758 solis
1091 2701 1274 2757 calore
1306 2701 1558 2756 nutritur.

331 2792 426 2848 59.
472 2793 702 2862 Quanta
747 2795 944 2852 deinde
991 2795 1204 2851 Domini
1255 2795 1590 2864 providentia
1624 2836 1639 2859 ,
1687 2802 1744 2848 ut
1797 2793 1888 2848 ubi

260 2885 498 2940 mollior’
549 2892 786 2954 (ructus,
838 2888 911 2942 ibi
962 2885 1076 2942 folii
1119 2885 1425 2941 crassitudo
1455 2885 1686 2940 validius
1729 2894 1885 2955 tegu-

267 2989 523 3033 mentum
585 2980 790 3033 tuendo
835 2977 1046 3034 deferat
1098 2993 1258 3047 ponto
1285 3018 1299 3041 ,
1354 2978 1496 3047 quod
1542 2976 1789 3031 videmus
1835 2977 1889 3030 in

272 3069 456 3127 frttctu
488 3073 764 3128 llculnem.
804 3050 1124 3127 Delicatiora
1163 3070 1347 3140 itaque
1394 3069 1744 3124 validioribus
1773 3068 1892 3123 mll-

277 3163 485 3219 nienda
526 3173 690 3230 sunt,
723 3173 779 3219 ut
813 3173 867 3219 et
897 3163 1011 3233 ipse
1042 3176 1257 3233 quoque
1285 3162 1544 3216 Dominus
1576 3177 1673 3230 per
1702 3160 1889 3216 Hiere-

1995 1971 2098 2009 nou
2132 1953 2204 2009 ita
2241 1963 2296 2008 ut
2330 1954 2614 2024 pampinus
2655 1953 2740 2009 vel
2785 1970 2877 2008 ora
2925 1954 3094 2017 omni,
3141 1954 3224 2009 vel
3283 1953 3592 2010 summitate

1993 2047 2273 2118 crispanti.
2321 2046 2473 2102 Sicut
2513 2047 2656 2102 enim
2709 2046 2762 2100 itt
2796 2046 3040 2102 ﬁculnea:
3100 2045 3228 2100 folio
3285 2046 3590 2102 crassitudo

1993 2142 2240 2207 validior,
2273 2142 2346 2197 ita
2393 2139 2444 2196 in
2480 2141 2732 2212 pampino
2768 2147 2979 2211 species
3022 2141 3343 2212 elegantior.
3378 2141 3590 2196 Crassi-

1995 2235 2123 2289 tudo
2166 2237 2326 2303 igitur
2353 2232 2465 2288 lolii
2513 2233 2722 2303 prolicit
2750 2233 2816 2287 ad
2850 2236 3187 2303 tempestatis
3222 2235 3472 2304 injuriam
3504 2250 3591 2288 rc-

1993 2326 2304 2398 pellendant
2325 2370 2339 2392 ,
2367 2326 2643 2383 itttercisio
2675 2326 2740 2381 ad
2774 2327 2980 2381 fructus
3002 2329 3229 2397 gratiam
3266 2325 3586 2396 vaporandi.

1991 2419 2236 2491 Denique
2267 2421 2369 2475 ltoc
2394 2436 2563 2491 genus
2595 2419 2737 2490 pomi
2764 2420 3081 2491 grandinem
3112 2437 3217 2476 non
3243 2419 3372 2484 cito,
3415 2430 3591 2476 matu-

1993 2515 2204 2570 ritatem
2239 2515 2346 2568 cito
2377 2515 2575 2577 sentit;
2599 2514 2722 2585 quia
2756 2524 2812 2569 et
2848 2513 3019 2569 latere
3049 2513 3261 2571 videtur
3301 2520 3587 2571 adversum

1995 2607 2243 2678 injurias,
2275 2619 2327 2663 et
2357 2618 2539 2678 patere
2569 2609 2632 2662 ad
2659 2607 2908 2678 gratiam.

2065 2699 2154 2756 6|.
2215 2700 2353 2767 Quid
2410 2716 2512 2771 ego
2568 2699 2818 2755 fobomm
2883 2700 3188 2757 describam
3248 2700 3591 2758 diversitates

1990 2795 2440 2864 quemadmodum
2471 2795 2574 2848 alia
2607 2798 2856 2862 rutunda,
2889 2796 2991 2850 alia
3013 2795 3279 2865 longiora,
3308 2794 3410 2849 alia
3438 2794 3590 2850 ﬂexi-

1994 2888 2141 2953 bilia,
2197 2887 2300 2941 alia
2354 2888 2606 2959 rigidiora
2662 2890 2790 2954 sint,
2835 2889 2939 2944 alia
2993 2890 3154 2944 nullis
3209 2888 3366 2944 facile
3419 2889 3595 2945 ventis

1992 2980 2229 3034 labentia
2250 3021 2264 3046 ,
2297 2979 2397 3034 alia
2429 2996 2550 3050 qum
2578 2980 2680 3036 levi
2714 2991 2860 3036 motu
2890 2982 3230 3038 decutiantur
3261 2981 3554 3037 aurarum?

2598 3115 2826 3174 CAPUT
2869 3116 2985 3174 XV.

279 3260 448 3314 miam
492 3259 654 3314 ducet
675 3299 688 3322 ,
720 3231 946 3314 dicens:
1002 3255 1030 3296 δ
1062 3231 1227 3314 VSicut
1257 3257 1385 3326 ﬁcus
1411 3258 1536 3310 istas
1563 3255 1720 3310 bonas
1749 3272 1893 3310 reco-

2002 3231 2274 3301 Stupcitda
2322 3249 2469 3304 aqua:
2508 3233 2820 3288 diuersitas!
2867 3233 2998 3288 Inde
3028 3244 3074 3288 ct
3107 3236 3366 3304 fructuum
3405 3237 3493 3307 qui
3529 3253 3592 3292 ea

281 3360 534 3416 gnoscam
575 3344 859 3399 translatos
893 3340 1037 3396 Juda
1059 3380 1075 3408 ,
1115 3358 1242 3411 quos
1271 3341 1418 3396 emisi
1447 3339 1514 3394 de
1555 3341 1668 3395 loco
1707 3341 1806 3395 isto
1839 3342 1894 3396 in

283 3445 480 3490 terram
499 3433 866 3490 Chaldaeorum
890 3434 945 3488 in
967 3435 1124 3498 bona,
1143 3445 1190 3487 et
1216 3434 1534 3500 conﬁrmabo
1553 3432 1729 3487 oculos
1755 3449 1896 3488 meos

285 3543 445 3600 super
468 3529 584 3584 illos
605 3533 658 3582 in
683 3529 812 3583 bona
830 3526 1168 3597 (Hier.xxtv,
1192 3526 1272 3599 5).
1313 3526 1609 3597 Tamquam
1631 3525 1895 3582 delicatos

287 3622 435 3676 enim
492 3623 638 3677 velut
664 3620 896 3691 quodam
939 3619 1327 3675 mi~ericordite
1367 3632 1484 3674 suae
1526 3620 1774 3674 validiori
1813 3635 1894 3675 se-

291 3713 399 3785 psit
432 3715 666 3786 tegmine
688 3755 702 3779 ,
747 3729 815 3768 ne
859 3714 1031 3770 teneri
1059 3712 1266 3768 fructus
1296 3712 1561 3768 maturius
1583 3712 1891 3769 interirent.

291 3807 538 3878 Denique
573 3807 642 3863 de
668 3807 802 3878 ipsis
835 3807 1002 3862 etiam
1038 3807 1089 3861 itt
1124 3806 1519 3877 posterioribus
1548 3807 1720 3862 dicit:
1752 3805 1895 3861 Deli-

292 3902 397 3956 cati
429 3901 528 3956 mei
571 3902 961 3956 ambulauerunt
1003 3902 1110 3955 vias
1147 3918 1358 3972 asperas
1391 3901 1634 3973 (Rarum,
1666 3919 1740 3969 tv,
1770 3902 1889 3973 26).

293 3993 511 4062 Quibus
533 3994 672 4048 infra
699 3994 776 4049 alt
799 4011 812 4047 :
843 3991 1150 4050 Constatura
1173 4005 1327 4049 estote
1355 3995 1475 4064 lilii,
1506 4002 1555 4048 ct
1582 3995 1800 4050 clamate
1826 3995 1894 4048 ad

295 4082 466 4140 Deum
497 4085 692 4157 (Ibid.,
730 4085 857 4158 27).
895 4085 1008 4142 Hoc
1037 4088 1180 4142 enim
1212 4088 1384 4142 solum
1415 4088 1676 4142 adversus
1705 4103 1896 4145 omnes

295 4179 568 4248 procellas
594 4188 753 4248 atque
777 4178 1000 4247 injurias
1027 4177 1338 4234 inviolabile
1371 4189 1588 4252 tegmen
1611 4222 1625 4244 ,
1656 4181 1898 4249 impene-

295 4272 488 4329 trahite
523 4272 918 4328 munimentum
943 4281 1048 4328 est.
1077 4271 1177 4329 Ubi
1201 4287 1335 4344 ergo
1362 4273 1536 4329 teneri
1561 4275 1790 4339 fructus,
1823 4273 1897 4328 ibi

293 4370 565 4425 crassiora
615 4366 849 4436 tegmina
895 4375 951 4420 et
993 4368 1323 4422 munimenta
1374 4366 1649 4423 foliorum.
1693 4364 1894 4422 Contra

291 4472 486 4515 autem
512 4457 598 4514 ubi
623 4458 828 4514 fructus
848 4459 1156 4523 validiores,
1177 4459 1281 4532 57
1303 4460 1371 4514 ibi
1389 4459 1656 4515 teneriora
1673 4459 1820 4524 iulia,
1839 4469 1898 4516 ut

289 4551 479 4607 malus
510 4551 673 4607 arbor
692 4551 870 4607 docet.
902 4552 1127 4609 anutn
1158 4555 1304 4608 enim
1331 4553 1560 4608 validius
1590 4570 1695 4609 non
1727 4555 1898 4609 multo

2072 3325 2398 3389 nutriuntur,
2443 3323 2732 3392 diﬁcrcntia
2775 3326 3037 3391 nascitur;
3077 3335 3128 3381 et
3165 3328 3472 3382 stillantimtt
3525 3344 3591 3383 tl

2069 3416 2337 3472 arboribus
2360 3416 2708 3489 lacrymarunt
2746 3419 3093 3488 discrepantia
3124 3437 3145 3474 :
3171 3422 3354 3491 quibus
3378 3438 3592 3477 accures
3641 3452 3652 3458 -

2069 3509 2213 3564 tiaris
2251 3512 2675 3580 perscrutationis
2701 3514 2961 3567 excusatio
2990 3514 3336 3584 subjungitur.

2068 3621 2157 3678 ϐξ.
2199 3624 2576 3695 inexplicabile
2614 3635 2697 3680 est
2725 3626 3056 3697 singularum
3086 3643 3267 3683 rerum
3307 3629 3592 3700 exquirere

1997 3718 2135 3773 velle
2166 3721 2542 3790 proprietates.
2575 3729 2630 3774 et
2671 3721 2754 3775 vel
2801 3721 3145 3776 diversitates
3185 3737 3374 3778 earum
3420 3723 3592 3778 mani-

1999 3809 2128 3864 lesta
2162 3809 2535 3866 testiﬁcatione
2562 3811 2913 3885 distinguere.
2948 3815 3033 3869 vel
3066 3815 3295 3870 latentes
3321 3818 3593 3872 occultas-

1996 3918 2100 3973 que
2139 3917 2330 3957 causas
2363 3904 2796 3960 indelicientitins
2825 3907 3036 3975 aperire
3078 3906 3439 3962 documentis.
3473 3907 3592 3964 Una

1998 4011 2191 4066 nempe
2213 4005 2372 4067 atque
2400 3998 2588 4052 eadem
2617 4009 2698 4053 est
2727 4014 2885 4068 aqua,
2921 4010 2974 4053 et
3001 4000 3052 4053 in
3083 3999 3326 4054 diversas
3353 4001 3594 4070 plerum-

1999 4105 2104 4158 que
2145 4105 2265 4144 sese
2294 4099 2465 4144 mutat
2491 4091 2738 4160 Species:
2767 4103 2859 4146 aut
2891 4092 3030 4146 inter
3060 4105 3254 4148 arenas
3295 4091 3428 4147 ﬂava
3451 4135 3464 4158 ,
3505 4099 3600 4149 aut

2001 4181 2141 4236 inter
2186 4191 2371 4237 cautes
2402 4198 2644 4252 spuntea,
2679 4190 2775 4263 aut
2818 4183 2958 4238 inter
2999 4197 3221 4239 nemora
3253 4185 3592 4254 viridantior,

2003 4283 2093 4327 aut
2128 4272 2268 4328 inter
2297 4273 2582 4330 tlorulenta
2621 4273 2878 4342 discolor,
2911 4285 3004 4330 aut
3043 4276 3183 4331 inter
3222 4275 3330 4332 lilia
3383 4277 3597 4348 fulgeno

2003 4367 2128 4433 tior,
2157 4377 2247 4422 aut
2275 4369 2412 4423 inter
2434 4383 2587 4424 rosas
2614 4369 2943 4435 rutilantior,
2975 4379 3066 4424 aut
3091 4369 3143 4424 in
3172 4369 3411 4441 gramine
3439 4369 3598 4442 liqui-

2001 4459 2142 4526 dior,
2180 4464 2354 4516 autin
2399 4462 2592 4532 palude
2618 4461 2907 4528 turbidior,
2937 4465 3105 4517 autin
3135 4464 3280 4518 fonte
3324 4463 3599 4534 perspica-

2001 4553 2133 4621 cior,
2167 4567 2260 4610 aut
2293 4555 2344 4610 in
2389 4555 2523 4610 mari
2554 4555 2866 4620 obscurior,
2896 4567 3176 4627 assumpto
3213 4558 3454 4612 locorum
3481 4557 3600 4628 qui-

291 4643 505 4716 indiget
533 4645 889 4716 protectionis
918 4645 1159 4710 auxilio;
1213 4662 1335 4700 nam
1379 4645 1493 4716 ipsa
1545 4646 1898 4717 protectionis
1930 4663 1974 4723 υ
2007 4650 2107 4705 bus
2131 4649 2307 4704 inuit
2333 4651 2536 4715 colore,
2565 4649 2828 4705 decurrit.
2851 4649 3108 4721 Rigorem
3131 4665 3350 4722 quoque
3374 4650 3484 4720 pari
3512 4665 3600 4704 ra—

293 4739 584 4795 crassioris
610 4740 797 4794 umbra
835 4753 993 4810 pomo
1022 4753 1220 4794 nocere
1249 4740 1365 4806 plus
1396 4746 1598 4808 posset.

365 4832 465 4890 60.
511 4833 750 4903 Denique
799 4833 991 4888 doceat
1043 4849 1139 4887 nos
1188 4833 1472 4904 pampinus
1522 4847 1731 4890 natura:
1775 4850 1897 4905 gra-

299 4930 420 4985 tiam
446 4971 464 4996 ,
495 4939 550 4985 et
575 4929 769 4985 divinae
795 4931 1074 5001 sapientia:
1094 4929 1304 4984 interna
1335 4933 1612 5004 mysteria.
1644 4931 1901 4986 Videmus

299 5025 444 5079 enim
489 5024 558 5078 ita
589 5025 818 5080 scissum
863 5033 1026 5096 atque
1055 5025 1307 5089 divisum,
1357 5038 1415 5080 ut
1445 5026 1604 5079 trium
1648 5024 1899 5080 foliorum

300 5117 540 5188 speciem
571 5117 814 5174 videatur
844 5117 1169 5174 Ostendere:
1197 5118 1269 5172 ita
1301 5133 1423 5189 pars
1449 5118 1622 5172 media
1652 5119 1900 5173 diStincta

303 5218 398 5276 est,
436 5221 496 5266 ut
525 5211 626 5266 nisi
657 5210 1004 5268 inferioribus
1036 5211 1286 5278 haereret,
1325 5222 1575 5281 separata
1603 5212 1900 5280 spectanti-

371 5391 399 5422 ι
444 5379 696 5448 Antiquze
730 5379 898 5442 edit.,
932 5378 1078 5432 nucis
1103 5385 1304 5441 autem,
1342 5385 1390 5448 et
1431 5375 1596 5439 node,
1626 5375 1895 5446 nucleique

309 5459 534 5527 fructus,
563 5447 608 5506 et
641 5460 1001 5530 testa-apertus
1029 5459 1075 5502 et
1103 5451 1291 5531 cortice
1317 5447 1496 5507 alitur.
1527 5457 1695 5500 tamen
1715 5456 1760 5501 et
1788 5449 1896 5571 ἕξω

311 5529 484 5571 rnlnre
507 5524 628 5571 solis
651 5530 896 5571 nascmtr.
917 5529 1068 5571 atoue
1096 5529 1335 5571 nulrtlttr.
1369 5517 1488 5571 Vat.
1522 5520 1642 5571 Cod.
1672 5535 1776 5571 ttttn
1840 5536 1894 5569 ιι-

311 5517 484 5582 ἓαιονε
507 5524 628 5578 solis
651 5524 896 5583 nascitur,
917 5529 1068 5588 atque
1096 5520 1335 5573 nutritur.
1369 5517 1488 5572 Vat.
1522 5520 1642 5572 cod.
1672 5535 1776 5572 non
1799 5517 1894 5571 ha-

314 5598 436 5652 bet:
481 5605 528 5648 ct
560 5597 692 5649 node
723 5591 1014 5656 nueteique.
1043 5591 1196 5644 Rom.
1233 5591 1362 5644 edit.
1393 5607 1405 5642 ε
1441 5592 1588 5643 nucis
1617 5599 1790 5642 autem
1819 5589 1895 5656 pi-

317 5683 446 5733 nea,
482 5668 777 5733 nncnlwqtte
809 5667 1007 5731 fructus
1039 5672 1082 5717 et
1122 5670 1248 5715 testu
1288 5671 1494 5731 opertus
1524 5674 1566 5714 et
1595 5662 1782 5733 cortice
1805 5659 1903 5712 ali-

325 5732 438 5805 tur,
458 5747 623 5791 tamen
647 5732 700 5790 et
725 5739 834 5804 ipse
863 5737 1036 5805 calore
1056 5734 1177 5786 solis
1197 5748 1335 5799 teque
1362 5742 1602 5805 nutritur.
1630 5732 1754 5784 Mss.
1791 5746 1909 5799 par-

325 5803 444 5876 tim,
469 5823 624 5863 ttuccs
650 5803 818 5862 autem
837 5819 855 5872 ;
877 5803 1094 5875 partim,
1115 5809 1260 5862 nucis
1280 5812 1482 5868 autem;
1511 5804 1716 5873 reliqua
1733 5811 1793 5856 ut
1817 5816 1916 5857 nos

326 5884 376 5946 in
413 5890 585 5941 textu.

2005 4745 2148 4799 tione
2177 4753 2492 4807 eomntutat,
2518 4750 2576 4797 ιιι
2598 4749 2733 4798 inter
2756 4742 2865 4816 58
2878 4744 3187 4813 vaporantia
3211 4743 3436 4812 ferveat,
3460 4743 3601 4798 inter

2007 4839 2260 4892 umbrosa
2292 4838 2563 4906 frigescat,
2595 4839 2708 4892 sole
2731 4853 3042 4907 repercussa
3067 4845 3352 4904 estestuet,
3385 4836 3603 4894 nivibus

2008 4929 2225 5000 irrigata
2272 4929 2482 4999 glaciali
2527 4929 2754 4984 hutnore
2810 4926 3078 4984 canescat.
3135 4926 3602 4997 Quemadmodum

2008 5033 2186 5075 autem
2219 5036 2382 5091 sapor
2409 5021 2527 5091 ejus
2559 5022 2674 5091 ipse
2702 5022 3050 5086 convertitur,
3079 5028 3139 5073 ut
3165 5035 3306 5073 nunc
3335 5018 3603 5086 asperior,

2009 5129 2153 5169 nunc
2194 5115 2461 5181 amarior,
2497 5130 2639 5172 nunc
2681 5115 3080 5178 Veltetnentior,
3114 5128 3259 5167 nunc
3304 5110 3606 5177 austerior,

2012 5221 2152 5263 nunc
2177 5207 2385 5262 dulcior
2415 5222 2512 5278 pro
2533 5209 2834 5279 specierum
2856 5206 3051 5278 quibus
3074 5203 3248 5258 infusa
3275 5197 3441 5256 fuerit
3469 5213 3609 5268 quas

2067 5373 2095 5414 δ
2137 5374 2294 5430 Rom.
2321 5373 2475 5429 edit.:
2516 5372 2664 5428 Sicut
2695 5371 2824 5441 ficus
2857 5371 2973 5424 ista:
3020 5367 3192 5430 bene,
3246 5363 3320 5416 sic
3357 5374 3618 5432 recogito.

1995 5465 2156 5504 scam.
2187 5456 2292 5502 etc.

2072 5501 2310 5594 ἐϐίωσε
2333 5517 2600 5594 eaeeae:
2642 5526 2839 5594 90'0"“
2883 5523 2979 5594 SE“
3000 5503 3260 5594 1⁵91³1ῗὲ
3304 5501 3617 5594 liii???"

1999 5573 2237 5645 Dabatut-
2286 5573 2464 5640 atit'ent
2538 5573 2664 5639 illud
2715 5598 2744 5635 e
2790 5579 2954 5632 ramis
2999 5574 3263 5645 variarum
3315 5573 3615 5645 arborum,

2006 5643 2234 5728 quarunt
2265 5661 2458 5725 aliqua:
2489 5648 2909 5728 οιιιυδυρθςίοιξὶ)
2943 5661 3089 5727 εξηίιιο
3135 5643 3620 5728 δῦνεθλνίξθθηίυτο

2014 5677 2234 5728 “unum.
2265 5669 2458 5725 aliqua}
2489 5669 2909 5774 Cu'j.SUJ)er|0l:l,
2943 5669 3089 5727 tium.
3135 5669 3620 5731 UJ,.C.\PIICijl|lur.

2014 5732 2226 5786 Vidests
2249 5730 2544 5783 Lai-ianum
2571 5729 2622 5779 in
2714 5720 2806 5773 iul.
2876 5725 3199 5788 Λναχαρσιςν
3221 5736 3250 5772 η
3272 5716 3392 5786 περὶ
3413 5735 3622 5785 γυμνα-

2020 5809 2169 5870 σιων,
2199 5812 2256 5856 et
2280 5801 2432 5853 alios.
