4102 6360
546 219 654 278 185
1889 219 2137 278 SANCTI
2178 221 2502 280 AMBROSII
3799 228 3894 284 18b

538 337 694 393 litate
747 335 1020 392 varietur?
1071 338 1369 410 Asperatur
1423 335 1886 394 immaturioribus
1931 336 2130 404 succis,
2161 341 2212 400 Α
2237 352 2470 408 cumque
2494 347 2620 395 sunt
2645 337 2962 395 abscondita
2993 340 3390 412 etimprovisa,
3427 339 3585 396 sicut
3612 341 3892 411 scriptam

540 439 704 488 tunso
731 432 934 489 cortice
977 432 1148 495 nucis,
1180 431 1434 502 foliisque
1473 433 1752 499 contritis,
1797 433 2036 489 amarior
2079 432 2140 487 fit
2246 443 2328 491 est
2357 433 2446 507 (ΙΙΙ
2473 432 2630 507 Reg.,
2656 450 2731 500 tv,
2762 435 2876 503 35),
2899 450 3021 506 qua:
3044 450 3142 491 nec
3164 435 3232 490 ab
3259 435 3383 504 ipso
3402 444 3600 492 tamen
3621 437 3896 493 nianifes-

537 524 834 590 absinthio,
888 526 1010 579 vino
1054 527 1448 592 vehementior,
1480 528 1750 582 austerior
1778 525 1920 580 alliis
1952 544 1964 579 :
2017 540 2141 596 gra-
2246 536 2354 582 tata
2399 527 2734 597 produntur;
2783 536 2839 583 ut
2869 527 2997 583 milii
3027 527 3277 583 videatur
3304 529 3563 598 potuisse
3596 545 3736 584 eum
3781 530 3894 584 dis-

533 620 707 672 vescit
735 631 962 682 veneno,
989 618 1148 674 melle
1179 619 1462 676 dulcescit.
1499 618 1555 675 Si
1587 634 1716 674 vero
1742 618 1791 673 ei
1824 618 2136 684 lentiseum,
2245 634 2433 692 putare
2474 621 2543 676 de
2569 621 2928 692 virgultorum
2967 621 3284 692 generibus,
3334 637 3447 677 non
3503 622 3775 692 potuisse
3819 632 3892 677 ta-

530 711 828 770 terebinthi
876 726 1088 782 quoque
1143 710 1371 778 fructus,
1435 711 1518 766 vel
1544 709 1697 765 nucis
1748 709 1973 765 interior
2017 724 2140 778 pars

529 805 842 866 misceatur.
867 806 919 861 in
949 805 1051 861 olei
1081 806 1300 861 mollem
1329 816 1578 861 naturam
1616 803 1776 861 facile
1807 804 2137 860 transfundi-

529 909 636 956 tur.
681 899 814 954 Cum
853 900 922 954 sit
947 909 1127 956 autem
1173 899 1334 954 altrix
1368 899 1610 954 omnium
1642 897 2024 966 virgultorum,
2053 896 2140 953 di-

526 1009 718 1050 versos
748 995 978 1065 singulis
1009 1009 1138 1050 usus
1171 993 1463 1049 ministrat.
1490 992 1548 1049 Si
1571 1001 1595 1028 ι·
1616 991 1827 1047 radices
1858 992 2025 1046 alluat
2055 992 2140 1048 vel

523 1089 756 1146 nubibus
787 1089 905 1144 fusa
934 1088 1252 1152 descendat,
1282 1087 1548 1143 discretas
1577 1088 1670 1140 dat
1698 1086 1952 1141 omnibus
1975 1086 2137 1153 vires,

520 1185 764 1242 radicem
801 1183 1123 1253 impingunt.
1169 1181 1451 1236 caudicem
1505 1179 1780 1252 provehit,
1815 1195 1994 1236 ramos
2039 1179 2139 1236 dif-

407 1301 422 1316 ν
519 1277 729 1341 fundit,
761 1277 888 1332 folia
921 1278 1196 1332 virescere
1227 1275 1384 1340 facit,
1416 1273 1446 1313 ι’
1476 1274 1744 1330 fructuum
1773 1276 1872 1330 alit
1899 1275 2135 1340 semina,

521 1386 746 1442 pornum
779 1383 978 1439 augere
1021 1370 1332 1423 consuevit.
1366 1367 1510 1438 Ergo
1547 1383 1670 1422 cum
1702 1367 1892 1422 eadem
1927 1368 1995 1423 sit
2021 1383 2134 1421 om-

522 1467 672 1520 nium
717 1465 921 1526 nutrix,
955 1463 1059 1517 alia
1093 1463 1347 1518 arborum
1396 1477 1598 1532 genera
1643 1461 1909 1516 tristiores
1957 1459 2139 1516 ferunt

521 1573 742 1622 succos,
775 1557 878 1610 alia
909 1555 1206 1621 dulciores,
1245 1555 1348 1610 alia
1376 1553 1580 1619 tardos,
1623 1553 1726 1607 alia
1757 1561 2133 1623 prmmaturos.

523 1653 663 1724 ipse
691 1667 908 1722 qucque
939 1650 1082 1705 inter
1110 1665 1170 1704 se
1195 1649 1505 1720 diScrepant
1532 1647 1818 1702 suavitate.
1863 1645 1982 1700 Alia
2006 1660 2134 1700 sua-

2245 730 2370 772 men
2403 715 2615 787 plenius
2650 723 2673 751 ε
2700 729 2891 771 omnes
2919 724 3183 772 creatum:
3210 715 3498 786 explicare
3529 717 3820 772 rationes.

2775 853 2882 926 59
2909 851 3140 909 CAPUT
3178 850 3318 908 xvr.

2247 967 2518 1035 Quomodo
2551 967 2620 1022 ad
2645 985 2816 1022 uocem
2856 966 3062 1021 Domini
3100 969 3268 1021 subito
3308 983 3462 1023 omne
3514 967 3885 1040 virgultorum

2316 1078 2476 1135 genus
2532 1062 2858 1131 efﬂorescens
2905 1061 3115 1124 uictum,
3169 1060 3388 1114 del'cias
3439 1078 3505 1114 ac
3551 1062 3880 1116 medicinas

2315 1155 2704 1209 ministraverit.
2742 1153 2854 1219 Quo
2881 1155 3035 1208 etiam
3063 1155 3213 1209 modo
3235 1155 3431 1224 planta
3453 1171 3641 1210 omnes
3676 1167 3777 1211 aut
3803 1173 3882 1209 se-

2314 1264 2462 1314 men,
2493 1257 2581 1302 aut
2629 1247 2826 1308 aliquid
2857 1248 2997 1317 quod
3028 1248 3234 1302 seminis
3265 1249 3426 1301 vicem
3469 1249 3774 1319 suppleat,
3830 1249 3879 1302 is

2318 1358 2373 1396 se
2414 1341 2656 1396 habeant.
2692 1339 2768 1394 De
2806 1357 2994 1414 magna
3046 1339 3137 1395 Dei
3166 1342 3351 1395 virtute
3399 1341 3456 1395 in
3488 1342 3767 1414 singulis;
3797 1341 3878 1394 ubi

2313 1437 2582 1507 speciatim
2611 1436 2673 1490 de
2702 1440 2855 1508 pinea
2883 1451 2944 1489 ac
2972 1435 3204 1506 myricis.

2315 1554 2407 1610 65.
2453 1553 2605 1624 Quod
2639 1554 2683 1609 si
2715 1553 2931 1623 irriguis
2960 1567 3220 1623 aquarum
3250 1552 3581 1624 plerumque
3623 1563 3686 1608 et
3719 1567 3874 1623 segeo

2242 1657 2326 1702 tes
2354 1647 2592 1702 lzetiores
2622 1657 2768 1713 sunt,
2795 1657 2850 1702 et
2879 1645 3080 1700 virides
3103 1645 3259 1711 fabzc,
3294 1655 3350 1701 et
3391 1646 3692 1701 hortorum
3724 1646 3862 1700 mul—

522 1745 662 1799 vitas
685 1753 770 1798 est
801 1744 852 1798 in
884 1743 1063 1801 vinea.
1094 1742 1198 1796 alia
1225 1741 1274 1795 in
1303 1741 1444 1802 olea.
1477 1740 1582 1796 alia
1622 1740 1673 1794 in
1702 1739 1928 1806 cerasis,
1953 1737 2059 1794 alia
2083 1738 2137 1794 in
2169 1747 2218 1808 Β
2245 1738 2407 1812 tiplex
2455 1740 2750 1794 suscitatur
2791 1747 2847 1794 et
2885 1739 3240 1795 resuscitator
3267 1741 3465 1809 gratia,
3494 1739 3541 1794 si
3575 1739 3864 1794 viridanti-

523 1839 655 1904 lleu,
687 1837 921 1892 discreta
953 1837 1004 1890 in
1035 1835 1181 1890 malo
1201 1876 1218 1902 ,
1249 1834 1435 1906 dispar
1458 1836 1510 1890 in
1536 1834 1771 1907 dactylo.

601 1929 691 1984 65.
749 1928 950 1984 Tactus
982 1928 1096 1999 ipse
1141 1942 1295 1999 aqua:
1337 1928 1467 1983 alibi
1500 1927 1664 1993 lenis,
1696 1927 1824 1983 alibi
1867 1926 2138 1996 asperior,

520 2023 846 2096 plerumque
889 2023 1138 2094 pinguior
1165 2032 1268 2078 est.
1304 2021 1557 2079 Pondere
1591 2036 1808 2093 quoque
1834 2020 2002 2076 distat
2026 2020 2139 2075 fre-

519 2128 754 2183 quenter
781 2127 836 2170 ut
863 2117 1065 2187 specie.
1101 2115 1237 2171 Nam
1279 2115 1553 2187 plerisque
1592 2115 1728 2170 locis
1757 2115 1995 2184 gravior,
2029 2113 2143 2184 ple-

519 2209 706 2280 risque
735 2208 903 2265 levior
956 2209 1282 2264 azstimatnr.
1313 2207 1433 2264 Non
1468 2209 1666 2263 mirum
1717 2208 1883 2278 igitur
1927 2207 1972 2262 si
2015 2221 2139 2262 cum

520 2303 636 2375 ipsa
669 2303 721 2358 in
749 2319 808 2360 se
832 2303 1129 2374 discrepet,
1163 2301 1480 2374 discrepent
1507 2302 1672 2358 etiam
1705 2303 1848 2358 inter
1876 2316 1935 2357 se
1965 2301 2142 2374 lacry—

520 2411 628 2453 mae
674 2398 955 2459 arborum,
990 2413 1112 2466 qua:
1157 2394 1406 2465 ejusdem
1453 2411 1609 2467 aqua:
1659 2395 1935 2451 alluvione
1979 2411 2144 2468 gene-

536 2500 749 2543 rantur.
784 2489 850 2543 Et
876 2504 1003 2543 eum
1036 2506 1136 2544 una
1166 2489 1239 2544 sit
1265 2489 1506 2544 omnium
1535 2504 1722 2550 causa.
1756 2488 2004 2546 diversus
2025 2492 2140 2546 sin-

527 2582 780 2655 gularum
815 2599 967 2650 usus,
1000 2583 1216 2639 diversa
1251 2592 1445 2639 natura
1491 2594 1593 2640 est.
1632 2583 1805 2640 Aliam
1839 2585 1946 2641 vim
1981 2584 2145 2641 liabet

527 2678 705 2734 cerasi
759 2678 970 2733 arboris
1013 2679 1292 2751 lncryma,
1347 2678 1509 2734 aliam
1569 2679 1804 2737 lentisci.
1860 2680 2142 2751 Disparem

528 2785 746 2842 quoque
777 2771 1002 2826 balsami
1027 2779 1233 2841 guttam
1265 2769 1490 2826 odorata
1517 2770 1758 2827 Orientis
1779 2772 1924 2842 ligna
1941 2773 2142 2830 sudare

531 2864 873 2936 produntur:
903 2865 1176 2922 diversum
1201 2881 1415 2936 quoque
1438 2866 1800 2939 Iacrymarum
1833 2882 2002 2936 genus
2029 2867 2143 2924 vir-

528 2960 682 3032 gulta
712 2958 1006 3015 ferularum
1041 2961 1094 3014 in
1121 2958 1362 3032 Egypto
1406 2974 1469 3014 ac
1502 2958 1667 3032 Libya
1698 2959 1929 3030 quadam
1967 2961 2014 3016 vi
2047 2977 2144 3017 na-

528 3063 669 3116 tura:
695 3053 1007 3110 secretioris
1041 3053 1404 3127 illaerymant.
1437 3053 1574 3122 Quid
1614 3063 1796 3110 autem
1853 3055 1949 3112 tibi
1996 3055 2143 3112 refe-

2244 1833 2345 1889 bus
2373 1832 2547 1887 tboris
2577 1830 2861 1888 fluviorum
2892 1831 3281 1888 esuudantium
3314 1831 3430 1901 ripa
3467 1829 3486 1868 ί
3521 1831 3861 1892 decoratur;

2242 1924 2707 1998 quemadmodum
2732 1925 2797 1979 ad
2823 1923 3049 1980 verbum
3081 1923 3313 1989 Domini,
3340 1921 3487 1995 quod
3517 1925 3671 1979 omni
3701 1938 3864 2000 aqua-

2243 2036 2364 2076 rum
2395 2035 2561 2075 cursu
2593 2028 2676 2076 est
2709 2019 3136 2085 redundantias,
3165 2021 3344 2076 subito
3371 2032 3632 2077 creatura
3661 2021 3864 2092 virgul-

2247 2123 2422 2170 torum
2454 2114 2634 2170 omnis
2661 2113 2932 2168 efﬂoruit?
2961 2112 3311 2168 Festinarnnt
3353 2114 3537 2185 campi
3571 2129 3685 2169 non
3713 2129 3857 2170 com-

2245 2207 2465 2264 missam
2496 2206 2599 2262 sibi
2627 2206 2834 2277 frugem
2857 2205 3044 2271 edere,
3075 2207 3320 2276 ignorata
3348 2208 3494 2262 horti
3523 2207 3742 2262 olerum
3773 2223 3858 2278 ge-

2244 2317 2396 2365 nera,
2422 2299 2616 2355 ﬂorum
2657 2299 2914 2355 miracula
2946 2298 3274 2371 germinare,
3308 2299 3441 2370 ripas
3473 2299 3768 2354 numinum
3801 2314 3853 2354 se

2243 2395 2442 2452 vestire
2488 2393 2784 2466 myrtetis:
2836 2402 3262 2464 properaverunt
3309 2392 3539 2448 arbores
3584 2393 3701 2448 cito
3743 2408 3854 2448 sur-

2243 2504 2404 2560 gere,
2435 2487 2544 2542 cito
2572 2497 2597 2534 8
2627 2501 2686 2542 se
2708 2488 2760 2542 in
2787 2485 2973 2542 ﬂorent
3002 2487 3230 2542 induere
3251 2529 3265 2550 ,
3292 2486 3494 2542 victum
3524 2487 3851 2550 hominibus.

2246 2582 2430 2656 pecori
2460 2581 2712 2654 pabulum
2764 2580 3098 2637 ministrare.
3146 2580 3378 2637 Fructus
3426 2581 3741 2638 communis
3780 2592 3852 2636 est

2245 2674 2535 2740 omnibus,
2583 2689 2712 2729 usus
2761 2689 2978 2744 quoque
3017 2683 3102 2728 est
3153 2673 3314 2729 datus
3363 2675 3643 2730 omnibus.
3686 2674 3846 2730 Simul

2244 2780 2534 2839 utrumque
2562 2768 2789 2823 arbores
2833 2769 3226 2838 germinarunt,
3274 2767 3420 2822 aliud
3450 2783 3562 2840 quo
3604 2783 3846 2824 vescere-

2247 2878 2392 2926 mur,
2434 2860 2580 2916 aliud
2626 2876 2734 2930 quo
2764 2859 3119 2931 refrigerante
3149 2861 3339 2916 umbra
3366 2860 3788 2917 defenderemur
3821 2873 3847 2912 ι

2247 2957 2384 3014 sole.
2419 2953 2448 2993 ιι
2469 2955 2636 3012 Cibus
2667 2955 2722 3010 in
2754 2955 2954 3024 fructu,
2982 2969 3112 3010 usus
3138 2954 3470 3012 amoenitatis
3494 2956 3547 3010 in
3578 2955 3745 3020 folio;
3776 2965 3845 3009 ta—

2248 3071 2374 3111 men
2401 3056 2527 3126 quia
2561 3053 2784 3125 praescia
2815 3062 2933 3109 erat
2974 3052 3317 3124 providentia
3368 3050 3672 3120 Creatoris,
3714 3051 3843 3123 quod

532 3161 674 3210 ram,
703 3145 1031 3202 clementem
1061 3145 1190 3203 licet
1210 3163 1332 3202 esse
1356 3162 1688 3214 sermonem,
1709 3147 1852 3217 quod
1880 3149 2144 3205 electrum
2171 3147 2218 3212 C
2252 3149 2485 3204 fructum
2530 3148 2632 3203 sibi
2681 3146 2916 3203 maxime
2960 3148 3192 3202 lmmana
3244 3145 3478 3202 aviditas
3533 3147 3842 3210 vindicaret.

529 3239 768 3312 lacryma
801 3241 1020 3309 virgulti
1058 3240 1151 3305 sit,
1189 3250 1211 3277 ο
1237 3249 1292 3295 et
1336 3239 1390 3294 in
1432 3248 1596 3294 tanta:
1626 3240 1869 3296 materia:
1897 3241 2139 3296 solidita-

535 3341 644 3387 tem
679 3336 914 3404 Iacryma
943 3332 1237 3386 durescat?
1263 3331 1373 3387 Nec
1393 3332 1601 3387 levibus
1624 3332 1677 3388 id
1709 3335 1972 3389 astruitur
1995 3335 2147 3391 testi-

533 3424 756 3486 moniis,
803 3423 1020 3495 quando
1064 3424 1190 3478 folia
1223 3435 1317 3478 aut
1367 3425 1710 3480 surculorum
1765 3426 2144 3483 minutissima:

534 3515 840 3588 portiones,
884 3524 979 3570 aut
1006 3516 1201 3585 exigua
1240 3515 1490 3586 qumdam
1545 3515 1902 3572 animantium
1946 3535 2145 3591 genera

535 3610 591 3665 in
621 3608 828 3664 electro
871 3622 1019 3678 saepe
1050 3608 1415 3676 reperiantur,
1447 3622 1570 3678 qua:
1607 3606 1846 3675 videtur,
1893 3625 2016 3663 cum
2053 3610 2149 3665 ad-

540 3703 650 3757 huc
675 3711 826 3771 gutta
856 3710 1005 3757 esset
1055 3700 1302 3766 mollior,
1352 3701 1628 3772 recepisse
1680 3707 1736 3756 et
1788 3700 2014 3758 solidata
2063 3712 2145 3760 te-

539 3796 748 3852 nuisse.

609 3888 700 3945 64.
761 3887 866 3946 Sed
897 3888 1026 3961 quid
1065 3903 1166 3961 ego
1205 3887 1296 3944 vili
1337 3901 1592 3944 sermone
1621 3887 1858 3944 decerno
1886 3903 2008 3944 cum
2039 3889 2147 3945 alta

541 3993 702 4056 atque
730 3985 967 4055 pretiosa
1023 3985 1236 4040 ratione
1283 3990 1511 4046 naturte,
1568 3978 1596 4019 ἀ
1643 3998 1764 4039 cum
1819 3984 1921 4040 iste
1965 3999 2149 4039 sernto

542 4079 783 4136 humano
809 4079 987 4132 alatur
1017 4076 1256 4146 ingenio,
1281 4085 1526 4132 naturam
1555 4087 1738 4132 autem
1765 4077 2004 4132 onmimn
2023 4092 2148 4148 pro.

455 4241 458 4243 Α
543 4171 784 4227 videntia
815 4170 995 4224 divina
1023 4168 1377 4223 formaverit?
1412 4169 1565 4226 Unde
1595 4171 1740 4225 velut
1771 4169 1997 4227 habenis
2026 4172 2148 4242 qui-

544 4263 774 4320 busdam
820 4263 1110 4323 verborum
1159 4262 1462 4316 eoltibenda
1511 4262 1728 4317 diffusio
1766 4275 1878 4328 est;
1910 4280 1977 4319 ne
2002 4264 2147 4334 quod

548 4357 830 4415 Salomoni
871 4355 1181 4427 specialiter
1219 4357 1495 4424 sapientia:
1528 4371 1753 4412 nmnere
1783 4357 2040 4415 divinitus
2070 4360 2150 4416 vi-

550 4449 711 4506 detur
731 4463 855 4505 esse
881 4449 1162 4515 Collatum,
1196 4449 1539 4516 usurpatorie
1569 4448 1847 4505 videamur
1873 4465 2149 4522 exponere

550 4542 885 4600 differentias
930 4541 1184 4598 arborum
1232 4549 1288 4598 et
1333 4540 1558 4598 virtutes
1603 4541 1868 4610 radicum,
1917 4555 1972 4601 et
2000 4561 2150 4618 qua:-

627 4702 654 4731 ιι
692 4690 824 4747 Mss.
849 4703 956 4744 non
987 4687 1140 4759 pauci
1172 4695 1228 4742 et
1249 4693 1358 4742 vet.
1388 4685 1544 4743 edit.:
1572 4686 1633 4743 Si
1656 4687 1859 4743 radices
1880 4688 2009 4743 alat.

622 4763 652 4804 1)
693 4763 818 4818 Mss.
879 4762 1135 4832 aliquot:
1188 4763 1413 4830 fructum
1461 4760 1590 4829 alit,
1637 4775 1904 4832 pomorum
1955 4760 2155 4817 semina

557 4851 748 4910 augere
766 4876 783 4900 ,
823 4843 943 4902 etc.

632 4903 654 4949 ἒ
699 4907 854 4962 Rom.
905 4903 1079 4962 edit.:
1132 4911 1180 4958 et
1226 4904 1281 4958 in
1321 4904 1543 4976 lapideae
1593 4914 1796 4960 natura:
1837 4903 2154 4962 soliditatem

555 4983 814 5038 durescat.
1214 5030 1219 5035 ,

634 5051 662 5091 ἀ
705 5050 848 5106 Edit.
876 5056 1024 5105 vet.:
1057 5063 1174 5102 cum
1220 5047 1318 5102 isto
1357 5064 1588 5103 sermone
1611 5047 1871 5116 humano;
1914 5049 2066 5107 Cost.
2099 5059 2155 5107 et

554 5125 682 5182 Gill.
706 5140 718 5177 :
747 5123 1052 5185 humanum,
1084 5120 1258 5174 alatur
1280 5120 1559 5188 ingenium.

630 5206 654 5235 θ
693 5194 767 5250 Ita
802 5211 934 5247 mss.
966 5192 1145 5256 plures
1182 5203 1236 5248 et
1285 5195 1542 5264 patiore-5.
1575 5192 1759 5259 Aliqui
1793 5209 1914 5249 cum
1944 5192 2102 5248 editis
2137 5211 2150 5248 :

559 5282 726 5337 cuiue,
757 5266 841 5320 vel
864 5265 1031 5319 omnis
1052 5305 1066 5328 ,
1094 5275 1339 5318 secretum
1367 5275 1615 5319 creatura:
1638 5267 1900 5337 explicare
1928 5266 2148 5320 ratione.

557 5335 660 5390 Alii
688 5338 925 5402 tandem,
953 5352 1103 5390 onme
1124 5348 1372 5390 secretum
1403 5337 1661 5404 explicare
1689 5335 1924 5390 rationis.

633 5405 653 5444 ί
698 5408 1077 5478 Εόηηειιὶιιιιξιν
1123 5406 1323 5478 Parim:
1366 5408 1674 5478 decoratur;
1723 5406 2154 5471 quemadmodum

557 5491 684 5540 non,
718 5489 822 5532 etc.
855 5477 981 5532 Mss.
1019 5477 1211 5540 Gem.,
1244 5477 1392 5547 Bg,
1429 5477 1584 5531 Dion.
1621 5492 1685 5531 ac
1713 5479 1902 5532 Coll»:
1943 5479 2155 5530 decora-

560 5555 680 5612 tur;
723 5547 927 5618 miraris
977 5548 1406 5616 quemadmodum
1447 5548 1545 5614 ad,
1591 5555 1698 5604 etc.
1731 5547 1925 5603 Ca'leri
1968 5547 2154 5618 scripti

559 5624 719 5686 atque
749 5617 879 5670 θάῑή
906 5619 1121 5673 codices
1146 5630 1201 5672 ut
1226 5623 1279 5673 in
1310 5631 1590 5674 contestu.

631 5687 841 5761 §_Ed_it.
869 5696 976 5742 vet.
1027 5704 1088 5743 ac
1139 5703 1273 5761 mss.
1325 5697 1586 5760 quatuor:
1634 5706 1690 5745 sc
1727 5691 1870 5761 ﬂore
1918 5688 2151 5761 induere.

559 5752 746 5815 Melius
771 5758 930 5814 Rom.
960 5771 1082 5813 cum
1108 5759 1331 5830 reliquis
1346 5752 1482 5817 iusti.
1508 5779 1521 5819 :
1551 5778 1606 5818 se
1624 5761 1676 5818 in
1698 5752 1880 5832 ﬂorem
1914 5757 2149 5817 induere.

2248 3243 2472 3314 reliquis
2516 3241 2753 3314 providit
2796 3241 3184 3307 animantibus,
3217 3251 3276 3296 ut
3304 3241 3597 3312 specialem
3651 3242 3735 3298 bis
3761 3242 3844 3297 do-

2248 3347 2406 3392 naret
2432 3335 2762 3392 alimoniam.
2811 3334 2995 3406 itaque
3025 3349 3149 3391 esca
3181 3334 3264 3391 his
3309 3350 3414 3390 non
3461 3335 3760 3393 mediocris
3796 3335 3841 3390 in

2249 3429 2394 3486 foliis
2423 3440 2529 3496 est,
2556 3429 2962 3500 corticibusque
2988 3429 3335 3486 silvestribus
3361 3447 3373 3483 :
3401 3443 3464 3485 ea
3491 3444 3710 3502 quoque
3738 3444 3840 3500 qua

2248 3523 2317 3579 ad
2348 3539 2503 3579 usum
2537 3522 2788 3579 medendi
2821 3525 3171 3595 prolicerent,
3201 3523 3255 3579 id
3295 3532 3406 3588 est,
3455 3524 3628 3593 succi,
3685 3524 3840 3596 lacry-

2251 3632 2374 3684 mzc,
2403 3617 2603 3673 surculi
2630 3617 2836 3688 pariter
2863 3617 3166 3672 ministrata
3195 3627 3340 3672 sunt.
3370 3615 3563 3689 Itaque
3605 3617 3694 3673 illa
3733 3632 3838 3690 qua:

2249 3721 2374 3784 post
2398 3713 2798 3784 experimento,
2823 3728 2924 3767 usu
2951 3722 3005 3767 et
3027 3711 3277 3782 exemplo
3297 3710 3449 3766 utilia
3475 3713 3835 3782 cognovimus,

2250 3821 2314 3863 ea
2367 3821 2397 3861 a
2451 3805 2718 3877 principio
2775 3803 2790 3842 ί
2853 3804 3081 3860 Creator
3128 3805 3214 3861 cui
3261 3806 3382 3860 usui
3429 3814 3553 3875 apta
3607 3805 3833 3872 donaret,

2249 3898 2608 3970 prtescienliae
2652 3913 2768 3954 sua:
2819 3897 3104 3968 majestate
3143 3896 3212 3954 de
3254 3898 3375 3953 sinu
3403 3907 3672 3955 terrarum
3698 3897 3836 3970 jussit

2249 3991 2421 4047 exire.

2322 4083 2410 4138 66.
2443 4081 2511 4138 Et
2539 4082 2661 4154 quia
2673 4082 2835 4154 jussit
2850 4083 3130 4146 Dominus.
3145 4093 3205 4140 ut
3223 4085 3549 4156 germinaret
3573 4095 3712 4144 terra
3728 4088 3833 4142 lier-

2245 4176 2372 4234 bam
2426 4176 2556 4242 leni,
2579 4178 2858 4248 etlignnm
2891 4177 3252 4244 fructiferum,
3285 4177 3488 4234 faciens
3512 4179 3738 4236 fructum
3761 4195 3828 4235 se-

2249 4267 2480 4324 cundum
2511 4284 2702 4340 genus,
2734 4269 2886 4340 cujus
2904 4284 3088 4326 semen
3113 4272 3230 4342 ejus
3265 4272 3405 4327 ineo
3433 4271 3454 4342 (
3472 4287 3540 4328 ne
3572 4271 3710 4329 forte
3733 4272 3833 4344 quis

2250 4360 2462 4416 dicatin
2487 4363 2668 4418 multis
2688 4362 2998 4431 arboribus,
3013 4379 3187 4435 neque
3213 4364 3467 4428 fructum,
3485 4381 3658 4437 neque
3671 4380 3832 4422 semen

2251 4455 2421 4510 videri
2450 4496 2465 4520 ,
2497 4463 2551 4511 et
2581 4465 2732 4527 putet
2753 4456 3000 4511 divinum
3039 4457 3091 4512 in
3131 4458 3312 4525 aliquo
3343 4458 3600 4516 vacillare
3622 4474 3833 4532 pracep-

2254 4557 2384 4617 tum,
2412 4556 2471 4604 ut
2496 4564 2524 4602 a
2556 4549 2786 4607 veritate
2805 4550 2876 4606 sit
2897 4550 3133 4624 devium)
3159 4551 3289 4606 illud
3315 4549 3582 4622 advertat,
3611 4553 3727 4625 quia
3750 4566 3830 4609 nec

2181 4697 2238 4759 1)
2265 4688 2376 4748 Hoc
2406 4691 2549 4749 enim
2582 4691 2808 4766 petitum
2841 4692 3056 4750 videtur
3075 4709 3140 4750 ex
3166 4693 3261 4751 illo
3283 4694 3434 4767 Virg.
3466 4711 3484 4751 ι
3509 4695 3741 4770 Georg.:

2894 4809 3014 4861 Cum
3043 4822 3100 4861 se
3122 4823 3223 4862 nux
3251 4810 3456 4876 plurima
3477 4809 3614 4863 silvis

2415 4870 2595 4923 Induet
2616 4873 2665 4922 in
2687 4873 2880 4924 ﬂorem.

2334 4972 2358 5012 ιι
2425 4974 2554 5051 bks.
2609 4976 3057 5051 aliquotﬂoptimi
3107 4981 3244 5034 tevi:
3310 4979 3452 5034 cibus
3502 4978 3825 5051 infructuosus

2260 5047 2570 5124 amoenitatis
2629 5049 2683 5124 in
2729 5047 2915 5119 foliis.
2946 5049 3112 5104 Error
3159 5060 3240 5106 est
3285 5051 3505 5124 calami,
3553 5047 3708 5117 quem
3751 5051 3824 5124 qui

2259 5119 2551 5193 emendare
2576 5119 2880 5185 voluerunt,
2914 5134 3235 5188 reposuere:
3275 5121 3418 5193 cibus
3445 5123 3498 5176 in
3522 5125 3721 5193 fructu,
3753 5119 3820 5177 vel

2258 5190 2320 5264 in
2355 5190 2642 5261 fructibus,
2685 5193 2954 5264 ammaitas
2983 5195 3036 5245 in
3066 5194 3224 5264 foliis.
3257 5193 3322 5248 Et
3365 5192 3463 5248 bos
3493 5190 3688 5249 secuta:
3720 5203 3822 5250 sunt

2257 5260 2385 5316 edit.
2421 5269 2481 5316 At
2509 5277 2689 5318 veram
2709 5262 2994 5320 lectionem
3025 5260 3155 5321 mss.
3188 5263 3319 5321 Ben.
3343 5306 3356 5331 ,
3386 5265 3550 5321 Carn.
3581 5274 3638 5322 et
3661 5265 3816 5324 Germ.

2253 5335 2561 5389 restituere.

2341 5403 2356 5441 ί
2402 5403 2522 5481 Vat.
2571 5403 2701 5481 edit.
2727 5422 2741 5460 :
2770 5424 2833 5463 ea
2876 5425 2908 5463 a
2959 5411 3211 5481 principio
3261 5418 3512 5465 creatum
3562 5409 3677 5465 usui
3721 5421 3819 5480 apta

2259 5474 2466 5552 donauit
2507 5478 2829 5547 prwscientia
2875 5474 3062 5536 diritate
3107 5474 3406 5552 majestatis.
3443 5482 3548 5537 Illis
3591 5474 3817 5538 accedunt

2259 5548 2503 5616 qumdam
2534 5559 2884 5618 recentiores,
2934 5568 2998 5608 ac
3033 5548 3330 5619 mssfduo,
3365 5553 3466 5608 nisi
3511 5553 3652 5621 quod
3691 5554 3734 5608 bi
3758 5554 3817 5610 le-

2258 5629 2507 5696 gunt”...
2542 5631 2587 5674 et
2615 5624 2950 5690 prwscientia:
2994 5640 3101 5680 suae
3133 5626 3418 5696 majestate.
3460 5622 3677 5696 illarum
3705 5641 3813 5680 unn-

2259 5691 2536 5772 nnlla‘w...
2573 5696 2930 5772 prouidentia:
2973 5713 3082 5753 sua:
3130 5691 3415 5768 maiestate.
3455 5693 3670 5767 Reliqui
3707 5707 3811 5754 mss.

2258 5771 2310 5818 et
2341 5761 2778 5820 edit.::obiscum
2811 5761 3033 5824 faeiunt.
3093 5837 3102 5845 ο
3211 5761 3223 5768 ⁷
3437 5777 3448 5787 ·
