4102 6360
105 305 235 366 185

1485 309 1995 370 IIEXAEMERON.
2029 311 2160 370 LIB.
2193 314 2283 371 ill.

3435 310 3544 371 £86

109 439 435 501 quaquam
471 425 615 486 fieri
667 437 886 502 potest,
920 437 1113 485 utnon
1145 435 1238 484 aut
1266 427 1570 486 seminibus
1615 437 1836 483 utantur
1861 429 1913 490 Α
1940 429 2144 483 statim'
2165 428 2312 486 omni
2359 439 2614 503 surgente
2658 432 2901 503 germine
2948 436 3093 486 terra
3132 427 3403 500 completa
3435 438 3542 485 est.

105 519 413 578 universa
449 523 803 594 gignentia.
833 532 925 578 aut
964 523 1198 580 habeant
1224 522 1405 595 aliqua
1442 537 1564 594 qua:
1602 522 1827 578 videan-

110 622 215 670 tur
247 631 395 671 cum
433 617 674 672 virtute
725 618 1002 674 seminum
1048 616 1342 673 convenire
1373 634 1386 670 :
1436 613 1597 685 idque
1625 614 1670 669 si
1706 613 1828 684 quis

111 708 459 780 diligenter
508 711 818 779 intendat,
853 712 1136 768 manifesta
1188 710 1571 767 testinatitione
1622 709 1828 779 pulerit

119 805 705 876 comprehendere.
748 805 889 863 Nihil
920 805 1175 862 videntur
1211 803 1434 860 seminis
1464 803 1669 858 habere
1697 802 1828 856 sali-

123 913 278 965 ces;
317 899 553 956 habent
605 909 804 957 tamen
839 902 890 957 iu
924 902 1069 956 foliis
1111 916 1337 973 granum
1365 897 1638 971 quoddam
1680 896 1824 968 quod

129 991 368 1050 habeat
396 995 694 1051 virtutem
723 997 972 1064 seminis,
995 1007 1051 1051 ut
1071 1010 1138 1053 eo
1159 997 1455 1051 commiSso
1479 995 1657 1059 terris,
1689 1002 1827 1048 tam-

132 1101 321 1157 quam
363 1091 568 1158 posito
605 1101 808 1162 surgat
857 1091 1020 1147 arbor
1069 1090 1136 1146 de
1183 1089 1432 1153 surculo;
1466 1099 1520 1146 et
1550 1098 1824 1159 tamquam

135 1180 217 1237 de
248 1183 492 1239 semine
527 1199 597 1240 se
640 1185 964 1242 exsuscitet.
1004 1183 1184 1242 Grano
1210 1185 1392 1256 itaque
1425 1183 1516 1238 illo
1543 1182 1693 1239 radix
1721 1182 1830 1252 pri-

134 1291 306 1333 mum
327 1279 628 1336 coalescit
655 1298 670 1334 :
698 1279 766 1336 de
795 1280 980 1337 radice
1008 1279 1234 1351 pullulat
1266 1293 1372 1334 non
1412 1278 1588 1334 solum
1623 1277 1824 1344 salicis,

137 1369 248 1427 sed
267 1372 459 1429 etiam
492 1375 851 1445 reliquarum
873 1375 940 1429 ad
967 1373 1382 1430 similitudinem
1415 1371 1829 1442 bujusmodige-

139 1465 313 1520 neris
345 1466 474 1538 60
508 1467 788 1522 arborum
832 1467 986 1521 silva.
1029 1477 1053 1503 υ
1101 1466 1268 1521 liabet
1307 1476 1487 1520 autem
1529 1472 1583 1519 et
1631 1461 1828 1519 radicis

145 1567 471 1627 generatio
527 1557 801 1614 virtutem
846 1559 1072 1613 seminis
1100 1573 1114 1623 ;
1143 1557 1282 1612 unde
1305 1557 1545 1630 plerique
1588 1553 1615 1593 ι’
1657 1570 1718 1611 ea
1744 1570 1828 1610 sa-

153 1649 323 1704 tione
359 1649 795 1706 incrementum
828 1651 910 1706 sui
941 1652 1197 1706 memoris
1226 1657 1614 1722 prepagarunt.

237 1739 342 1797 67.
393 1744 605 1813 .‘llagna
653 1743 748 1798 Dei
780 1744 954 1798 virtus
979 1743 1030 1797 in
1061 1743 1311 1813 singulis.
1341 1740 1452 1798 Nec
1478 1742 1706 1797 miretur
1731 1739 1829 1795 ali-

1931 520 1998 576 Et
2019 519 2222 576 homini
2246 521 2443 578 dicitur
2462 540 2474 577 :
2502 521 2674 595 Dilige
2685 521 2965 579 Dominum
2986 521 3150 577 Deum
3176 531 3316 576 tuum
3331 519 3539 595 (Deut.,

1929 631 1982 670 γι
2005 658 2019 680 ,
2049 617 2133 684 5),
2159 624 2217 671 et
2243 631 2353 671 non
2385 626 2469 672 est
2494 616 2730 674 charitas
2763 619 2855 673 Dei
2884 617 3124 673 omnium
3158 615 3338 671 infusa
3366 615 3543 671 visce-

1930 709 2098 765 ribus.
2142 709 2398 765 Snrdiora
2445 711 2607 766 corda
2658 711 2936 766 hominum
2992 717 3138 771 sunt,
3186 725 3349 783 quam
3400 707 3540 763 dura

1928 815 2203 858 saxorum.
2259 801 2427 857 Terra
2468 802 2739 860 iudebitos
2789 807 2996 860 fructus
3037 801 3193 859 nobis
3226 802 3536 867 ministrat,

1929 895 2056 952 dum
2086 894 2423 950 obseeundat
2451 897 2658 972 auctori
2693 914 2704 951 :
2737 913 2834 951 nos
2864 897 3109 953 debitum
3139 911 3339 954 munus
3373 910 3538 968 nega-

1928 1004 2072 1056 mus,
2097 989 2224 1045 dum
2260 1005 2371 1045 non
2401 1005 2730 1046 veneramur
2758 1001 3061 1048 auctorem.

1999 1084 2088 1139 7i.
2136 1083 2267 1140 Vide
2297 1084 2348 1138 in
2375 1083 2556 1154 parvis
2583 1099 2702 1155 qum
2725 1085 3063 1155 providentia
3097 1086 3170 1142 sit
3192 1086 3310 1154 Dei,
3342 1093 3400 1142 et
3426 1085 3534 1160 ει

1931 1177 2056 1248 quia
2110 1175 2576 1246 comprehendere
2628 1191 2733 1231 non
2791 1187 2966 1248 potes,
3019 1178 3216 1234 mirare
3265 1179 3538 1249 quomodo

1931 1271 2033 1326 alia
2062 1285 2278 1344 semper
2321 1271 2566 1327 florentia
2611 1274 2990 1339 reservaverit,
3045 1273 3152 1328 alia
3209 1274 3538 1329 mutationes

1932 1363 2135 1422 habere
2169 1365 2401 1421 voluerit
2427 1365 2861 1435 exsttoliationis,
2894 1375 2948 1420 et
2989 1367 3240 1420 amictus.
3273 1366 3416 1422 inter
3445 1382 3538 1423 ca-

1932 1475 2000 1516 ua
2034 1461 2256 1525 nivium,
2290 1460 2506 1530 pruinas
2532 1459 2810 1530 frigorum,
2842 1457 3174 1514 viriditatem
3210 1474 3362 1514 suam
3403 1474 3534 1514 arva

1933 1562 2260 1611 conservant
2290 1571 2304 1609 :
2337 1561 2392 1608 et
2429 1568 2549 1608 cum
2579 1555 2694 1624 ipsa
2729 1561 2865 1608 tecta
2906 1553 3016 1607 sint
3042 1551 3188 1623 gelu,
3236 1563 3421 1623 partus
3448 1551 3533 1608 sui
3577 1589 3584 1594 μ

1935 1657 2112 1704 tamen
2157 1647 2298 1703 haud
2329 1646 2579 1720 exiguam
2630 1647 2867 1718 speciem
2922 1645 3210 1700 viriditatis
3253 1644 3535 1700 obtexunt.

1935 1742 1990 1798 in
2021 1743 2153 1814 ipsis
2197 1757 2414 1814 quoque
2458 1741 2745 1813 generibus
2790 1741 3068 1806 arborum,
3112 1755 3234 1811 qnte
3263 1739 3538 1796 diuturnis

157 1833 297 1902 quis
345 1834 396 1889 si
435 1835 492 1890 in
541 1835 802 1907 virgultis
830 1851 1076 1907 magnam
1107 1835 1196 1890 Dei
1229 1834 1344 1891 dixi
1385 1849 1507 1891 esse
1537 1835 1814 1890 virtutem.
1849 1839 1893 1899 Β
1924 1837 2203 1893 frondibus
2249 1837 2573 1898 vcstiuntur.
2623 1851 2731 1890 non
2783 1833 3071 1888 mediocris
3123 1831 3381 1888 distantia
3423 1839 3532 1888 est.

157 1925 475 1995 Siquidem
513 1946 774 2002 magnam
798 1945 951 1985 suam
981 1931 1235 1985 virtutem
1264 1931 1314 1985 in
1343 1930 1567 1986 locustis
1593 1944 1715 1986 esse
1737 1929 1818 1985 di-

161 2023 248 2076 xit
273 2029 333 2078 et
360 2020 621 2088 bruclto,
657 2039 722 2079 eo
744 2023 888 2096 quod
915 2023 1119 2077 divina:
1151 2023 1450 2094 maiestatis
1472 2022 1679 2078 oli‘eusa
1701 2038 1812 2077 ma-

167 2127 287 2183 gno
339 2114 743 2171 moderamine
794 2115 1099 2171 sterilitatis
1135 2115 1375 2172 Judaica:
1423 2125 1587 2188 atque
1619 2117 1815 2187 inopize

172 2206 532 2262 solveretur.
592 2207 778 2280 Magna
809 2209 954 2265 enim
981 2209 1152 2265 virtus
1175 2209 1460 2280 patientia,
1489 2211 1815 2280 magnavir—

170 2308 268 2356 tus
299 2311 323 2340 ε
357 2301 740 2372 providentia.
789 2303 994 2375 ludigni
1027 2304 1228 2360 etenim
1259 2315 1436 2371 erant,
1467 2307 1556 2376 qui
1592 2316 1815 2361 uteren-

177 2401 275 2448 tur
322 2393 674 2452 fecunditate
703 2405 940 2462 terrena,
973 2397 1062 2468 qui
1087 2405 1356 2452 terrarum
1388 2398 1639 2452 laeserant
1663 2413 1817 2454 creac

178 2493 394 2541 torem.
451 2486 526 2542 Et
569 2504 698 2546 vere
751 2504 999 2561 magnus,
1030 2491 1120 2562 qui
1171 2491 1468 2546 miserabili
1500 2490 1640 2546 fatue
1667 2491 1816 2546 nefas

184 2588 362 2635 tanta:
394 2580 704 2650 impietatis
751 2584 1046 2639 ulciscitur.
1096 2584 1282 2655 itaque
1305 2585 1350 2639 si
1390 2600 1582 2654 magna
1615 2584 1816 2640 virtute

189 2670 294 2726 Dei
318 2673 582 2729 sterilem
613 2675 874 2731 brncltum
905 2687 1050 2731 terra
1084 2677 1385 2748 generavit,
1419 2686 1619 2748 quanto
1646 2677 1817 2748 magis

189 2765 406 2821 virtute
432 2782 658 2838 magna,
693 2786 814 2840 quae
845 2769 1076 2826 fecunda
1106 2779 1252 2834 sunt,
1286 2772 1563 2840 procreat!

275 2859 372 2914 68.
397 2859 538 2927 Quis
570 2863 779 2930 pineam
807 2863 998 2918 videns
1023 2880 1128 2918 non
1159 2874 1375 2934 stupeat
1406 2875 1608 2920 lautam
1635 2865 1820 2920 divino

203 2959 496 3022 przecepto
547 2963 718 3009 artem
775 2954 1042 3022 iuolitam,
1097 2956 1521 3028 impressamque
1569 2968 1817 3010 naturas:

196 3045 679 3118 quemadmodum
707 3049 776 3105 ab
812 3050 929 3120 ipso
958 3060 1148 3105 centro
1170 3049 1494 3105 distantibus
1525 3051 1652 3106 licet
1673 3065 1826 3104 men-

203 3139 353 3193 suris
385 3138 506 3208 pari
561 3151 809 3212 assurgat
839 3142 1073 3213 glutino,
1104 3158 1212 3214 quo
1238 3141 1484 3212 proprios
1513 3141 1660 3198 fovet
1682 3143 1825 3198 fruc-

1919 1932 2113 1990 Servat
2153 1932 2524 1988 indumentum
2553 1945 2710 1986 suum
2762 1944 2982 2000 semper
3026 1928 3171 1996 olea,
3222 1928 3307 1983 vel
3339 1929 3528 2000 pinus,

1921 2029 2014 2085 sed
2044 2035 2226 2084 tamen
2261 2027 2386 2082 folia
2429 2041 2524 2082 sua
2557 2040 2703 2098 stupe
2730 2031 3099 2088 commutant;
3141 2037 3240 2078 nec
3271 2038 3330 2078 ea
3363 2021 3518 2094 quasi

1921 2121 2196 2188 diuturna,
2230 2119 2324 2175 sed
2364 2119 2518 2191 quasi
2546 2117 2880 2173 succedauea
2915 2116 3256 2186 praetendunt
3283 2131 3394 2171 sua:
3431 2130 3521 2170 ar-

1920 2215 2069 2270 boris
2095 2212 2502 2286 pulchritudini,
2534 2211 2780 2284 perpetui
2809 2210 3120 2281 integritate
3144 2210 3369 2266 vestitus
3407 2209 3527 2269 vice

1921 2309 2164 2364 muneris
2211 2307 2618 2363 obumbrantes.
2670 2305 2854 2360 Palma
2885 2314 3068 2360 autem
3102 2303 3283 2358 virens
3311 2296 3531 2374 semper

1922 2411 2106 2456 manet
2145 2400 2558 2455 conservatione
2598 2408 2650 2454 et
2695 2397 3074 2463 diuturnitate,
3125 2410 3230 2450 non
3281 2397 3536 2450 immuta-

1923 2494 2069 2549 tione
2094 2492 2367 2547 foliorum.
2385 2491 2514 2545 Nam
2533 2507 2652 2562 qua:
2682 2491 2856 2561 primo
2878 2489 3266 2560 germinaverit
3292 2487 3440 2553 folia,
3468 2500 3532 2542 ea

1921 2589 2041 2643 sine
2070 2587 2173 2640 ulla
2206 2585 2606 2648 substitutiouis
2651 2583 2999 2638 succes.~ione
3046 2588 3355 2637 c0uservat.
3400 2579 3529 2636 lmi-

1924 2691 2038 2736 tarc
2069 2694 2198 2750 ergo
2225 2695 2366 2744 eam,
2396 2694 2430 2732 ο
2475 2680 2658 2741 homo,
2692 2687 2749 2732 ut
2780 2678 2993 2732 dicatur
3025 2686 3078 2732 et
3125 2675 3223 2730 tibi
3253 2693 3265 2728 :
3313 2673 3532 2729 Statura

1924 2785 2012 2830 tua
2033 2774 2220 2830 similis
2238 2775 2376 2842 facta
2397 2783 2468 2828 est
2500 2773 2689 2843 palmi?
2721 2769 2921 2842 (Cant.,
2957 2787 3033 2826 vu
3053 2813 3067 2836 ,
3097 2769 3174 2842 7).
3210 2769 3374 2826 Serva
3400 2767 3534 2824 viri-

1923 2868 2146 2923 ditatem
2186 2867 2432 2938 pueritiaa
2461 2879 2586 2931 tute,
2619 2876 2674 2921 et
2711 2865 2855 2920 illius
2886 2864 3210 2920 innocentia:
3241 2864 3524 2931 naturalis,

1925 2977 2086 3032 quam
2123 2976 2152 3014 a
2186 2961 2482 3032 primordio
2520 2961 2800 3030 recepisti,
2831 2968 2892 3015 ut
2929 2961 3202 3031 plautatus
3249 2973 3406 3014 secus
3431 2958 3530 3014 de-

1927 3066 2119 3108 cursus
2147 3067 2406 3122 aquarum
2432 3054 2662 3106 fructum
2687 3061 2832 3105 tuum
2859 3052 2911 3105 in
2939 3061 3182 3120 tempore
3214 3059 3306 3104 tuo
3331 3049 3534 3106 habeas

1930 3159 2314 3218 prmparatnm,
2347 3155 2401 3202 et
2426 3145 2610 3200 folium
2645 3157 2792 3200 tuum
2826 3160 2931 3200 non
2971 3145 3192 3200 defluat.
3228 3143 3376 3200 Hanc
3402 3143 3532 3199 viri.

196 3234 325 3290 tus?
351 3233 546 3305 Itaque
574 3253 670 3306 per
701 3237 985 3292 circuitum
1016 3237 1205 3292 eadem
1235 3239 1446 3307 species
1469 3244 1523 3290 et
1547 3236 1680 3291 ordo
1710 3251 1825 3292 ser-
1852 3241 1897 3303 C
1930 3243 2154 3298 ditatem
2205 3243 2390 3314 gratiae
2437 3256 2653 3312 semper
2705 3240 2946 3295 ﬂorentis
2993 3241 3043 3294 in
3092 3238 3309 3294 Citrile
3351 3247 3534 3293 secllta

201 3337 387 3394 vatur,
419 3339 476 3385 et
499 3330 720 3400 quidam
750 3331 802 3386 in
835 3332 1062 3400 singulis
1090 3332 1264 3402 plagis
1293 3331 1608 3386 nucleorum
1641 3341 1824 3401 partus

207 3422 512 3488 exuberat,
543 3436 706 3491 atque
751 3425 803 3480 in
847 3423 1035 3480 orbem
1089 3424 1230 3478 rcdit
1276 3423 1484 3479 fructus
1527 3435 1577 3480 et
1626 3427 1820 3496 gratia.

208 3513 398 3586 itaque
428 3515 482 3570 in
533 3517 687 3586 pinea
734 3517 836 3572 ista
894 3517 1185 3587 imaginem
1236 3517 1317 3571 sui
1367 3525 1559 3572 natura
1605 3517 1826 3574 videtur

208 3609 543 3679 exprimere,
574 3626 695 3682 quae
726 3626 754 3665 a
790 3609 966 3680 primo
998 3611 1090 3666 illo
1113 3610 1296 3665 divino
1327 3611 1646 3682 cmlestique
1672 3625 1826 3666 mau-

213 3699 341 3756 dato
373 3701 658 3773 privilegia
688 3712 910 3774 accepta
939 3703 1199 3766 custodit,
1233 3713 1287 3758 et
1315 3713 1503 3774 partus
1529 3718 1660 3758 suos
1686 3719 1823 3774 qua-

214 3795 341 3859 dam
373 3811 645 3853 annorum
688 3799 808 3853 vice
835 3809 889 3854 et
924 3797 1117 3855 ordine
1147 3797 1336 3867 refert,
1365 3797 1543 3855 donec
1572 3814 1827 3856 consum-

215 3889 388 3946 matio
422 3891 691 3958 temporis
719 3889 1029 3958 impleatur.

287 3981 378 4037 69.
419 3980 525 4037 Sed
581 3990 642 4036 ut
687 3981 740 4036 iu
790 3981 892 4036 hoc
919 3982 1092 4036 fructu
1122 3991 1329 4052 gratam
1374 3981 1609 4052 speciem
1639 3984 1723 4038 sui
1753 3982 1828 4037 si-

213 4079 372 4143 gnat;
403 4071 477 4127 ila
511 4072 674 4128 etiam
699 4072 752 4127 in
783 4073 1021 4144 myricis,
1051 4071 1102 4126 id
1125 4080 1230 4138 est,
1256 4072 1550 4127 humilibus
1577 4073 1829 4144 virgultis

222 4164 444 4237 figuram
493 4165 759 4234 improbae
795 4166 1108 4222 calliditatis
1151 4167 1444 4236 expressit.
1477 4165 1631 4222 Sicut
1683 4168 1826 4222 enim

223 4257 422 4329 duplici
451 4257 622 4315 corde
650 4258 750 4314 viri
803 4258 1002 4330 ubique
1058 4271 1257 4329 przesm
1284 4267 1449 4324 sunt,
1500 4268 1556 4314 et
1600 4261 1827 4329 gratiam

226 4350 744 4428 simplicitatemqne
785 4353 927 4422 apud
972 4352 1143 4408 bonos
1189 4350 1556 4423 praetendunt,
1587 4362 1640 4408 et
1670 4353 1831 4407 vitio-

223 4444 447 4501 sissimis
497 4446 834 4517 glutinantur
867 4465 880 4498 :
913 4446 983 4501 ita
1017 4446 1183 4501 etiam
1217 4453 1272 4499 et
1310 4447 1362 4500 in
1404 4445 1629 4516 aquosis
1673 4456 1725 4500 et
1775 4446 1828 4500 in

223 4535 448 4593 desertis
483 4538 766 4593 c0utrario
792 4537 1024 4606 quodam
1067 4554 1168 4593 usu
1195 4537 1311 4593 haec
1342 4538 1569 4608 virgulta
1599 4552 1831 4594 nascun-

1928 3337 2170 3393 Ecclesia
2229 3337 2402 3391 dicit:
2463 3335 2531 3390 In
2592 3334 2771 3390 umbra
2816 3337 2928 3400 eius
2984 3333 3280 3404 concupiui,
3337 3340 3385 3386 ct
3429 3331 3540 3385 sedi

1929 3429 2127 3503 (Cant.,
2149 3445 2207 3496 tt,
2241 3430 2319 3500 5).
2351 3429 2499 3484 Hauc
2531 3427 2942 3500 praerogativam
2970 3424 3097 3480 doni
3125 3423 3349 3479 virentis
3380 3437 3532 3479 acce-

1927 3531 2122 3594 perunt
2151 3529 2208 3578 et
2238 3522 2509 3591 Apostoli,
2542 3536 2772 3589 quorum
2803 3533 2904 3574 nec
2937 3517 3123 3573 folium
3157 3530 3410 3588 umquam
3439 3532 3537 3587 po-

1930 3618 2029 3672 tuit
2058 3617 2220 3682 elabi,
2248 3625 2306 3671 ut
2334 3632 2522 3672 eorum
2554 3617 2718 3673 etiam
2753 3615 2942 3669 umbra
2973 3624 3186 3669 curaret
3213 3622 3470 3684 aegrotos.
3510 3622 3532 3650 ο

1927 3709 2266 3765 Olmmbraut
2309 3710 2453 3765 enim
2496 3709 2841 3765 infirmitates
2877 3707 3124 3779 corporis
3153 3706 3287 3761 fides
3315 3705 3534 3772 mentis,

1929 3815 1984 3861 et
2012 3795 2257 3860 ﬂorentia
2288 3805 2481 3859 merita
2509 3803 2790 3858 virtutum.
2833 3801 2988 3857 Mane
3017 3816 3146 3871 ergo
3176 3801 3451 3868 plautatus
3481 3796 3533 3851 in

1929 3898 2093 3952 domo
2125 3897 2359 3964 Domini,
2394 3907 2452 3952 ut
2495 3898 2546 3952 in
2574 3898 2726 3952 atriis
2769 3896 2888 3964 ejus
2929 3895 3064 3950 sicut
3101 3893 3275 3964 palma
3319 3891 3534 3956 floreas,

1932 3999 1986 4044 et
2009 3989 2263 4045 ascendat
2295 3990 2346 4044 in
2379 3999 2429 4044 te
2467 3991 2638 4061 gratia
2670 3989 2950 4053 Ecclesiae,
2975 3995 3029 4042 et
3058 3988 3123 4040 sit
3158 3985 3294 4040 odor
3323 3983 3533 4038 narium

1934 4094 2146 4138 tuarum
2179 4085 2316 4139 sicut
2341 4085 2504 4150 mala,
2535 4094 2590 4139 et
2617 4084 2798 4138 fauces
2849 4091 2954 4136 Iure
2997 4083 3138 4136 sicut
3170 4080 3352 4135 vinum
3393 4077 3536 4150 opti-

1937 4193 2082 4232 mum
2111 4175 2283 4248 (Cant.
2314 4192 2419 4241 vn,
2439 4177 2534 4248 _9),
2567 4187 2622 4231 ut
2652 4175 2938 4230 iucbrieris
2965 4176 3015 4230 iu
3045 4173 3282 4230 Christo.

2009 4270 2098 4324 72.
2125 4270 2272 4325 Bene
2299 4270 2576 4348 admonuit
2616 4270 2720 4325 iste
2763 4268 3062 4324 versiculus
3111 4277 3359 4339 repetere
3403 4283 3543 4340 pene

1937 4363 2346 4431 intermissum,
2399 4365 2520 4434 quia
2576 4364 2816 4419 diximus
2866 4372 3140 4433 przecepto
3175 4363 3285 4436 62
3328 4362 3536 4418 Domini
3585 4353 3590 4356 ’

1935 4459 2100 4514 vitem
2125 4459 2290 4514 etiam
2320 4458 2633 4529 pullulasse,
2653 4473 2811 4528 quam
2845 4466 3030 4525 postea
3066 4468 3186 4526 post
3217 4456 3478 4510 diluvium
3507 4470 3537 4510 a

1938 4550 2051 4607 Noe
2075 4555 2370 4623 plantatam
2403 4568 2529 4609 esse
2570 4552 2924 4623 cognovimus
2953 4550 3134 4623 (Gem,
3173 4566 3223 4605 Ix
3247 4592 3262 4618 ,
3293 4550 3412 4624 20).
3443 4549 3535 4606 Sic

221 4636 322 4686 tur.
345 4629 506 4687 Unde
528 4638 583 4686 et
623 4629 930 4685 Hieremias
953 4629 979 4666 ά
1010 4630 1174 4685 dubia
1205 4645 1419 4686 morum
1462 4642 1627 4702 atque
1656 4629 1830 4686 insin-
1859 4644 1904 4704 ι)
1934 4647 2078 4702 enim
2114 4648 2280 4703 habes
2300 4690 2314 4714 ,
2348 4648 2471 4719 quia
2500 4647 2616 4701 Νυθ
2642 4645 2881 4716 agricola
2911 4653 3030 4700 erat
3061 4655 3219 4700 term
3241 4686 3254 4712 ’
3285 4653 3341 4699 ει
3382 4643 3538 4714 plan.

226 4737 342 4782 cera
367 4725 593 4801 myricis
615 4726 955 4797 comparavit
990 4723 1166 4796 (Hier.
1203 4741 1311 4780 xvn
1333 4768 1349 4793 ,
1391 4723 1468 4796 6).

805 4823 1036 4916 CAPUT
1076 4857 1240 4915 xvn.

233 4998 494 5058 Surditate
528 5000 745 5056 humani
775 5000 945 5055 cordis
971 5000 1258 5072 increpata,
1291 4999 1546 5054 mirabilis
1577 4996 1675 5053 Dei
1706 5017 1830 5070 pro-

296 5095 519 5151 videntia
567 5096 620 5149 in
676 5094 901 5149 minimis
944 5095 1275 5157 declaratur;
1324 5092 1412 5146 ubi
1463 5093 1720 5164 praecipue
1771 5094 1835 5148 de

299 5189 568 5244 arboribus
613 5203 811 5257 semper
844 5188 1123 5242 virentibus
1174 5197 1222 5240 et
1245 5187 1460 5240 illarum
1495 5183 1830 5253 diﬂ'erentiis,

295 5291 400 5339 tum
432 5283 494 5336 de
536 5281 846 5352 primo‘vitis
885 5280 1118 5348 cultore,
1155 5296 1216 5335 ac
1263 5280 1368 5334 vini
1404 5295 1501 5333 usu
1540 5277 1827 5333 disseritur.

298 5397 372 5457 70.
428 5397 711 5464 Gerruinet,
754 5397 952 5469 inquit,
1006 5406 1144 5452 terra
1198 5395 1405 5451 Iter-bant
1459 5395 1720 5462 virentem,
1779 5403 1834 5450 et

301 5550 324 5580 ⁸
355 5543 438 5600 ita
483 5555 616 5596 mss.
649 5535 923 5595 undecim.
971 5537 1078 5594 Alii
1105 5547 1161 5595 et
1202 5537 1368 5595 edita
1403 5537 1608 5592 Habent
1656 5542 1829 5590 autem

243 5622 284 5666 et
301 5615 494 5670 radices
518 5613 753 5668 virtutem
783 5612 1015 5666 seminis.

302 5684 324 5724 ι)
359 5686 513 5741 Uolb.
563 5701 699 5740 unus
732 5693 788 5739 et
817 5681 956 5737 Vict.
1001 5681 1148 5736 duo:
1201 5696 1261 5736 ea
1303 5681 1502 5736 ratione
1542 5682 1829 5736 incremen-

247 5765 511 5884 ‘u'zi'iggdict.
545 5841 739 5896 omnes
774 5835 841 5896 ei.
867 5826 1024 5896 Pauci
1067 5839 1198 5896 mSS-
1223 5842 1234 5877 ³
1259 5821 1829 5896 εαρίεηιία“·⁶.’.ν”⁰-⁹ί’

253 5897 420 5956 dentia.
479 5900 634 5957 Rem.
692 5894 748 5956 et
803 5889 962 5954 Coeo.
1000 5889 1422 5966 uenientum...
1473 5889 1826 5965 providentur.

1937 4738 2067 4793 tavit
2095 4738 2297 4804 vitem,
2325 4747 2381 4792 et
2421 4737 2556 4792 bibit
2608 4737 2675 4792 de
2717 4737 2842 4792 vino
2890 4736 3042 4807 ejus,
3083 4747 3137 4791 et
3186 4735 3540 4790 obdormivit.

1933 4830 2050 4886 Non
2077 4846 2206 4902 ergo
2236 4829 2350 4885 Noe
2375 4838 2566 4886 auctor
2593 4839 2674 4884 est
2703 4829 2826 4884 vitis
2850 4871 2864 4894 ,
2899 4827 2992 4883 sed
3023 4827 3399 4896 plautationis.
3427 4824 3540 4881 Ne-

1935 4940 2039 4996 que
2063 4927 2209 4981 enim
2233 4925 2335 4981 nisi
2363 4939 2482 4980 eam
2515 4924 2818 4994 reperisset
2851 4932 2976 4978 ante
2998 4929 3311 4993 generatam
3340 4962 3354 4985 ,
3385 4919 3540 4990 plan-

1937 5019 2383 5088 tare‘potuisset.
2413 5017 2611 5073 Cultor
2638 5032 2802 5088 ergo,
2839 5031 2946 5072 non
2981 5024 3172 5069 auctor
3202 5023 3286 5068 est
3321 5012 3534 5066 vitium.

1940 5113 2080 5168 Deus
2123 5119 2302 5166 autem
2343 5113 2434 5182 qui
2485 5112 2654 5167 sciret
2683 5109 2830 5182 quod
2873 5108 3056 5163 vinum
3089 5106 3272 5161 sobrie
3294 5111 3537 5176 potatum

1937 5208 2230 5262 sanitatem
2283 5206 2474 5272 daret,
2525 5214 2752 5276 augeret
2818 5199 3194 5272 prudentiam,
3249 5192 3540 5250 immodice

1935 5309 2208 5370 sumptum
2265 5299 2334 5354 ad
2382 5299 2510 5354 vitia
2555 5312 2748 5354 causas
2790 5296 2978 5357 daret,
3010 5297 3317 5344 creaturam
3345 5282 3529 5347 dedit,

1934 5392 2320 5450 abundantiam
2376 5390 2615 5446 humano
2667 5389 2892 5444 arbitrio
2924 5378 3255 5441 reservavit;
3280 5382 3337 5429 ut
3363 5373 3542 5442 parci-

1931 5535 2034 5591 Alii
2064 5549 2258 5591 novem
2289 5530 2689 5604 probatissimi?
2721 5525 3002 5604 Pa'ien'm‘
3031 5528 3140 5604 (ψ’

2002 5604 2029 5644 ά
2071 5607 2200 5662 Mss.
2255 5599 2488 5677 quatuor
2515 5621 2528 5658 :
2563 5599 2772 5658 dubiam
2800 5601 3021 5656 horum,
3047 5599 3196 5657 ηεφθε
3228 5599 3538 5640 ⁸η⁸¹η⁶εναη³

1931 5690 2264 5805 mimi.“
2308 5745 2422 5801 edit
2492 5753 2546 5799 et
2594 5754 2724 5793 mss.
2771 5739 2980 5805 aliquot
3033 5731 3296 5803 sequioris
3351 5741 3533 5803 notae,

1933 5819 2283 5876 Obumbrabat
2309 5817 2443 5871 enim
2472 5809 2786 5880 inﬁrmitati.
