4222 6364
598 359 701 416 187

1950 350 2196 410 SANCTI
2234 351 2560 412 AMBROSII

3735 361 3746 366 ’
3807 355 3909 414 188

601 473 781 533 monia
823 480 1030 529 naturre
1066 479 1210 529 esset
1245 469 1615 543 magisterium
1653 467 2000 536 sobrietatis,
2029 466 2205 524 ahun-
2229 486 2278 548 Α
2306 469 2425 539 quis
2465 478 2591 525 ante
2630 483 2730 525 nos
2759 469 2959 526 dixerit
2988 487 3002 526 :
3033 468 3150 526 Non
3174 469 3339 525 vitem
3370 477 3460 526 aut
3489 468 3647 528 ficum
3670 471 3914 529 Patriar-

599 569 799 626 dantia:
830 569 1044 624 noxiam
1073 567 1393 639 lapsumque
1419 565 1752 621 temulentia:
1775 562 1874 620 sibi
1905 564 2208 620 ascriberet

602 661 836 718 humana
859 658 1123 715 conditio.
1155 658 1395 729 Denique
1423 667 1476 712 et
1503 657 1619 730 ipse
1650 657 2044 712 inebriatusest
2069 655 2202 720 Noe,

602 765 656 812 et
705 753 1038 809 obdormivit
1081 751 1402 823 consopitus
1428 767 1456 805 a
1488 753 1635 806 vino.
1680 749 1868 822 Itaque
1896 765 1994 820 per
2019 751 2204 804 vinum

601 851 777 922 patuit
805 848 1145 904 deformitati
1175 847 1265 918 qui
1300 861 1396 917 per
1419 843 1680 900 diluvium
1723 843 1963 899 excrevit
1991 843 2057 899 ad
2088 844 2206 914 glo-

601 942 736 999 riam
772 960 784 995 :
817 940 914 996 sed
957 940 1219 995 Dominus
1251 949 1305 995 et
1335 938 1388 994 in
1420 953 1486 993 eo
1517 945 1784 993 creatum
1821 952 1933 991 suae
1971 937 2198 1008 gratiam

596 1043 926 1102 reservavit,
962 1044 1018 1089 tit
1046 1033 1166 1102 ejus
1196 1031 1426 1088 fructum
1458 1029 1614 1085 nobis
1639 1037 1987 1085 converteret
2011 1027 2078 1084 ad
2110 1042 2195 1084 sa.

598 1129 789 1195 intem,
824 1144 888 1184 ac
917 1143 1013 1198 per
1034 1143 1158 1182 eum
1209 1126 1365 1181 nobis
1408 1124 1659 1180 remissio
1692 1130 2035 1190 peccatorum
2073 1139 2197 1193 pro-

597 1222 826 1278 veniret.
856 1220 1008 1277 Uude
1037 1219 1123 1292 pie
1147 1218 1296 1274 Isaac
1324 1217 1458 1272 dixit
1492 1236 1503 1271 :
1529 1216 1678 1272 Odor
1699 1215 1890 1282 Jaciib,
1919 1215 2057 1271 odor
2081 1215 2196 1286 agri

594 1314 766 1385 pleni,
803 1313 853 1368 id
881 1323 996 1376 est,
1028 1311 1297 1368 naturalis
1319 1310 1454 1364 odor
1479 1308 1660 1384 (Gem,
1701 1325 1847 1364 xxvn
1867 1351 1882 1375 ,
1908 1307 2026 1380 ‘27).
2057 1306 2195 1376 Quid

595 1405 744 1464 enim
772 1407 935 1478 pleno
958 1420 1084 1460 rure
1107 1402 1522 1476 suavius?Quid
1547 1401 1676 1457 vitis
1699 1399 2199 1473 odorejucundius?

599 1498 740 1570 Quid
798 1497 937 1553 fabae
983 1497 1116 1553 ﬂore
1155 1495 1400 1570 gratius?
1433 1495 1589 1552 Unde
1627 1495 1879 1567 quamvis
1919 1492 2201 1564 ingeniose

2308 561 2408 618 cha
2437 562 2618 618 olebat
2646 571 2739 617 aut
2781 561 3028 633 frugem,
3067 563 3165 618 sed
3197 563 3454 619 virtutum
3497 565 3736 636 spirabat
3779 583 3910 633 gra-

2308 658 2434 713 tiam
2462 675 2477 724 ;
2506 651 2609 727 ego
2638 668 2814 714 tamen
2845 671 2898 715 et
2927 659 3149 715 odorem
3189 660 3366 730 ipsum
3409 670 3569 716 teme
3597 662 3908 732 simplicem

2305 758 2468 818 aliue
2518 751 2785 808 sincerum
2818 768 2914 824 pro
2965 755 3139 825 gratia
3179 753 3574 812 benediCIionis
3620 754 3909 827 accipiam,

2305 859 2467 914 quem
2501 842 2645 899 fraus
2672 846 2815 902 nulla
2839 847 3168 916 composuit.
3201 847 3298 903 sed
3330 849 3527 904 veritas
3559 831 3911 919 indulgentias

2306 937 2553 992 cmleStis
2574 936 2793 992 infudit.
2825 939 3066 1010 Denique
3112 939 3252 994 inter
3289 939 3699 996 bent-dictiones
3722 956 3910 996 sacra-

2309 1028 2546 1084 tissimas
2593 1040 2964 1100 computatur,
3013 1041 3071 1087 ut
3116 1031 3316 1087 trihuat
3363 1031 3522 1088 nobis
3570 1033 3832 1088 Dominus
3873 1049 3909 1090 a

2303 1138 2427 1178 rore
2472 1123 2597 1180 cmli
2647 1124 2753 1178 vim
2790 1124 2936 1190 vini,
2976 1125 3119 1192 olei,
3168 1133 3330 1195 atque
3376 1123 3675 1182 frumenti:
3708 1127 3794 1182 cui
3823 1138 3910 1184 est

2308 1216 2516 1285 honor,
2558 1218 2712 1285 laus,
2756 1226 2812 1274 ct
2856 1219 3065 1290 gloria,
3105 1217 3439 1290 perpetuitas
3480 1235 3510 1275 a
3556 1221 3806 1284 saeculis,
3852 1228 3912 1277 et

2308 1324 2450 1366 nunc
2492 1321 2547 1367 et
2595 1326 2843 1385 semper,
2873 1322 2927 1368 et
2968 1311 3021 1368 in
3069 1313 3251 1368 omnia
3294 1311 3494 1370 secula
3554 1313 3903 1370 saeculorum.

2307 1403 2504 1461 Amen.

640 1626 3828 1658 _—___—___—_————————————————————-v

1736 1745 2079 1832 LIBER
2157 1742 2756 1860 QUARTUS.

1440 1921 1588 1994 DE
1695 1919 2108 1994 OPEBE
2209 1919 2672 2008 QUARTI
2778 1919 3077 1993 DIEI.

953 2107 1061 2181 οι
1104 2105 1336 2164 CAPUT
1364 2059 1387 2163 ι’
1428 2105 1653 2180 (Sermo
1684 2104 1808 2178 vr).

602 2241 872 2301 Lectorem
912 2253 1062 2314 parat
1106 2242 1175 2298 ad
1214 2245 1523 2300 creationem
1566 2243 1693 2300 solis
1740 2252 1875 2298 recte
1902 2242 2201 2312 intelligen-

674 2339 830 2406 dam,
866 2341 1327 2409 declinandamque
1358 2340 1412 2394 in
1457 2356 1515 2396 eo
1561 2339 1972 2405 irlolomaniam;
2002 2355 2103 2410 qua
2143 2338 2206 2393 de

671 2452 727 2492 re
751 2434 982 2510 ejusdem
1010 2451 1127 2489 cum
1154 2445 1362 2488 auctore
1380 2452 1474 2489 suo
1501 2433 1934 2505 comparationem
1959 2434 2200 2500 instituit,

673 2539 719 2583 et
748 2529 984 2582 ordinem
1005 2546 1105 2600 quo
1127 2529 1263 2583 inter
1287 2529 1398 2584 alia
1426 2541 1631 2585 creatus
1660 2540 1754 2598 est,
1786 2529 2050 2602 expendit,
2081 2529 2202 2585 sub-

665 2623 810 2695 jecta
836 2621 1057 2696 eleganti
1083 2631 1233 2677 terra:
1261 2625 1644 2693 prosapOpaeia.

681 2763 734 2818 1.
776 2762 880 2830 Qui
915 2763 1240 2818 vindemiam
1280 2764 1524 2835 colligit,
1552 2780 1682 2820 vasa
1725 2765 1874 2836 prius
1902 2765 2099 2837 quibus
2128 2765 2209 2822 vi-

603 2869 730 2910 num
781 2854 1111 2924 infunditur,
1141 2856 1406 2913 mundare
1453 2858 1771 2927 consuevit,
1805 2874 1873 2914 ne
1905 2867 1931 2896 ι
1959 2873 2079 2914 sors
2109 2859 2210 2914 ali-

607 2963 711 3019 qua
746 2950 853 3005 vini
901 2950 1130 3021 gratiam
1177 2951 1476 3006 decoloret.
1505 2951 1644 3020 Quid
1675 2954 1820 3008 enim
1855 2952 2076 3022 prodest
2108 2955 2207 3022 po-

605 3055 739 3096 nere
788 3043 954 3097 vitem
1009 3041 1224 3108 ordine,
1269 3041 1458 3098 fodere
1488 3045 1814 3114 quotannis,
1868 3054 1963 3102 aut
2011 3045 2210 3102 aratris

607 3131 790 3188 sulcos
819 3133 1042 3199 ducere,
1079 3144 1303 3206 putare,
1336 3137 1650 3208 subrigere,
1681 3137 1980 3208 adjnogere
2010 3136 2207 3208 ulmis,

606 3235 660 3282 et
691 3226 923 3296 quodam
958 3228 1234 3284 eoiuiubio
1272 3229 1564 3298 copulare,
1589 3230 1633 3286 si
1667 3239 1818 3286 tanto
1857 3230 2047 3290 labore
2086 3231 2210 3288 vina

609 3323 837 3391 quaisita
866 3320 919 3376 in
954 3335 1082 3378 vase
1109 3323 1466 3380 coacescant?
1495 3323 1787 3382 Matutinus
1824 3341 2042 3396 quoque
2079 3325 2212 3382 solis

611 3425 765 3472 ortus
812 3418 856 3473 si
912 3419 1331 3490 quis‘spectare
1380 3419 1689 3486 desiderat,
1732 3421 1993 3476 etnundat
2021 3420 2211 3478 oculos

2237 2116 2284 2177 Β
2311 2121 2369 2162 se
2400 2105 2532 2162 nihil
2568 2104 2774 2173 videre,
2803 2113 2858 2162 et
2883 2103 3068 2162 tuendi
3099 2119 3325 2160 munere
3341 2117 3462 2160 esse
3486 2100 3791 2158 fraudatum
3818 2120 3834 2158 :
3859 2101 3910 2162 Si

2310 2213 2436 2254 vero
2449 2198 2557 2270 63
2570 2196 2822 2255 deﬂectat
2839 2198 3109 2263 obtutum.
3128 2198 3397 2269 integrum
3421 2196 3520 2253 sibi
3533 2194 3592 2251 of
3594 2195 3772 2254 ficium
3787 2209 3911 2266 per-

2309 2303 2539 2346 severat.
2572 2292 2718 2348 Cave
2747 2293 2910 2362 igitur
2940 2305 3008 2347 ne
3029 2300 3085 2346 et
3106 2300 3256 2346 tuum
3296 2288 3480 2348 radius
3509 2289 3627 2361 ejus
3654 2289 3914 2346 exoriens

2305 2383 2604 2442 confundat
2655 2394 2960 2457 aspectum.
3009 2384 3079 2440 Et
3131 2385 3252 2440 ideo
3301 2383 3450 2454 prius
3502 2381 3908 2440 [irritamentum

2307 2478 2430 2536 cteli
2474 2480 2688 2549 aspice,
2741 2477 2885 2550 quod
2933 2487 3061 2534 ante
3103 2477 3276 2532 solem
3319 2474 3518 2532 factum
3549 2484 3672 2530 est:
3707 2485 3908 2532 terram

2309 2576 2524 2643 aspice,
2553 2587 2675 2643 quae
2716 2580 2842 2628 ante
2869 2585 3031 2642 quam
3067 2569 3148 2626 sol
3192 2569 3541 2640 procederet,
3573 2567 3741 2637 cepit
3787 2581 3912 2623 esse

2309 2663 2537 2720 visibilis
2578 2676 2742 2734 atque
2775 2662 3110 2734 composita:
3166 2661 3413 2733 germina
3459 2661 3578 2732 ejus
3605 2659 3789 2731 aspice
3816 2673 3914 2714 an.

2314 2757 2512 2814 teriora
2555 2757 2687 2812 solis
2719 2757 2945 2814 lumine.
2989 2755 3249 2812 Anterior
3269 2767 3290 2796 ε
3330 2754 3572 2814 bruchus
3604 2768 3762 2824 quam
3793 2754 3906 2822 sol,

2309 2847 2584 2919 antiquior
2611 2848 2775 2906 herba
2805 2863 2967 2921 quam
2995 2848 3141 2903 luna.
3174 2847 3292 2904 Noli
3313 2864 3446 2920 ergo
3465 2845 3635 2903 Deum
3659 2845 3909 2910 credere,

2309 2943 2397 2999 cui
2423 2943 2574 3000 vides
2617 2943 2708 2998 Dei
2750 2957 2976 2998 munera
3007 2957 3129 2998 esse
3156 2942 3401 3015 prmlata.
3426 2940 3562 2996 Tres
3587 2940 3704 2995 dies
3732 2949 3915 2994 trans-

2311 3039 2418 3095 acti
2445 3047 2592 3104 sunt,
2613 3049 2667 3093 et
2693 3037 2864 3093 solem
2887 3051 3046 3093 nemo
3069 3036 3346 3108 quasivit,
3369 3045 3424 3092 et
3450 3033 3669 3094 luminis
3695 3032 3916 3090 claritas

2310 3131 2625 3188 abundavit.
2662 3127 2837 3187 liabet
2878 3129 3025 3186 enim
3071 3139 3128 3188 et
3169 3129 3289 3186 dies
3334 3142 3490 3184 suam
3543 3128 3749 3191 lucem,
3793 3141 3917 3197 qua:

2313 3240 2612 3298 praecessor
2637 3232 2722 3281 est
2750 3225 2903 3281 solis.
2928 3223 3044 3280 Non
3071 3224 3234 3295 igitur
3264 3234 3316 3280 te
3349 3232 3498 3278 tanto
3524 3221 3802 3293 splendori
3825 3235 3918 3277 so-

2313 3320 2377 3376 lis
2447 3330 2653 3376 tcmere
2720 3320 3053 3378 committas.
3103 3317 3308 3375 Oculus
3343 3326 3429 3374 est
3500 3317 3646 3373 enim
3695 3316 3914 3384 mundi,

2309 3413 2622 3482 jtwundilas
2670 3411 2817 3479 diei,
2846 3413 2970 3469 creti
3020 3410 3398 3483 pulchritudo,
3446 3420 3656 3468 natura:
3705 3409 3914 3482 gratia,

613 3522 772 3573 suos;
822 3523 890 3563 ne
941 3509 1069 3579 quid
1100 3509 1379 3580 pulveris,
1433 3527 1501 3567 ne
1555 3510 1683 3581 quid
1731 3523 2206 3582 purgamentorum
2236 3506 2284 3571 C
2317 3511 2628 3581 praestantia
2659 3516 2948 3564 ereaturaz.

618 3597 646 3637 δ
668 3599 842 3655 oculis
871 3600 990 3668 ejus
1023 3601 1247 3666 insidat,
1276 3618 1381 3671 quo
1414 3603 1617 3658 tuentis
1643 3602 1929 3658 hebetetur
1957 3602 2207 3671 obtutus;

612 3707 748 3747 neve
774 3692 949 3764 aliqua
969 3692 1144 3764 caligo
1172 3694 1430 3750 nebulosa
1445 3697 1856 3770 corporeoscz
1881 3699 2028 3754 visus
2053 3712 2211 3768 spec-

613 3785 780 3840 tantis
819 3785 1075 3840 obducat.
1114 3785 1284 3842 Nobis
1305 3787 1359 3842 in
1388 3787 1625 3846 lectione
1649 3789 1979 3846 exoriendus
1999 3799 2081 3844 est
2103 3789 2208 3858 sol,

613 3876 871 3948 quiante
922 3894 1030 3934 non
1085 3877 1270 3935 fuerit.
1321 3879 1558 3936 Primum
1609 3879 1721 3950 jam
1767 3879 1908 3936 diem
1955 3880 2074 3940 sine
2095 3881 2214 3939 sole

615 3971 958 4028 transivimus
983 3989 996 4026 :
1026 3972 1337 4028 secundum.
1362 3972 1481 4028 sine
1518 3972 1634 4029 sole
1673 3973 2075 4045 transegimus:
2103 3986 2213 4031 ter-

615 4067 746 4120 tium
791 4066 909 4122 sine
957 4065 1074 4122 sole
1111 4064 1449 4122 confecimus
1484 4077 1723 4138 :quarto
1763 4067 1850 4123 die
1885 4067 2042 4140 jubet
2070 4066 2215 4135 Deus

615 4158 735 4214 fieri
765 4159 1050 4216 luminaria
1077 4161 1286 4226 solem,
1319 4171 1370 4217 et
1404 4161 1610 4230 lunam,
1642 4173 1697 4218 et
1721 4164 1932 4220 stellas.
1956 4163 2050 4222 Sol
2077 4163 2216 4220 inci-

617 4253 719 4322 pit,
752 4253 986 4310 emunda
1018 4255 1207 4311 oculos
1237 4257 1460 4321 mentis,
1493 4271 1525 4310 ο
1557 4257 1745 4324 homo,
1774 4257 2049 4330 animique
2079 4258 2218 4318 inte-

537 4349 540 4352 ’
611 4345 785 4402 riores
833 4346 1097 4408 obtutus.
1150 4363 1218 4403 ne
1263 4363 1367 4418 qua
1415 4351 1618 4406 festuca
1660 4351 1870 4421 peccati
1916 4351 2090 4408 aciem
2139 4352 2216 4408 tui

618 4439 961 4511 praestringat
999 4440 1234 4511 ingenii,
1262 4451 1320 4499 et
1342 4442 1462 4514 puri
1489 4444 1669 4502 cordis
1694 4444 1874 4502 turbet
1909 4457 2215 4516 aspectum.

617 4532 868 4592 Emunda
917 4551 1135 4604 aurem,
1169 4546 1227 4592 ut
1265 4551 1393 4592 vase
1438 4539 1652 4594 sincero
1688 4538 1984 4610 Scriptura:
2018 4540 2217 4598 divina:

621 4627 790 4684 nitida
815 4628 1011 4686 ﬂuenta
1039 4631 1329 4702 suscipias,
1355 4646 1424 4688 ne
1449 4646 1553 4700 qua
1581 4631 1918 4705 ingrediatur
1938 4633 2214 4706 contagio.

620 4719 874 4776 Procedit
900 4721 980 4777 sol
1010 4736 1206 4792 magno
1237 4723 1436 4794 jubare
1472 4723 1616 4779 diem
1639 4766 1654 4790 ,
1702 4739 1900 4796 magno
1953 4725 2214 4784 mundum

618 4813 903 4884 complens
931 4814 1169 4884 lumine,
1203 4832 1474 4886 vaporatis
1501 4817 1708 4874 calore.
1741 4817 1915 4886 Cave,
1949 4834 1984 4876 ο
2014 4817 2177 4876 homo
2199 4862 2212 4887 ,

2384 3601 2440 3658 θ.
2482 3599 2588 3658 Sed
2631 3599 2849 3672 quando
2875 3600 3017 3656 hunc
3044 3598 3233 3665 vides,
3259 3605 3540 3660 auctorem
3581 3596 3700 3668 ejus
3733 3595 3919 3652 consi-

2313 3695 2442 3752 dera
2469 3712 2482 3749 :
2508 3695 2722 3766 quatido
2748 3695 2890 3749 hunc
2920 3693 3164 3759 miraris,
3196 3691 3352 3746 lauda
3382 3693 3532 3763 prius
3562 3689 3731 3761 ipsius
3756 3703 3916 3744 crea-

2315 3801 2508 3846 torem.
2545 3788 2602 3846 Si
2653 3801 2760 3844 tam
2809 3797 2996 3860 gratus
3041 3796 3125 3844 est
3173 3786 3254 3842 soi
3294 3801 3521 3843 consors
3557 3795 3614 3842 et
3642 3787 3919 3859 particeps

2315 3893 2611 3949 creaturai,
2643 3898 2803 3954 quam
2829 3883 3004 3938 bonus
3045 3892 3129 3937 est
3166 3881 3250 3937 sol
3289 3881 3383 3938 ille
3418 3880 3676 3954 justitiail
3706 3881 3765 3936 Si
3803 3891 3915 3942 tam

2319 3978 2475 4032 velox
2527 3977 2662 4043 isto,
2694 3987 2752 4032 ut
2784 3974 2989 4047 rapidis
3019 3975 3271 4032 cursibus
3306 3974 3360 4032 in
3397 3975 3488 4032 die
3525 3990 3590 4030 ac
3617 3984 3777 4032 nocte
3803 3975 3918 4032 lus.-

2319 4078 2427 4130 tret
2465 4070 2679 4136 omnia;
2709 4079 2944 4140 quantus
2989 4067 3078 4124 ille
3109 4068 3198 4139 qui
3225 4067 3423 4138 ubique
3451 4083 3668 4138 semper
3709 4075 3828 4133 est,
3859 4075 3918 4124 et

2317 4166 2601 4234 majestate
2631 4176 2725 4219 sua
2750 4161 2990 4234 complet
3019 4162 3234 4220 omnia?
3259 4160 3316 4219 Si
3346 4160 3682 4219 admirabilis
3710 4164 3802 4232 qui
3829 4163 3920 4234 juo

2316 4259 2475 4316 betur
2517 4261 2712 4326 exire,
2753 4273 2914 4329 quam
2966 4272 3130 4329 supra
3189 4258 3605 4316 admirationem
3647 4260 3738 4330 qui
3783 4258 3921 4317 dicit

2317 4353 2418 4407 soli
2452 4393 2468 4418 ,
2510 4361 2565 4407 et
2612 4365 2718 4407 non
2764 4350 3034 4419 exoritur,
3057 4359 3116 4407 ut
3147 4350 3373 4422 legimus
3417 4351 3556 4423 (Job
3599 4367 3657 4408 Ix
3681 4393 3696 4419 ,
3723 4351 3916 4425 7)?Si

2319 4459 2544 4517 magnus
2575 4455 2657 4500 est
2684 4444 2777 4516 qui
2806 4459 2902 4515 per
2929 4443 3187 4500 horarum
3220 4445 3362 4501 vices
3394 4445 3528 4502 locis
3552 4456 3645 4502 aut
3669 4445 3880 4502 accedit
3901 4487 3921 4513 ,

2317 4550 2412 4594 aut
2459 4537 2674 4596 decedit
2718 4537 2994 4608 quotidie,
3027 4539 3206 4608 qualis
3237 4538 3328 4594 ille
3372 4539 3462 4610 qui
3507 4540 3670 4594 etiam
3712 4553 3922 4594 cumse

2316 4631 2650 4697 exinaniret,
2674 4642 2734 4686 ut
2758 4647 2857 4686 nos
2882 4645 3006 4688 eum
3049 4645 3332 4700 possemus
3357 4632 3575 4698 videre,
3597 4642 3716 4688 erat
3737 4633 3923 4688 lmnen

2319 4742 2546 4794 verum,
2573 4726 2714 4798 quod
2751 4725 3018 4781 illuminat
3045 4739 3263 4782 omnem
3307 4723 3580 4784 hominem
3610 4729 3922 4784 venientem

2321 4821 2374 4874 in
2423 4819 2566 4875 hunc
2605 4818 2900 4874 mundum?
2941 4817 2996 4874 Si
3047 4818 3558 4887 praestantissimus,
3585 4820 3676 4890 qui
3708 4819 3925 4891 objectu

617 4909 790 4964 solam
841 4910 980 4979 ejus.
1013 4911 1352 4982 perpendere
1399 4912 1862 4984 magnitudinem;
1902 4929 1972 4970 ne
2014 4907 2215 4972 nimius
2243 4901 2298 4964 D
2324 4923 2484 4969 terra:
2518 4914 2716 4982 patitur
2745 4928 2889 4983 stepe
2935 4913 3206 4978 delectus;
3238 4926 3459 4984 quantae
3507 4914 3806 4985 majestatis
3831 4913 3924 4983 qui

617 5002 794 5076 fulgor
829 5004 949 5075 ejus
991 5008 1138 5062 visus
1181 5013 1286 5063 tua:
1321 5009 1520 5063 mentis
1554 5008 1793 5066 obca'cet
1819 5025 1830 5064 :
1857 5017 1914 5064 ut
1943 5009 2097 5081 qui-e
2127 5024 2216 5066 re-

613 5101 777 5168 gione
817 5098 873 5156 in
920 5099 1129 5155 radium
1178 5103 1296 5172 ejus
1341 5101 1604 5169 intendit,
1634 5117 1960 5172 repercusso
2013 5103 2218 5159 lumine

613 5208 831 5250 omnem
860 5194 1042 5251 subito
1067 5195 1267 5252 amittit
1319 5206 1626 5266 aspectum;
1679 5211 1743 5252 ac
1771 5196 1873 5256 nisi
1908 5197 1961 5252 in
1988 5206 2218 5254 caeteras

617 5298 802 5358 partes
842 5289 1048 5345 vultum
1096 5305 1255 5344 suum
1301 5291 1596 5361 oculosque
1637 5297 1952 5357 convertat,
1983 5292 2220 5347 aestimat

695 5484 722 5514 ι
763 5475 906 5532 Edit.
935 5489 1160 5539 omnes,
1185 5483 1239 5530 et
1266 5490 1399 5531 mss.
1439 5475 1636 5547 aliquot
1670 5476 1865 5546 partim
1900 5493 1913 5530 :
1946 5493 2009 5531 ne
2048 5476 2230 5532 sordes

619 5548 870 5620 aliqum,
889 5587 904 5601 .
926 5589 952 5620 ,ί
991 5547 1318 5613 decolorent;
1351 5548 1582 5620 partim:
1611 5563 1674 5601 ne
1704 5549 1882 5604 sordes
1923 5549 2117 5620 aliqua.
2140 5589 2153 5603 .
2178 5581 2191 5600 ι
2211 5588 2226 5604 .

622 5617 908 5674 decoloret.
941 5619 1133 5673 Decum
1172 5633 1299 5673 mss.
1338 5617 1578 5690 probata:
1615 5622 1982 5674 auctoritatis:
2010 5617 2078 5673 ne
2118 5636 2232 5674 sors

635 5690 809 5761 aliqua
833 5731 846 5753 ,
873 5700 978 5761 etc.
1027 5692 1170 5744 Bmta
1197 5691 1382 5751 lectio.
1412 5692 1566 5760 cujus
1598 5692 1862 5745 rationem
1904 5691 2172 5761 intelliges
2200 5707 2232 5746 e

641 5760 836 5819 Franc.
864 5760 1066 5815 Sanclii
1091 5761 1325 5818 Minerva
1354 5763 1422 5818 de
1454 5779 1569 5816 ron.
1599 5761 1848 5824 homon..
1880 5779 2002 5831 tias.
2032 5760 2154 5820 408-

721 5836 762 5912 ⁸)-
789 5835 937 5892 Edit.
968 5851 1029 5891 ac
1060 5853 1209 5912 pauci
1240 5853 1396 5912 {IISSJ
1424 5837 1588 5912 oculis
1614 5839 1724 5912 ejus
1749 5833 2235 5912 insidentlleliqui

625 5909 838 5981 insidat,
871 5923 977 5967 non
1008 5908 1180 5976 male;
1210 5909 1312 5968 nisi
1343 5910 1586 5968 scribere
1621 5908 1879 5969 malueris
1905 5909 2118 5970 incidat.

2323 5005 2424 5062 ait:
2447 5006 2633 5061 Adhuc
2657 5006 2813 5061 semel
2834 5021 2929 5078 ego
2953 5005 3163 5060 movebo
3184 5015 3372 5060 terram
3393 5005 3550 5079 (Agg.
3575 5019 3615 5071 ι,
3641 5005 3735 5079 7)?
3769 5006 3924 5062 Illum

2324 5108 2469 5155 terra
2494 5099 2808 5166 abscondit;
2845 5099 3002 5156 istius
3033 5107 3238 5154 motum
3268 5113 3374 5154 non
3405 5109 3583 5169 porest
3611 5101 3920 5166 sustinere,

2323 5193 2427 5248 nisi
2482 5193 2776 5248 voluntatis
2819 5192 2939 5262 eius
2998 5191 3298 5247 substantia
3347 5191 3619 5248 fuiciatur.
3671 5193 3729 5249 Si
3777 5207 3926 5249 caeco

2323 5286 2580 5343 damnum
2612 5296 2696 5343 est
2729 5286 2889 5358 hujus
2915 5286 3049 5342 solis
3083 5289 3315 5357 gratiam
3343 5300 3449 5342 non
3477 5287 3699 5356 videre;
3723 5297 3927 5360 quanto

2411 5488 2432 5516 ο
2475 5475 2577 5533 Ubi
2623 5474 2758 5530 edit.
2801 5487 2993 5528 omnes
3039 5482 3095 5528 et
3137 5487 3268 5529 mss.
3314 5487 3420 5528 non
3462 5473 3652 5539 pauci:
3686 5475 3928 5530 Anterior

2333 5550 2515 5614 mrbus;
2541 5546 2610 5602 ibi
2635 5563 2728 5601 sex
2758 5545 3118 5615 antiquissimi
3142 5559 3300 5600 mss.:
3331 5544 3572 5600 Antrrior
3599 5547 3845 5610 brnrlms,
3873 5545 3928 5602 id

2339 5630 2423 5677 est
2479 5620 2615 5673 forte
2639 5659 2653 5684 ,
2693 5632 2906 5678 ramus,
2932 5615 3072 5671 unde
3105 5615 3238 5670 farta
3269 5633 3367 5672 vos
3392 5616 3572 5673 Italica
3603 5618 3848 5682 bronrlto,
3873 5627 3932 5674 et

2341 5692 2533 5761 ga'lica
2583 5689 2824 5744 branahe.
2877 5687 3015 5761 Vide
3047 5687 3516 5761 VAldrovnntlum,
3551 5687 3928 5761 Detitlrologia:

2341 5759 2436 5820 lib.
2470 5778 2506 5826 I,
2542 5775 2660 5830 pag.
2685 5762 2777 5815 ‘22.
2807 5760 3125 5815 Ambrosius
3154 5774 3284 5814 vero
3309 5759 3576 5830 superiori
3604 5775 3748 5830 cap..
3775 5776 3922 5818 num.

2348 5837 2439 5902 67,
2468 5852 2562 5908 per
2591 5832 2728 5890 hanc
2753 5847 2942 5899 vocem
2964 5830 3241 5896 arbustum
3269 5832 3486 5904 aliquod
3508 5832 3694 5890 sterile
3716 5830 3929 5896 videtur

2335 5909 2593 5971 indicare.
