4102 6360
218 378 358 435 189

1522 375 2023 438 llEXAEMERON.
2056 381 2186 440 LIB.
2214 384 2300 440 IV.

3461 391 3566 447 190

221 497 432 569 magis
501 496 765 571 pcccatori
829 489 1120 565 damnum,
1171 495 1284 553 veri
1345 494 1566 553 luminis
1631 511 1862 554 munere
1888 501 1934 563 Α
1966 508 2096 554 tem.
2119 499 2316 555 Factus
2337 507 2567 573 estergo
2593 500 2714 566 sol;
2751 501 2870 558 ideo
2891 511 2942 558 et
2971 501 3288 574 ipse'servit,
3309 503 3568 575 quoniam

227 591 640 649 deft-nudatum
659 634 674 656 ,
702 598 980 667 perpetua:
1006 589 1182 645 noctis
1211 589 1461 646 tenebras
1484 588 1790 644 sustinere?

321 689 386 746 3.
433 686 577 758 Ergo
626 702 748 742 cum
787 685 936 740 vides
982 685 1191 752 solem,
1222 682 1444 741 attende
1472 693 1706 749 terram,
1740 699 1859 754 quae

227 790 385 837 ante
409 780 628 836 fundata
650 788 731 836 est
757 797 770 834 :
795 779 1012 834 attende
1035 777 1263 834 herbam
1299 775 1439 843 feni,
1487 793 1606 846 quae
1637 785 1862 847 prmstat

235 875 471 931 ordinis
500 875 780 947 privilegio
807 893 819 926 :
843 869 1063 928 attende
1094 871 1260 941 ligna,
1288 885 1408 942 quae
1439 867 1858 940 plaudnntquod

235 969 442 1039 priora
474 967 766 1022 luminibus
796 967 919 1022 εαξη
948 980 1072 1020 esse
1098 971 1400 1032 cmperunt.
1443 961 1711 1032 Numquid
1746 977 1861 1016 nte-

240 1060 362 1116 rita
415 1059 520 1115 feni
583 1058 786 1129 majora
832 1072 993 1129 quam
1042 1055 1208 1112 solis?
1248 1057 1354 1112 Aut
1395 1054 1652 1127 numquid
1681 1056 1859 1125 potior

234 1156 381 1226 ligni
403 1154 760 1226 prmrogativa
777 1152 800 1207 ?
815 1153 974 1208 Absit
996 1162 1052 1207 ut
1075 1153 1126 1206 itt
1150 1147 1430 1208 sensibilla
1461 1153 1592 1205 lauti
1617 1149 1858 1204 muneris

234 1245 607 1316 praeferamus
653 1245 919 1301 ministro.
965 1244 1105 1313 Quid
1146 1247 1306 1317 igitur
1358 1243 1602 1315 pra'vidil
1632 1243 1858 1297 altitudo

237 1339 537 1410 sapientia:
577 1347 633 1394 et
670 1339 911 1394 scientia:
941 1339 1064 1403 llei,
1094 1345 1153 1393 ut
1191 1341 1340 1409 prius
1387 1335 1856 1409 inciperentligua

239 1447 398 1500 esse,
425 1449 585 1501 quam
616 1433 703 1488 illa
737 1431 847 1488 duo
874 1433 1058 1491 mundi
1088 1432 1396 1497 luminaria,
1422 1439 1478 1487 et
1505 1429 1720 1501 quidam
1745 1444 1858 1486 ea:-

243 1526 408 1580 lestis
439 1524 585 1580 oculi
621 1524 1109 1591 llrntatnenli;uisi
1153 1535 1211 1580 ut
1251 1533 1641 1595 cognoscerent
1665 1537 1857 1580 omnes

245 1619 454 1675 divina:
499 1620 813 1675 testimonio
854 1619 1107 1687 lectionis
1155 1628 1354 1675 terram
1387 1620 1505 1674 sine
1533 1617 1651 1673 sole
1694 1632 1856 1690 posse

245 1726 376 1768 esse
409 1709 734 1767 fecundam?
759 1711 893 1768 Nam
923 1729 1044 1784 qua:
1076 1713 1248 1784 potuit
1276 1714 1394 1768 sine
1418 1710 1531 1766 sole
1554 1713 1728 1784 prima
1771 1726 1858 1767 re-

244 1820 373 1859 rum
424 1804 631 1859 semina
669 1805 1020 1876 germinare,
1054 1814 1228 1876 poteSI
1272 1804 1458 1874 utique
1504 1804 1714 1858 semina
1758 1818 1850 1857 ae-

1965 589 2174 648 dictuui
2215 604 2300 649 est
2334 613 2346 649 :
2378 595 2636 652 andasti
2675 609 2897 667 terram,
2933 609 2980 654 et
3013 610 3314 674 permanet:
3345 601 3571 670 disposi-

1964 685 2101 738 tione
2124 695 2212 740 tua
2237 698 2499 757 permanet
2519 691 2628 744 dies
2647 733 2660 756 ,
2691 693 2932 762 quoniam
2964 695 3202 748 unirersa
3229 694 3450 747 sert'iunt
3479 691 3570 746 tibi

1966 774 2101 846 (Ps.
2149 792 2348 840 cxvut.
2381 779 2451 835 90
2474 781 2672 855 et9l).
2723 783 2937 839 Etenim
2983 801 3103 839 cum
3156 784 3274 838 dies
3323 783 3566 847 serviat,

1961 868 2235 938 quomodo
2269 884 2376 925 nou
2405 870 2574 927 servit
2597 875 2703 939 sol,
2732 877 2820 944 qui
2850 876 3022 931 factus
3047 883 3128 932 est
3163 879 3214 930 in
3243 885 3567 946 potestatem

1961 959 2105 1014 diei?
2133 960 2415 1028 Quomodo
2447 979 2554 1019 non
2575 967 2743 1021 servit
2773 967 2898 1022 luna
2931 976 2985 1024 et
3015 968 3211 1034 stellae,
3262 985 3381 1042 qua:
3411 969 3567 1026 facta)

1959 1063 2087 1108 sunt
2119 1055 2169 1108 itt
2204 1063 2525 1124 pulestatem
2551 1059 2770 1112 noctis?
2801 1059 3014 1115 Etenim
3061 1073 3264 1133 quanto
3302 1066 3564 1134 majorem

1961 1145 2045 1202 his
2083 1149 2310 1220 gratiam
2355 1160 2571 1205 creator
2625 1151 2880 1218 danavit,
2907 1164 2964 1209 ut
3004 1171 3096 1210 aer
3138 1158 3300 1212 solito
3333 1159 3566 1229 amplius

1965 1243 2100 1298 solis
2129 1245 2376 1300 claritate
2404 1244 2771 1318 resplendeat,
2797 1247 2913 1303 dies
2936 1250 3184 1306 serenins
3211 1253 3410 1318 luceat,
3433 1267 3565 1308 noc-

1964 1340 2032 1394 tis
2084 1339 2462 1398 illttminentur
2520 1343 2761 1398 tenebrte
2815 1360 2911 1414 per
2971 1344 3114 1401 luna:
3167 1348 3565 1420 stellarumque

1959 1428 2253 1506 fulgorem,
2278 1435 2475 1491 malum
2509 1435 2656 1492 velut
2686 1436 3014 1507 quibusdam
3054 1437 3277 1494 ﬂoribus
3330 1457 3563 1497 corona-

1959 1535 2095 1595 tum,
2131 1528 2200 1582 ita
2235 1526 2422 1600 ignitis
2456 1529 2816 1585 lnmiuaribus
2848 1531 3032 1598 micet,
3055 1544 3108 1586 ut
3136 1531 3390 1603 paradiso
3411 1549 3565 1604 putes

1959 1633 2219 1680 veruaute
2259 1623 2536 1694 depictum
2582 1625 2906 1697 spirantium
2936 1642 3186 1682 rosarum
3217 1629 3351 1682 vivis
3384 1629 3560 1688 moni-

1959 1717 2105 1774 libus
2161 1719 2672 1791 reuitere:quauto
2724 1719 2889 1792 igitur
2941 1720 3176 1794 amplius
3229 1719 3311 1776 bis
3347 1720 3564 1777 decoris

1957 1811 2171 1868 videtur
2222 1827 2344 1868 esse
2391 1813 2687 1881 collatum,
2718 1824 2868 1870 tanto
2911 1813 3146 1885 amplius
3192 1813 3414 1871 debent.
3462 1811 3564 1870 Cui

243 1904 410 1970 cepta
438 1901 669 1966 nutrire,
694 1905 748 1956 et
779 1901 1000 1972 pr0prio
1025 1899 1138 1956 fotu
1162 1905 1281 1957 sine
1301 1901 1487 1957 calore
1509 1899 1644 1956 solis
1666 1907 1852 1970 partus
1883 1899 1929 1960 Β
1959 1905 2102 1962 enim
2153 1905 2271 1977 plus
2314 1906 2695 1972 committitur,
2731 1907 2852 1978 plus
2897 1907 3081 1963 debet.
3109 1907 3174 1963 Et
3199 1907 3320 1962 ideo
3351 1906 3492 1964 bene
3531 1922 3562 1960 a

234 1990 434 2050 edere.
1187 2044 1194 2053 .

318 2082 376 2140 4.
413 2084 524 2142 llac
553 2085 716 2158 igitur
744 2099 878 2142 voce
909 2083 1140 2158 quadam
1170 2101 1392 2143 suorum
1433 2101 1718 2143 munerum
1742 2084 1854 2140 cla-

235 2191 360 2236 mat
390 2190 583 2238 natura
612 2201 626 2237 :
657 2177 835 2238 Bonus
861 2179 1082 2254 quidem
1113 2179 1218 2248 sol,
1247 2183 1344 2240 sed
1378 2182 1706 2248 ministerio,
1742 2196 1851 2235 non

243 2272 485 2344 imperio
515 2292 528 2330 :
564 2276 738 2331 bonus
773 2290 910 2330 meae
960 2273 1306 2331 fecunditatis
1349 2275 1586 2347 adjutor,
1616 2273 1712 2330 sed
1740 2287 1849 2328 non

232 2379 502 2425 Creator:
532 2371 707 2425 bonus
754 2385 998 2426 raeorum
1045 2370 1188 2426 altor
1236 2369 1546 2437 fructumu,
1595 2367 1692 2425 sed
1741 2383 1848 2422 non

227 2475 453 2522 auctor.
496 2464 776 2522 Interdum
829 2474 1016 2536 partus
1067 2481 1217 2522 meos
1243 2477 1296 2522 et
1322 2466 1436 2537 ipse
1481 2465 1702 2521 adurit:
1735 2462 1845 2518 fre-

233 2571 490 2634 quenter
525 2560 656 2616 mihi
690 2570 746 2616 et
777 2561 893 2631 ipse
933 2561 1130 2615 damno
1157 2571 1276 2626 est,
1313 2559 1580 2631 plerisque
1605 2575 1691 2614 me
1714 2557 1850 2614 locis

239 2655 544 2710 indotatam
569 2654 850 2726 relinquit.
874 2651 991 2710 Non
1025 2671 1143 2709 sum
1179 2657 1387 2726 ingrata
1412 2652 1848 2720 cuuservo,mihi

244 2757 333 2805 est
359 2750 413 2805 in
445 2764 602 2804 usum
627 2745 808 2814 datus,
827 2763 1037 2805 mecum
1059 2747 1171 2822 64
1187 2748 1357 2804 labori
1376 2759 1458 2803 est
1485 2749 1844 2817 mancipatus,

248 2855 462 2894 mecum
493 2838 770 2910 subjectus
807 2852 889 2896 est
934 2844 1200 2906 vanitati,
1235 2857 1445 2897 mecum
1484 2839 1848 2912 corruptionis

248 2930 498 2986 Subditus
524 2932 795 2988 servituti.
827 2925 1032 2987 Mecum
1065 2933 1454 3006 congetniscit,
1484 2949 1692 2989 mecum
1727 2949 1848 3002 par-

247 3022 412 3090 turit,
442 3032 499 3079 ut
520 3025 703 3079 veniat
729 3023 951 3092 adOptio
979 3025 1211 3081 filiorum
1237 3065 1252 3091 ,
1286 3035 1343 3080 et
1370 3024 1591 3079 humani
1633 3026 1850 3095 generis

247 3116 588 3188 redemptio,
617 3132 726 3186 quo
758 3117 1033 3187 possimus
1072 3126 1124 3173 et
1162 3132 1260 3172 nos
1290 3125 1320 3170 a
1349 3115 1574 3171 servitio
1605 3115 1845 3171 liberari.

246 3208 457 3265 Mecum
488 3209 752 3266 assistens
783 3208 965 3265 laudat
996 3216 1298 3276 amtorem,
1326 3224 1535 3265 mecura
1585 3209 1846 3281 hymnum

244 3301 378 3356 dicit
403 3301 634 3357 Domino
662 3303 774 3358 Deo
802 3313 1016 3358 nostro.
1046 3301 1144 3359 Ubi
1179 3302 1353 3374 major
1380 3302 1498 3374 ejus
1529 3312 1607 3358 est
1639 3301 1808 3373 gratia
1829 3322 1850 3367 ,‘
1873 3301 1917 3364 C

243 3395 318 3451 ibi
366 3411 578 3452 mecum
611 3404 695 3452 est
714 3397 764 3452 ei
794 3411 1082 3452 commune
1108 3398 1466 3453 consortium.
1503 3396 1603 3454 Ubi
1633 3397 1716 3452 sol
1747 3397 1842 3452 be-

244 3490 468 3556 nedicit,
498 3491 567 3545 ibi
596 3501 736 3546 terra
764 3491 1058 3547 benedicit.
1085 3489 1421 3548 Benedicunt
1451 3489 1567 3562 (Ps.
1617 3507 1838 3558 chvnt,

245 3583 504 3654 actaeo.)
541 3583 680 3652 ligna
715 3582 993 3640 fructifera
1017 3627 1030 3649 ,
1066 3582 1390 3639 benedicunt
1421 3597 1644 3653 pecora,
1679 3585 1843 3640 benc-

243 3674 430 3731 dicunt
463 3677 716 3733 volucres
742 3692 976 3733 mecum.
1004 3677 1060 3734 in
1095 3679 1227 3733 mari
1259 3677 1466 3748 positus
1496 3677 1643 3734 illum
1678 3687 1839 3734 nauta

242 3777 484 3835 accusat,
519 3785 604 3824 me
629 3768 940 3826 desiderat:
967 3769 1022 3826 in
1044 3770 1320 3826 montibus
1345 3771 1498 3826 illum
1534 3782 1720 3842 pastor
1746 3771 1842 3828 de-

241 3861 438 3927 clinat,
471 3861 537 3918 ad
567 3879 686 3919 mea
708 3865 952 3935 germina
973 3907 988 3932 ,
1032 3861 1098 3919 ad
1131 3878 1280 3919 meas
1323 3865 1541 3920 festinat
1579 3864 1836 3931 arbores,

242 3955 442 4027 quibus
484 3967 793 4012 ex:estuans
841 3958 1228 4025 obumbratur,
1263 3956 1329 4014 ad
1364 3972 1516 4013 meos
1562 3958 1738 4015 fontes
1767 3956 1840 4014 si-

249 4049 388 4105 tiens
418 4057 475 4106 et
505 4050 681 4106 lassus
711 4051 970 4107 accurrit.

868 4187 1097 4250 CAPUT
1137 4189 1204 4248 ll.

245 4303 419 4360 Solem
443 4303 540 4360 Dei
565 4303 706 4360 Filio
725 4306 934 4375 servire,
962 4323 994 4359 a
1018 4322 1120 4376 quo
1141 4306 1210 4360 ad
1227 4315 1585 4361 ornamentum
1606 4305 1840 4361 creticum

313 4398 432 4452 aliis
461 4398 738 4453 luminibus
765 4411 965 4454 creatus
993 4399 1111 4471 fuit.
1139 4397 1531 4454 Fecunditatem
1553 4417 1584 4454 a
1609 4399 1719 4455 Deo
1740 4409 1840 4456 ter-

310 4490 384 4544 ris
433 4489 651 4545 inditam
671 4533 684 4557 ,
716 4507 868 4547 nona
896 4491 1002 4548 sole
1030 4508 1048 4548 :
1076 4507 1192 4546 cum
1219 4491 1390 4564 [actus
1417 4494 1481 4548 sit
1510 4495 1560 4548 iu
1594 4499 1836 4565 potesta-

315 4593 420 4640 tem
458 4583 597 4654 diei,
632 4585 762 4640 sicut
791 4597 836 4640 et
868 4585 990 4642 luna
1019 4587 1071 4642 in
1105 4595 1430 4659 potestatem
1465 4587 1640 4644 noctis
1665 4605 1677 4642 :
1701 4589 1840 4660 quod

311 4679 462 4734 etiam
484 4678 688 4735 Christo
716 4687 765 4734 et
795 4677 1048 4737 Ecclesia
1066 4681 1503 4737 accommodatur.

309 4795 364 4852 5.
406 4795 513 4852 Sed
558 4812 626 4853 ne
669 4797 951 4852 oculorum
1001 4795 1096 4852 tibi
1148 4796 1406 4869 exiguum
1444 4795 1691 4854 videatur
1716 4812 1836 4854 esse

242 4887 609 4946 testimonium
627 4915 654 4959 ,ί
681 4889 914 4946 emuuda
963 4905 1183 4956 aurem,
1207 4889 1435 4944 admove
1462 4905 1580 4945 eam
1603 4888 1841 4946 etelesti-

241 4982 338 5042 bus
389 4983 646 5040 oraculis.
701 4983 920 5040 Duobus
969 4985 1113 5038 enim
1149 4993 1205 5039 et
1248 4982 1420 5041 tribus
1454 4985 1683 5040 testibus
1730 4993 1839 5040 stat

241 5089 398 5131 omne
441 5077 689 5132 verbum.
741 5075 885 5132 Audi
929 5077 1203 5132 dicentem
1235 5094 1248 5131 :
1280 5073 1441 5132 Fiant
1463 5078 1740 5133 luminaria
1781 5082 1833 5133 in

242 5169 557 5240 ﬁrmamento
583 5170 695 5224 caeli
715 5169 782 5222 ad
812 5170 1242 5226 illuminotioncm
1271 5181 1418 5230 terra:
1441 5169 1621 5242 (Gem,
1648 5185 1686 5239 ι,
1719 5171 1830 5244 14).

242 5260 370 5328 Quis
416 5261 517 5315 hoc
566 5261 735 5316 dicit?
775 5263 916 5317 Deus
958 5261 1110 5318 dicit.
1161 5262 1228 5319 Et
1269 5265 1354 5318 cui
1398 5263 1530 5319 dicit
1559 5263 1664 5319 nisi
1692 5263 1838 5320 ﬁlio?

243 5356 382 5411 Deus
398 5371 526 5428 ergo
551 5355 710 5411 Pater
734 5355 900 5411 dicit:
927 5353 1046 5412 Fiat
1075 5356 1156 5412 sol
1183 5374 1197 5424 ;
1222 5367 1275 5414 et
1295 5357 1462 5413 Filius
1486 5355 1614 5413 fecit
1638 5357 1829 5414 solem.

243 5446 465 5519 Dignum
499 5450 642 5504 enim
674 5457 824 5516 erat,
851 5458 913 5504 ut.
941 5448 1113 5504 solem
1141 5450 1333 5506 mundi
1361 5449 1566 5508 faceret
1597 5451 1688 5508 Sol
1720 5452 1834 5520 jus-

243 5540 389 5597 titlte.
418 5541 535 5612 Ipse
564 5555 696 5612 ergo
721 5556 843 5595 eum
873 5541 929 5595 in
959 5541 1141 5598 lumen
1171 5542 1430 5610 adduxit,
1465 5545 1581 5614 ipse
1606 5557 1731 5601 eum
1763 5544 1830 5600 il-

243 5634 548 5704 lumiuavit,
582 5633 700 5706 ipse
727 5635 775 5690 ei
803 5631 1028 5690 donavit
1053 5633 1310 5692 fundeudi
1341 5638 1560 5694 luminis
1587 5645 1832 5710 potesta.

319 5786 345 5815 ε
386 5775 591 5848 Omnes
633 5773 760 5829 edit.
823 5782 1060 5848 etmss.
1093 5789 1198 5832 non
1244 5775 1834 5848 pauciiz‘implebuntur

243 5845 496 5984 όνθαῖἷὲιέἑε.
517 5842 645 5904 Mss.
670 5855 882 5922 septem
912 5845 1132 5924 optione
1158 5842 1324 5922 notae,
1344 5855 1397 5907 et
1418 5842 1830 5928 LXXiuterp...

270 5937 349 5982 om
456 5961 470 5980 ο

1959 1998 2234 2071 plerisque
2261 2011 2648 2057 ornamentum
2670 2001 2796 2058 coeli
2816 2010 2899 2056 est
2923 2013 3310 2074 nuncupatum,
3329 2016 3394 2057 eo
3420 1999 3564 2073 quod

1955 2093 2026 2149 sit
2047 2093 2327 2149 stellarum
2363 2095 2564 2150 monile
2587 2095 2906 2165 pretiosum.

2026 2189 2079 2243 6.
2119 2187 2299 2261 Atque
2340 2200 2397 2243 ut
2427 2190 2664 2244 sciamus
2695 2189 2820 2259 quia
2848 2187 3099 2244 fertilitas
3129 2200 3394 2245 terrarum
3448 2203 3561 2244 non

1953 2280 2120 2336 calori
2169 2281 2300 2337 solis
2340 2280 2654 2345 ascribitur,
2707 2281 2802 2337 sed
2835 2280 3034 2336 divinae
3079 2280 3425 2351 indulgentizr
3463 2279 3564 2336 de-

1952 2384 2194 2446 putatur,
2225 2373 2301 2428 ait
2321 2373 2590 2446 Propheta
2620 2392 2631 2428 :
2660 2372 2846 2428 Omnia
2889 2391 2922 2429 a
2951 2383 2998 2427 te
3029 2383 3342 2443 exspectant,
3376 2382 3430 2427 ut
3475 2372 3566 2426 de:

1955 2465 2061 2521 illis
2107 2466 2276 2520 cibum
2316 2470 2370 2520 in
2414 2477 2642 2536 tempore
2669 2482 2688 2521 :
2717 2466 2872 2520 dante
2903 2475 2950 2520 te
2977 2466 3112 2531 illis,
3149 2466 3391 2536 colligent
3429 2457 3560 2536 Sibi,

1953 2562 2218 2631 aperiente
2264 2573 2311 2616 te
2355 2577 2595 2627 manum,
2627 2561 2864 2616 universa
2907 2558 3256 2628 implebantur
3288 2569 3311 2596 ιι
3343 2558 3566 2614 bonitate

1955 2649 2079 2726 (Pa.
2113 2655 2264 2719 CIII).
2302 2650 2370 2706 Et
2411 2650 2588 2708 infra:
2619 2650 2808 2706 Emitte
2849 2649 3108 2718 Spiritum
3153 2661 3296 2705 tuum
3327 2660 3375 2703 et
3420 2665 3566 2704 crea-

1951 2745 2156 2812 buntur,
2201 2756 2248 2800 et
2289 2747 2554 2801 renovabis
2584 2739 2772 2820 {aciem
2811 2744 3356 2820 ιεντω(1ὁὶιι.η50).
3409 2745 3476 2802 Et
3504 2747 3557 2801 in

1952 2838 2280 2911 Evangelia:
2313 2836 2648 2895 Considerate
2669 2839 2899 2896 volatilia
2930 2838 3075 2907 caeli,
3108 2839 3228 2908 quia
3271 2855 3430 2910 neque
3481 2854 3562 2892 se-

1951 2944 2106 2998 runt,
2139 2951 2232 2987 nec
2261 2941 2489 3000 metunt,
2517 2946 2563 2987 et
2611 2932 2768 2987 Pater
2811 2943 2973 2988 vester
3003 2935 3216 2990 caelestia
3264 2936 3426 3005 pascit
3468 2933 3564 2988 illa

1953 3025 2127 3096 (Matt.
2149 3042 2222 3094 vt,
2253 3026 2366 3098 l6).
2413 3025 2651 3100 Nonas
2674 3043 2804 3096 ergo
2833 3028 2914 3082 sol
2947 3037 3038 3081 aut
3068 3027 3192 3083 luua
3217 3025 3562 3082 fecunditatis

1952 3128 2204 3174 auctores
2249 3130 2407 3183 sunt;
2467 3117 2494 3157 δ
2555 3121 2648 3174 scd
2705 3120 2844 3174 Deus
2901 3120 3060 3176 Pater
3125 3135 3220 3190 per
3272 3119 3558 3174 Dominum

1952 3207 2136 3266 .lesum
2169 3211 2425 3267 omnibus
2461 3211 2843 3266 liberalitatem
2875 3213 3164 3268 fertilitatis
3195 3213 3451 3283 impertit.

2023 3303 2074 3358 7.
2105 3302 2338 3358 Pulchre
2362 3313 2538 3358 autem
2564 3308 2806 3373 exposuit
2851 3304 3004 3359 nobis
3035 3304 3302 3375 Pmplteta
3333 3306 3458 3376 quid
3489 3305 3560 3360 sit

1947 3394 2090 3464 quod
2125 3395 2238 3464 ipse
2267 3397 2343 3450 ait
2391 3413 2403 3448 :
2436 3396 2569 3464 Quia
2602 3395 2728 3451 fecit
2759 3396 2899 3451 Deus
2941 3397 3110 3451 solent
3150 3398 3202 3452 in
3235 3406 3554 3467 potestatem

1947 3487 2053 3541 diei
2082 3495 2135 3541 et
2171 3487 2350 3542 luuam
2380 3486 2432 3542 in
2460 3499 2776 3558 potestatem
2807 3488 3112 3549 uoctistPs.
3143 3490 3452 3557 cxxxv,8et
3475 3490 3554 3562 9).

1945 3576 2076 3632 Nam
2109 3588 2161 3633 et
2189 3579 2240 3633 in
2276 3580 2375 3633 isto
2408 3581 2613 3649 psalmo
2645 3580 2942 3636 centesimo
2966 3582 3124 3637 tertio
3156 3581 3225 3637 de
3253 3598 3358 3651 quo
3391 3598 3553 3653 supra

1945 3668 2201 3735 diximus,
2227 3671 2443 3740 St‘l‘lpsll
2473 3690 2484 3724 :
2515 3670 2658 3726 Fecit
2685 3672 2860 3726 lunam
2888 3672 2940 3727 in
2963 3683 3213 3745 temyora,
3233 3675 3556 3746 solcognovit

1943 3779 2179 3818 occasum
2205 3781 2351 3817 suum
2376 3761 2493 3836 (Ps.
2511 3780 2625 3830 cm,
2649 3759 2757 3837 l9).
2783 3763 2917 3820 Cum
2941 3768 3084 3821 enim
3110 3768 3222 3821 dies
3243 3766 3403 3821 horas
3426 3781 3552 3823 suas

1943 3858 2217 3926 eontplere
2230 3858 2480 3927 coeperit,
2502 3858 2578 3911 sol
2593 3858 2831 3912 debitum
2853 3858 2950 3913 sibi
2973 3860 3255 3928 cognoscit
3275 3875 3548 3913 occasum.

1943 3949 2041 4006 Est
2058 3965 2188 4020 ergo
2213 3952 2264 4004 iu
2291 3951 2396 4006 diei
2421 3961 2684 4016 poteSIate
2715 3954 2816 4015 sol,
2837 3962 2890 4007 et
2911 3952 3035 4006 luua
3064 3955 3114 4006 in
3132 3961 3395 4022 potestate
3420 3969 3549 4005 nuc-

1943 4045 2029 4110 tis,
2048 4059 2168 4113 qua:
2185 4054 2484 4116 temporum
2505 4044 2941 4102 vicibusobedire
2962 4046 3325 4116 Compellitur,
3341 4056 3390 4100 el
3409 4061 3550 4100 nunc

1945 4135 2206 4208 impletur
2239 4135 2456 4205 lumine,
2483 4148 2643 4208 atque
2667 4149 2954 4194 vacuatur:
2989 4139 3114 4194 licet
3146 4139 3387 4210 plerique
3411 4140 3550 4195 hunc

1946 4227 2121 4283 locum
2159 4229 2385 4301 mystice
2411 4227 2478 4284 de
2507 4229 2720 4284 Christo
2747 4241 2800 4286 et
2833 4230 3070 4286 Ecclesia
3097 4228 3378 4286 vidcantur
3403 4230 3549 4286 acci-

1950 4335 2114 4393 pere;
2147 4319 2296 4392 quod
2319 4324 2601 4391 agnoverit
2625 4319 2870 4378 Christus
2900 4324 3100 4393 proprii
3134 4325 3378 4394 corporis
3425 4340 3546 4396 pas-

1943 4413 2175 4480 sionem,
2207 4414 2298 4487 qui
2336 4416 2408 4469 ail
2436 4433 2448 4469 :
2486 4413 2672 4484 Pater,
2706 4415 2836 4471 venit
2879 4415 3008 4470 hora
3035 4460 3050 4484 ,
3074 4417 3307 4488 clari/ica
3341 4411 3543 4473 Filium

1943 4520 2088 4565 tuum
2115 4509 2320 4584 (Joan.,
2355 4525 2486 4577 xvtt,
2518 4509 2595 4583 l),
2629 4521 2682 4566 ttl
2712 4510 2806 4566 illo
2833 4527 3029 4568 occnsu
3055 4528 3154 4568 suo
3180 4513 3430 4569 omnibus
3451 4513 3550 4567 do-

1942 4614 2098 4660 naret
2127 4605 2287 4660 vitam
2318 4615 2601 4674 aeternam,
2634 4606 2724 4676 qui
2749 4615 3021 4677 perpetuae
3052 4608 3241 4662 mortis
3275 4607 3544 4678 urgeban-

1861 4702 1915 4764 1)
1943 4708 2031 4754 tur
2056 4713 2248 4754 occasu
2271 4714 2285 4756 :
2307 4708 2358 4754 et
2388 4695 2627 4754 Ecclesia
2659 4707 2902 4768 tempora
2925 4715 3020 4755 sua
3047 4700 3264 4768 habeat,
3292 4715 3547 4771 persecu-

1941 4790 2106 4847 tionis
2161 4790 2418 4847 videlicet
2467 4801 2520 4847 et
2568 4791 2736 4862 pacis.
2787 4791 2918 4847 Nam
2950 4791 3163 4847 videtur
3217 4793 3356 4846 sicut
3417 4794 3542 4847 luna

1939 4884 2196 4948 deﬁcere,
2221 4885 2314 4940 sed
2345 4901 2450 4940 non
2479 4885 2680 4941 delicit.
2716 4886 3045 4941 Obumbrari
3081 4895 3276 4956 potest,
3308 4883 3545 4943 deﬁcere

1939 4996 2045 5036 non
2076 4989 2250 5049 potest
2277 4994 2291 5042 ;
2324 4983 2447 5049 quia
2485 4981 2787 5049 aliquorum
2818 4979 3033 5049 quidem
3061 4981 3114 5033 itt
3145 4978 3544 5048 persecutioni-

1939 5073 2037 5129 bus
2067 5072 2401 5127 discessione
2425 5071 2716 5138 minuitur,
2753 5081 2810 5127 ut
2841 5083 3137 5144 martyrum
3176 5070 3543 5126 confessioni-
3603 5071 3626 5088 '

1938 5168 2039 5224 bus
2069 5168 2388 5238 impleatur,
2417 5177 2470 5222 et
2509 5167 2664 5222 eli‘usi
2697 5182 2793 5236 pro
2823 5165 3042 5220 Christo
3071 5163 3347 5234 sanguinis
3376 5161 3543 5216 clari-

1937 5261 2091 5317 ficala
2133 5260 2373 5319 victoriis
2425 5261 2596 5330 majus
2640 5260 2944 5316 devotionis
2985 5275 3096 5312 suae
3147 5266 3202 5309 et
3249 5251 3377 5307 ﬁdei
3425 5263 3544 5312 toto

1933 5358 2065 5413 orbe
2093 5358 2276 5413 lumen
2309 5354 2566 5412 eﬂ'undat.
2600 5355 2844 5424 Namque
2874 5352 2996 5405 luna
3028 5347 3250 5403 luminis
3277 5345 3507 5402 imminu

1935 5451 2139 5506 tiouetn
2172 5451 2358 5516 habet,
2383 5464 2489 5508 non
2516 5447 2763 5516 corporis
2785 5485 2800 5509 ,
2831 5441 3046 5513 quando
3077 5453 3170 5506 per
3196 5435 3345 5490 vices
3376 5451 3541 5494 tuen-

1935 5557 2112 5601 suuas
2146 5545 2422 5615 deponere
2460 5542 2670 5596 videtur
2695 5539 2876 5593 lumen
2910 5547 3088 5593 stmm,
3119 5537 3176 5582 ut
3203 5536 3484 5585 mutuetur
3514 5549 3547 5590 a

1936 5640 2052 5695 sole
2088 5655 2102 5705 ;
2134 5639 2276 5709 quod
2313 5635 2472 5691 facile
2497 5648 2634 5706 puro
2659 5644 2785 5686 aere
2807 5634 2968 5693 atque
2993 5621 3300 5692 perspicuo,
3324 5627 3554 5692 quando

2012 5781 2041 5821 ι’
2083 5777 2226 5833 Edit.
2269 5771 2519 5852 quredam
2561 5766 2766 5826 Paris:
2802 5758 2892 5824 sed
2921 5755 3059 5823 Deus
3099 5767 3309 5834 prapter
3358 5757 3547 5824 Damt,

1942 5869 2086 5926 num,
2115 5857 2222 5919 etc.
