4222 6364
505 343 609 403 191

1864 338 2109 398 SANC'I‘I
2148 337 2477 399 AMBROSII

3713 343 3820 401 £92

502 460 652 520 nulla
690 474 810 517 eam
851 458 1081 517 obducta
1127 459 1324 517 nebula
1358 459 1693 531 caligantem
1731 459 1889 528 facit,
1919 460 2103 533 colligi
2132 461 2181 523 Α
2210 475 2409 517 munus
2453 460 2591 532 ignis
2612 457 2873 528 vacabat,
2914 459 3147 518 alterum
3177 460 3534 535 operabatur.
3580 460 3823 521 Vacabat

504 566 707 628 potest.
727 555 891 612 Orbis
916 556 1057 613 enim
1083 555 1223 611 lunae
1242 556 1452 627 integer
1470 563 1674 619 manet,
1699 555 1800 610 etsi
1824 571 1929 611 non
1954 555 2112 612 simi-

507 651 633 709 liter
676 661 851 717 totus,
876 660 935 705 ttt
976 665 1099 718 pars
1139 652 1258 721 ejus
1297 648 1572 720 ct'fulgeat.
1618 650 1685 705 Et
1722 649 1897 721 qualis
1935 649 2105 705 videri

509 746 652 803 solet
679 759 801 800 cum
830 743 1022 815 plenus
1048 753 1130 798 est
1173 741 1417 807 luminis,
1445 742 1568 797 talis
1589 751 1675 798 est
1695 741 2064 812 magnitudine
2096 760 2111 797 :

511 838 610 896 sed
644 855 740 911 per
776 838 1027 894 umbram
1056 837 1344 910 quamdam
1373 835 1579 893 lumine
1613 850 1713 892 suo
1742 836 1989 892 viduatus
2021 850 2117 907 ap—

514 942 688 1005 paret.
742 930 809 986 Et
857 929 983 987 inde
1026 944 1228 987 cornua
1276 930 1392 1001 ejus
1422 929 1726 1001 refulgent;
1756 930 1880 1000 quia
1917 944 2116 1001 corpus

516 1023 638 1093 ejus
665 1023 718 1078 in
744 1023 932 1079 orbem
960 1022 1310 1089 diffunditur,
1338 1031 1395 1078 et
1423 1022 1569 1080 velut
1596 1022 1883 1079 deficiente
1910 1024 2113 1095 portio-

517 1116 602 1174 nis
621 1127 648 1155 ιι
675 1117 797 1175 luce
816 1118 1144 1176 insinuatur.

1129 1208 1359 1266 CAPUT
1418 1210 1507 1267 lll.

514 1301 673 1357 Aliud
698 1318 806 1358 esse
836 1302 1009 1358 lumen
1033 1302 1157 1367 diei,
1189 1302 1335 1356 aliud
1366 1303 1615 1358 siderant.
1649 1301 1942 1359 Discrimen
1972 1304 2124 1358 diur-

584 1409 709 1448 nunt
733 1410 794 1446 ac
822 1404 1131 1448 nocturnum
1160 1394 1322 1465 signis
1365 1394 1566 1449 duobus
1606 1395 1779 1449 notari
1807 1436 1822 1461 ,
1854 1411 1918 1450 ac
1947 1394 2125 1466 dupli-

589 1502 699 1540 cem
725 1502 835 1540 esse
862 1486 994 1556 ignis
1022 1489 1393 1560 Operationem,
1426 1487 1720 1542 illuminare
1734 1497 1783 1542 et
1804 1504 1950 1542 urere
1971 1530 1988 1555 ,
2013 1504 2126 1560 qum

588 1579 646 1633 in
690 1577 1025 1634 retributione
1061 1580 1360 1633 meritorum
1400 1580 1797 1651 separabantur.
1827 1579 1993 1634 Deum
2023 1579 2127 1634 dici

593 1672 766 1743 ignem
796 1682 1092 1727 exurentem
1128 1682 1173 1727 et
1204 1691 1304 1746 qua
1334 1690 1512 1728 causa.
1547 1672 1816 1729 Postremo
1846 1674 1986 1729 omni
2008 1691 2124 1729 cor-

595 1766 711 1838 pori
740 1783 891 1821 suam
913 1766 1149 1822 umbram
1166 1766 1448 1822 adha’rere.

597 1860 652 1916 8.
680 1861 897 1917 Movere
927 1872 1107 1916 autem
1140 1870 1316 1931 potest
1338 1860 1483 1933 quotl
1510 1861 1622 1917 ait:
1657 1860 1820 1917 Fiant
1846 1859 2129 1917 luminaria
2160 1861 2208 1923 B

525 1953 596 2008 ad
624 1953 1055 2008 illuminationem
1082 1952 1110 1992 δ
1141 1971 1297 2025 super
1322 1965 1539 2021 terram,
1561 1971 1673 2027 qua?
1688 1956 1979 2011 discernunt
2004 1957 2137 2010 inter

528 2045 665 2099 diem
694 2053 741 2099 et
777 2054 974 2101 noctem
1014 2044 1169 2114 (Gen.
1198 2061 1236 2111 ι,
1272 2048 1390 2119 15).
1424 2047 1559 2115 Quia
1608 2057 1661 2103 et
1690 2064 1852 2119 supra
1890 2030 2014 2119 jam.
2045 2048 2136 2104 ubi

530 2137 715 2195 lumen
760 2138 889 2195 fecit
929 2138 1188 2195 dixerat:
1221 2140 1494 2210 Separavit
1536 2139 1679 2196 Dens
1709 2142 1842 2197 inter
1880 2142 2044 2197 lucem
2077 2158 2139 2197 ac

532 2231 867 2299 tenebrashet
890 2235 1084 2305 factum
1115 2242 1188 2288 est
1210 2250 1439 2304 vespere,
1465 2242 1512 2290 et
1533 2238 1727 2306 factum
1758 2243 1834 2289 est
1859 2251 2008 2289 mane
2032 2235 2141 2290 dies

532 2340 689 2380 unus.
724 2324 831 2381 Sed
870 2325 1278 2381 consideremus
1304 2325 1430 2397 quia
1462 2325 1608 2380 aliud
1656 2335 1740 2382 est
1775 2327 1957 2383 lumen
1988 2326 2094 2384 diei
2123 2370 2138 2396 ,

534 2418 679 2475 aliud
727 2420 909 2476 lumen
939 2420 1072 2476 solis
1115 2428 1173 2476 et
1201 2420 1344 2476 lunze
1366 2463 1382 2488 ,
1413 2429 1469 2475 et
1495 2420 1677 2477 lumen
1718 2422 2001 2478 stellarum
2023 2465 2039 2490 ,
2074 2438 2143 2478 eo

536 2513 682 2585 quod
722 2514 801 2568 sol
832 2513 950 2585 ipse
981 2514 1148 2571 radiis
1182 2514 1295 2569 suis
1335 2513 1599 2585 fulgorem
1626 2515 1823 2571 diurno
1853 2515 2044 2571 lumini
2066 2517 2147 2572 vi-

538 2605 730 2661 deatur
749 2606 1069 2679 adjungere,
1086 2608 1231 2680 quod
1251 2608 1334 2664 vel
1362 2618 1517 2665 ortus
1544 2608 1651 2665 diei
1683 2619 1862 2681 potest
1889 2612 2142 2681 prodere,

543 2699 626 2755 vel
655 2714 901 2756 occasus.
937 2700 1069 2756 Nam
1101 2710 1227 2757 ante
1256 2702 1433 2759 solem
1468 2702 1613 2760 lucet
1635 2704 1879 2776 quidem,
1909 2705 2004 2760 sed
2037 2720 2144 2761 non

544 2792 778 2863 refulget
820 2793 971 2859 dies;
1002 2796 1128 2866 quia
1158 2796 1391 2866 amplius
1422 2812 1639 2869 quoque
1686 2798 1990 2855 meridiano
2032 2800 2148 2857 sole

547 2886 883 2957 resplendet.
914 2887 1067 2955 Quod
1091 2887 1325 2944 ostendit
1352 2889 1646 2961 Propheta,
1674 2890 1864 2947 dicens
1892 2908 1904 2946 :
1932 2891 1997 2948 Et
2023 2892 2149 2947 edu-

548 2988 625 3034 ret
643 2980 786 3050 quasi
818 2979 982 3034 lucem
1004 2981 1263 3051 justitiam
1288 2991 1453 3049 tuam,
1481 2991 1532 3038 et
1548 2983 1809 3056 judicium
1846 2994 1991 3039 tuum
2022 2985 2151 3039 sicut

550 3076 815 3129 meridiem
857 3075 977 3150 (Ps.
1011 3092 1175 3132 xsxvn
1198 3116 1213 3141 ,
1247 3075 1323 3149 6).
1355 3076 1470 3132 Non
1513 3079 1688 3133 solum
1730 3080 1875 3134 enim
1908 3079 2097 3135 lumini
2133 3120 2149 3146 ,

550 3168 663 3241 σε
684 3167 954 3224 setletiam
972 3169 1271 3226 meridiano
1305 3171 1494 3227 lumini
1520 3172 1691 3229 sancti
1714 3172 1976 3244 justitiam
2003 3188 2152 3230 com-

556 3264 786 3336 paravit.
820 3290 837 3297 ’

626 3359 679 3416 9.
708 3360 914 3417 Deinde
941 3376 1048 3417 non
1077 3362 1254 3417 solum
1284 3376 1448 3416 unum
1479 3361 1716 3433 signum,
1744 3360 1838 3416 sed
1861 3360 2024 3416 etiam
2048 3358 2156 3414 duo

556 3454 728 3508 voluit
773 3470 897 3512 esse
939 3456 1149 3511 diurnze
1175 3456 1522 3511 discretionis
1562 3466 1724 3527 atque
1754 3464 2067 3520 nocturnar;
2102 3463 2160 3509 ut

555 3556 609 3602 et
633 3547 721 3603 lux
752 3548 1133 3605 discretionem
1159 3548 1341 3615 faciat,
1371 3558 1426 3604 et
1446 3551 1576 3605 solis
1596 3530 1852 3618 exortus;
1881 3559 1937 3605 et
1959 3550 2156 3605 iterum

562 3640 698 3696 lucis
723 3638 997 3707 defectus,
1027 3650 1083 3697 et
1109 3642 1389 3698 stellarum
1415 3652 1568 3699 ortus
1596 3642 1739 3698 inter
1767 3656 2023 3698 occasum
2049 3642 2156 3698 diei

561 3733 891 3805 distinguat,
921 3744 974 3790 et
1016 3736 1191 3791 noctis
1234 3735 1539 3791 exordium.
1592 3734 1725 3791 Nam
1766 3736 1855 3790 ubi
1900 3735 2162 3791 occiderit

559 3828 674 3893 sol,
721 3836 902 3883 manet
940 3836 1119 3885 tamen
1164 3828 1343 3884 adhuc
1389 3828 1589 3897 aliquid
1634 3829 1980 3900 reliquiarum
2026 3828 2157 3898 diei,

559 3918 736 3977 donec
769 3922 1004 3978 tenebrat
1033 3931 1229 3978 terram
1256 3924 1541 3993 operiant:
1566 3932 1621 3979 et
1648 3932 1773 3981 tunc
1802 3923 1929 3979 luna
1957 3925 2155 3993 oritur,

561 4024 618 4071 et
656 4016 850 4072 stellm.
891 4016 958 4072 Et
1000 4017 1068 4074 de
1097 4026 1255 4075 nocte
1297 4018 1514 4090 quidem
1560 4028 1749 4091 aperte
1793 4019 2002 4088 liquet,
2035 4019 2159 4087 quia

565 4110 706 4166 luna?
733 4124 783 4167 et
814 4113 1092 4168 stellarum
1118 4114 1443 4170 illuminatio
1471 4114 1651 4170 noctis
1674 4116 1848 4186 spatia
1876 4122 2160 4170 testantur.

563 4204 839 4275 Siquidem
868 4222 962 4277 per
988 4207 1130 4263 diem
1163 4208 1428 4280 fulgorem
1463 4208 1614 4263 illum
1660 4208 1907 4265 lunarem
1929 4251 1945 4275 ,
1976 4208 2166 4264 stella—

565 4314 796 4366 rumque
816 4299 1055 4354 omnium
1087 4300 1169 4354 sol
1195 4310 1418 4355 exortus
1438 4300 1740 4356 abscondit.
1772 4299 1847 4356 De
1868 4300 1958 4357 die
1982 4309 2161 4356 autem

566 4390 654 4445 vel
687 4391 800 4462 ipsa
846 4392 974 4447 solis
1012 4392 1292 4463 flagrantia
1330 4392 1527 4449 docere
1561 4407 1661 4448 nos
1689 4401 1866 4464 potest
1894 4393 2162 4449 diversam

570 4482 748 4539 diurni
785 4484 1006 4541 luminis
1033 4493 1088 4541 et
1124 4485 1257 4541 solis
1283 4499 1406 4542 esse
1449 4496 1730 4554 naturam,
1755 4492 1810 4541 et
1846 4486 2016 4557 ipsam
2044 4500 2166 4542 esse

568 4580 804 4650 speciem
835 4578 1180 4636 discolorem.
1210 4579 1453 4650 Simplex
1478 4588 1562 4636 est
1589 4579 1732 4635 enim
1758 4579 1893 4635 lucis
1918 4580 2162 4651 species,

572 4684 627 4729 ut
658 4674 835 4729 lumen
880 4674 1139 4745 praebeat.
1172 4673 1243 4731 At
1271 4689 1401 4730 vero
1441 4674 1523 4730 sol
1569 4689 1675 4730 non
1712 4676 1886 4731 solum
1908 4672 2161 4729 virtutem
2191 4671 2244 4732 D

569 4768 910 4825 illuminandi
960 4770 1154 4837 liabet,
1182 4770 1277 4826 sed
1307 4771 1469 4826 etiam
1498 4771 1828 4842 vaporandi;
1861 4771 2049 4842 igneus
2083 4778 2169 4825 est

571 4862 737 4917 enim.
765 4860 910 4933 lgnis
935 4871 1114 4918 autem
1142 4872 1197 4919 et
1219 4863 1488 4919 illuminat
1506 4874 1561 4920 et
1580 4865 1778 4920 exurit.
1800 4862 1958 4920 Unde
1988 4863 2170 4919 Domi-

571 4970 674 5010 nus
704 4955 893 5012 volens
924 4955 1091 5030 Moysi
1120 4958 1410 5015 ostendere
1438 4973 1550 5014 sua:
1573 4959 1908 5029 Operationis
1930 4960 2167 5016 miracu-

480 5086 501 5101 .
572 5050 683 5106 lum
702 5092 718 5119 ,
748 5065 858 5121 quo
884 5050 1103 5124 Moysen
1142 5053 1208 5108 ad
1232 5053 1519 5109 obedieudi
1540 5052 1779 5110 studium
1803 5066 2121 5125 provocaret
2150 5096 2167 5121 ,

571 5156 735 5217 atque
775 5145 841 5200 ad
871 5145 1032 5202 fidem
1080 5146 1441 5204 inflammaret
1479 5149 1597 5217 ejus
1625 5147 1881 5204 allectum
1911 5191 1926 5217 ,
1952 5151 2004 5204 in
2046 5149 2171 5220 igne

570 5238 717 5293 visus
739 5249 822 5294 est
846 5239 900 5294 in
924 5238 1082 5307 rubo,
1112 5247 1168 5295 et
1202 5240 1371 5295 rubus
1403 5256 1508 5297 non
1537 5240 1867 5297 exurebatur
1890 5284 1906 5308 ,
1933 5242 2029 5298 sed
2057 5253 2172 5297 tan-

570 5341 682 5387 tum
707 5331 993 5404 splendere
1024 5333 1162 5405 ignis
1193 5334 1377 5404 Specie
1398 5332 1707 5390 videbatur.
1740 5335 1981 5390 Alterum
2008 5335 2172 5406 igitur

646 5481 671 5509 α
710 5471 914 5528 Omnes
938 5473 1098 5530 edit.:
1123 5473 1235 5528 luce
1263 5473 1519 5528 sinuatur.
1550 5472 1921 5537 Contra,mss.
1953 5472 2065 5529 fere.
2090 5472 2158 5528 ad

570 5558 765 5600 unum:
798 5545 913 5599 luce
939 5547 1267 5607 insinuatur;
1308 5545 1664 5614 Compositutn
1712 5545 1832 5599 loco
1875 5545 2157 5612 simplicis.

640 5614 825 5671 hEdit.
856 5617 1009 5673 Rom.
1037 5618 1175 5673 sola:
1198 5616 1266 5670 ad
1282 5616 1707 5671 illuminationem
1731 5626 1900 5670 terrae.
1927 5616 1997 5671 Et
2018 5627 2167 5673 Certe

568 5703 693 5756 cap.
734 5688 1002 5757 superiori
1052 5690 1124 5744 ita
1178 5693 1376 5745 citatur
1417 5689 1469 5743 in
1506 5688 1759 5741 ontuilius
1793 5701 1923 5743 mss.
1955 5697 2009 5743 et
2036 5688 2167 5744 edit.

572 5760 682 5818 Sed
717 5767 946 5829 utraque
978 5761 1139 5815 lectio
1168 5760 1386 5828 probari
1418 5768 1615 5830 potest.
1647 5758 1766 5815 Etsi
1796 5760 1941 5815 enim
1975 5761 2174 5827 passim

574 5831 716 5903 apud
753 5847 895 5907 ut)
928 5834 998 5892 εἰς
1027 5838 1219 5907 φαιῦεξινΔ
1247 5833 1337 5907 Δἐπὶ
1373 5841 1464 5894 τῆς
1497 5839 1624 5907 γῆς,
1652 5831 1705 5907 in
1738 5845 1847 5885 uno
1880 5845 2057 5907 tamen
2088 5848 2181 5907 ve-

587 5901 733 5958 tusto
756 5901 948 5958 codice
969 5943 984 5969 ,
1017 5901 1075 5958 tit
1120 5902 1302 5958 Nobil.
1342 5901 1591 5971 testatur,
1620 5904 1691 5965 εἰς
1719 5902 1908 5973 φαῦσά
1945 5910 2037 5965 τῆς
2066 5906 2179 5975 γῆξ.

2211 554 2519 612 exustionis
2543 554 2647 620 vis,
2672 554 2999 626 Operabatur
3024 554 3456 614 illuminationls.
3481 553 3607 611 ldeo
3636 564 3825 627 stupe-

2213 650 2306 707 bat
2354 649 2604 723 Moyses,
2633 651 2757 721 quia
2798 659 2988 706 contra
3037 659 3286 705 naturam
3329 664 3481 704 suam
3533 650 3672 720 ignis
3715 664 3824 706 non

2212 744 2471 800 exurebat
2497 746 2716 809 rubum,
2738 744 2830 815 qui
2856 744 3017 799 etiam
3044 744 3511 801 vehementiorem
3539 745 3826 801 materiem

2215 836 2496 894 consuevit
2530 851 2779 892 exurere.
2823 836 2930 892 Sed
2972 836 3185 892 Domini
3220 836 3357 908 ignis
3400 835 3707 893 illuminare
3730 850 3826 893 so-

2218 931 2313 998 let,
2338 945 2571 987 esurere
2602 946 2709 985 non
2739 930 2898 986 solet.

2290 1026 2379 1085 10.
2420 1026 2489 1081 At
2528 1024 2668 1080 forte
2709 1024 2860 1080 dicas
2891 1042 2903 1079 :
2949 1023 3234 1093 Quomodo
3264 1024 3525 1097 scriptum
3557 1031 3679 1081 est:
3713 1023 3831 1096 Ego

2218 1140 2333 1179 sum
2355 1124 2488 1195 ignis
2509 1138 2808 1177 consumens
2830 1120 3039 1194 (Deut.,
3055 1137 3135 1189 tv,
3152 1119 3274 1195 ευτ’
3304 1121 3449 1178 Bene
3471 1120 3826 1177 admonuisti.

2223 1215 2338 1273 Non
2380 1218 2519 1272 solet
2547 1230 2872 1271 consumere
2894 1255 2911 1283 ,
2946 1214 3048 1270 nisi
3080 1215 3197 1270 sola
3227 1225 3467 1286 peccata.
3503 1212 3558 1269 In
3594 1213 3835 1269 retribu-

2222 1310 2384 1369 tionis
2412 1325 2627 1382 quoque
2657 1308 2972 1364 meritorum
3000 1308 3310 1379 colligimus
3330 1307 3535 1363 cdividi
3567 1307 3706 1376 ignis
3736 1321 3837 1362 ua-

2226 1417 2435 1471 turam;
2483 1415 2540 1459 ut
2594 1404 2732 1460 alios
2775 1403 3073 1470 illutnlnet,
3116 1403 3253 1458 alios
3293 1410 3530 1468 exurat,
3564 1402 3838 1459 illumiuet

2226 1499 2405 1572 justos
2431 1540 2445 1565 ,
2471 1506 2665 1554 exurat
2688 1496 2910 1568 impios.
2943 1497 3060 1553 Non
3091 1497 3312 1553 eosdem
3345 1513 3481 1568 quos
3522 1495 3791 1552 illuminat
3817 1536 3835 1564 ,

2227 1591 2436 1656 esurit;
2479 1599 2536 1646 et
2583 1605 2720 1661 quos
2760 1590 2973 1656 exurit,
3008 1589 3279 1644 illuminat
3318 1606 3331 1642 :
3364 1587 3461 1644 sed
3510 1587 3838 1644 illuminatio

2227 1686 2345 1758 ejus
2373 1683 2799 1756 inextinguibilis
2824 1695 2909 1740 est
2935 1683 3004 1739 ad
3025 1682 3054 1720 ἀ
3083 1682 3517 1755 perfunCtioncm
3541 1682 3837 1753 bonorum,

2230 1779 2444 1837 exustio
2475 1778 2768 1834 vehemens
2794 1776 2861 1831 ad
2891 1776 3221 1848 supplicium
3245 1787 3617 1855 peccatorum.

2310 1877 2398 1933 ll.
2441 1874 2549 1932 Sed
2578 1881 2915 1930 revertamur
2944 1872 3011 1926 ad
3043 1870 3428 1927 discretionem
3459 1868 3565 1925 diei
3607 1882 3672 1924 ac
3711 1880 3844 1923 noc-

2240 1969 2329 2023 tis.
2359 1966 2580 2025 Oriente
2624 1964 2733 2020 diei
2766 1963 2967 2019 lumine
3004 1977 3107 2017 nox
3138 1961 3382 2032 fugatur,
3411 1958 3711 2017 decedente
3753 1959 3845 2017 die

2240 2076 2347 2118 nox
2379 2058 2693 2114 infunditur.
2726 2054 2847 2111 Non
2877 2040 2959 2112 est
2986 2056 3131 2111 enim
3160 2054 3265 2110 luci
3300 2053 3540 2110 societas
3576 2052 3686 2107 ulla
3716 2067 3844 2108 cum

2241 2154 2521 2220 tenebris;
2574 2150 2841 2223 siquidem
2877 2150 3108 2206 naturali
3161 2149 3279 2221 lege
3330 2147 3433 2204 hoc
3478 2146 3739 2203 Dominus
3789 2146 3847 2204 in

2244 2252 2416 2322 prima
2445 2248 2762 2319 operatione
2809 2260 2904 2300 sua
2934 2244 3237 2301 constituit.
3272 2244 3484 2300 Etenim
3514 2243 3734 2315 quando
3758 2241 3844 2297 lu-

2245 2358 2368 2399 men
2399 2340 2546 2406 fecit,
2575 2349 2630 2396 et
2654 2338 3043 2395 discretionem
3075 2337 3202 2393 fecit
3235 2340 3374 2392 inter
3394 2336 3569 2392 lucem
3596 2350 3661 2391 ac
3691 2344 3851 2390 tene-

2244 2438 2393 2493 bras.
2443 2435 2684 2505 Denique
2724 2432 2776 2487 in
2826 2431 2945 2502 ipso
2979 2430 3097 2497 dic,
3125 2430 3235 2500 jam
3263 2431 3379 2485 sole
3431 2428 3591 2484 terris
3633 2427 3847 2494 infuso,

2249 2530 2500 2586 videmus
2530 2529 2776 2583 umbram
2799 2527 2884 2583 vel
2911 2525 3167 2591 hominis,
3195 2523 3282 2579 vel
3312 2522 3527 2595 virgulti
3560 2520 3788 2592 alicujus
3818 2534 3853 2577 a

2249 2623 2454 2680 lumine
2481 2621 2744 2693 separari,
2767 2629 2827 2675 ut
2855 2634 3013 2675 mane
3041 2617 3109 2673 ad
3132 2617 3397 2674 Occasum
3423 2616 3704 2687 dirigatur,
3732 2629 3856 2670 ves-

2249 2718 2367 2791 peri
2400 2722 2779 2787 retorquentur
2822 2713 2876 2769 in
2906 2712 3188 2769 Orientem
3214 2752 3231 2778 ,
3261 2709 3575 2768 meridianis
3607 2708 3757 2765 horis
3783 2706 3854 2763 ad

2250 2812 2687 2884 Septentrionem
2727 2809 2986 2865 inclinet:
3018 2806 3207 2863 lumini
3233 2817 3411 2863 tamen
3460 2821 3570 2863 non
3617 2804 3855 2861 confun-

2251 2909 2395 2965 ditur
2415 2918 2576 2978 atque
2597 2907 2878 2972 miscetur,
2899 2905 2994 2960 sed
3021 2904 3167 2960 cedit
3193 2913 3247 2959 et
3272 2902 3489 2974 refugit.
3517 2900 3782 2958 Similiter
3800 2908 3859 2956 et

2254 3016 2363 3057 nox
2398 2999 2597 3056 cedere
2625 2998 2837 3053 videtur
2864 2997 3000 3063 dici,
3027 3005 3084 3053 et
3104 3011 3163 3052 se
3206 2995 3275 3050 ab
3303 2994 3421 3064 ejus
3456 2994 3657 3049 lumine
3690 2991 3860 3048 decli-

2255 3109 2417 3160 nare;
2446 3102 2531 3149 est
2557 3092 2730 3159 enim,
2760 3100 2819 3147 ut
2845 3090 3137 3162 peritiores
3169 3088 3462 3161 probarunt
3482 3088 3571 3158 qui
3596 3087 3752 3143 nobis
3772 3085 3873 3142 vel

2257 3196 2418 3244 astate
2449 3188 2536 3243 vel
2580 3200 2808 3241 munere
2850 3191 3286 3257 prtecurrerunt,
3322 3182 3507 3239 umbra
3534 3191 3713 3237 terra}.
3748 3180 3859 3236 Na-

2181 3266 2227 3328 (ἶ
2262 3280 2511 3336 turaliter
2539 3280 2684 3335 enim
2717 3278 2910 3334 umbra
2936 3277 3157 3348 corpori
3184 3275 3427 3332 adlnrret
3470 3283 3631 3346 atque
3659 3272 3858 3345 adjun-

2259 3372 2420 3445 gitur,
2453 3372 2590 3428 adeo
2618 3380 2679 3427 nt
2713 3373 2873 3428 etiam
2902 3372 3139 3444 pictores
3172 3369 3392 3425 umbras
3417 3382 3706 3438 corporum
3737 3382 3862 3438 qua:

2261 3465 2556 3537 pinxerint,
2586 3466 2828 3521 nitantur
2850 3465 3177 3536 exprimere,
3205 3462 3368 3535 idque
3393 3461 3524 3517 artis
3559 3476 3682 3517 esse
3713 3474 3864 3516 asse-

2263 3570 2387 3616 rant
2427 3575 2532 3616 non
2572 3560 2933 3616 intermittere
2955 3560 3061 3633 67
3089 3560 3195 3613 vim
3225 3564 3431 3612 natura:
3458 3574 3470 3610 :
3515 3564 3569 3610 et
3590 3554 3742 3626 quasi
3774 3568 3865 3609 na.

2264 3654 2455 3710 turalis
2494 3654 2635 3724 juris
2685 3655 3067 3724 prcevaricator
3124 3651 3407 3712 habeatur,
3448 3648 3603 3720 cujus
3648 3648 3861 3719 pictura

2263 3763 2369 3804 non
2399 3749 2560 3804 etiam
2585 3748 2833 3803 umbram
2857 3762 3009 3803 suam
3041 3743 3327 3816 exprimat.
3361 3741 3503 3813 Ergo
3530 3741 3671 3796 sicut
3694 3742 3745 3794 itt
3773 3739 3864 3796 die

2264 3855 2383 3897 cum
2416 3856 2447 3895 e
2491 3842 2711 3912 regione
2744 3839 2878 3894 solis
2907 3837 3122 3909 aliquod
3163 3850 3359 3908 corpus
3387 3834 3655 3895 occurrit,
3694 3847 3761 3887 ex
3797 3847 3862 3888 ea

2264 3941 2455 4004 partee
2484 3947 2587 4004 qua
2615 3931 2794 3986 lumen
2827 3929 3220 4001 repercutitur.
3253 3926 3444 3981 umbra
3469 3922 3753 3980 subsistit:
3785 3922 3865 3979 sic

2267 4043 2391 4083 cum
2430 4025 2728 4081 decedente
2759 4024 2846 4079 die
2876 4038 2907 4079 e
2950 4024 3171 4084 regione
3202 4019 3419 4075 luminis
3448 4018 3565 4089 ejus
3594 4024 3687 4071 aut
3731 4015 3865 4070 solis

2266 4131 2425 4177 terra:
2472 4120 2719 4189 objectus
2757 4117 3027 4183 occurrit,
3060 4114 3412 4171 obumbratur
3452 4126 3567 4167 aer.
3601 4107 3758 4165 Unde
3800 4107 3868 4163 li-

2266 4224 2393 4288 quet
2414 4213 2557 4287 quod
2582 4221 2798 4268 noctem
2829 4210 2991 4266 faciat
3019 4210 3210 4265 umbra
3237 4219 3526 4263 terrarum.

2875 4346 3107 4406 CAPUT
3159 4345 3250 4403 ιν.

2267 4469 2574 4525 Luminaria
2621 4471 2759 4541 facta
2796 4475 2915 4523 sunt
2957 4466 3011 4520 in
3052 4465 3232 4536 signa,
3258 4460 3349 4517 sed
3378 4475 3480 4515 non
3518 4456 3866 4513 nativitatum.

2342 4562 2833 4617 Mathematicorum
2880 4559 3095 4616 scientia
3119 4555 3319 4611 inutilis
3349 4563 3455 4616 est,
3482 4568 3544 4606 ac
3570 4547 3868 4617 impossibi-

2342 4657 2425 4713 lis.
2461 4655 2631 4723 Quam
2656 4655 2824 4726 inepte
2850 4652 3189 4725 praprietates
3210 4646 3515 4702 animalium
3546 4641 3869 4697 terrestrium

2344 4751 2414 4805 ad
2444 4748 2692 4814 caelestia,
2720 4759 2768 4803 et
2792 4747 2973 4801 harant
3005 4744 3075 4798 ad
3101 4742 3335 4796 homines
3365 4736 3666 4804 transferat.
3700 4732 3871 4800 Quam

2342 4845 2561 4900 ridicule
2590 4843 2825 4898 stabilem
2863 4841 2977 4895 vita!
3002 4848 3189 4893 statunt
3219 4851 3246 4890 e
3272 4834 3434 4904 signis
3474 4828 3705 4884 erraticis
3739 4841 3870 4897 pen-

2343 4940 2464 4994 dere
2497 4945 2714 4993 asserat.
2748 4923 3107 5005 Quant‘impie
3143 4928 3250 4984 illis
3289 4925 3566 4999 qualitates
3589 4962 3604 4988 ,
3635 4935 3751 4993 qua:
3778 4933 3873 4971 no-

2346 5040 2490 5087 ceant
2532 5028 2888 5085 innocentibus
2913 5068 2929 5091 ,
2952 5026 3221 5081 attribuat.
3252 5019 3423 5086 Quam
3462 5015 3617 5071 stulte
3664 5010 3873 5066 tandem

2344 5133 2599 5198 praponnt
2638 5123 2907 5194 manifeste
2936 5119 3073 5192 falsa
3093 5158 3108 5184 ,
3137 5124 3184 5171 et
3225 5111 3441 5168 malitia
3467 5124 3529 5163 ac
3556 5105 3753 5189 inertia:
3780 5108 3874 5157 ex-

2347 5218 2663 5273 cusationem
2690 5213 3001 5287 suppeditet.

2348 5335 2437 5389 12.
2468 5332 2622 5389 Fecit
2644 5346 2774 5403 ergo
2800 5330 2995 5397 solem,
3022 5336 3077 5384 et
3099 5327 3305 5391 lunam,
3325 5331 3382 5379 et
3402 5318 3607 5386 stellas,
3649 5323 3705 5373 et
3727 5324 3870 5388 prte-

2347 5485 2368 5514 ¢
2396 5472 2524 5528 Mss.
2558 5471 2740 5537 Rem,
2762 5469 2916 5525 Cmn.
2942 5483 3005 5524 ac
3024 5467 3194 5531 Reg.:
3228 5463 3387 5537 divini
3413 5461 3547 5532 ignis
3568 5465 3834 5537 naturam.

2347 5542 2630 5613 thtaluor
2656 5528 2828 5598 mss:
2862 5541 2932 5595 ad
2977 5528 3337 5613 perfectionem
3366 5528 3636 5613 bonorum.
3683 5528 3876 5613 Melius

2277 5600 2487 5679 alii,~uc
2516 5615 2647 5670 edit.
2670 5633 2683 5667 :
2710 5614 2784 5666 *ad
2814 5600 3237 5680 pertttnctibttettt',
3268 5603 3481 5680 elc.,_id
3513 5612 3619 5680 est,
3645 5600 3712 5656 ad
3746 5600 3876 5680 frui-

2528 5669 2695 5740 iBasil.
2728 5669 3124 5746 εἰς’ἀπίόλανσιν
3158 5669 3270 5742 τοῖς
3296 5669 3525 5736 δικὰίοις-
3555 5672 3670 5728 HOC
3708 5669 3875 5726 Verbo

2287 5776 2396 5817 non
2429 5759 2599 5813 semel
2633 5759 2802 5811 utitur
2834 5754 3171 5810 Ambrosius.

2360 5841 2383 5868 ε
2427 5829 2572 5885 Edit.
2605 5827 2826 5897 Amerb.
2856 5838 2914 5884 et
2940 5821 3406 5897 Paris..nonnullae
3431 5834 3555 5897 cum
3577 5821 3874 5897 mssaqua-i

2294 5911 2420 5959 tuOr
2451 5919 2465 5957 :
2492 5896 2592 5972 'qua
2621 5894 2813 5955 lumine
2837 5892 3194 5969 "percutitur,
3223 5886 3403 5952 minus
3419 5886 3725 5949 cdmmode.’

4186 2152 4189 2343 l
