4150 6358
176 296 296 357 195

1509 306 2007 371 HEXAEMERON.
2042 307 2171 371 LIB.
2204 314 2292 372 IV.

3452 321 3561 379 194

175 416 375 473 stituit
414 417 537 477 illis
570 435 873 480 mensuras
906 428 1251 495 temporum,
1281 422 1382 480 soli
1418 423 1639 482 diurnas
1662 472 1677 495 ,
1712 426 1854 483 lunte
1881 428 1933 490 Α
1960 438 2208 499 poterant
2236 432 2563 499 pervenire?
2591 446 2610 469 ι·
2640 431 2793 502 Quod
2825 429 2872 489 si
2901 430 3282 503 credidissent,
3313 434 3441 492 dum
3465 451 3566 493 ex-

174 511 497 581 stellisque
530 529 887 583 nocturnas;
915 528 973 572 ut
1004 517 1105 572 iste
1139 527 1333 588 augeat
1360 518 1468 575 diei
1500 522 1753 591 gratiam,
1789 521 1851 576 ilo

176 603 257 659 la:
292 607 573 664 umbram
613 612 984 684 tenebrasque
1018 612 1344 669 illuminent.
1378 614 1446 668 Et
1473 616 1573 670 sint
1592 617 1643 669 in
1674 617 1853 690 signa,

181 710 235 756 et
268 702 330 756 in
366 712 657 775 tempora,
687 720 737 764 et
762 709 968 775 indies,
999 719 1046 764 et
1086 709 1139 764 in
1165 727 1329 765 annos
1359 709 1538 781 (Gem,
1568 726 1606 777 t,
1635 709 1743 782 ιι).
1764 712 1853 766 Di-

181 795 316 850 visa
360 806 639 862 tempora
699 800 902 857 habent
934 817 1197 874 paresque
1236 818 1519 859 mensuras
1566 819 1662 873 pro
1700 819 1855 860 men-

186 891 346 948 sium
380 894 622 953 vicibus
652 897 740 953 sol
767 908 822 954 et
844 899 967 954 luna
992 915 1117 956 cum
1148 899 1343 965 stellis,
1368 910 1423 957 et
1444 908 1569 956 sunt
1597 899 1648 955 in
1673 900 1849 971 signa.

188 980 321 1042 Non
358 1003 684 1058 possumus
716 1007 916 1063 negare
936 992 1082 1062 quod
1110 1008 1175 1048 ex
1205 993 1320 1049 sole
1344 1002 1396 1049 et
1420 992 1543 1049 luna
1568 993 1718 1065 signa
1747 982 1849 1047 ali-

192 1095 312 1151 qua
366 1080 767 1153 colligantur;
800 1100 921 1139 ttam
965 1094 1020 1141 et
1072 1085 1335 1141 Dominus
1374 1085 1552 1141 dixit:
1599 1084 1665 1140 Et
1701 1095 1852 1141 erunt

184 1174 354 1247 signa
384 1176 444 1229 in
466 1174 615 1243 sole,
634 1188 686 1231 et
711 1178 854 1240 luna.
878 1188 927 1234 et
950 1178 1111 1233 stellis
1140 1178 1290 1251 (Luc.
1317 1194 1431 1243 xxt,
1452 1177 1567 1251 25).
1609 1178 1679 1234 Ει
1703 1196 1849 1250 qum-

191 1268 471 1326 rentibus
506 1272 803 1342 Apostolis
823 1272 1036 1344 signum
1063 1272 1329 1329 adventus
1358 1273 1499 1343 ejus,
1528 1272 1845 1342 respondit:

196 1361 307 1419 Sol
355 1364 774 1433 obscurubitur,
807 1378 852 1422 et
894 1368 1018 1421 luna
1064 1384 1165 1422 non
1210 1367 1350 1422 dabit
1387 1368 1557 1423 lumen
1604 1384 1774 1432 suum,
1805 1375 1851 1422 et

200 1458 382 1515 stella:
436 1460 642 1516 cadent
691 1462 754 1517 de
794 1462 918 1517 cwlo
955 1461 1196 1529 (Malm,
1228 1462 1506 1533 xxtv,29).
1540 1461 1667 1517 llam
1714 1462 1851 1519 dixit

203 1548 334 1604 fore
379 1552 548 1624 signa
593 1553 791 1623 l'uturte
822 1555 1306 1612 consummationis
1337 1573 1350 1610 :
1385 1555 1479 1611 sed
1511 1556 1849 1613 conveniens

210 1644 389 1703 debet
417 1664 577 1705 curae
612 1660 813 1706 nostra:
842 1665 1093 1706 mensura
1121 1651 1347 1707 servari.

294 1740 389 1796 l5.
440 1742 700 1816 Denique
737 1746 978 1801 nonnulli
1007 1746 1346 1801 nativitatum
1374 1753 1720 1802 tentaverunt
1746 1761 1847 1802 ex-

1957 531 2202 590 spectant
2230 520 2463 577 l‘atorum
2494 526 2901 592 necessitatem,
2936 541 3230 598 numquam
3258 526 3325 582 ad
3350 536 3555 583 tantam

1957 614 2330 683 pervenissent
2356 616 2605 687 gratiam.
2631 618 2838 675 Inutilis
2859 618 3022 689 igitur
3048 620 3146 675 ista
3178 621 3478 691 persuasio.

2028 704 2115 760 14.
2146 706 2281 773 Quid
2320 708 2462 778 quod
2491 710 2653 765 etiam
2685 711 3038 782 impossibilis
3058 712 3080 767 ?
3103 712 3235 767 Nam
3265 722 3322 767 ιιι
3355 714 3426 769 de
3463 727 3563 769 eo.

1954 815 2070 856 rum
2101 799 2301 871 aliquid
2324 799 2686 871 disputatione
2715 819 3013 867 sumamus,
3042 805 3401 878 redarguendi
3430 822 3557 877 gra-

1957 894 2027 949 tia
2060 907 2166 949 non
2194 897 2501 965 probandi,
2531 911 2778 966 magnam
2804 897 2912 954 vim
2935 898 3124 954 dicunt
3144 914 3267 956 esse
3295 900 3554 955 nativita-

1956 990 2044 1053 tis.
2077 1007 2304 1065 eamque
2332 995 2555 1052 minutis
2573 995 2895 1067 quibusdam
2918 1004 2974 1051 et
2993 996 3158 1052 certis
3184 995 3361 1061 colligi
3387 1011 3553 1067 opor-

1956 1092 2068 1140 tere
2094 1088 2383 1145 ntomentis
2416 1104 2429 1141 :
2461 1104 2525 1144 ac
2556 1087 2660 1143 nisi
2693 1089 2873 1143 verius
2912 1088 3199 1159 colligatur
3233 1129 3249 1157 ,
3282 1102 3549 1144 summam

1953 1192 2074 1234 esse
2104 1178 2413 1235 distantiam
2445 1197 2459 1247 ;
2489 1180 2638 1237 brevi
2670 1180 2813 1236 enim
2844 1189 3026 1236 atomo
3051 1223 3065 1249 ,
3099 1181 3404 1251 exiguoque
3434 1195 3553 1236 mo-

1953 1280 2138 1327 mento
2164 1272 2365 1329 distare
2395 1273 2730 1337 nativitatem
2759 1273 2936 1343 inopis
2964 1283 3015 1329 et
3052 1274 3311 1343 potentis,
3343 1274 3553 1344 egentis

1955 1374 2008 1420 et
2037 1364 2217 1421 divitis
2243 1408 2257 1433 ,
2282 1366 2587 1423 innocentis
2614 1376 2669 1423 et
2696 1367 2841 1421 noxii
2866 1384 2881 1432 ;
2912 1376 2964 1423 et
2994 1368 3316 1438 plerumque
3356 1366 3545 1422 eadem

1954 1457 2085 1514 hora
2112 1462 2362 1531 generari
2387 1461 2716 1533 longaevitati
2743 1461 3009 1530 debitum,
3033 1461 3278 1531 etprima
3308 1458 3552 1531 pueritia:

1954 1560 2111 1607 actate
2140 1553 2485 1619 moriturum,
2515 1554 2558 1609 si
2592 1554 2797 1625 reliqua
2842 1553 3078 1624 disparia
3114 1554 3224 1608 sint
3247 1592 3264 1620 ,
3293 1559 3348 1606 et
3368 1550 3556 1620 aliquo

1954 1655 2151 1714 puncto
2181 1646 2435 1702 discreta.
2482 1645 2595 1701 Hoc
2636 1645 3091 1716 quemadmodum
3151 1644 3359 1714 possint
3400 1642 3555 1697 colli-

1950 1752 2101 1807 gere,
2128 1739 2511 1809 respondeant.
2546 1739 2825 1795 Constitue
2849 1748 3060 1810 parturn
3084 1736 3336 1803 feminte;
3370 1734 3557 1791 obste-

211 1833 473 1905 primere
521 1838 851 1908 qualitates,
891 1839 1068 1909 qualis
1112 1837 1330 1895 futurus
1370 1839 1441 1894 sit
1478 1839 1849 1911 unusquisque
1877 1827 1925 1888 B
1957 1835 2057 1889 trix
2098 1835 2281 1905 utique
2311 1850 2434 1890 eum
2463 1835 2641 1905 primo
2670 1835 2969 1906 cognoscit,
3002 1832 3259 1902 explorat
3286 1830 3557 1903 vagitum,

211 1928 310 1999 qui
350 1938 522 1985 natus
550 1931 625 1986 sit
650 1947 664 1997 ;
694 1946 816 1986 cum
854 1930 957 1988 hoc
980 1947 1085 1987 non
1109 1933 1284 1987 solum
1318 1948 1541 2000 vanum,
1566 1934 1660 1989 sed
1686 1935 1850 1990 etiam

214 2019 427 2078 inutile
476 2023 554 2079 sit
602 2023 1015 2094 quaerentibus,
1061 2024 1394 2095 impossibile
1446 2026 1851 2096 pollicentibus.

215 2115 367 2182 Quid
416 2116 575 2171 enim
618 2127 724 2172 tam
767 2118 958 2173 inutile
984 2160 1000 2186 ,
1029 2134 1191 2190 quam
1228 2129 1289 2175 ut
1321 2122 1694 2193 unusquisque
1726 2137 1855 2193 per-

218 2207 467 2263 suadeat
509 2209 626 2265 sibi
663 2209 771 2267 hoc
816 2227 937 2268 esse
977 2212 1121 2283 quod
1160 2224 1320 2268 natus
1345 2213 1475 2269 est?
1504 2212 1675 2269 Nemo
1724 2230 1855 2287 ergo

219 2301 395 2359 debet
447 2304 627 2359 vitam
683 2320 881 2374 suam,
914 2314 1115 2363 Statum
1172 2322 1464 2379 moresque
1518 2317 1857 2366 mutareaet

221 2398 362 2454 eniti
388 2414 506 2470 quo
540 2401 738 2456 melior
766 2401 879 2468 liat,
912 2401 1008 2457 sed
1038 2402 1090 2457 in
1123 2418 1185 2458 ea
1216 2404 1573 2475 persuasione
1596 2419 1852 2461 manere.

222 2489 423 2561 Neque
456 2492 691 2563 probum
723 2506 879 2565 potes
921 2494 1178 2563 laudare,
1210 2513 1311 2553 nec
1341 2496 1716 2554 condemnare
1743 2498 1853 2554 im-

224 2584 469 2655 probum
495 2627 511 2652 ,
542 2588 637 2658 qui
676 2588 991 2644 necessitati
1028 2590 1329 2648 nativitatis
1368 2608 1481 2648 suat
1524 2592 1856 2664 respondere

226 2676 512 2734 videatur.
561 2680 633 2737 Et
678 2683 957 2755 quomodo
1004 2684 1261 2740 Dominus
1302 2695 1397 2741 aut
1442 2686 1600 2742 bouis
1630 2689 1855 2758 praemia

229 2772 531 2841 proposuit
556 2812 571 2837 ,
602 2785 694 2830 aut
736 2776 998 2845 improbis
1025 2792 1214 2848 poenas
1240 2819 1253 2842 ,
1285 2778 1330 2833 si
1385 2778 1514 2833 facit
1557 2780 1856 2837 necessitas

232 2862 639 2935 disciplinam,
689 2878 746 2924 et
790 2872 1259 2927 conversationem
1316 2873 1599 2929 stellarum
1668 2889 1859 2930 cursus

219 2954 548 3012 informat!
572 2959 639 3015 Et
668 2961 797 3031 quid
828 2972 912 3017 est
950 2962 1095 3017 aliud
1127 2979 1287 3034 quam
1338 2963 1618 3020 hominem
1649 2965 1717 3021 de
1763 2965 1861 3021 lto-

223 3048 377 3105 mine
400 3064 508 3105 esu
541 3069 655 3119 ere,
687 3054 732 3108 si
755 3053 891 3109 nihil
917 3055 1182 3119 moribus,
1216 3056 1347 3110 nihil
1381 3057 1703 3113 institutioni
1732 3100 1747 3126 ,
1780 3059 1861 3113 tti-

228 3142 309 3200 ltil
350 3142 569 3202 studiis
622 3145 1076 3218 derelinquitur?
1128 3148 1297 3217 Quam
1355 3150 1555 3205 multos
1614 3149 1860 3207 videmus

236 3247 463 3310 ereptos
489 3239 821 3296 criminibus
862 3248 1024 3313 atque
1062 3242 1300 3311 peccatis
1332 3243 1386 3298 in
1426 3244 1709 3319 meliorem
1751 3255 1861 3299 sta-
1885 3219 1931 3282 (ἶ

240 3339 357 3386 tum
403 3346 535 3387 esse
582 3336 917 3389 conversos!
974 3334 1262 3404 Redempti
1318 3344 1447 3391 sunt
1492 3336 1776 3407 Apostoli,
1805 3349 1861 3393 et

246 3426 572 3497 congregati
617 3442 681 3483 ex
715 3427 1096 3498 peccatoribus
1134 3446 1147 3482 :
1182 3444 1289 3483 non
1336 3430 1523 3499 utique
1563 3430 1861 3488 nativitatis

248 3535 362 3576 sua:
396 3523 532 3575 liora
558 3561 573 3586 ,
600 3520 695 3576 sed
726 3519 927 3577 Christi
959 3538 1055 3579 eos
1081 3522 1443 3578 sanctilicavit
1486 3523 1773 3592 adventus,
1804 3534 1860 3580 et

251 3612 389 3670 hora
424 3614 723 3671 Dominica:
760 3616 1027 3687 passionis
1058 3616 1294 3673 redemit
1336 3633 1366 3673 a
1399 3627 1595 3673 morte.
1626 3616 1655 3656 ι’
1688 3618 1854 3674 Latro

251 3706 564 3773 damnatus,
589 3707 678 3764 ille
708 3709 797 3778 qui
835 3718 919 3765 est
956 3724 1078 3765 cum
1107 3709 1339 3765 Domino
1380 3712 1676 3767 cruciﬁxus
1700 3752 1716 3779 ,
1750 3728 1856 3767 non

250 3795 525 3855 beneﬁcio
568 3800 866 3857 nativitatis
906 3817 1046 3870 suae,
1088 3802 1183 3858 sed
1232 3802 1357 3859 lidei
1402 3802 1749 3860 confessione
1790 3805 1857 3861 ad

253 3894 489 3964 paradisi
512 3896 625 3968 68
645 3907 848 3952 aeterna
878 3898 1152 3953 transivit.
1180 3897 1373 3954 Jonam
1403 3900 1455 3954 in
1484 3900 1618 3956 mari
1642 3915 1748 3957 non
1780 3900 1859 3957 vis

254 3987 579 4055 nativitatis,
599 3987 693 4043 sed
718 3987 1073 4045 dissimulata:
1095 3990 1291 4046 divina:
1312 3992 1692 4062 prmceptionis
1721 4008 1860 4063 prm-

254 4079 505 4149 cipitavit
535 4080 762 4149 oll'ensa,
788 4082 1146 4154 eamdemque
1170 4093 1325 4139 cetus
1354 4086 1653 4156 excipiens,
1683 4086 1751 4142 ad
1781 4087 1861 4141 in-

256 4169 460 4229 dicium
490 4173 654 4231 futuri
684 4176 924 4247 mysterii
949 4188 1069 4248 post
1092 4178 1328 4234 triduum
1358 4180 1718 4247 revomuit,et
1738 4196 1862 4252 pro-

258 4265 488 4336 plteticze
513 4268 710 4324 merito
733 4269 919 4340 gratiae
946 4271 1267 4326 reservavit.
1302 4270 1525 4328 Petrum
1549 4272 1617 4329 de
1639 4288 1860 4330 carcere

258 4353 563 4415 imminenti
613 4370 787 4417 morte
830 4361 1202 4430 perimendum
1243 4363 1465 4434 angelus
1495 4363 1720 4429 Christi,
1751 4380 1858 4421 non

258 4452 539 4509 stellarum
564 4453 739 4511 series
772 4454 1046 4511 liberavit.
1088 4455 1311 4511 Paulum
1341 4458 1559 4514 cmcitas
1588 4458 1862 4516 convertit

259 4546 326 4603 ad
374 4548 607 4620 gratiam
633 4589 647 4613 ,
680 4557 735 4605 et
786 4566 1097 4621 percussum
1138 4570 1167 4609 a
1223 4554 1440 4623 vipera,
1476 4555 1857 4628 turbatumque

1954 1943 2062 1998 quo
2113 1928 2222 1982 nati
2262 1933 2367 1982 vita
2405 1928 2719 1999 colligitur,
2762 1928 2993 1983 attendit
3037 1936 3217 1982 utrum
3279 1923 3556 1980 masculus

1954 2019 2057 2087 sit,
2086 2034 2154 2074 an
2191 2019 2408 2074 femina.
2441 2020 2583 2089 Quot
2613 2020 2693 2075 vis
2734 2020 2877 2076 inter
2922 2020 3019 2075 bas
3056 2033 3237 2075 moras
3272 2016 3557 2089 praeterire

1954 2114 2268 2170 momenta?
2304 2114 2451 2169 Pone
2501 2114 2942 2171 mathematicum
2981 2125 3361 2185 prwparatutn.
3388 2110 3563 2167 Nunt-

1954 2206 2081 2279 quid
2105 2215 2284 2277 potest
2308 2207 2389 2261 vir
2412 2207 2679 2263 interesse
2693 2205 3022 2279 puerperio?
3053 2205 3185 2260 Dum
3212 2205 3430 2261 mandat
3453 2204 3525 2261 ob
3542 2231 3569 2247 -

1956 2300 2179 2356 stretrix
2211 2343 2225 2366 ,
2259 2300 2410 2355 audit
2453 2300 2778 2368 Chaldaeus,
2808 2300 2962 2371 ponit
2992 2297 3019 2336 ἀ
3048 2300 3431 2371 horoscopium
3458 2316 3472 2366 ;
3507 2299 3562 2355 in

1956 2398 2179 2453 alterius
2217 2410 2420 2453 sortem
2448 2394 2561 2466 jam
2607 2397 2716 2452 nati
2768 2397 2872 2451 lata
2911 2397 3249 2469 tnigrarunt,
3278 2397 3347 2453 de
3387 2397 3565 2453 altero

1956 2490 2240 2562 quaeritur,
2274 2498 2329 2545 et
2363 2490 2589 2546 alterius
2618 2490 2864 2561 genitura
2901 2490 3242 2562 proponitur.
3283 2490 3435 2545 Pone
3468 2504 3568 2546 ve-

1957 2599 2071 2640 ram
2096 2599 2218 2640 esse
2244 2599 2433 2641 eorum
2460 2586 2769 2655 opinionem
2793 2584 2860 2640 de
2888 2584 3237 2640 nativitatum
3267 2584 3567 2640 necessita-

1959 2677 2101 2733 tibus
2121 2720 2136 2746 ,
2172 2694 2277 2734 non
2300 2687 2480 2750 potest
2510 2696 2631 2735 vera
2662 2694 2783 2736 esse
2826 2680 3099 2735 collectio.
3142 2679 3347 2735 Puncta
3376 2689 3560 2735 trans-

1959 2779 2123 2836 eunt,
2172 2768 2308 2842 fugit
2354 2781 2570 2844 tempus
2620 2772 2993 2844 irreparabile.
3045 2771 3160 2828 Non
3206 2780 3292 2829 est
3334 2770 3561 2828 dubium

1958 2864 2101 2933 quod
2127 2872 2343 2935 tempus
2380 2866 2433 2920 in
2464 2876 2649 2921 atomo
2670 2878 2727 2922 et
2754 2867 2808 2922 in
2842 2876 3119 2923 momento
3147 2866 3288 2923 oculi
3318 2866 3412 2922 sit.
3446 2864 3565 2921 Ad-

1961 2955 2131 3011 ducor
2171 2967 2229 3011 ut
2255 2957 2498 3024 credam,
2531 2959 2746 3027 quando
2787 2976 2977 3016 omnes
3019 2960 3071 3015 in
3106 2968 3287 3015 atomo
3310 2999 3326 3024 ,
3358 2958 3412 3013 in
3441 2973 3565 3014 mo-

1963 3059 2167 3113 mento,
2192 3049 2244 3103 in
2276 3050 2386 3104 ictu
2413 3050 2555 3105 oculi
2589 3050 2998 3119 resuscitamur,
3028 3061 3085 3106 ut
3113 3051 3407 3121 Apostolus
3433 3065 3561 3120 pro.

1966 3149 2192 3197 testatur
2219 3141 2406 3199 dicens
2441 3159 2455 3197 :
2496 3142 2627 3198 Ecce
2656 3146 2957 3215 mysterium
2989 3145 3132 3199 uobis
3174 3144 3297 3199 dico
3323 3161 3343 3200 .°
3373 3145 3567 3201 Omnes

1962 3236 2169 3307 quidem
2199 3252 2565 3309 resurgentia;
2593 3255 2693 3293 non
2730 3255 2903 3293 omnes
2940 3248 3111 3293 autem
3137 3237 3523 3293 immutabimur
3546 3279 3562 3305 ,

1969 3339 1991 3366 ε
2024 3331 2077 3384 in
2105 3340 2275 3386 atomo
2296 3373 2310 3397 ,
2336 3332 2388 3386 in
2417 3342 2672 3387 momento
2709 3331 2870 3399 oculi,
2901 3334 2956 3387 in
2985 3333 3262 3387 novissima
3288 3332 3412 3387 tuba
3440 3348 3460 3386 :
3480 3347 3568 3388 ca-

1963 3433 2048 3478 net
2065 3425 2199 3479 enim
2220 3426 2359 3490 tuba,
2383 3436 2433 3480 ct
2455 3426 2646 3480 mortui
2672 3436 2937 3499 resurgent
2959 3427 3263 3499 incorrupti,
3284 3437 3333 3483 et
3353 3444 3445 3483 nos
3463 3428 3569 3482 im-

1962 3519 2276 3574 mutabimur
2306 3520 2348 3591 (l
2373 3520 2519 3587 (.‘or.,
2552 3537 2646 3589 xv,
2669 3520 2785 3593 52).
2822 3521 2969 3578 Inter
2995 3520 3339 3587 eﬂusionem,
3362 3533 3418 3580 et
3446 3538 3572 3581 sus-

1962 3612 2265 3683 ceptionem
2293 3656 2307 3679 ,
2333 3615 2838 3687 depositionetnque
2884 3615 3126 3688 pignoris
3148 3657 3162 3683 ,
3198 3617 3339 3673 inter
3376 3616 3566 3672 ﬂetum

1961 3706 2079 3779 ejus
2117 3721 2172 3764 et
2199 3710 2447 3765 nuntium
2478 3720 2611 3782 quot
2646 3712 2813 3766 atomi
2855 3711 3227 3767 transierunt!
3265 3712 3331 3766 Et
3371 3710 3477 3767 boc
3506 3720 3569 3769 ut

1962 3801 2285 3873 simpliciter
2324 3804 2427 3859 ista
2462 3806 2747 3860 texuerim.
2781 3803 2914 3859 Nam
2947 3812 3004 3860 et
3031 3804 3132 3875 ipsi
3163 3803 3383 3859 vitalem
3412 3804 3565 3861 illum

1961 3896 2238 3966 signorum
2281 3896 2567 3952 duodecim
2614 3896 2904 3953 circuitum
2950 3899 3001 3952 in
3044 3897 3329 3953 duodecim
3385 3905 3567 3967 partes

1961 3988 2253 4045 dividunt:
2303 3999 2357 4047 et
2408 3991 2533 4061 quia
2577 3990 2795 4060 triginta
2835 3990 3028 4047 diebus
3064 3992 3146 4048 sol
3190 3990 3566 4046 duodecimam

1962 4093 2170 4155 partem
2194 4082 2411 4152 sphera:
2432 4085 2549 4152 ejus
2574 4099 2693 4154 qua:
2708 4083 3089 4141 inenarrabilis
3111 4084 3361 4151 habetur,
3378 4098 3563 4155 regre-

1962 4177 2110 4233 ditur
2131 4219 2145 4244 ,
2169 4193 2278 4248 quo
2311 4191 2478 4250 gyrus
2518 4176 2651 4232 solis
2681 4177 2810 4233 anni
2841 4179 3074 4235 circuitu
3108 4178 3478 4249 compleatur,
3513 4176 3566 4234 in

1964 4270 2181 4341 triginta
2235 4270 2630 4342 portiunculas,
2680 4286 2813 4342 quas
2859 4275 3044 4349 μοίρας
3093 4270 3265 4328 ϐτίροί
3315 4278 3565 4339 vocant,

1962 4378 2399 4435 unamquamque
2422 4362 2706 4419 duodecim
2733 4363 3070 4436 69illarutn
3096 4363 3423 4420 distribuunt
3442 4378 3569 4433 por-

1961 4456 2200 4523 tionem;
2230 4458 2399 4528 ipsam
2430 4473 2645 4528 quoque
2678 4457 3075 4527 portiunculam
3100 4457 3152 4511 in
3174 4458 3453 4528 sexaginta
3483 4455 3568 4512 vi-

1962 4565 2052 4605 ces
2068 4551 2372 4608 conferunt.
2401 4551 2610 4609 Rursus
2628 4553 3050 4624 unumquodque
3068 4551 3137 4608 de
3156 4552 3261 4607 illis
3283 4553 3565 4624 sexaginta

256 4642 542 4713 naufragio
568 4684 583 4709 ,
613 4658 717 4697 non
756 4644 994 4700 remedia
1041 4645 1338 4702 nativitatis
1359 4688 1373 4711 ,
1408 4647 1503 4704 sed
1549 4626 1857 4706 devotionis
1884 4626 1938 4687 D
1963 4645 2209 4715 sexagies
2231 4658 2439 4702 secant.
2461 4646 2633 4714 Quam
2658 4644 3207 4717 incomprehensibile
3236 4655 3341 4708 est,
3370 4644 3389 4684 ί
3421 4645 3568 4717 quod

250 4734 445 4789 merita
490 4743 864 4791 servaverunt.
894 4736 1032 4806 Quid
1077 4738 1145 4794 de
1187 4740 1296 4796 illis
1332 4738 1594 4807 dicemus,
1626 4743 1714 4813 qui
1763 4758 1861 4798 eo-

255 4842 371 4885 rum
405 4830 690 4901 precibus,
737 4847 859 4887 cum
889 4831 1115 4890 fuissent
1140 4834 1363 4899 mortui,
1391 4846 1810 4893 resurrexerunt
1838 4837 1863 4892 ?

258 4918 452 4981 Utrum
484 4925 605 4981 illos
636 4940 733 4982 sua
761 4926 1037 4995 nativitas,
1060 4943 1128 4982 an
1156 4928 1454 4996 apustolica
1487 4928 1653 5001 gratia
1684 4944 1865 4986 resus-

260 5016 480 5075 citavit?
533 5018 672 5086 Quid
716 5035 852 5091 opus
889 5020 1088 5087 luit,ut
1126 5036 1188 5078 se
1229 5021 1452 5092 jejuniis
1504 5023 1863 5095 periculisque

262 5112 703 5181 committerent,
743 5116 789 5172 si
831 5132 939 5189 quo
966 5116 1224 5173 volebant
1264 5117 1559 5174 nativitatis
1596 5118 1863 5176 beneficio

336 5259 472 5332 Περὶ
500 5272 629 5315 mss.
677 5258 951 5315 undecim.
995 5258 1099 5315 Alii
1137 5274 1201 5315 ac
1221 5260 1385 5315 edit;:
1415 5261 1539 5315 eniti
1567 5259 1740 5332 (Gill.,
1777 5260 1868 5315 sed

267 5330 405 5395 eniti,
438 5330 627 5391 Rom..
645 5348 804 5403 neque
831 5332 979 5389 eniti)
1008 5348 1106 5399 quo
1131 5332 1315 5388 melior
1343 5333 1455 5403 ﬁat.
1481 5330 1589 5389 Sed
1603 5334 1659 5387 in
1680 5348 1738 5387 ea
1756 5349 1872 5404 per-

256 5398 506 5473 suasione
534 5420 693 5466 neque
715 5398 952 5473 probum,
974 5398 1083 5459 etc.

334 5471 361 5511 δ
396 5473 634 5545 Edit.et
666 5471 820 5538 paut-i
854 5490 983 5531 tuss.
1013 5491 1027 5528 :
1052 5477 1184 5530 latro
1229 5477 1316 5531 ille
1362 5477 1637 5532 damnatus
1665 5476 1873 5545 capitis,

272 5542 352 5627 ille
381 5563 502 5601 cum
540 5544 783 5614 Domino,
815 5556 922 5604 etc.
953 5547 1057 5602 Alii
1084 5548 1269 5603 decem
1294 5548 1535 5613 melioris
1557 5549 1661 5605 aevi
1691 5542 1748 5603 ut
1773 5562 1876 5603 nos

276 5629 325 5671 tn
355 5628 528 5674 IBXIU.

343 5700 363 5728 ε
390 5690 523 5746 Mss.
552 5698 676 5746 octo
707 5705 815 5747 non
843 5690 1002 5748 malae
1024 5696 1165 5748 nota:
1199 5707 1213 5746 :
1240 5691 1392 5757 Quod
1416 5693 1461 5749 si
1489 5709 1594 5749 non
1624 5690 1877 5748 credidis-

274 5771 398 5817 sent.

340 5831 809 5895 “instrumentum
834 5834 904 5894 ad
933 5833 1226 5894 notandam
1254 5835 1447 5895 horam
1476 5835 1734 5895 natalem.

1964 4741 2307 4813 sexagesimo
2336 4742 2687 4813 sexagesima:
2718 4741 3071 4813 portiunculae
3114 4740 3409 4796 nativitatis
3450 4754 3568 4797 mo-

1968 4846 2149 4893 tnenta
2176 4838 2541 4903 constituant,
2571 4847 2625 4895 et
2649 4838 2772 4910 quis
2804 4837 3136 4910 singulorum
3181 4835 3460 4907 signorum
3496 4837 3569 4893 sit

1966 4940 2060 4986 aut
2082 4941 2281 4997 motus,
2310 4941 2405 4987 aut
2437 4934 2647 5003 species
2675 4934 2728 4989 in
2757 4932 3039 4990 nativitate
3072 4930 3378 4988 nascentis!
3412 4929 3567 4993 Unde

1967 5040 2089 5081 cum
2130 5026 2467 5098 impossibile
2495 5027 2567 5083 sit
2599 5037 2709 5084 tam
2739 5028 2971 5085 subtiles
3011 5026 3269 5083 minutias
3308 5024 3571 5096 temporis

1965 5120 2467 5194 comprehendere,
2509 5122 2699 5193 exigua
2754 5130 2935 5179 autem
2994 5120 3298 5177 immutatio
3345 5117 3572 5174 invehat

2048 5271 2071 5300 θ
2098 5261 2219 5317 Edit
2241 5272 2293 5317 et
2320 5277 2449 5317 mss.
2488 5262 2623 5341 duo:
2654 5262 2707 5316 in
2747 5266 3019 5325 momento,
3051 5260 3105 5314 in
3137 5259 3243 5341 ictu
3272 5251 3429 5341 oculi.
3464 5251 3572 5341 Alii

1972 5350 2170 5402 magno
2200 5348 2487 5389 conSt-nsu:
2520 5336 2574 5387 in
2601 5344 2791 5398 atomo,
2818 5344 2923 5389 etc.
2948 5349 2962 5398 ;
2996 5342 3192 5401 graece,
3218 5327 3268 5402 ἐχ
3294 5327 3574 5402 ἀτόμῳνβν

1974 5392 2101 5483 ῥιπῇ
2147 5406 2422 5483 ὀφθαλμοῦ.
2470 5406 2633 5483 Deest
2687 5392 2849 5483 etiam
2887 5392 2959 5483 _in
2997 5392 3181 5483 iussa}
3224 5392 3576 5483 ('IIITfl‘Afnim

1977 5462 2121 5543 I(uitii,
2146 5462 2311 5545 ιιῖιυάι
2336 5481 2387 5530 in
2420 5476 2552 5531 edit.
2594 5474 2845 5529 omnibus
2887 5475 3067 5545 legere
3098 5476 3199 5521 est.
3228 5462 3356 5545 μὟο
3390 5476 3577 5523 autem

1978 5532 2141 5606 verba
2164 5532 2238 5603 ’θη
2268 5547 2589 5602 retinuinius
2612 5589 2627 5612 ,
2652 5545 2794 5615 quod
2843 5544 2895 5615 in
2922 5532 3199 5607 Scriptura
3227 5532 3532 5591 habeantur
3563 5578 3581 5605 ,

1976 5636 2079 5677 nec
2104 5620 2350 5690 videatur
2374 5618 2758 5690 sensus‘alitt-r
2776 5614 3070 5690 cohaerere.
3139 5685 3150 5690 Δ
3195 5686 3205 5690 _
3467 5676 3477 5687 .

2054 5690 2073 5730 τ
2117 5689 2264 5749 Edit.
2307 5703 2500 5744 omnes
2521 5728 2536 5752 ,
2570 5687 2624 5739 in
2652 5700 2751 5751 quo
2777 5685 3094 5752 sexagesimo
3132 5685 3207 5735 tot
3246 5685 3585 5747 sexagesima:

1984 5807 1997 5823 .
2045 5807 2057 5820 .
2105 5805 2117 5820 .
2165 5806 2178 5819 .
2226 5801 2243 5819 .
2273 5768 2531 5818 momenta
2559 5754 2856 5810 consistant.
