4150 6358
611 245 713 310 195

1979 245 2225 308 SANCTI
2263 237 2591 312 AMBROSII
3903 242 3990 297 ita?

609 364 981 420 universitatis
1021 377 1303 431 errorem,
1338 370 1508 420 totum
1541 361 1814 435 negotium
1858 364 2077 435 plenum
2125 373 2206 419 est
2233 363 2643 435 Airequenter,
2697 368 2752 418 et
2798 359 3110 433 frequenter
3159 356 3578 426 abscondant,
3637 355 3790 413 dum
3850 359 3986 412 alias

607 459 884 513 vanitatis.
938 458 1312 526 Disputatores
1349 471 1538 513 eorum
1579 472 1698 525 qua:
1739 471 1837 511 sua
1880 466 2049 520 sunt,
2084 472 2207 511 nes-

609 550 782 614 ciunt,
805 551 1075 620 quomodo
1101 549 1276 607 aliena
1301 551 1602 606 noverunt?
1627 549 1765 619 Quid
1797 551 1898 606 sibi
1929 551 2211 606 immineat

611 646 890 715 ignorant.
933 645 1201 714 quomodo
1250 655 1474 716 possunt
1523 644 1646 700 aliis
1699 660 1820 716 qua:
1869 645 1970 700 sibi
2029 643 2209 700 futura

611 751 774 805 sunt,
831 738 1182 794 denuntiare?
1230 739 1535 796 Ridiculum
1572 748 1655 794 est
1710 736 2115 810 credere,quia
2165 737 2211 792 si

614 840 856 902 possent,
881 831 981 887 sibi
1012 831 1189 900 petius
1223 831 1591 903 providerent.

683 925 771 981 15.
812 923 929 980 Jam
986 924 1118 979 illud
1170 940 1331 996 quam
1380 925 1659 996 ineptum,
1700 933 1759 979 ut
1807 921 1851 978 si
1890 924 2011 994 quis
2049 922 2208 992 signo

564 1050 571 1057 κ
609 1016 796 1074 arietis
822 1027 1002 1074 ortum
1035 1033 1159 1074 esse
1187 1031 1247 1072 se
1276 1016 1460 1081 dicat,
1489 1031 1556 1071 ex
1582 1031 1680 1070 usu
1713 1015 1942 1086 pecudis
1980 1016 2217 1071 aestime-

609 1117 702 1167 tur
750 1112 1233 1181 przcstantissimus
1284 1109 1554 1177 consilio,
1605 1109 1749 1179 quod
1799 1109 1853 1166 iu
1906 1126 2066 1181 grege
2115 1107 2217 1164 ltu-

606 1205 845 1276 iusmodi
892 1205 1130 1262 emineat
1175 1219 1382 1274 pecus:
1431 1211 1524 1258 aut
1571 1202 1914 1272 locupletior,
1962 1217 2029 1258 eo
2072 1203 2215 1274 quod

611 1302 868 1355 vestitum
911 1298 1110 1353 habeat
1148 1297 1292 1352 aries
1323 1296 1624 1352 naturalem
1648 1339 1661 1358 .
1705 1304 1760 1351 et
1798 1296 2089 1366 quotannis
2130 1296 2213 1351 lu-

612 1407 765 1448 crum
811 1391 991 1460 capiat
1030 1389 1370 1456 indumenti,
1416 1404 1589 1461 eoque
1635 1389 1753 1444 viro
1798 1389 1875 1445 illi
1925 1390 2216 1446 familiaria

613 1483 904 1539 videantur
945 1491 1247 1552 qumstuum
1294 1497 1416 1538 esse
1453 1482 1811 1554 eompendia!
1855 1481 2121 1540 Similiter
2163 1493 2218 1539 et

615 1577 685 1633 de
735 1583 912 1643 tauri,
967 1583 1022 1631 et
1075 1575 1141 1630 de
1185 1575 1412 1647 piscium
1460 1574 1627 1646 signis
1672 1584 2112 1646 argumentatur;
2161 1581 2220 1629 ut

616 1686 683 1728 ex
738 1679 926 1726 natura
974 1670 1162 1725 vilium
1216 1669 1570 1724 animantium
1613 1669 1738 1726 caeli
1786 1679 1998 1734 motus,
2045 1678 2098 1723 et
2143 1667 2216 1721 si-

2313 454 2384 509 ab
2437 455 2545 508 alio
2607 453 2936 522 praeteritur.

2390 548 2478 604 i7.
2521 546 2688 604 Aiunt
2743 558 2922 605 autem
2971 546 3266 618 plurimum
3314 545 3550 602 reierre
3580 585 3596 608 ,
3648 555 3858 599 utru
3907 557 3987 598 or-

2315 652 2431 698 tum
2481 641 2726 715 generati
2780 642 3020 698 beneﬁca
3076 641 3232 713 signa
3287 641 3534 696 videant
3589 656 3669 694 an
3737 638 3984 694 maleﬁca

2317 745 2372 793 et
2430 736 2630 803 noxia;
2690 745 2746 793 et
2799 737 2850 791 in
2905 753 2971 791 eo
3028 735 3334 790 nativitatis
3391 749 3532 791 esse
3595 732 3981 789 distantiam.

2317 829 2463 903 quod
2519 830 2747 886 benefici
2798 829 2934 901 signi
2984 835 3240 898 aspectus
3297 825 3626 898 plurimum
3688 824 3979 889 conferat,

2319 924 2549 981 maleﬁci
2598 934 2654 980 et
2700 923 2845 978 noxii
2899 922 3192 994 plurimum
3246 927 3476 977 noceat.
3531 919 3637 975 Sic
3693 917 3862 974 enim
3909 933 3980 971 ea-

2321 1021 2443 1076 dem
2499 1017 2649 1090 sigua
2705 1034 2824 1090 qua:
2879 1028 3242 1084 venerantur,
3294 1015 3605 1089 appellare
3659 1030 3974 1072 consuete-

2321 1123 2468 1170 runt.
2518 1112 2750 1170 Necesse
2797 1111 2942 1167 enim
2990 1110 3162 1165 habeo
3209 1125 3402 1166 eorum
3453 1110 3538 1164 uti
3601 1109 3970 1172 nominibus,

2319 1221 2548 1279 quorum
2608 1219 2732 1260 utor
2783 1203 3217 1274 assertionibus,
3288 1218 3358 1259 ne
3432 1203 3720 1275 ignorata
3811 1203 3971 1272 magis

2320 1314 2484 1371 quam
2538 1297 2852 1354 vacuefacta
2907 1307 3068 1370 atque
3118 1298 3394 1354 destructa
3456 1314 3564 1353 sua
3637 1306 3966 1370 argumenta

2320 1401 2769 1447 commemorent.
2841 1388 3025 1461 Itaque
3075 1404 3198 1446 cum
3255 1389 3408 1444 illum
3465 1405 3690 1460 vagum
3727 1431 3747 1455 ,
3832 1387 3965 1443 cele-

2322 1500 2544 1555 remque
2575 1491 2777 1538 motum
2809 1498 2915 1538 non
2947 1491 3147 1554 queant
3202 1479 3711 1552 comprehendere
3747 1525 3764 1546 ,
3829 1497 3960 1550 sape

2323 1579 2382 1632 iit
2408 1587 2463 1632 ut
2494 1593 2586 1646 per
2635 1577 2779 1631 illam
2831 1576 3014 1649 puncti
3066 1587 3120 1632 et
3171 1576 3433 1631 momenti
3465 1573 3960 1646 ittcnmprebensio

2322 1671 2446 1726 bilis
2488 1671 2842 1726 subtilitatem
2890 1679 3095 1742 ponant
3143 1669 3370 1727 beneﬁci
3415 1669 3567 1742 signi
3621 1681 3953 1740 aspecmm,

617 1779 848 1837 gnorttm
902 1762 1334 1834 interpretandas
1380 1764 1692 1819 existiment
1747 1770 2069 1833 potestates.
2121 1759 2214 1817 Cio
2248 1768 2294 1830 B
2325 1764 2414 1820 ubi
2482 1764 2662 1834 gravis
2731 1775 2894 1835 atque
2956 1765 3188 1819 necituri
3251 1763 3501 1819 incurrat
3551 1762 3835 1819 emensis.
3900 1761 3952 1816 Et

619 1858 722 1915 bus
749 1872 880 1930 ergo
911 1866 1094 1913 noster
1117 1857 1328 1912 vivendi
1362 1856 1516 1912 nobis
1557 1857 1772 1913 decreta
1813 1852 2132 1922 constituit,
2164 1863 2220 1910 et

621 1951 877 2007 alimenta
925 1961 1108 2006 nostra
1159 1950 1350 2015 nobis,
1401 1949 1452 2006 id
1497 1956 1616 2015 est,
1662 1949 1841 2015 aries,
1889 1959 2116 2013 taurus,
2165 1955 2220 2003 et

617 2045 824 2116 piscis,
881 2059 1088 2098 morum
1147 2043 1463 2108 imprimunt
1512 2042 1878 2112 disciplinam.
1935 2041 2220 2109 Quomodo

616 2138 783 2210 igitur
825 2137 897 2196 de
941 2139 1082 2195 caelo
1131 2139 1290 2194 nobis
1335 2151 1528 2195 causas
1575 2153 1756 2193 rerum
1785 2179 1800 2203 ,
1857 2143 1916 2192 et
1968 2134 2220 2189 substan—

619 2234 748 2289 tiam
801 2235 926 2290 vitm
972 2233 1131 2305 huius
1188 2242 1515 2299 arcessunt,
1567 2247 1688 2286 cum
1728 2229 1861 2299 ip~is
1906 2229 2220 2286 caelestibus

617 2328 786 2400 signis
829 2342 1021 2384 causas
1065 2339 1244 2383 motus
1286 2327 1369 2383 sui
1411 2341 1480 2382 ex
1527 2322 1882 2395 qualitatibus
1926 2338 2066 2379 escae
2100 2323 2222 2379 vilis

617 2420 974 2492 impertiant?
1020 2421 1326 2476 Liberalem
1376 2420 1532 2473 aiunt
1576 2417 1733 2488 signo
1776 2426 1963 2472 natum
2010 2417 2218 2485 arietis,

619 2530 687 2571 eo
734 2513 879 2584 quod
931 2515 1110 2568 lanam
1159 2528 1311 2568 suam
1356 2511 1502 2568 aries
1545 2525 1650 2565 non
1696 2493 1900 2565 invitus
1946 2508 2220 2579 deponat:

620 2615 677 2662 et
718 2605 1028 2677 ltujusmudi
1073 2603 1497 2660 virtutem'vilis
1537 2603 1832 2658 animantis
1875 2603 2083 2658 malunt
2121 2617 2222 2659 na-

627 2710 762 2755 tura:
817 2700 1116 2769 deputare,
1172 2713 1332 2768 quam
1388 2697 1568 2765 calo,
1632 2696 1774 2752 unde
1837 2706 1895 2753 et
1954 2698 2223 2754 serenitas

622 2793 786 2849 nobis
829 2791 1034 2864 i‘ulget,
1083 2801 1138 2847 et
1183 2791 1360 2864 pluvia
1411 2806 1556 2860 saepe
1605 2789 1904 2845 descendit.
1959 2787 2224 2845 Laborio-

621 2901 714 2943 sos
771 2894 827 2942 et
879 2883 1144 2956 patientes
1199 2881 1448 2950 servitii,
1509 2898 1648 2952 quos
1697 2887 1983 2938 nascentes
2038 2891 2225 2937 taurus

622 2978 932 3049 aspexerit,
982 2979 1106 3048 quia
1152 2975 1351 3031 animal
1399 2974 1728 3031 laboriosum
1774 2983 1830 3030 et
1873 2983 1898 3012 ι
1942 2987 2220 3030 assuetum

616 3072 747 3144 jugo
792 3081 1107 3144 spentaneae
1157 3069 1404 3127 servituti
1457 3069 1598 3124 colla
1649 3067 1938 3124 submittit.
1999 3068 2224 3123 Percus-

2323 1859 2452 1932 quid
2503 1860 2696 1914 mirum
2746 1858 2791 1914 si
2847 1859 2918 1915 ibi
2988 1858 3254 1914 luduntur
3297 1859 3593 1925 homines,
3654 1859 3759 1914 ubi
3813 1856 3948 1928 signa

2323 1953 2544 2009 innoxia
2585 1951 3072 2022 blaspbetnantur?
3109 1951 3242 2022 Qua:
3273 1951 3319 2008 si
3368 1963 3569 2007 natura
3615 1953 3800 2009 noxia
3841 1968 3947 2008 ese

2322 2046 2638 2111 creduntur,
2697 2045 2840 2102 Deus
2894 2060 3026 2118 ergo
3077 2061 3323 2101 summus
3377 2043 3664 2116 arguitur,
3728 2046 3780 2101 si
3834 2044 3945 2100 fecit

2323 2139 2468 2210 quod
2525 2137 2727 2193 malum
2785 2147 2909 2201 est,
2968 2147 3026 2194 et
3078 2137 3181 2193 fuit
3231 2136 3610 2207 improbitatis
3667 2147 3936 2210 operator.

2323 2230 2381 2288 Si
2416 2247 2546 2288 vero
2571 2247 2635 2287 ex
2665 2247 2760 2287 sua
2801 2231 3082 2288 voluntate
3105 2239 3363 2302 putantur
3388 2233 3785 2303 assumpsiSse
3809 2229 3937 2302 quod

2325 2333 2523 2380 noceat
2570 2323 2880 2380 insontibus
2928 2333 2984 2381 et
3032 2323 3234 2380 nullius
3279 2321 3460 2378 adhuc
3511 2324 3787 2380 facinoris
3831 2338 3932 2395 pes-

2323 2417 2448 2474 simi
2513 2417 2616 2473 sibi
2669 2417 2942 2486 consciis,
2996 2417 3194 2488 quibus
3249 2430 3408 2486 ptena
3489 2416 3804 2472 ascribitur
3853 2431 3930 2469 an-

2325 2520 2542 2582 tequam
2575 2513 2770 2582 culpa;
2801 2511 2930 2585 quid
2972 2521 3079 2567 tam
3124 2509 3536 2577 irrationabile,
3583 2512 3740 2582 quod
3784 2510 3924 2566 etiam

2325 2604 2784 2662 irrationabilium
2851 2606 3144 2662 bestiarum
3203 2604 3434 2662 excedat
3488 2603 3920 2666 immanitatem.

2325 2711 2382 2754 ut
2430 2715 2562 2755 usus
2612 2699 2819 2755 fraudis
2868 2708 2963 2756 aut
3005 2697 3196 2770 gratia:
3237 2714 3345 2754 non
3392 2698 3607 2753 meritis
3656 2698 3918 2753 hominum

2324 2793 2640 2866 deputetur,
2693 2792 2788 2849 sed
2843 2791 3122 2866 signorum
3181 2791 3416 2847 motibus
3464 2789 3803 2848 deteratur?
3847 2788 3918 2844 Ni-

2326 2886 2437 2951 bil,
2497 2886 2708 2956 inquit,
2760 2883 2855 2941 ille
2907 2883 3172 2956 deliquit,
3227 2883 3323 2939 sed
3380 2883 3545 2938 noxia
3595 2898 3726 2939 eum
3781 2881 3917 2938 stella

2327 2981 2634 3051 consiti-xit.
2694 2979 2915 3036 Saturni
2959 2981 3008 3035 ei
3063 2977 3214 3034 sidus
3269 2978 3558 3033 occurrit:
3617 2979 3823 3034 avertit
3869 2989 3915 3029 se

2327 3077 2647 3147 paululum,
2699 3086 2752 3131 et
2803 3088 3102 3130 aerumnam
3155 3071 3224 3128 ab
3278 3089 3339 3133 se
3389 3071 3665 3143 abstulit,
3720 3082 3777 3130 et
3823 3070 3909 3127 cri-

619 3181 800 3224 sorem
841 3180 1095 3238 quoque,
1142 3164 1297 3236 cujus
1346 3163 1684 3218 nativitatem
1727 3161 1978 3232 scorpius
2024 3161 2077 3215 in
2124 3167 2294 3231 suac
2328 3186 2452 3226 me“
2503 3169 2756 3225 absolvit,

617 3273 775 3336 parte
813 3262 1130 3332 complexus
1169 3259 1274 3326 sit,
1313 3265 1368 3314 et
1413 3257 1635 3312 malitias
1677 3269 1890 3311 venena
1934 3269 2223 3310 revomen-

619 3365 769 3423 tem,
818 3370 886 3410 eo
931 3354 1072 3426 quod
1120 3352 1322 3408 animal
1363 3361 1692 3407 venenatum
1734 3352 1825 3405 sit.
1872 3348 2013 3417 Quid
2057 3348 2224 3419 igitur

621 3449 1002 3504 auctoritatem
1048 3444 1267 3501 vivendi
1307 3444 1558 3499 daturum
1610 3451 1664 3499 te
1709 3444 1985 3513 signorum
2030 3442 2225 3497 cmles-

617 3545 757 3600 tium
804 3543 1065 3610 dignitate
1106 3537 1437 3610 praetendis,
1485 3548 1539 3594 et
1586 3536 1653 3592 de
1697 3533 1854 3605 nugis
1897 3533 2220 3605 quibusdam

621 3645 1000 3706 argumentum
1047 3630 1364 3686 assertionis
1407 3627 1680 3683 assumis?
1726 3625 1857 3681 Nam
1907 3627 1949 3680 si
1987 3625 2055 3680 de
2101 3627 2221 3680 ani-

622 3728 858 3784 malibus
901 3735 1194 3794 assumpta;
1239 3719 1554 3792 huiusmodi
1599 3733 1812 3774 morum
1860 3719 2223 3788 proprietates

619 3819 746 3880 coeli
787 3819 1023 3874 motibus
1066 3813 1477 3886 imprimuntur,
1522 3820 1578 3868 et
1621 3813 1797 3881 ipsum
1842 3809 2056 3865 videtur
2101 3811 2224 3866 bes-

619 3913 770 3972 tialis
826 3923 1035 3968 naturai
1091 3906 1346 3980 potestati
1401 3919 1522 3962 esse
1580 3902 1883 3973 subjectum
1917 3943 1930 3968 ,
1989 3917 2057 3957 ex
2115 3917 2220 3973 qua

619 4023 812 4066 causas
837 4006 1016 4061 vitalis
1055 4000 1406 4066 substantiae,
1448 4014 1582 4069 quas
1624 3997 1936 4053 hominibus
1980 3996 2224 4067 imperti-

617 4114 741 4167 ret,
772 4102 1003 4170 accepit.
1031 4096 1186 4166 Quod
1227 4096 1276 4151 si
1319 4096 1422 4150 hoc
1463 4095 1725 4150 abhorret
1762 4108 1790 4147 a
1832 4106 1999 4157 vero,
2047 4091 2222 4147 multo

617 4196 791 4267 magis
839 4193 972 4248 illttd
1032 4191 1367 4255 ridiculum,
1427 4187 1542 4243 veri
1593 4201 1693 4244 eos
1744 4186 1994 4244 subsidio
2045 4185 2220 4242 destiu-

620 4298 799 4352 tutos,
851 4285 981 4340 binc
1030 4285 1189 4338 iidem
1241 4297 1354 4338 suae
1405 4280 1789 4351 disputationis
1837 4294 2143 4336 arcessere.

694 4381 784 4437 16.
839 4377 1044 4434 Deinde
1099 4377 1232 4432 illud
1279 4373 1729 4439 consideremus,
1780 4375 1923 4442 quod
1976 4373 2221 4443 planetas

620 4475 709 4531 illa
756 4474 908 4544 signa
958 4470 1232 4543 appellant
1260 4509 1274 4533 ,
1317 4482 1549 4539 quorum
1591 4465 1832 4521 motibus
1873 4464 2093 4520 formari
2133 4479 2222 4519 as-

2401 3265 2490 3320 18.
2541 3263 2648 3320 Sed
2698 3263 2814 3318 haec
2855 3276 3043 3318 eorum
3074 3257 3338 3332 sapientia
3370 3258 3491 3316 telae
3533 3274 3757 3315 araneae
3785 3273 3907 3314 com-

2326 3366 2588 3429 paratur,
2642 3356 2696 3412 in
2747 3371 2908 3426 quam
2958 3356 3002 3410 si
3050 3355 3205 3411 culex
3259 3342 3352 3410 aut
3399 3368 3587 3410 musca
3645 3351 3907 3417 inciderit,

2325 3468 2528 3508 exuere
2582 3467 2642 3508 se
2693 3466 2804 3506 non
2857 3458 3082 3522 potest:
3146 3450 3190 3504 si
3245 3464 3376 3503 vero
3432 3446 3762 3502 validiorum
3813 3445 3908 3500 ani-

2325 3546 2588 3600 mantiunt
2637 3544 2807 3600 ullum
2859 3557 3031 3614 genus
3073 3541 3372 3597 incurrisse
3418 3540 3597 3595 visum
3650 3549 3754 3608 est,
3806 3553 3908 3608 perc

2324 3640 2579 3696 transivit
2607 3682 2620 3707 ,
2670 3649 2727 3695 et
2772 3653 2954 3694 casses
3003 3637 3150 3708 rupit
3192 3635 3476 3704 inﬁrmos,
3529 3645 3696 3707 atque
3740 3635 3903 3691 inanes

2325 3732 2552 3804 laqueos
2600 3731 2905 3802 dissipavit.
2949 3729 3102 3786 Talia
3145 3739 3273 3785 sunt
3323 3727 3457 3784 retia
3503 3725 3898 3792 Cbaldmornm,

2323 3839 2385 3884 ut
2413 3830 2464 3882 in
2513 3828 2597 3882 itis
2642 3825 2841 3881 iniirmi
2892 3825 3160 3888 haereant,
3207 3821 3501 3878 validiores
3547 3837 3712 3878 sensu
3759 3819 3901 3876 oilen-

2323 3924 2535 3980 sionem
2585 3919 2788 3977 habere
2841 3934 2948 3974 non
2995 3915 3227 3988 possint.
3277 3916 3462 3986 itaque
3505 3929 3606 3970 vos
3657 3914 3750 3986 qui
3791 3911 3900 3966 vali-

2324 4016 2510 4073 diores
2555 4015 2723 4076 estis,
2773 4028 2896 4069 cum
2941 4011 3188 4067 videritis
3230 4009 3684 4075 mathematicos,
3728 4008 3897 4065 dicite:

2321 4110 2507 4166 Telam
2555 4123 2770 4164 aranea:
2817 4114 3140 4167 texuerunt,
3189 4120 3309 4176 qua:
3354 4119 3455 4160 nec
3495 4118 3653 4158 usum
3695 4103 3896 4172 aliquem

2323 4214 2504 4276 potest
2553 4203 2789 4269 habere,
2837 4217 2938 4258 nec
2983 4199 3234 4267 vincula,
3287 4199 3331 4253 si
3379 4208 3434 4254 ttt
3485 4213 3592 4255 non
3640 4197 3785 4270 quasi
3824 4211 3895 4252 ett-

2320 4298 2407 4354 lex
2467 4308 2560 4354 aut
2615 4312 2800 4353 musca
2861 4297 3018 4374 lapsu
3071 4303 3180 4350 tua:
3241 4292 3577 4350 inﬁrmitatis
3636 4293 3893 4348 incurras:

2325 4391 2421 4448 sed
2487 4391 2641 4463 quasi
2697 4405 2884 4463 passer
2949 4398 3042 4445 aut
3104 4387 3354 4445 columba
3413 4401 3604 4443 casses
3665 4384 3897 4440 invalidos

2324 4485 2584 4558 prmpetis
2624 4485 2836 4541 volatus
2877 4482 3158 4540 celeritate
3198 4475 3486 4536 dissulvas.
3539 4477 3751 4535 Etenim
3796 4474 3895 4550 quis

618 4579 806 4626 serunt
857 4568 982 4622 vita:
1035 4576 1236 4622 uestrae
1284 4563 1659 4619 necessitates.
1711 4561 1842 4617 Sive
1900 4560 2104 4631 igitur,
2161 4569 2218 4614 ut

2329 4581 2674 4650 prudentium
2717 4579 2907 4636 credat
2946 4577 3091 4648 quod
3132 4578 3411 4650 signorum
3460 4583 3680 4640 motus,
3721 4572 3804 4646 qui
3840 4569 3891 4624 ad

623 4675 822 4717 nomen
877 4666 1080 4725 sonat,
1143 4671 1361 4728 semper
1413 4665 1723 4727 vagentur:
1779 4658 1941 4720 sive,
2001 4662 2059 4708 ut
2115 4652 2218 4722 ipsi

621 4755 810 4812 dicunt
839 4797 854 4822 ,
921 4753 1064 4825 quod
1113 4753 1330 4808 concito
1387 4761 1540 4807 motu
1598 4743 1877 4817 ferantur,
1927 4758 1987 4806 et
2035 4748 2218 4805 decies

622 4849 825 4905 millies
883 4848 938 4902 itt
997 4845 1120 4912 die,
1171 4854 1265 4900 aut
1323 4845 1368 4901 si
1428 4844 1536 4904 hoc
1593 4844 1920 4901 incredibile
1975 4843 2212 4911 videtur,

619 4939 975 5012 multiplicem
1047 4939 1284 5010 speciem
1350 4940 1636 4994 innumera
1703 4938 1786 4994 sui
1853 4940 2218 4996 conversione

617 5045 999 5100 commutent;
1059 5032 1168 5089 (ide
1219 5043 1372 5089 caret
1424 5032 1567 5104 quod
1625 5041 1736 5087 tam
1791 5047 1928 5105 vago
1983 5034 2067 5089 sui
2121 5047 2212 5088 er-

616 5143 784 5195 rore,
827 5139 882 5184 et
929 5137 1037 5182 tam
1086 5127 1252 5182 celeri
1299 5136 1450 5181 metu
1495 5125 1658 5180 lixam
1706 5125 1866 5180 nobis
1909 5135 2073 5197 atque
2119 5127 2220 5182 im-

616 5227 875 5284 mobilem
903 5223 1013 5298 70
1042 5219 1258 5277 vivendi
1311 5219 1667 5275 substantiam
1690 5259 1705 5285 ,
1757 5227 2074 5290 sortemque
2118 5218 2215 5274 de-

617 5335 864 5380 cernant.
899 5318 1103 5377 Ferunt
1147 5327 1328 5373 tamen
1373 5330 1479 5371 non
1528 5329 1650 5370 esse
1695 5317 1934 5385 aequales
1973 5314 2214 5370 omnium

617 5429 797 5476 motus
827 5462 842 5486 ,
887 5417 983 5476 sed
1026 5415 1256 5472 aliorum
1302 5412 1635 5479 celeriores,
1677 5411 1906 5468 aliorum
1946 5411 2217 5472 tardiores

619 5525 740 5572 esse
787 5514 1083 5583 circuitus;
1135 5520 1195 5568 ut
1240 5511 1295 5568 in
1347 5507 1537 5565 eadem
1593 5509 1832 5577 bora_et
1879 5507 2097 5566 videant
2151 5526 2211 5568 se

693 5727 721 5759 ι
759 5720 1129 5792 Antiquissimi
1155 5733 1287 5776 mss.
1316 5717 1480 5776 Carn.
1512 5727 1568 5776 et
1594 5714 1783 5792 Corb.:
1816 5724 1866 5792 et
1894 5715 1962 5792 ad
1981 5730 2208 5792 sumen-

619 5785 744 5846 dum
760 5785 952 5865 juguin
987 5803 1269 5866 spontanee
1303 5793 1544 5849 servitute
1581 5790 1739 5865 colla,
1760 5788 2030 5846 subnrittit.
2081 5789 2208 5847 Vet.

2322 4675 2465 4731 diem
2519 4691 2666 4745 saepe
2725 4682 3037 4739 mutantur,
3071 4681 3125 4727 et
3179 4669 3556 4741 multipliciter
3611 4670 3664 4723 in
3717 4682 3772 4724 se
3823 4679 3889 4720 re-

2321 4779 2582 4836 currunt,
2615 4765 2848 4841 insignia
2892 4767 3147 4824 del‘erant
3189 4764 3560 4838 petestatum?
3595 4762 3724 4822 Nam
3761 4764 3798 4819 si
3834 4761 3889 4817 ita

2320 4872 2503 4928 esset,
2556 4871 2775 4934 quantae
2825 4859 2890 4916 ad
2938 4861 3081 4918 diem
3128 4860 3391 4932 regalium
3444 4860 3772 4915 nativitatum
3817 4871 3891 4912 ex-

2322 4955 2693 5027 primerentur
2745 4954 2977 5026 ﬁgurae?
3031 4953 3288 5023 Quotidie
3340 4969 3473 5025 ergo
3525 4967 3683 5025 reges
3731 4963 3890 5008 nasce-

2332 5059 2544 5120 rentur,
2595 5063 2695 5105 nec
2743 5050 2939 5122 regalis
2995 5050 3048 5105 in
3106 5048 3246 5105 lilios
3302 5047 3752 5104 transmitteretur
3792 5058 3890 5100 suc-

2326 5143 2547 5200 cessio:
2615 5143 2709 5200 sed
2775 5133 2994 5216 semper
3042 5159 3108 5202 ex
3178 5143 3395 5200 diverso
3449 5152 3595 5198 statu
3625 5185 3641 5209 ,
3693 5139 3776 5214 qui
3814 5137 3884 5208 jus

2323 5237 2622 5309 imperialis
2671 5240 3018 5310 acquirerem
3066 5238 3392 5310 potestatis,
3443 5235 3737 5298 orirentur.
3778 5231 3882 5300 Quis

2321 5331 2486 5402 igitur
2545 5347 2734 5403 regum
2799 5332 3106 5405 genituram
3166 5332 3261 5388 [iiii
3326 5331 3410 5388 sui
3473 5329 3716 5401 colligit,
3764 5322 3805 5382 si
3841 5323 3880 5380 ei

2319 5425 2584 5482 debeatur
2632 5427 2957 5500 imperium,
3002 5436 3058 5484 et
3105 5442 3211 5484 non
3257 5427 3481 5498 proprio
3520 5422 3878 5482 successionem

2319 5519 2472 5595 regni
2520 5519 2573 5576 in
2623 5534 2756 5576 suos
2802 5517 3120 5580 transcribit
3163 5519 3433 5596 arbitrio?
3481 5517 3728 5590 Legimus
3763 5519 3878 5571 cette

2315 5723 2479 5782 edit.:
2511 5727 2648 5785 colla
2675 5725 3002 5786 submittens.
3035 5727 3284 5820 Quinque
3311 5740 3446 5786 mss.
3489 5743 3504 5782 :
3535 5722 3760 5782 subdens.
