4150 6358
175 264 307 330 197
1477 262 1831 336 ΗΕΧΑΕΜΕΙ

1934 271 1972 331 i.
2013 273 2144 336 LIB.
2185 274 2277 331 IV.
3427 265 3530 332 198

165 384 352 456 quod
407 381 534 437 Abia
571 381 747 455 genuit
789 380 926 448 Asa,
972 388 1024 436 et
1071 381 1176 438 Asa
1217 381 1390 454 genuit
1437 383 1732 452 Josapltat,
1776 396 1824 440 et
1854 392 1898 449 Λ
1999 398 2174 442 testate
2222 388 2486 453 minores;
2535 396 2584 442 et
2630 387 2866 460 quaedam
2916 389 3023 444 alia
3078 389 3134 443 id
3189 405 3367 460 genus.
3427 391 3532 444 De-

163 475 478 550 Josapltat
524 476 827 549 genuit71
853 473 1070 542 Joram,
1115 485 1164 531 et
1205 473 1388 532 Joram
1429 480 1605 548 genuit
1653 475 1833 532 Oxiam
2009 482 2162 551 nique
2205 483 2460 549 quomodo
2513 483 2690 536 eadem
2743 483 3020 537 luminaria
3073 483 3176 536 sint
3228 484 3280 537 in
3327 485 3458 539 dies.

173 569 484 643 (Matth.,
533 587 588 636 ι,
637 571 666 623 7
712 582 761 625 et
805 567 918 643 8);
970 577 1025 624 et
1049 569 1257 638 reliqua
1313 571 1494 626 omnis
1544 585 1714 640 usque
1765 569 1831 624 ad
2005 571 2095 627 ‘20.
2140 571 2300 626 lllulta
2341 575 2614 642 diximus,
2659 577 2808 646 plura
2857 577 3146 641 nolumus;
3192 592 3258 632 ne
3303 578 3427 649 quis
3472 591 3534 634 ea

171 664 596 734 Captivitatem
649 677 746 732 per
795 676 950 733 reges
994 661 1214 733 generis
1263 663 1470 732 pariter
1509 671 1565 716 et
1610 660 1835 717 honoris
1934 681 2056 737 quae
2102 680 2132 720 a
2181 666 2338 721 nobis
2384 667 2452 722 de
2501 667 2718 724 illorum
2765 669 3161 726 assertionibus
3205 679 3538 741 usurpantur

175 753 383 842 ducqa
427 753 706 810 successio
750 764 852 810 εει.
898 752 1167 822 Numquid
1207 756 1332 825 quia
1375 768 1533 823 reges
1572 751 1832 819 lucrum.
1933 759 2002 815 ad
2043 759 2439 830 refellendum,
2479 763 2546 818 ad
2589 767 3094 836 recognoscendum
3135 777 3412 838 assumpta
3453 783 3543 822 ar-

179 848 392 920 siguis
445 847 762 918 caelestibus
804 845 1116 902 formandos
1164 857 1347 902 motus
1389 858 1518 900 suos
1564 846 1833 914 imperare
1934 850 2184 907 bilretur.
2239 849 2370 907 Nam
2417 870 2538 925 qua:
2579 858 2728 925 pueri
2770 859 3027 925 risimus,
3077 873 3138 912 ea
3189 873 3350 914 Scttcs
3389 874 3541 915 com-

182 944 563 1014 potuerunt?
605 941 735 1011 Quis
779 941 923 997 enim
977 941 1256 998 hominum
1304 949 1485 1013 potest
1529 939 1732 996 habere
1778 940 1830 996 in
1933 959 2240 1001 metnorare
2293 946 2383 1014 qui
2443 949 2778 1014 possumus?
2833 949 2984 1005 Nunc
3039 951 3105 1006 ad
3155 966 3216 1006 ea
3270 967 3388 1023 qua:
3446 965 3534 1007 se-

184 1033 292 1092 llis
346 1035 729 1091 dominatum?
1933 1037 2168 1093 cundum
2229 1036 2518 1094 lectionem
2575 1051 2905 1112 supersunt,
2961 1043 3254 1114 dirigamus
3310 1047 3532 1119 stylum.

281 1127 386 1186 19.
445 1127 645 1184 Deinde
690 1127 734 1183 si
779 1125 846 1183 ad
897 1127 1278 1184 necessitatem
1324 1124 1614 1198 genitalem
1645 1167 1660 1193 ,
1719 1139 1829 1180 non
2002 1131 2094 1186 2|.
2129 1130 2284 1196 Sint,
2321 1129 2528 1203 inquit,
2574 1132 2856 1187 luminaria
2900 1134 2952 1189 in
3000 1137 3180 1207 signa,
3214 1149 3262 1191 et
3302 1138 3356 1191 in
3410 1149 3538 1192 tem-

189 1219 272 1278 ad
337 1221 590 1278 insututa
646 1237 856 1278 morum
911 1236 1065 1280 actus
1121 1219 1336 1287 nostri,
1392 1223 1639 1290 factaque
1690 1220 1832 1276 refe-
1935 1240 2104 1294 pora,
2152 1225 2259 1299 72
2301 1235 2350 1280 et
2395 1227 2447 1280 in
2493 1227 2642 1293 dies,
2689 1235 2736 1281 et
2780 1228 2832 1281 in
2883 1245 3066 1283 annos.
3119 1230 3194 1284 De
3243 1232 3411 1300 signis
3453 1229 3538 1285 di-

190 1323 438 1380 rantur,
486 1327 582 1369 cur
625 1314 774 1384 leges
821 1314 1115 1384 prepositte
1159 1313 1464 1383 sunt,jura
1512 1313 1674 1368 etiam
1708 1328 1833 1384 pro-
1933 1319 2131 1374 ximus.
2184 1319 2454 1389 Tempora
2505 1329 2688 1376 autem
2739 1337 2861 1393 quae
2909 1333 3072 1389 sunt,
3125 1323 3226 1378 nisi
3279 1326 3539 1381 mutatio-

188 1405 501 1476 mlligala,
557 1405 758 1475 quibus
809 1416 904 1460 aut
959 1421 1114 1477 poena
1171 1405 1438 1476 improbis
1492 1402 1830 1473 decernitur,
1935 1429 2062 1467 num
2108 1413 2289 1482 vices,
2340 1414 2569 1486 hyems,
2621 1431 2740 1482 ver,
2790 1425 2951 1471 αδδιτις
3001 1426 3164 1485 atque
3208 1418 3539 1473 autumnus?

191 1509 303 1553 aut
365 1500 636 1553 seCurilas
691 1496 935 1553 delerlut'
991 1496 1269 1553 innoxiis?
1342 1497 1451 1553 Cur
1510 1512 1617 1553 non
1677 1495 1831 1552 Venia
1933 1503 1992 1560 lu
2029 1503 2147 1560 istis
2175 1507 2335 1573 igitur
2361 1508 2695 1578 temporibus
2737 1517 2823 1564 aut
2871 1507 3112 1564 velocior
3151 1517 3236 1565 est
3278 1513 3537 1567 transitus

197 1591 386 1648 datur
443 1594 598 1659 reis,
650 1606 773 1647 cum
821 1591 1039 1661 utique,
1083 1602 1144 1647 ut
1186 1591 1295 1665 ipsi
1346 1592 1531 1657 aiunt,
1581 1608 1688 1648 non
1737 1606 1830 1646 sua

203 1685 542 1750 voluntate,
587 1683 679 1741 sed
721 1699 788 1741 ex
836 1685 1158 1741 necessitate
1196 1683 1564 1756 deliquerint?
1601 1682 1710 1741 Cur
1755 1683 1832 1740 la-

1933 1600 2087 1668 solis,
2112 1601 2452 1657 auttardior.
2491 1603 2605 1657 Alia
2631 1601 2775 1658 enim
2818 1601 3153 1676 prmsttingit
3194 1603 3359 1660 radiis
3399 1605 3533 1670 suis,

1933 1689 2037 1747 alia
2097 1694 2395 1750 inflammat
2447 1694 2739 1751 caloribus.
2803 1695 2987 1764 Itaque
3043 1712 3164 1750 eum
3223 1697 3303 1751 sol
3365 1695 3535 1751 meri-

205 1778 382 1835 borat
430 1779 701 1850 agricola,
750 1787 806 1834 et
852 1793 960 1834 non
1010 1778 1181 1849 magis
1220 1787 1503 1848 eXSpectat
1547 1787 1607 1834 ut
1657 1777 1828 1834 inela-
1857 1788 1903 1848 Β
1931 1784 2110 1841 dianis
2141 1787 2386 1858 partibus
2409 1789 2746 1856 immoratur,
2775 1800 2797 1827 ο
2822 1789 3012 1861 hyems
3052 1790 3210 1845 nobis
3249 1798 3351 1847 est.
3400 1787 3536 1846 Nam

206 1874 450 1929 boratos
501 1874 704 1929 fructus
781 1871 1062 1945 privilegio
1117 1887 1229 1928 sum
1310 1861 1625 1928 nativitatis
1679 1871 1827 1928 inve-

207 1966 310 2023 hat
364 1966 724 2037 receptaculis
770 1963 1147 2023 horreorum?
1194 1974 1221 2003 ἰ
1269 1966 1324 2021 Si
1379 1967 1451 2021 ita
1500 1975 1659 2020 natus
1709 1975 1824 2031 cst,

214 2069 280 2115 ut
325 2057 380 2115 ei
429 2051 632 2114 divitiae
677 2059 882 2130 absque
925 2074 1090 2129 opera
1132 2057 1385 2124 aﬂluant,
1433 2057 1618 2128 utique
1663 2071 1832 2126 oppe-

213 2154 428 2218 riatur,
484 2162 542 2208 ut
592 2147 694 2207 sibi
765 2161 1098 2222 spontaneos
1147 2152 1355 2207 reditus
1409 2150 1528 2206 sine
1577 2147 1688 2204 ullo
1738 2163 1826 2204 se-

219 2245 374 2304 mine
423 2255 563 2302 terra
618 2248 916 2317 parturiat;
965 2262 1072 2300 non
1123 2261 1398 2301 vomerem
1448 2245 1592 2299 arvis
1642 2242 1831 2313 impri-

218 2351 385 2406 mat,
454 2355 560 2395 non
620 2355 800 2395 curvae
861 2353 1080 2396 manum
1144 2338 1269 2394 falti
1325 2339 1659 2403 admoveat,
1722 2351 1828 2392 non

219 2435 472 2508 legendae
528 2432 820 2491 vindemia:
873 2421 1068 2490 subeat
1135 2448 1430 2502 “pensum
1461 2473 1476 2498 ,
1535 2428 1630 2486 sed
1684 2430 1831 2486 ultro

219 2533 272 2586 ei
339 2529 396 2584 in
462 2545 656 2585 omnes
708 2525 737 2568 ιι
790 2529 960 2584 serias
1023 2529 1146 2582 vina
1210 2526 1503 2583 fundantur
1562 2524 1827 2592 fluentia,

221 2635 420 2696 Sponte
470 2625 518 2681 ei
569 2624 754 2681 oleum
801 2623 966 2680 nullis
1018 2623 1222 2679 insierta
1272 2621 1587 2678 caudicibus
1636 2620 1831 2676 silves-

228 2719 327 2773 tris
361 2718 496 2773 olear
524 2716 691 2773 bacca
721 2715 986 2785 desudet;
1034 2731 1136 2772 nec
1172 2713 1350 2771 diffusi
1383 2714 1619 2786 aequoris
1659 2723 1833 2766 trans-

230 2811 526 2868 fretaturus
595 2811 940 2882 periculum,
1006 2810 1245 2882 propria:
1310 2808 1500 2865 salutis
1565 2806 1834 2862 sollicitus

232 2918 504 2960 mercator
561 2903 879 2968 horrescat,
938 2903 1023 2958 cui
1081 2903 1260 2957 otioso
1321 2910 1501 2973 potest
1553 2899 1830 2969 quadam,

233 3007 295 3054 ut
349 2997 536 3062 aiunt,
593 3003 741 3051 sorte
792 2995 1010 3066 genitali
1065 2994 1377 3049 divitiarum
1430 2993 1716 3047 thesaurus
1771 2991 1834 3045 il-

235 3087 364 3145 labi.
433 3087 542 3146 Sed
612 3102 719 3142 non
785 3087 903 3141 haec
961 3093 1046 3142 est
1107 3087 1485 3141 universorum
1541 3083 1832 3138 sententia.

1932 1895 2057 1935 cum
2103 1879 2182 1934 sol
2226 1881 2435 1952 longius
2477 1883 2666 1947 abest,
2710 1891 2855 1938 terra
2896 1882 3114 1955 rlgescit
3159 1885 3318 1955 gelu,
3366 1886 3537 1940 strin-

1931 1974 2075 2046 gitur
2116 1974 2351 2045 frigore,
2383 1985 2439 2032 et
2472 1977 2697 2046 plurima
2741 1979 2915 2033 noctis
2958 1979 3145 2034 umbra
3191 1987 3365 2034 terras
3406 1994 3540 2050 ope-

1933 2065 2038 2132 rit,
2099 2077 2158 2122 ut
2209 2068 2378 2128 multo
2429 2068 2722 2138 prolixiora
2771 2068 2879 2124 sint
2928 2072 3106 2126 noctis
3157 2071 3327 2143 spatia
3375 2087 3538 2142 quam

1930 2158 2060 2215 diei.
2115 2157 2249 2216 Hinc
2300 2161 2472 2217 oritur
2521 2178 2722 2230 causa,
2773 2174 2832 2217 ut
2879 2163 3138 2234 hybernis
3186 2164 3405 2219 natibus
3450 2162 3538 2220 ni-

1932 2253 2035 2310 mia
2070 2254 2150 2310 vis
2184 2253 2427 2324 nivium,
2463 2257 2874 2327 pluviarumque
2906 2258 3182 2314 fundatur.
3225 2259 3361 2315 Cum
3402 2274 3537 2315 vero

1932 2363 1997 2402 ex
2041 2348 2356 2404 meridianis
2395 2349 2666 2405 decedens
2702 2349 2947 2418 partibus
2993 2365 3159 2422 supra
3209 2360 3408 2406 terram
3451 2365 3541 2407 re-

1933 2438 2048 2510 dit,
2103 2443 2277 2496 noctis
2317 2457 2380 2496 ac
2420 2441 2526 2497 dici
2564 2451 2812 2514 extequat
2851 2452 3136 2512 tempora:
3179 2452 3233 2498 et
3275 2456 3382 2513 quo
3423 2457 3538 2496 ma-

1932 2535 2016 2604 gis
2072 2550 2255 2591 moras
2307 2533 2422 2592 Suis
2481 2533 2728 2608 adiungit
2781 2537 3075 2605 cursibus,
3135 2550 3202 2591 eo
3277 2533 3536 2606 paulatim

1934 2625 2252 2697 temperiem
2303 2627 2446 2684 aeris
2497 2627 2654 2699 hujus
2701 2628 2943 2696 reducit,
2999 2638 3054 2685 et
3103 2639 3324 2684 revocat
3371 2643 3533 2683 aura-

1933 2733 2052 2774 rum
2101 2719 2486 2788 clementiam,
2533 2736 2655 2793 quae
2701 2719 2893 2776 f'm'ens
2937 2722 3159 2788 omnia,
3206 2721 3541 2792 repetendos

1935 2813 2076 2884 cogit
2126 2811 2180 2869 in
2236 2823 2460 2885 partus,
2512 2826 2569 2870 ut
2619 2821 2764 2871 terra
2816 2815 3121 2886 germinet,
3178 2831 3242 2872 ac
3293 2815 3538 2871 resoluta

1935 2907 2102 2962 sulcis
2153 2910 2360 2965 semina
2413 2909 2779 2978 reviviscunt,
2833 2912 3101 2967 virescant
3153 2912 3415 2978 arbores,
3470 2911 3536 2966 ad

1937 3001 2354 3072 perpetuitatem
2408 3018 2624 3072 quoque
2670 3003 3030 3059 conservandi
3078 3005 3296 3074 generis
3345 3019 3542 3085 eorum

1937 3109 2057 3165 qute
2100 3095 2188 3150 vel
2236 3096 2289 3150 in
2338 3097 2500 3151 terris
2551 3105 2720 3164 sunt,
2775 3097 2856 3152 vel
2909 3099 3060 3168 aquis
3114 3098 3388 3169 gaudent,
3442 3113 3540 3154 au-

237 3181 480 3254 Deniqne
533 3183 763 3254 impiger
810 3179 1071 3252 depresso
1127 3191 1310 3234 aratro
1393 3191 1589 3259 terram
1641 3176 1836 3232 scindit
1864 3179 1910 3244 C
1942 3187 2062 3242 nuis
2103 3185 2300 3242 fetibus
2338 3190 2615 3244 successio
2654 3197 3005 3260 propagetur.
3047 3186 3147 3244 Ast
3187 3190 3276 3244 ubi
3328 3190 3392 3243 ad
3438 3205 3542 3246 ms-

149 3302 154 3306 -
236 3274 511 3344 agricola,
573 3273 748 3327 nudus
807 3284 969 3341 arat,
1033 3271 1208 3328 nudus
1261 3269 1432 3336 serit,
1491 3268 1668 3325 nudus
1721 3268 1835 3325 sole

236 3367 473 3422 fervente
529 3377 550 3405 ε
612 3375 783 3421 tostas
837 3375 973 3422 testu
1029 3365 1082 3421 in
1138 3379 1267 3420 area
1326 3363 1450 3420 terit
1505 3363 1726 3436 fruges:
1779 3369 1836 3420 et

235 3464 536 3530 negotiator
595 3459 882 3528 impatiens
946 3457 1201 3516 flantibus
1263 3455 1413 3512 euris
1477 3457 1650 3512 intnto
1716 3457 1834 3527 ple-

236 3568 460 3628 rumque
514 3553 729 3624 navigio
781 3553 957 3609 sulcat
1007 3567 1175 3607 mare.
1234 3550 1391 3608 Unde
1448 3550 1830 3621 importunita-

243 3657 346 3704 tem
381 3663 566 3703 eorum
592 3689 609 3716 ,
654 3648 1120 3717 temeritatemque
1162 3646 1534 3702 condemnans
1564 3650 1830 3720 propheta

241 3743 346 3797 ait:
389 3740 682 3812 Erubesce,
733 3741 942 3808 Sidon;
992 3743 1123 3797 dixit
1169 3741 1494 3814 mare(Esa.
1547 3759 1713 3808 mu,
1744 3743 1829 3816 ι),

243 3837 341 3892 hoc
391 3846 511 3903 est,
565 3835 613 3891 si
665 3836 901 3908 pericula
957 3851 1054 3891 vos
1111 3851 1218 3891 non
1271 3847 1533 3903 movent,
1589 3837 1674 3892 vel
1735 3853 1831 3908 pu-

242 3927 337 3982 dor
381 3929 749 3998 comprimat,
802 3928 1126 3983 verecundia
1170 3928 1483 3983 confundat.
1534 3928 1828 3997 Erubesce,

247 4019 436 4085 Sidon,
486 4020 538 4074 in
589 4035 691 4094 qua
739 4021 921 4074 nullus
973 4021 1158 4074 virtuti
1210 4020 1398 4087 locus,
1447 4021 1595 4076 nulla
1640 4022 1832 4076 salutis

245 4128 405 4180 cura,
461 4111 608 4166 nulla
665 4112 921 4182 juventus
981 4129 1078 4184 pro
1133 4114 1378 4168 excubiis
1439 4115 1628 4183 patria:
1684 4113 1833 4170 bello

245 4206 456 4273 dedita,
507 4204 780 4277 armisque
826 4208 1102 4275 exercita,
1153 4206 1248 4262 sed
1297 4208 1476 4263 omnis
1524 4207 1832 4264 sollicitudo

246 4299 311 4357 de
359 4312 602 4371 qumstu,
652 4317 814 4356 omne
881 4300 1121 4356 studium
1193 4311 1536 4356 mercatum.
1611 4299 1828 4370 Semen,

247 4397 445 4467 inquit,
501 4406 840 4453 mercatorum
891 4398 1021 4452 sicut
1069 4398 1248 4453 messis
1295 4394 1504 4468 (1ὺίά.,
1553 4395 1647 4466 '5).
1701 4396 1831 4465 Qua)

248 4501 417 4544 autem
461 4506 669 4546 merces
720 4489 924 4544 homini
971 4487 1318 4558 Christiano,
1371 4491 1414 4544 si
1465 4505 1572 4546 non
1621 4506 1686 4546 ex
1738 4506 1832 4545 vo-

1941 3279 2076 3334 tivas
2151 3280 2539 3335 conversiones
2598 3277 2649 3335 in
2731 3280 3166 3350 Septentrionem
3225 3296 3284 3338 se
3364 3282 3544 3339 subri-

1935 3373 2054 3444 git,
2112 3373 2282 3444 spatia
2337 3372 2528 3428 diurna
2583 3372 2874 3444 producit,
2929 3380 3119 3428 noctes
3174 3389 3303 3430 vero
3360 3383 3541 3432 arctat

1937 3478 1990 3521 et
2042 3466 2312 3537 astringit.
2366 3467 2548 3538 Itaque
2599 3482 2705 3538 quo
2761 3467 2931 3540 magis
2997 3477 3096 3524 u~u
3153 3470 3372 3525 assiduo
3421 3470 3537 3529 aeri

1935 3557 2061 3615 huic
2133 3561 2419 3628 copulatur
2485 3571 2648 3632 atque
2722 3563 3006 3629 miscetur,
3073 3579 3139 3620 eo
3190 3565 3424 3637 amplius
3483 3578 3540 3623 et

1934 3652 2111 3723 ipsum
2161 3669 2344 3708 aerem
2401 3663 2661 3724 vaporat,
2718 3665 2773 3710 et
2823 3665 3093 3712 terrarum
3141 3659 3374 3714 exsii-cat
3428 3660 3536 3714 hu-

1934 3761 2143 3801 morem
2173 3787 2186 3810 ,
2233 3745 2546 3802 adolescere
2593 3747 2720 3803 facit
2763 3748 3009 3815 semina,
3057 3759 3112 3805 et
3153 3759 3426 3822 tamquam
3481 3753 3535 3809 lu

1933 3853 2123 3894 succos
2172 3840 2356 3894 viriles
2411 3849 2779 3897 maturescere
2832 3857 2990 3913 poma
3042 3843 3325 3900 silvarum.
3378 3843 3538 3902 Tunc

1932 3930 2055 4002 quia
2099 3929 2415 4002 flagrantior
2449 3941 2569 3999 est,
2615 3933 2856 3988 minores
2899 3935 3118 3989 umbras
3160 3935 3289 3990 facit
3330 3937 3382 3990 in
3423 3951 3540 3992 me-

1933 4022 2181 4089 ridiano,
2234 4021 2487 4090 quoniam
2539 4038 2606 4078 ex
2656 4025 2768 4079 alto
2821 4023 2966 4080 hunc
3017 4025 3282 4080 illuminat
3330 4026 3531 4081 locum.

2003 4114 2092 4169 22.
2153 4114 2304 4171 Unde
2357 4125 2410 4171 et
2462 4115 2744 4188 Synagoga
2789 4117 2922 4172 dicit
2977 4116 3028 4171 in
3075 4116 3315 4175 Canticis
3361 4121 3536 4176 canui.

1933 4225 2160 4265 corum:
2218 4210 2483 4265 Annuntia
2541 4210 2668 4266 mihi
2718 4227 2866 4282 quem
2920 4214 3102 4270 dilexit
3157 4217 3330 4271 animo
3385 4233 3535 4287 meo,

1934 4302 2021 4357 ubi
2063 4305 2265 4376 pascis,
2307 4303 2392 4357 ubi
2437 4321 2612 4360 manes
2654 4305 2708 4360 in
2752 4305 3077 4375 meridiano,
3129 4326 3193 4364 ne
3233 4314 3368 4383 forte
3412 4313 3534 4380 ﬁant

1933 4398 2321 4454 circumamicta
2362 4415 2520 4470 super
2561 4417 2740 4474 greges
2785 4402 3046 4457 sodalium
3099 4413 3302 4459 tuorum
3351 4403 3527 4480 (Cant.

1933 4505 1986 4557 1,
2039 4491 2134 4562 6),
2190 4489 2293 4548 hoc
2343 4501 2462 4548 est:
2515 4494 2793 4550 Annnntia
2847 4495 3016 4562 tuihl,
3067 4495 3320 4565 Christe,
3373 4516 3535 4570 qurm

247 4583 484 4649 luntate,
536 4584 646 4640 sed'
684 4600 749 4639 ex
802 4585 1123 4641 necessitate
1174 4599 1337 4640 curas
1384 4601 1512 4640 snas
1560 4596 1613 4641 et
1665 4601 1828 4654 opera
1857 4582 2124 4644 Ddileait
2169 4583 2344 4639 anima
2393 4600 2536 4640 utea.
2585 4584 2696 4641 Cur
2743 4602 2850 4641 non
2895 4590 3076 4658 potius
3117 4607 3276 4660 quem
3325 4591 3538 4663 diligit?

248 4674 557 4747 componit?
619 4671 720 4733 Ubi
787 4676 932 4732 enim
983 4674 1011 4713 ά
1058 4675 1274 4734 decreta
1344 4679 1688 4746 necessitas,
1756 4677 1831 4735 ibi

252 4767 555 4824 inhonorata
619 4767 902 4824 industria.

875 4904 1107 4964 CAPUT
1137 4904 1203 4962 ν.

255 5041 601 5101 Luminarium
622 5047 880 5103 vicinitate
898 5045 976 5103 vel
997 5047 1276 5104 remotione
1295 5061 1494 5102 annuas
1514 5055 1836 5117 tempestates

321 5139 518 5210 deﬁniri
547 5156 565 5196 :
593 5143 728 5212 quod
758 5137 966 5198 Christo
989 5185 1004 5211 ,
1039 5143 1330 5218 Synogogte
1356 5184 1372 5208 ,
1403 5151 1556 5213 atque
1587 5137 1836 5197 Ecclesia

322 5238 746 5290 accommodatur.
789 5233 894 5290 Cur
930 5237 1125 5291 umbra;
1162 5236 1384 5308 majores
1421 5235 1476 5291 in
1515 5234 1693 5307 hyeme
1715 5275 1730 5303 ,
1779 5235 1834 5290 in

325 5383 349 5412 ι
382 5372 452 5426 lta
485 5371 724 5428 melici-is
754 5383 896 5428 notae
935 5388 1066 5427 mss.
1098 5372 1352 5444 Plerique
1372 5381 1558 5444 tamen
1599 5381 1653 5426 et
1693 5369 1828 5428 edit.

261 5459 465 5502 omnes:
509 5443 568 5501 Si
615 5447 687 5499 ita
734 5457 885 5500 nutus
931 5454 1041 5506 est,
1092 5454 1150 5498 ut
1194 5445 1242 5498 ei
1263 5442 1474 5497 divitia
1515 5454 1670 5513 atque
1710 5455 1834 5509 opes

263 5518 498 5587 afﬂuant,
541 5528 595 5571 ut
635 5518 727 5570 sibi
767 5526 1073 5588 spontaneos
1110 5515 1309 5570 reditus
1351 5515 1461 5570 sine
1496 5517 1605 5568 ullo
1646 5513 1840 5569 semine

264 5599 397 5701 atque
425 5600 575 5658 Opere
600 5598 736 5642 terra
767 5588 1042 5653 parturiat.

383 5660 532 5701 Suria
607 5673 701 5701 sine
732 5659 999 5701 vinarium

383 5654 533 5716 Seria
555 5703 571 5724 ,
607 5673 701 5714 vas
732 5659 999 5714 vinarium
1023 5701 1038 5719 .
1069 5658 1360 5729 oblongum
1385 5700 1400 5722 ,
1431 5654 1621 5713 ﬁctile.

277 5786 288 5791 -
331 5743 352 5792 9
387 5731 483 5788 Ms.
507 5730 658 5797 Car.:
692 5740 849 5786 tostas
877 5739 1050 5786 testate
1071 5731 1129 5785 in
1154 5727 1278 5788 areu
1298 5729 1411 5785 terit
1437 5729 1635 5800 fruges.
1663 5727 1834 5784 Edita

267 5810 404 5862 tostas
427 5813 601 5861 testate
629 5802 822 5876 colligit
851 5805 1043 5874 fruges.

1937 4674 2047 4732 Sed
2103 4678 2388 4749 Synagoga
2442 4677 2655 4746 dilexit,
2711 4675 2959 4736 Ecclesia
2993 4682 3206 4753 diligit,
3261 4701 3362 4741 nec
3421 4703 3538 4741 uin-

1936 4783 2096 4840 quam
2145 4768 2290 4824 circa
2339 4767 2613 4824 Christum
2659 4785 2817 4825 suum
2863 4779 3037 4827 mutat
3085 4773 3358 4830 “foetum.
3397 4775 3532 4846 Ubi,

1937 4861 2148 4932 inquit,
2197 4863 2404 4930 pascis,
2457 4863 2562 4920 ubi.
2593 4881 2770 4920 manes
2814 4866 2868 4921 in
2912 4868 3218 4927 meridiano.
3270 4870 3435 4942 Sequi
3483 4882 3537 4929 te

1936 4957 2099 5028 cupio
2128 4955 2282 5026 quasi
2312 4957 2560 5024 alumna,
2599 4955 2621 4996 ΐ
2654 4972 2773 5029 quae
2803 4959 2960 5030 quasi
2995 4962 3248 5032 copulata
3288 4973 3413 5018 ante
3451 4979 3540 5020 reo-

1939 5050 2175 5105 tinebam
2209 5091 2224 5116 ,
2295 5057 2350 5104 et
2405 5062 2601 5122 greges
2661 5058 2785 5106 tuos
2839 5067 3135 5123 qumrcre,
3195 5035 3318 5124 quia
3379 5057 3537 5112 amisi

1937 5155 2108 5197 meos.
2159 5141 2214 5196 In
2263 5141 2566 5198 meridiano
2617 5141 2834 5213 pascis,
2889 5143 2993 5200 hoc
3044 5157 3127 5200 est
3177 5145 3230 5199 in
3285 5143 3540 5201 Ecclesia

1936 5235 2092 5304 loco,
2140 5235 2231 5292 ubi
2271 5237 2485 5307 justitia
2524 5236 2879 5308 reSplendet,
2928 5237 3020 5293 ubi
3066 5237 3232 5305 fulget
3274 5235 3540 5304 judicium

2014 5371 2041 5411 ά
2080 5373 2327 5446 Quinque
2358 5391 2487 5431 mss.
2522 5386 2577 5432 et
2606 5389 2796 5431 omnes
2828 5375 2981 5430 edit.:
3015 5375 3208 5426 directa
3231 5374 3538 5446 neretsilas.

2017 5455 2042 5486 ε
2079 5440 2269 5510 (Ξειτηξ,
2289 5447 2418 5502 Ben.
2447 5458 2500 5502 et
2525 5447 2616 5502 alii
2641 5447 2903 5510 nonnulli,
2931 5447 3040 5498 dies
3061 5440 3243 5510 procul
3265 5443 3409 5495 nobis
3441 5457 3535 5504 est.

2019 5516 2040 5556 ΐ
2082 5516 2206 5572 Vel.
2237 5519 2367 5574 edit.
2400 5535 2521 5573 cum
2555 5515 2741 5588 paucis
2771 5529 2928 5569 coss.-
2960 5525 3076 5578 qme
3111 5511 3261 5578 quasi
3289 5517 3540 5588 copulata

1945 5599 2063 5663 ante
2090 5591 2365 5644 retinebar.
2394 5585 2771 5663 ⁸[ζιιὶιιζῐὶοιιιη
2804 5599 2952 5655 quem
2996 5622 3010 5634 .
3057 5619 3071 5634 .
3118 5617 3132 5632 .
3178 5619 3191 5631 .
3235 5585 3542 5663 retinebam.

1943 5659 2071 5715 Mss.
2126 5671 2250 5716 octo
2303 5658 2543 5716 melioris
2600 5665 2778 5718 notas,
2817 5654 2950 5722 qua
2989 5690 3002 5704 .
3052 5687 3066 5704 .
3112 5689 3127 5705 .
3173 5686 3188 5704 .
3230 5654 3544 5717 retinebant.

1949 5729 2130 5799 Unus,
2169 5745 2287 5802 qua
2324 5771 2339 5785 .
2384 5770 2399 5784 .
2447 5769 2459 5783 .
2503 5767 2518 5783 .
2559 5727 2819 5782 retineret.
