4222 6364
604 316 709 376 199

1986 316 2233 376 SANCTI
2274 316 2603 378 AMBROSII

3793 328 3903 386 9.00

601 436 743 492 sicut
782 434 1069 502 meridies,
1099 432 1188 490 ubi
1245 434 1435 492 umbra
1482 447 1591 490 non
1644 433 1924 502 cernitur,
1960 435 2052 491 ubi
2094 452 2209 492 ma-
2240 447 2290 508 Α
2318 448 2505 492 contra
2547 434 2904 492 meridianam
2945 435 3158 510 plagam
3200 438 3536 507 contendas,
3566 440 3754 497 medio
3797 442 3918 507 die;

596 529 748 601 jores
796 537 922 584 sunt
970 528 1124 595 dies,
1180 527 1323 599 quod
1378 527 1460 582 eis
1517 526 1595 582 sol
1649 526 1873 596 justitie
1934 538 2209 598 tamquam

602 624 809 681 aestivis
856 623 1133 679 mensibus
1173 622 1379 678 diutius
1424 622 1763 678 immoretur.
1808 623 2052 692 Denique
2095 622 2211 679 dies

602 715 821 773 Domini
869 732 976 770 non
1027 723 1115 771 est
1161 714 1364 781 brevis,
1397 714 1492 771 sed
1543 730 1812 785 magnus;
1862 716 1991 785 quia
2040 715 2212 786 scrip-

600 821 712 868 tum
754 822 871 867 est:
915 809 1093 867 Donec
1136 810 1305 865 veniat
1347 809 1456 865 dies
1512 807 1720 863 Domini
1768 826 1987 881 magnus
2026 808 2206 882 (Joel.

602 923 679 974 ιι,
724 907 842 977 3i).
885 905 1042 962 Unde
1079 915 1135 961 et
1180 905 1351 962 Jacob
1391 905 1501 961 ait:
1546 905 1735 961 Omnes
1773 907 1883 962 dies
1927 907 2046 962 vitw
2083 923 2212 962 mea:

602 1016 731 1072 quos
777 1017 911 1071 ago,
958 1000 1130 1055 breves
1173 1010 1221 1056 et
1271 1000 1489 1072 maligni
1529 998 1701 1072 (Gen.
1740 1015 1931 1068 vatt,
1975 1000 2067 1071 9).
2113 1000 2213 1056 Est

599 1095 746 1152 enim
793 1094 1030 1166 maligna
1071 1094 1163 1149 lux
1207 1093 1393 1149 dubia.
1438 1092 1584 1166 Ergo
1628 1094 1745 1150 dies
1793 1094 1987 1151 breves
2030 1094 2210 1152 dubia:

604 1189 739 1245 lucis
790 1197 958 1255 sunt,
1010 1198 1065 1243 et
1109 1186 1395 1243 umbrosi:
1452 1186 1570 1242 dies
1613 1186 1792 1258 magni
1846 1189 1965 1243 sine
2019 1189 2208 1245 mnbra

602 1292 762 1349 sunt,
816 1292 878 1338 ut
921 1281 1135 1352 plurimi
1185 1280 1239 1336 in
1290 1279 1562 1351 aliquibus
1607 1279 1746 1336 locis
1789 1279 2209 1337 ferventioribns

602 1392 731 1444 usu,
766 1376 1129 1446 exemploque
1166 1381 1561 1446 cognoverunt.
1602 1371 1887 1445 Synagoga
1930 1374 2113 1442 itaque
2152 1373 2205 1428 in

596 1469 791 1525 diebus
831 1467 1089 1524 brevibus
1128 1474 1184 1523 et
1224 1466 1509 1538 malignis,
1542 1465 1699 1536 cujus
1739 1477 1923 1538 typum
1969 1467 2208 1537 plerum-

600 1578 707 1634 que
756 1558 926 1617 Jacob
974 1561 1027 1615 in
1086 1574 1320 1630 persona
1372 1574 1468 1613 sua
1526 1557 1824 1629 exprimit,
1882 1557 1964 1612 vel
2025 1557 2207 1627 pepuli

599 1654 721 1728 ejus
763 1653 1010 1709 umbram
1059 1652 1296 1708 habebat
1342 1650 1669 1721 plurimam,
1716 1666 1838 1722 qua:
1884 1650 2054 1706 solem
2091 1652 2207 1721 jus-

599 1748 734 1803 titite
787 1762 893 1802 non
940 1744 1198 1815 videbat,
1250 1752 1307 1801 et
1349 1743 1566 1799 videbat
1619 1743 1771 1798 illum
1822 1758 1932 1799 non
1976 1760 2041 1799 ex
2094 1744 2205 1797 alto

2312 530 2361 586 si
2409 539 2598 587 contra
2647 530 3035 597 Occidentem,
3086 531 3138 586 in
3172 547 3370 588 occasu
3416 533 3548 589 diei.
3602 532 3681 589 Ex
3746 534 3925 591 tribus

2312 626 2475 697 igitur
2506 626 2747 695 partibus
2775 627 2832 681 fit
2859 626 2953 683 tibi
2983 626 3063 682 sol
3093 626 3311 688 obvius.
3342 643 3409 685 ex
3436 627 3679 698 Oriente,
3716 645 3782 685 ex
3814 629 3928 687 Me-

2312 721 2547 789 ridiano,
2564 736 2629 777 ex
2652 720 2965 778 Occidente.
2994 720 3149 778 Mane
3176 732 3231 778 et
3257 738 3383 778 sero
3415 732 3542 794 post
3574 733 3783 794 tergum
3809 734 3920 792 est,

2312 814 2538 869 meridie
2565 830 2783 886 quoque
2822 830 2853 870 a
2884 815 3059 871 latere
3091 831 3108 872 :
3152 826 3208 871 at
3252 831 3386 873 vero
3427 833 3455 870 a
3525 816 3921 889 Septentrione

2312 924 2604 975 numquam
2634 918 2718 964 est
2736 908 2838 973 sol.
2868 917 2924 964 et
2946 908 3069 965 ideo
3094 908 3284 964 umbra
3314 906 3341 946 ά
3387 910 3433 965 si
3457 919 3649 965 contra
3683 911 3920 981 Septen-

2312 1000 2541 1056 trionem
2571 1000 2799 1074 dirigas,
2831 1004 2950 1057 sive
2978 1018 3157 1064 mane,
3192 1002 3307 1057 sive
3338 1016 3480 1067 sero,
3516 1003 3634 1059 sive
3662 1003 3917 1072 meridie,

2310 1108 2418 1149 non
2449 1100 2633 1164 potest
2665 1108 2789 1150 esse
2830 1106 2949 1165 post
2982 1104 3214 1167 tergum.
3247 1094 3362 1152 Soli
3391 1104 3519 1151 sunt
3549 1095 3692 1152 enim
3727 1098 3781 1153 in
3815 1096 3921 1154 hoc

2310 1201 2468 1256 quem
2498 1200 2599 1241 nos
2631 1186 2918 1243 incolimus
2944 1187 3077 1243 orbe
3104 1196 3375 1243 terrarum
3406 1188 3548 1244 circa
3576 1189 3597 1211 °
3623 1189 3904 1248 Meridiem

2313 1279 2473 1350 positi
2494 1321 2509 1344 ,
2547 1280 2639 1350 qui
2665 1281 2717 1337 in
2750 1280 3058 1336 Anstralem
3105 1281 3314 1352 plagam
3347 1282 3639 1338 videantur
3666 1283 3917 1341 umbram

2310 1373 2703 1429 transmittere.
2742 1373 2857 1429 Hoc
2894 1385 3077 1429 autem
3109 1375 3228 1429 lieri
3268 1374 3467 1431 dicitur
3499 1392 3715 1431 summo
3749 1387 3912 1447 testu,

2308 1481 2431 1522 cum
2462 1467 2530 1523 ad
2566 1468 2886 1538 Aquilonem
2915 1469 2995 1522 sol
3029 1468 3233 1540 dirigit.
3260 1469 3458 1526 Postea
3486 1486 3587 1526 nos
3615 1484 3913 1530 autumnus

2308 1562 2619 1630 excipiens,
2650 1561 2897 1632 infringit
2927 1562 3143 1631 quidem
3179 1574 3410 1620 aestuum
3441 1566 3908 1637 magnitudinem:

2307 1652 2404 1709 sed
2432 1654 2707 1723 paulisper
2734 1654 2983 1710 relaxato
3011 1669 3075 1711 ac
3104 1655 3352 1727 deposito
3381 1657 3598 1723 calore,
3646 1675 3743 1730 per
3773 1668 3911 1717 tem-

2308 1744 2514 1815 periem
2560 1745 2723 1801 medii
2765 1749 3153 1803 moderaminis
3192 1750 3311 1806 sine
3358 1750 3547 1808 fraude
3598 1768 3700 1809 nos
3746 1763 3913 1828 atque

598 1854 763 1909 super
800 1847 963 1910 caput
999 1852 1159 1893 suum
1187 1878 1202 1904 ,
1259 1836 1356 1892 sed
1411 1851 1479 1892 ex
1532 1835 1839 1891 meridiano
1895 1834 2206 1891 illuminan-
2235 1850 2285 1911 Β
2311 1837 2420 1891 ulla
2449 1852 2588 1893 noxa
2617 1837 2835 1895 ﬂatibus
2865 1839 3030 1895 tradit
3057 1841 3421 1913 liyemalibus.

598 1942 745 1999 tem,
791 1931 1011 2003 quando
1061 1929 1141 1986 illi
1188 1930 1379 2002 ltyems
1428 1940 1566 1985 erat.
1614 1930 1873 1985 Ecclesiae
1903 1938 2083 1984 autem
2126 1929 2210 1984 di-

596 2026 779 2082 citur:
831 2023 1027 2097 Hyems
1070 2024 1236 2089 abiit,
1286 2023 1520 2077 discessit
1569 2022 1706 2090 sibi,
1763 2024 1917 2092 [lares
1958 2022 2065 2094 73
2114 2005 2208 2076 ita

596 2130 716 2177 sunt
755 2120 811 2175 in
851 2129 1020 2191 terra,
1046 2128 1245 2191 tempus
1284 2118 1463 2173 messis
1500 2116 1704 2171 advenit
1751 2114 1954 2188 (Canl.,
1985 2132 2057 2183 tt,
2094 2114 2204 2187 11).

596 2214 740 2272 Ante
781 2214 1072 2271 adventum
1116 2212 1322 2269 Christi
1368 2212 1560 2285 hyems
1610 2222 1768 2278 erat,
1825 2221 1949 2283 post
2003 2210 2208 2266 adven-

597 2319 714 2368 tum
765 2309 963 2366 Christi
1013 2308 1177 2364 ilores
1221 2317 1350 2363 sunt
1398 2305 1584 2374 veris,
1636 2315 1693 2361 et
1736 2305 1931 2360 messis
1977 2304 2201 2359 aestatis.

597 2405 679 2462 Ex
723 2404 1031 2461 meridiano
1070 2419 1201 2474 ergo
1240 2411 1297 2457 et
1337 2417 1402 2458 ex
1447 2400 1687 2472 gentium
1733 2399 2089 2456 conversione
2132 2399 2202 2454 il-

595 2497 708 2554 lum
754 2497 1150 2553 illuminantem
1191 2495 1383 2551 videns
1419 2494 1793 2550 obumbratur.
1832 2494 2072 2563 Pupulus
2100 2510 2202 2549 au-

598 2601 707 2649 tem
754 2592 999 2664 gentium
1043 2601 1071 2630 α
1108 2591 1200 2662 qui
1238 2598 1361 2653 erat
1402 2588 1740 2645 confusionis
1765 2630 1779 2655 ,
1838 2588 2069 2660 gentiles
2108 2587 2201 2659 qui

596 2686 862 2743 sedebant
916 2686 970 2741 in
1027 2685 1307 2749 tenebris,
1365 2683 1540 2739 lucem
1593 2682 1844 2737 viderunt
1896 2697 2147 2753 magnam
2180 2722 2195 2749 ,

590 2782 682 2854 qui
728 2780 992 2838 sedebant
1040 2780 1095 2835 in
1138 2778 1362 2849 regione
1403 2775 1611 2832 umbrtc
1661 2773 1893 2842 mortis,
1937 2773 2028 2829 lux
2077 2783 2195 2829 orta

591 2884 678 2932 est
723 2874 853 2930 illis.
910 2874 1101 2945 Magna
1148 2874 1236 2926 lux
1282 2870 1621 2937 divinitatis,
1670 2884 1836 2940 quam
1885 2867 2030 2922 nulla
2078 2883 2196 2922 um-

589 2968 688 3025 bra
733 2968 924 3025 mortis
972 2966 1286 3036 interpolat.
1331 2964 1568 3035 Ideoque
1609 2978 1678 3018 ex
1725 2962 1839 3017 alto
1887 2956 2190 3025 illuminat,

590 3062 718 3135 quia
769 3071 825 3118 et
878 3061 983 3117 hoc
1030 3059 1289 3131 scriptum
1337 3065 1458 3124 est,
1518 3056 1733 3110 dicente
1780 3052 2077 3109 Zacharia:
2125 3051 2193 3105 In

592 3156 777 3228 quibus
826 3154 1053 3210 uisitauit
1105 3169 1197 3208 nos
1245 3150 1415 3207 oriens
1462 3166 1525 3205 ea:
1576 3149 1725 3203 alto:
1776 3146 2076 3202 illuminare
2127 3144 2190 3199 iis

2382 1931 2475 1985 24.
2519 1931 2658 2001 Sint,
2686 1932 2881 2000 inquit,
2906 1935 3058 1988 etiant
3080 1935 3131 1989 in
3152 1935 3262 1989 dies
3308 1935 3425 1992 Non
3457 1945 3513 1992 ut
3543 1937 3743 1994 faciant
3769 1940 3911 2006 dies,

2309 2026 2404 2083 sed
2446 2033 2508 2081 ut
2544 2028 2598 2082 in
2629 2028 2710 2082 eis
2745 2027 2980 2085 habeant
3018 2028 3380 2101 principatum
3406 2072 3422 2099 ,
3471 2040 3533 2087 ut
3576 2043 3756 2089 ortum
3804 2035 3915 2092 diei

2312 2119 2565 2176 uberiore
2593 2120 2676 2176 sol
2706 2121 2977 2177 illuminet
3005 2123 3209 2193 gratia,
3237 2134 3292 2177 ut
3320 2138 3417 2193 per
3444 2133 3615 2180 totum
3647 2124 3791 2181 diem
3818 2128 3917 2185 dc-

2308 2211 2556 2283 signandi
2585 2212 2703 2282 ejus
2731 2212 2930 2268 habeat
2957 2222 3283 2283 potestatem
3312 2230 3509 2272 cursus
3536 2217 3619 2273 sui
3659 2235 3910 2277 munere.

2307 2302 2398 2360 Sic
2428 2305 2702 2371 accipiunt
2746 2306 2992 2362 nonnulli
3024 2306 3167 2379 quod
3196 2308 3274 2363 ait
3300 2308 3566 2379 prOpheta
3593 2329 3607 2366 :
3656 2310 3835 2368 Solent
3862 2316 3916 2368 in

2305 2408 2607 2472 potestatem
2641 2400 2777 2466 diei,
2819 2400 2994 2455 lunam
3030 2410 3077 2455 et
3105 2402 3283 2457 stellas
3327 2402 3383 2457 in
3422 2412 3723 2475 potestatem
3751 2407 3916 2462 noctis

2308 2489 2435 2565 (Ps.
2462 2507 2676 2559 cxxxv,
2710 2492 2800 2564 8).
2848 2492 3247 2550 Circumferqu
3277 2494 3423 2551 enim
3471 2496 3672 2554 lumen.
3717 2498 3827 2572 74
3856 2500 3913 2555 In

2303 2599 2477 2640 annos
2506 2602 2720 2658 quoque
2765 2587 2996 2643 ordinati
3038 2598 3167 2644 sunt
3209 2590 3291 2645 sol
3320 2601 3375 2646 et
3422 2591 3545 2647 lu‘na
3581 2610 3594 2647 :
3644 2593 3770 2649 luna
3816 2610 3914 2665 per

2305 2685 2579 2733 trecentos
2609 2678 2727 2734 dies
2769 2678 3035 2736 duodenis
3079 2680 3291 2737 vicibus
3333 2698 3492 2738 suum
3524 2700 3742 2739 cursum
3777 2702 3914 2743 con-

2303 2771 2530 2837 ficiens,
2587 2784 2929 2829 consummat
2977 2789 3215 2840 annum,
3262 2776 3562 2833 secundum
3616 2778 3908 2846 Hebraros,

2298 2864 2571 2936 aliquibus
2600 2866 2793 2922 diebus
2820 2866 3086 2937 adjectis;
3119 2868 3417 2924 secundum
3452 2869 3761 2938 Romanos,
3818 2870 3908 2927 bis

2297 2972 2451 3016 sexto
2472 2961 2644 3017 semel
2671 2961 2807 3016 intra
2825 2962 3252 3034 quinquennium
3277 2964 3435 3020 unius
3463 2964 3570 3021 diei
3597 2966 3909 3037 adjectioue

2295 3055 2591 3111 celebrato.
2641 3055 2955 3113 Solstitialis
3005 3073 3221 3128 quoque
3258 3074 3434 3113 annus
3484 3069 3601 3125 est,
3652 3075 3776 3115 enm
3820 3061 3906 3116 sol

2295 3149 2517 3220 expleto
2544 3166 2640 3221 per
2666 3150 2846 3206 omnia
2877 3152 3026 3223 signa
3057 3153 3288 3209 circuitu
3308 3195 3322 3219 ,
3355 3151 3408 3208 in
3438 3153 3489 3208 id
3522 3152 3665 3210 unde
3698 3155 3907 3225 princi-

584 3252 672 3322 qui
712 3250 767 3305 in
810 3248 1029 3303 tenebris
1067 3256 1115 3302 et
1159 3247 1215 3300 in
1256 3244 1438 3299 umbra
1480 3242 1661 3322 mortis
1710 3240 1888 3296 sedent
1933 3238 2104 3313 (Luc.
2139 3253 2186 3302 ι,
2216 3244 2261 3310 C
2297 3243 2444 3315 pium
2469 3260 2664 3300 cursus
2687 3245 2771 3301 sui
2797 3247 3050 3317 sumpsit.
3072 3247 3322 3303 recurrit.
3348 3246 3543 3305 Annua
3563 3247 3708 3305 enim
3730 3248 3903 3306 fertur

585 3316 656 3401 ἰε
684 3354 731 3400 et
758 3344 872 3415 79).
918 3342 1013 3397 Est
1057 3356 1191 3396 sane
1243 3351 1297 3395 et
1350 3338 1528 3409 aliqua
1584 3316 1777 3391 salutis
1830 3333 2025 3390 umbra
2075 3347 2181 3387 non

586 3437 823 3502 mortis,
881 3442 941 3490 ut
992 3442 1077 3489 est
1127 3432 1265 3488 illa:
1322 3430 1431 3487 Sub
1484 3430 1668 3485 umbra
1720 3428 1923 3482 alarum
1977 3435 2184 3480 tuarum

584 3539 794 3603 protege
842 3544 922 3583 nte
970 3527 1291 3600 (Ps.,xvt,
1336 3526 1434 3595 8).
1494 3522 1697 3580 Umbra
1749 3519 2004 3592 quidem,
2057 3517 2179 3589 quia

583 3620 835 3694 corporis
884 3627 1014 3676 est:
1074 3617 1306 3684 umbra,
1366 3616 1493 3686 quia
1549 3614 1772 3677 crucis,
1833 3610 1927 3667 sed
1988 3608 2180 3664 umbra

580 3715 814 3782 salutis;
866 3713 894 3753 δ
944 3712 1069 3785 quia
1117 3713 1173 3767 in
1222 3727 1286 3766 ea
1331 3717 1451 3765 erat
1498 3715 1844 3782 peccatorum
1889 3702 2177 3773 remissio,

581 3820 638 3869 et
682 3808 1029 3867 resuscitatio
1079 3814 1436 3861 mortuorum.

646 3905 739 3961 25.
796 3900 1118 3972 Exemplum
1169 3913 1299 3969 ergo
1356 3910 1644 3968 possumus
1697 3895 1980 3966 accipere;
2046 3891 2173 3964 quia

576 4000 856 4075 hyemales
882 3999 1000 4054 dies
1027 3997 1222 4051 breves
1241 4033 1256 4061 ,
1287 3993 1384 4048 sed
1415 3992 1636 4047 umbras
1660 3990 1895 4061 majores
1926 3988 2171 4078 habenti

574 4094 755 4152 aestivi
802 4092 921 4149 dies
963 4089 1233 4161 majores,
1263 4086 1359 4142 sed
1406 4086 1627 4142 umbras
1671 4086 1912 4141 minores
1943 4083 2167 4139 habent.

575 4185 754 4244 Medio
780 4197 998 4256 quoque
1025 4181 1114 4237 die
1150 4179 1327 4236 minor
1357 4178 1544 4235 umbra
1571 4220 1585 4245 ,
1618 4194 1780 4251 quam
1810 4178 1892 4233 vel
1939 4177 1992 4232 in
2022 4176 2173 4247 prin-

574 4278 721 4350 cipio
750 4287 835 4333 est
880 4274 987 4330 dici
1030 4273 1114 4347 vel
1147 4272 1291 4329 fine:
1331 4281 1387 4327 et
1429 4271 1534 4327 hoc
1580 4270 1721 4343 apud
1769 4285 1869 4325 nos
1920 4270 1972 4324 in
2018 4278 2173 4340 parte

572 4370 907 4431 Occidentis.
934 4380 956 4407 ο
989 4368 1257 4424 Caeterum
1281 4380 1408 4421 sunt
1431 4366 1521 4436 qui
1550 4379 1647 4436 per
1677 4364 1817 4419 duos
1844 4363 2011 4419 totius
2039 4362 2169 4417 anni

570 4468 691 4526 dies
735 4468 855 4525 sine
884 4465 1076 4522 umbra
1103 4466 1304 4521 fuerint
1350 4464 1402 4518 in
1436 4461 1684 4534 partibus
1713 4459 2063 4527 meridianis,
2100 4472 2169 4515 eo

566 4560 713 4633 quod
738 4560 1003 4616 habentes
1029 4572 1193 4626 super
1213 4556 1471 4611 verticem
1505 4568 1661 4609 suum
1690 4553 1895 4620 solem,
1926 4551 2169 4621 undique

2287 3339 2338 3395 ei
2370 3341 2535 3397 totius
2562 3340 2727 3413 spatii
2754 3357 2879 3399 esse
2911 3342 3239 3413 perfunctio.

2910 3475 3143 3533 CAPUT
3188 3477 3277 3533 Vl.

2286 3592 2431 3649 Solis
2460 3609 2523 3647 ac
2553 3591 2692 3648 luna:
2714 3593 3016 3664 magnitudo
3042 3591 3163 3646 hinc
3197 3592 3463 3664 probatur,
3489 3593 3628 3665 quod
3659 3594 3902 3653 omnibus

2351 3688 2529 3742 eadem
2557 3697 2828 3761 appareat.
2877 3686 3113 3742 Solvitur
3141 3688 3359 3754 objectio
3394 3698 3441 3743 et
3481 3688 3547 3743 de
3576 3699 3900 3747 remotorum

2352 3792 2566 3851 aspectu
2604 3780 2819 3852 pulchre
2861 3779 3157 3851 disputatur
3183 3795 3202 3834 :
3243 3788 3350 3834 tum
3381 3790 3579 3836 asserta
3606 3781 3732 3837 solis
3774 3800 3892 3836 ma-

2351 3876 2649 3949 gnitudine,
2689 3874 2925 3930 nonnihil
2954 3873 3017 3930 de
3045 3883 3447 3947 temperamento
3475 3874 3709 3945 eiusdem
3744 3878 3888 3947 adji-

2352 3971 2505 4025 citur.

2346 4085 2441 4142 25.
2483 4083 2637 4141 Fecit
2675 4098 2806 4156 ergo
2834 4083 2977 4139 Deus
3021 4079 3139 4139 haec
3173 4081 3283 4138 duo
3326 4080 3617 4138 luminaria
3661 4098 3880 4154 magna.

2279 4180 2573 4236 Possumus
2601 4178 2852 4249 accipere
2896 4191 3003 4232 non
3038 4185 3142 4231 tam
3198 4173 3426 4232 aliorum
3474 4180 3886 4248 comparatione

2277 4289 2468 4344 magna
2491 4314 2505 4339 ,
2547 4286 2710 4343 quam
2744 4283 2843 4326 suo
2873 4286 3127 4336 nnmcre,
3171 4279 3231 4325 ut
3256 4280 3339 4327 est
3374 4270 3572 4328 caelum
3599 4287 3876 4343 magnum,

2275 4374 2330 4422 et
2358 4381 2506 4420 tnare
2530 4379 2804 4435 magnum.
2838 4361 2973 4419 Nam
2999 4371 3055 4419 et
3096 4378 3320 4435 magnus
3347 4364 3465 4432 sol,
3508 4365 3597 4435 qtti
3640 4366 3884 4437 complet

2274 4459 2462 4515 orbem
2498 4466 2761 4513 terrarum
2803 4471 2904 4512 suo
2948 4456 3162 4525 calore,
3198 4457 3282 4513 vel
3330 4457 3456 4513 luna
3502 4472 3601 4513 suo
3647 4459 3876 4527 lumine,

2274 4567 2375 4608 nec
2404 4552 2581 4607 solum
2629 4559 2832 4619 terras,
2880 4549 2974 4606 sed
3000 4550 3164 4606 etiam
3205 4566 3387 4607 aerem
3435 4551 3577 4606 hunc
3605 4560 3661 4607 et
3702 4568 3876 4621 mare,

570 4669 668 4726 per
719 4651 1007 4709 circuitum
1040 4649 1440 4711 illuminenlur,
1495 4646 1640 4703 unde
1690 4644 1864 4703 ἄσκιοι
1913 4645 2168 4699 dicuntur
2197 4646 2505 4719 Dcwlique
2551 4642 2767 4698 faciem.
2815 4643 2946 4709 Quin
2978 4643 3030 4698 in
3078 4658 3418 4715 quacumque
3468 4652 3623 4716 parte
3674 4644 3880 4701 fuerint

567 4746 780 4805 Griece.
827 4746 1079 4819 Plerique
1121 4745 1284 4801 etiam
1318 4742 1499 4799 ferunt
1533 4742 1612 4796 sic
1645 4756 1675 4797 e
1704 4740 1926 4811 regione
1956 4754 2025 4795 ex
2055 4739 2164 4793 alto

566 4839 686 4896 ﬂeri
714 4838 912 4904 solem,
942 4846 1000 4893 ut
1042 4851 1136 4908 per
1161 4843 1390 4907 angusta
1424 4846 1709 4906 puteorum
1742 4847 1933 4903 aquam
1957 4846 2075 4900 quae
2106 4829 2161 4886 in

564 4931 834 5005 prolundo
867 4940 981 4997 est,
1011 4930 1249 4987 viderint
1277 4928 1565 4998 refulgere.
1601 4926 1733 4981 Esse
1759 4934 1940 4980 autem
1970 4924 2160 4979 dicun-

560 5035 649 5084 tur
695 5027 749 5082 in
780 5024 1085 5083 meridiano
1134 5022 1226 5093 qui
1265 5025 1529 5097 ἀμφίσκιοι
1577 5028 1871 5087 vocantur,
1901 5032 1968 5073 eo
2012 5017 2156 5088 quod

557 5119 806 5178 umbram
826 5134 891 5174 ex
912 5129 1142 5189 utroque
1171 5116 1341 5171 latere
1360 5112 1752 5169 transmittant.
1783 5110 1985 5167 Umbra
2010 5111 2154 5165 enim

2272 4738 2432 4803 cmli,
2465 4728 2773 4791 illuminant
2816 4736 3028 4802 omnia,
3057 4744 3113 4792 et
3137 4751 3293 4806 teque
3324 4744 3638 4806 spectantur
3673 4753 3703 4792 a
3734 4754 3871 4793 eun-

2271 4833 2407 4897 etis;
2439 4840 2500 4885 ut
2538 4845 2602 4885 ea
2633 4840 2905 4899 tamquam
2939 4828 3053 4884 suis
3086 4839 3293 4884 tantum
3325 4830 3632 4900 regionibus
3676 4831 3875 4889 immo-

2269 4925 2403 4994 rari,
2434 4933 2491 4980 et
2520 4924 2624 4981 sibi
2664 4930 2873 4979 tantum
2915 4922 3111 4979 adesse
3138 4933 3300 4995 atque
3333 4925 3518 4982 lucere
3545 4926 3743 4997 singuli
3774 4941 3872 4998 po.

2269 5019 2379 5090 puli
2430 5018 2685 5084 credant;
2725 5033 2847 5074 cum
2896 5018 3150 5075 similiter
3195 5020 3411 5075 luceant
3458 5022 3761 5087 universis,
3810 5031 3871 5077 ut

2267 5128 2427 5169 nemo
2453 5113 2535 5167 his
2556 5114 2862 5183 propiorem
2886 5111 3075 5173 alium,
3102 5128 3261 5181 quam
3287 5114 3402 5183 ipse
3423 5122 3526 5180 est,
3546 5113 3862 5169 arbitretur.

2264 5204 2591 5275 Exemplum
2622 5204 3009 5276 magnitudinis
3032 5220 3221 5261 eorum
3243 5204 3495 5273 evidens,
3521 5206 3665 5278 quod
3689 5207 3868 5262 omni-

554 5229 587 5271 e
623 5216 848 5285 regione
890 5211 1023 5269 solis
1061 5206 1466 5265 ambulantibus
1508 5214 1631 5277 post
1674 5214 1882 5275 tergum
1928 5210 2046 5268 est;
2095 5208 2156 5255 ut

2260 5299 2364 5357 bus
2392 5300 2706 5356 hominibus
2744 5297 2893 5355 orbis
2936 5299 3076 5355 luna:
3127 5299 3271 5356 idem
3316 5299 3551 5357 videtur.
3583 5298 3719 5356 Nam
3760 5301 3865 5357 etsi

550 5321 679 5383 puta
704 5310 752 5367 si
778 5318 968 5366 contra
991 5304 1273 5363 Orientem
1317 5316 1508 5375 pergas
1528 5343 1543 5370 ,
1572 5299 1854 5355 matutinis
1886 5296 2071 5364 boris;
2105 5300 2150 5352 si

2239 5438 2358 5482 sunt
2387 5427 2474 5493 qui
2496 5426 2683 5497 dicant
2710 5424 2849 5497 quod
2872 5441 2964 5497 per
2985 5426 3147 5497 duos.
3173 5434 3281 5482 elc.

2311 5497 2338 5535 ά
2380 5498 2456 5555 Ita
2487 5496 2623 5571 Rom
2650 5496 3091 5571 edit._cuu_i_tuss.
3111 5496 3254 5571 Υιιιη
3281 5499 3411 5554 Ben.
3440 5508 3495 5555 et
3521 5498 3707 5556 Germ.
3737 5498 3861 5571 qni-

2239 5569 2468 5627 buseum
2503 5569 2628 5627 facit
2674 5569 2839 5624 B-ISll.
2887 5567 3022 5623 Alia:
3068 5568 3202 5623 edit.
3247 5581 3303 5626 et
3349 5586 3515 5635 mss.,
3547 5567 3768 5627 umbraf
3790 5571 3855 5628 Si

2237 5654 2417 5697 contra
2452 5641 2868 5711 Septentrionem
2896 5682 2909 5695 .
2935 5682 2947 5695 .
2973 5680 2987 5695 .
3022 5658 3125 5695 non
3179 5652 3345 5709 potest
3373 5660 3481 5698 esse
3511 5655 3625 5714 post
3655 5655 3856 5714 tergum

2237 5716 2336 5788 sol.
2371 5714 2507 5788 Sunt
2542 5717 2679 5788 enim
2702 5757 2716 5779 ,
2738 5717 3138 5788 gete_._AtIamen
3170 5727 3355 5785 voces,
3387 5715 3466 5770 sol
3499 5725 3547 5770 et
3577 5716 3697 5786 soli,
3731 5717 3854 5788 qui-

2237 5784 2467 5842 busdam
2491 5786 2546 5841 in
2573 5786 2694 5842 cod.
2719 5784 3122 5841 desiderantur.

2313 5868 2335 5898 ο
2378 5857 2561 5917 Codex
2590 5858 2710 5915 Vat.
2742 5865 2798 5915 et
2827 5858 3024 5915 Basil.:
3055 5857 3195 5914 ultra
3221 5858 3469 5916 Arabiam
3499 5860 3677 5933 positi.

620 5447 647 5477 ⁸
683 5437 759 5495 Ita
791 5450 921 5492 mss.
968 5434 1082 5491 fere
1107 5432 1174 5488 ad
1211 5446 1397 5487 unum.
1433 5426 1562 5484 Ben.
1610 5435 1789 5481 tamen
1823 5423 2016 5479 liabet:
2046 5424 2135 5495 qui

542 5520 653 5566 erat
691 5512 745 5564 in
774 5507 1074 5579 confusione
1115 5503 1323 5579 gentili,
1349 5501 1453 5579 _qui
1495 5509 1540 5553 et
1568 5498 1775 5579 sedebat
1807 5499 1861 5579 in
1888 5498 2129 5579 tenebris.

539 5582 687 5639 Edit.
721 5569 882 5645 vero;
911 5581 997 5647 qui
1022 5569 1139 5633 erat"
1157 5572 1477 5647 confusionis
1506 5586 1564 5647 ac
1595 5570 1803 5642 gentilis
1834 5569 2133 5641 (omittunt

532 5654 780 5728 quedam
808 5641 1072 5728 Paris.“
1098 5641 1325 5728 gentilis)
1354 5644 1437 5725 qui
1467 5641 1694 5728 sedebat,
1730 5650 1837 5728 etc.

604 5725 633 5767 δ
674 5726 801 5783 Mss.
845 5724 1000 5780 multi
1049 5715 1119 5776 ac
1143 5722 1269 5776 boni
1296 5715 1313 5771 ς’
1341 5715 1465 5781 quia
1506 5716 1746 5768 intererat
1794 5724 2131 5786 peccatorum

531 5800 787 5858 remissio.
820 5796 925 5853 Alii
953 5810 1016 5850 ac
1048 5793 1181 5850 edit.
1212 5801 1269 5847 ut
1299 5790 1351 5845 in
1377 5798 1549 5845 textu.

604 5884 627 5915 ο
667 5871 815 5930 Edit.
838 5882 964 5927 cum
995 5881 1128 5924 mss.
1159 5863 1365 5935 aliquot
1406 5860 1624 5935 inﬁma:_
1651 5867 1795 5917 notae
1829 5875 1840 5914 :
1874 5856 2129 5917 Caeterum
