4150 6358
157 275 267 336 201
1498 300 2000 362 ιιΕΧΑΕΜΕιιυΝ.

154 390 450 497 interdum
475 410 756 474 augeatur
774 404 956 461 lumen
978 406 1273 481 ejusatque
1298 410 1595 482 minuatur,
1617 425 1795 474 tamen
1825 432 1874 492 Α
1905 421 2274 480 moderamine
2304 426 2627 495 conditoris,
2657 430 2745 497 qui
2788 444 2905 485 eam
2942 446 3249 488 mensuram
3289 428 3501 492 muneri

156 487 368 545 eadem
400 502 574 550 nocte
607 497 790 567 qualis
819 498 947 555 mihi
992 510 1247 571 apparet,
1281 505 1403 560 talis
1432 517 1485 561 et
1510 509 1797 577 onmibus;

158 594 295 636 nam
326 586 376 638 si
410 586 585 660 longe
631 591 830 661 positis
861 598 1038 649 minor
1079 595 1387 663 videretur,
1421 601 1641 669 pronius
1671 616 1802 657 con-

161 676 384 734 stitutis
414 682 605 752 major
634 684 954 755 refulgeret,
986 698 1043 744 et
1073 693 1328 760 proderet
1355 693 1723 765 angustiarum
1748 705 1804 751 et

165 770 505 842 exiguitatis
525 775 820 836 indicium.
850 782 1059 839 Etenim
1084 784 1291 856 reliqua
1318 784 1422 841 alia
1456 789 1613 858 longe
1641 789 1803 858 positi

170 865 400 923 tninora
428 870 808 941 arbitramur,
840 876 1061 946 propius
1093 891 1412 935 contuentes
1443 879 1648 951 majora
1688 894 1808 935 cre—

172 962 401 1030 dimus;
435 982 552 1036 quo
601 974 778 1041 magis
807 971 1069 1028 ﬁnitimus
1097 974 1265 1030 fueris
1290 1016 1306 1041 ,
1340 992 1407 1032 eo
1440 976 1535 1031 tibi
1570 975 1688 1046 ejus
1728 975 1809 1030 rei

175 1070 347 1126 quam
382 1059 609 1127 cernis,
657 1065 973 1133 magnitudo
1020 1067 1343 1123 cumulatur.
1395 1067 1540 1123 Solis
1569 1077 1594 1104 ⁸
1624 1067 1812 1123 radius

173 1150 317 1206 nulli
349 1156 606 1224 propior,
641 1158 784 1213 nulli
808 1160 1152 1231 lmigiuquior
1171 1173 1284 1227 est;
1316 1162 1565 1218 similiter
1585 1173 1640 1217 et
1670 1163 1812 1217 lunae

172 1243 379 1316 globus
405 1252 655 1319 :nqnalis
686 1264 770 1308 est
814 1255 1087 1310 omnibus.
1118 1256 1321 1311 Similis
1350 1258 1428 1310 sol
1470 1266 1526 1312 et
1571 1255 1718 1311 Indis
1761 1266 1815 1311 et

176 1338 471 1400 Britannis
502 1347 713 1401 eodem
748 1358 1024 1403 momento
1054 1348 1289 1415 videtur,
1326 1364 1448 1404 cum
1477 1350 1670 1404 oritur.
1705 1348 1816 1405 Nec

179 1451 312 1491 cum
343 1440 529 1510 vergit
572 1441 629 1495 in
665 1457 955 1510 occasum,
992 1443 1169 1499 minor
1198 1454 1425 1515 apparet
1453 1445 1817 1501 Orientalibus

182 1545 356 1601 quam
370 1532 835 1591 Occidentalibus
858 1555 870 1591 :
900 1552 1002 1592 nec
1024 1538 1460 1593 Occidentalibus
1475 1554 1596 1593 cum
1622 1539 1814 1604 oritur,

188 1624 433 1682 inferior
489 1644 663 1695 quam
731 1629 1102 1686 Orientalibus
1165 1633 1479 1688 aestimatur.
1562 1633 1819 1701 Quantum
1920 1647 2181 1691 consorte
2209 1638 2328 1706 ejus
2356 1653 2418 1693 ac
2457 1638 2627 1695 fratre
2673 1645 3115 1699 memoravimus.
3158 1646 3436 1716 Siquidem
3468 1648 3525 1701 in

193 1719 387 1789 distat,
422 1722 630 1791 inquit,
660 1723 845 1779 Oriens
869 1726 931 1779 ab
958 1725 1236 1782 Occidente
1264 1726 1382 1799 (Ps.
1407 1743 1501 1793 cu,
1534 1729 1665 1798 ηρ
1698 1728 1823 1783 Haec
1923 1726 1976 1781 id
2008 1743 2067 1782 se
2100 1728 2274 1783 induit
2307 1730 2695 1798 ministerium,
2729 1735 2779 1788 in
2809 1736 2950 1804 quod
2981 1746 3036 1790 et
3068 1736 3263 1803 frater;
3308 1749 3367 1793 ut
3398 1738 3525 1793 illit-

194 1813 444 1871 invicem
478 1816 588 1872 sibi
619 1817 823 1873 distant
852 1835 864 1871 :
912 1819 1007 1874 sed
1049 1819 1128 1873 sol
1176 1834 1208 1874 a
1250 1819 1398 1875 nullo
1437 1819 1641 1885 distat,
1690 1820 1824 1874 nulli
1857 1828 1906 1888 B
1933 1820 2100 1875 minet
2131 1823 2403 1888 tenebras,
2432 1826 2603 1879 foveat
2627 1828 2855 1895 semina,
2881 1837 3077 1900 augeat
3103 1830 3327 1885 fructus.
3356 1830 3532 1886 Habet

3399 361 3505 379 ἀιυα

1902 511 2032 565 Solis
2058 515 2329 581 attribuit;
2362 529 2418 572 ut
2458 536 2633 588 neque
2667 536 2834 589 vapor
2861 523 2980 593 ejus
3011 524 3231 594 igneus,
3264 539 3322 582 ut
3353 528 3505 582 vidc-

1905 610 2012 669 tur,
2042 612 2305 661 terrarum
2336 626 2523 678 venas,
2558 630 2773 683 succos,
2806 633 3096 687 rerumque
3126 622 3334 687 species
3364 622 3505 677 infu-

1903 708 1996 749 sus
2037 710 2318 767 exureret,
2362 718 2536 773 neque
2567 706 2760 762 iterum
2796 723 2892 778 per
2938 721 3079 764 tanta
3112 713 3299 768 mundi
3330 715 3506 783 Spatia

1906 785 2287 859 refrigeratus,
2331 794 2533 849 nullum
2568 798 2726 853 terris
2773 816 2957 857 semen
3005 802 3204 860 caloris
3250 807 3502 873 inolerct,

1906 884 2001 939 sed
2028 883 2269 953 jejunam
2316 892 2478 956 atque
2521 890 2738 960 inopem
2784 894 3056 950 fructuum
3096 897 3505 972 derelinquens,

1908 976 1977 1032 ad
2009 978 2210 1033 nullam
2237 978 2529 1038 fertilitatis
2548 986 2777 1054 gratiam
2810 993 3132 1059 vaporaret?

2483 1118 2713 1177 CAPUT
2756 1122 2865 1178 VII.

1916 1236 2159 1292 Plurima
2188 1258 2304 1312 qua:
2324 1241 2388 1297 de
2413 1242 2523 1298 sole
2552 1244 2820 1310 dicuntur,
2848 1248 2987 1302 (una:
3017 1250 3171 1304 etiam
3210 1257 3517 1322 convenire;

1988 1349 2099 1386 eam
2121 1345 2290 1388 tamen
2321 1336 2559 1405 proprios
2583 1354 2782 1410 quoque
2812 1337 3000 1394 habere
3025 1340 3266 1410 e/fectus,
3298 1364 3519 1416 quorum

1990 1429 2154 1498 aliqui
2182 1430 2263 1483 hic
2295 1443 2643 1487 recensentur.

1990 1543 2083 1598 29.
2126 1544 2335 1601 Similia
2380 1546 2446 1601 de
2479 1548 2619 1603 luna:
2661 1549 2870 1605 ratione
2898 1552 3256 1619 conveniunt,
3306 1570 3425 1623 qua:
3452 1553 3523 1610 de

197 1912 566 2001 praesentior,
596 1914 729 1968 nulli
762 1914 1024 1969 remotior
1049 1922 1150 1970 est.

275 2005 373 2062 ‘26.
420 2006 616 2077 Neque
645 2017 696 2064 te
719 2020 933 2065 moveat
963 2009 1106 2080 quod
1139 2019 1412 2079 tamquam
1442 2010 1693 2065 cubitalis
1726 2010 1825 2065 tibi

208 2096 367 2153 orbis
413 2098 671 2155 videatur
724 2101 891 2169 solis,
940 2117 1063 2158 cum
1111 2105 1333 2159 oritur:
1389 2103 1485 2158 sed
1539 2104 1826 2159 censidera

211 2201 486 2260 quantum
530 2195 747 2250 intersit
774 2196 931 2265 spatii
974 2198 1117 2253 inter
1141 2200 1311 2255 solem
1355 2207 1411 2253 et
1447 2209 1650 2260 terras.
1684 2198 1827 2267 quod

215 2299 481 2355 aspectus
512 2290 683 2345 nostri
716 2291 1000 2347 inﬁrmitas
1030 2294 1145 2349 sine
1175 2310 1369 2364 magno
1401 2294 1484 2347 sui
1518 2308 1626 2347 non
1654 2302 1831 2361 p0test

218 2379 463 2433 transire
488 2380 796 2452 dispendio.
822 2384 1032 2454 Caligat
1054 2394 1309 2454 aspectus
1330 2393 1535 2452 noster,
1570 2383 1831 2455 numquid

219 2471 308 2526 sol
340 2472 569 2544 caligat,
593 2487 684 2530 aut
707 2476 867 2531 luna?
892 2476 1165 2548 Augustus
1194 2490 1379 2533 noster
1409 2479 1649 2540 obtutus,
1679 2493 1834 2533 num-

218 2564 352 2633 quid
388 2566 515 2621 ideo
561 2571 871 2640 angustiora
912 2572 1081 2627 efﬁcit
1127 2588 1249 2642 quae
1278 2572 1562 2627 videntur?
1608 2571 1835 2641 Species

217 2657 536 2725 minuimr,
594 2679 702 2718 non
753 2665 861 2738 75
911 2666 1226 2736 magnitudo
1275 2665 1598 2721 detrahitur.
1651 2664 1837 2735 Neque

207 2751 361 2804 enim
392 2751 524 2805 inﬁr
540 2756 743 2813 mitatis
770 2770 970 2813 nostra:
1011 2760 1292 2829 passiones
1321 2759 1561 2828 paSsioui
1604 2758 1838 2811 lumina-

207 2839 350 2895 rium
381 2840 676 2902 debemus
712 2850 1005 2906 ascribere.
1046 2851 1305 2907 Mentitur
1333 2860 1519 2906 noster
1550 2864 1837 2920 aspectus:

213 2935 327 2991 noli
358 2950 490 3006 ergo
544 2939 705 2997 ﬁdele
748 2944 1021 2999 aastimare
1066 2944 1186 3013 ejus
1214 2944 1499 3013 judicium.
1548 2942 1631 2997 Fit
1673 2943 1840 2998 caele-

220 3028 393 3085 Stium
435 3031 633 3089 minor
676 3037 971 3103 Spectacoli
1018 3038 1182 3106 figura
1207 3078 1221 3102 ,
1257 3052 1365 3090 non
1409 3035 1493 3091 sui
1541 3035 1734 3089 forma.
1770 3034 1845 3088 De

225 3137 449 3182 summo
501 3129 718 3185 vertice
764 3130 1027 3185 montium
1076 3130 1123 3184 si
1173 3129 1474 3199 subjectum
1520 3128 1696 3185 oculis
1742 3129 1848 3182 tuis

1928 1917 2094 1969 etiam
2130 1916 2386 1987 pleraque
2416 1934 2442 1970 a
2476 1919 2643 1974 fratre
2672 1921 2960 1987 distincta;
3008 1932 3064 1976 ut
3094 1939 3253 1991 quem
3298 1933 3412 1977 toto
3442 1925 3531 1979 die
3594 1952 3597 1959 ~

1928 2012 2078 2062 calor
2130 2007 2411 2064 lmmorcm
2460 2022 2619 2067 terra:
2665 2014 2980 2079 siccaverit,
3033 2016 3284 2070 eumdem
3335 2016 3532 2084 exiguo

1931 2101 2106 2156 noctis
2135 2111 2380 2172 tempore
2421 2120 2511 2158 ros
2544 2118 2807 2175 reponat;
2840 2122 2961 2160 nam
2992 2116 3047 2162 et
3092 2109 3201 2176 ipsa
3232 2109 3354 2163 luna
3387 2112 3535 2180 larga

1932 2194 2074 2249 roris
2118 2196 2399 2251 aSseritur.
2454 2196 2695 2267 Denique
2742 2214 2864 2253 cum
2903 2199 3149 2254 serenior
3186 2217 3287 2255 nox
3333 2211 3451 2267 cst,
3481 2212 3537 2256 ct

1933 2289 2058 2344 luna
2091 2307 2314 2360 pernox.
2339 2302 2465 2347 tunc
2496 2294 2694 2361 largior
2720 2309 2809 2347 ros
2833 2292 3004 2349 fertur
3029 2310 3160 2348 arva
3188 2294 3533 2362 perfundere.

1935 2383 2003 2438 Et
2030 2385 2273 2455 plerique
2298 2386 2399 2439 sub
2430 2401 2555 2441 aere
2582 2387 2958 2456 quiescentes,
2996 2404 3103 2457 quo
3128 2391 3299 2459 magis
3329 2392 3430 2443 sub
3461 2391 3542 2444 Iu-

1935 2477 2080 2532 mine
2110 2476 2334 2533 fuissent
2364 2478 2525 2543 lunze,
2556 2494 2622 2534 eo
2652 2480 2770 2549 plus
2810 2480 3054 2535 humoris
3085 2497 3144 2537 se
3172 2491 3346 2552 capite
3374 2484 3543 2539 colle-

1935 2568 2082 2641 gisse
2126 2581 2433 2626 senserunt.
2494 2572 2644 2629 Unde
2696 2582 2749 2629 et
2807 2575 2859 2627 in
2912 2576 3146 2630 Canticis
3190 2576 3540 2632 Canticorum

1938 2658 2038 2714 Cbt
2053 2662 2184 2715 istus
2199 2662 2330 2717 dicit
2350 2663 2416 2718 ad
2438 2664 2733 2719 Ecclesiam
2754 2685 2767 2720 :
2792 2667 2902 2737 76
2924 2668 3181 2732 Quoniam
3199 2684 3353 2739 caput
3371 2686 3544 2724 meum

1939 2756 2191 2823 rept'etam
2222 2766 2295 2809 est
2326 2772 2444 2809 rore
2468 2798 2481 2821 ,
2512 2766 2559 2809 ιε
2592 2761 2758 2811 crines
2788 2759 2885 2811 mei
2912 2760 3072 2830 guttis
3096 2762 3260 2814 noctis
3294 2762 3542 2831 (Cantia.

1941 2860 1998 2909 ν,
2025 2845 2105 2916 2).
2138 2844 2271 2899 Tum
2296 2847 2493 2902 deinde
2524 2848 2784 2903 minuitur
2811 2861 2867 2904 et
2892 2864 3138 2920 augetur,
3167 2863 3223 2907 ut
3249 2854 3427 2908 minor
3450 2856 3543 2921 sit,

1944 2951 2068 2991 cum
2101 2942 2331 3008 resurgit
2361 2955 2533 3004 nova;
2560 2953 2611 2994 et
2639 2957 2760 2995 cum
2790 2943 2858 2995 sit
2886 2942 3193 3007 imminuta,
3213 2947 3547 3003 cumulatur.

1948 3026 2005 3081 In
2054 3042 2161 3097 quo
2209 3030 2416 3098 grande
2464 3032 2803 3101 mysterium.
2854 3031 2987 3086 Nam
3038 3044 3093 3088 et
3141 3035 3373 3091 defcctui
3431 3037 3551 3108 ejus

1950 3122 2353 3188 compatiuntur
2374 3122 2640 3177 elementa
2672 3141 2684 3177 :
2709 3134 2763 3179 et
2790 3141 3046 3193 processu
3072 3128 3192 3195 ejus
3214 3146 3333 3199 quze
3353 3134 3553 3185 l‘uermt

230 3232 490 3291 campum
524 3234 778 3292 spectare
799 3222 1100 3291 desideras,
1134 3234 1297 3292 atque
1324 3222 1430 3277 illic
1454 3228 1699 3277 armenta
1728 3236 1849 3292 pas-
1876 3229 1922 3292 ρ
1952 3212 2247 3279 exinanita,
2279 3214 2655 3283 cumulantur,
2690 3225 2749 3270 ut
2776 3218 3129 3272 animantium
3161 3222 3467 3288 cerebrum,
3501 3232 3557 3277 et

231 3314 443 3380 centia,
468 3328 652 3370 nonne
683 3316 1031 3371 formicarum
1061 3314 1258 3370 similia
1286 3329 1518 3385 corpora
1540 3314 1849 3385 judicabis?

235 3401 295 3458 Si
320 3420 475 3460 mare
502 3418 719 3475 speetes
745 3424 776 3461 e
804 3408 1025 3477 specula
1058 3408 1234 3477 aliqua
1263 3407 1509 3475 littorali,
1548 3422 1725 3461 nonne
1755 3406 1849 3461 tibi

237 3496 465 3552 navium
494 3498 744 3554 maximae
773 3500 915 3555 inter
940 3499 1204 3554 czeruleos
1234 3498 1449 3563 fluctus,
1485 3508 1540 3555 et
1569 3498 1685 3554 vela
1719 3514 1850 3553 can-

240 3588 427 3645 dentia
489 3591 817 3663 refulgentes
870 3592 1017 3647 velut
1081 3592 1452 3648 columbarum
1507 3592 1847 3647 volitantium

241 3682 486 3752 Speciem
516 3686 727 3740 eminus
752 3686 926 3757 posito
949 3684 1201 3741 videntur
1225 3686 1527 3741 oblexere?
1550 3684 1687 3752 Quid
1718 3686 1848 3754 ipsa:

242 3777 437 3840 insn'tc
458 3796 577 3850 qua:
598 3796 747 3836 mare
774 3781 1044 3848 dividunt,
1075 3789 1343 3836 terrarum
1367 3796 1494 3835 arva
1536 3780 1846 3844 difﬁndunt,

243 3890 407 3944 quam
458 3885 689 3947 angusto
730 3857 1067 3931 aestimantur
1098 3877 1206 3931 ﬁne
1232 3875 1525 3931 concludi?
1574 3875 1849 3944 Quemad-

244 3970 473 4025 modum
501 3970 730 4026 rotunda
751 3982 1013 4041 apparent
1040 3975 1105 4026 de
1135 3972 1366 4039 asperis,
1392 3971 1565 4041 spiSsa
1587 3970 1656 4025 de
1679 3970 1853 4024 raris?

246 4060 358 4117 llas
383 4077 517 4134 ergo
546 4062 885 4118 inﬁrmitates
915 4064 1064 4118 visus
1100 4062 1174 4117 tui
1216 4064 1528 4134 perpende;
1558 4071 1615 4117 et
1640 4076 1853 4128 eorum,

246 4171 370 4226 qua:
398 4155 698 4213 astruimus
735 4156 893 4212 ﬁdem
914 4197 930 4225 ,
958 4173 1024 4213 ex
1055 4166 1107 4212 te
1152 4157 1271 4227 ipso
1313 4156 1517 4212 arbiter
1542 4155 1722 4225 justus
1765 4169 1857 4211 ac-

245 4249 411 4304 cersi.

315 4342 407 4396 27.
459 4342 517 4397 Si
562 4342 647 4397 vis
689 4342 1115 4412 magnitudinem
1156 4342 1289 4398 solis
1332 4356 1441 4398 non
1488 4341 1663 4397 solum
1694 4339 1858 4396 oculo

246 4434 494 4501 mentis,
546 4435 643 4491 sed
693 4437 855 4492 etiam
902 4439 1153 4509 corporis
1201 4439 1515 4504 aestimare,
1568 4436 1857 4493 considera

247 4530 438 4599 quanti
468 4530 748 4584 stellarum
775 4531 918 4600 globi
942 4546 1097 4585 axem
1119 4531 1243 4587 caeli
1276 4530 1559 4586 videantur
1585 4529 1855 4595 intexere,

1953 3303 2350 3359 maritimorum
2404 3306 2643 3361 ltumida.
2700 3309 2979 3380 Siquidem
3028 3313 3303 3381 pleniores
3355 3325 3555 3370 Ostrea:

1952 3398 2179 3468 reperiri
2214 3398 2480 3465 feruntur,
2514 3402 2789 3473 multaque
2819 3404 2941 3469 alia,
2973 3420 3094 3459 cum
3121 3406 3315 3475 globus
3348 3408 3555 3466 lunaris

1952 3490 2236 3547 adolescit.
2268 3493 2341 3546 De
2362 3495 2617 3549 arborum
2640 3511 2858 3566 quoque
2881 3496 3109 3552 internis
3135 3499 3273 3553 idem
3297 3501 3553 3571 allegant,

1950 3584 2041 3654 qui
2093 3586 2196 3640 hoc
2242 3600 2343 3640 usu
2394 3587 2615 3657 proprio
2664 3600 3065 3660 compererunt.
3122 3591 3380 3648 Videmus
3427 3610 3557 3667 ergo

1952 3690 2132 3732 ortum
2166 3678 2282 3748 ejus
2313 3689 2368 3735 et
2414 3681 2687 3737 defeetum
2718 3682 2947 3738 rationis
2976 3700 3131 3749 €358,
3174 3702 3281 3741 non
3331 3689 3557 3743 inlirmi-

1954 3772 2099 3825 tatis.
2134 3770 2434 3844 Numquam
2475 3776 2619 3829 enim
2652 3787 2852 3831 tantum
2883 3779 3045 3833 rebus
3074 3780 3426 3836 mutationem
3459 3782 3555 3837 da-

1954 3872 2071 3931 ret,
2106 3863 2209 3919 nisi
2244 3876 2590 3935 pra'stautem
2630 3869 2888 3924 virtutem
2920 3869 3147 3927 haberet
3187 3885 3241 3928 et
3267 3874 3497 3943 gratiam
3525 3893 3555 3931 a

1956 3957 2240 4013 conditore
2274 3960 2547 4015 Collatum.

2028 4050 2119 4104 50.
2162 4051 2361 4106 Aerem
2405 4068 2621 4123 quoque
2664 4055 2914 4111 nonnulli
2947 4059 3105 4112 etiam
3136 4058 3283 4114 domi
3331 4070 3387 4116 et
3413 4061 3560 4120 cltrio

1959 4141 2120 4195 stiani
2167 4143 2264 4195 viri
2294 4143 2667 4214 allegaverunt
2699 4146 2840 4204 lunae
2886 4158 3077 4205 exortu
3111 4154 3290 4209 solere
3320 4159 3511 4212 mutari
3540 4175 3553 4212 :

1959 4235 2055 4291 sed
2087 4237 2131 4290 si
2164 4236 2217 4291 id
2255 4240 2567 4295 mutationis
2600 4242 2802 4297 lunaris
2834 4245 3061 4314 quadam
3095 4247 3247 4303 ﬁeret
3277 4250 3555 4321 violentia,

1958 4325 2029 4381 ad
2072 4343 2264 4385 omnes
2313 4345 2465 4386 ortus
2509 4330 2626 4403 ejus
2659 4334 2991 4392 iutexeretur
3038 4340 3271 4396 nubibus
3316 4346 3555 4411 caelum,

1962 4421 2157 4487 pluvia:
2206 4408 2580 4480 funderentur.
2619 4427 2862 4498 Denique
2908 4446 3030 4485 cum
3077 4441 3205 4488 aute
3252 4434 3366 4490 dies
3412 4408 3558 4493 esset

1962 4527 2142 4569 sermo
2181 4514 2249 4570 de
2278 4516 2452 4586 pluvia
2473 4561 2487 4585 ,
2518 4536 2637 4589 quae
2668 4520 2783 4576 fore
2826 4523 2971 4576 utilis
2998 4523 3301 4594 diceretur,
3332 4529 3408 4583 ait
3438 4530 3556 4600 qui-

250 4630 305 4676 et
330 4622 638 4678 innumeris
671 4623 929 4694 insiguire
950 4624 1270 4690 luminibus;
1307 4639 1411 4678 nou
1438 4632 1645 4693 queunt
1673 4631 1837 4699 tamet

1962 4607 2083 4661 dam
2111 4626 2123 4662 :
2158 4609 2296 4664 Ecce
2325 4612 2607 4665 nemuenia
2649 4611 2799 4667 dabit
2826 4629 2969 4669 eam.
3003 4616 3070 4670 Et
3109 4623 3353 4688 quamvis
3380 4621 3561 4689 cupidi

252 4716 509 4771 tenebras
539 4714 748 4780 noctis,
781 4727 836 4770 et
875 4714 998 4771 coeli
1031 4715 1217 4770 nubila
1241 4716 1544 4786 detergere.
1600 4713 1770 4772 Simul
1799 4722 1857 4768 ut

254 4808 336 4863 sol
383 4816 545 4864 ortus
591 4810 672 4863 sui
723 4807 877 4879 signa
924 4809 1281 4879 praemiserit,
1336 4824 1528 4865 omnes
1576 4808 1855 4864 stellarum

257 4897 404 4969 ignes
434 4901 540 4956 sub
571 4901 728 4956 unius
759 4901 1038 4956 luminaris
1070 4902 1277 4972 fulgore
1305 4911 1639 4966 vanescunt,
1680 4899 1859 4970 aperi-

260 5000 341 5048 tur
365 5009 486 5057 aer.
516 4993 749 5062 ccelique
774 4994 936 5050 facies
965 4994 1380 5064 purpurascenti
1410 4995 1607 5048 rubore
1639 4992 1857 5063 perfun-

256 5085 425 5143 ditur.
456 5085 648 5143 Adltuc
672 5088 886 5157 spirans
911 5088 1189 5144 exordium
1210 5128 1224 5153 ,
1256 5101 1309 5143 et
1343 5087 1456 5158 jam
1496 5085 1858 5141 momentaria

255 5178 542 5235 celeritate
572 5180 713 5249 pleni
748 5180 965 5235 luminis
994 5179 1156 5235 micat
1183 5179 1475 5250 splendor,
1511 5188 1567 5234 et
1588 5176 1861 5245 surgentis

257 5274 395 5329 solis
424 5276 621 5343 praevia
652 5272 679 5311 ιι
707 5288 837 5329 aura
864 5274 1039 5329 dulcis
1077 5278 1298 5344 aspirat.
1330 5273 1427 5329 Dic
1455 5272 1586 5327 milii
1605 5313 1621 5339 ,
1653 5286 1861 5343 quaeso,

260 5365 358 5421 nisi
399 5379 629 5435 magnus
653 5365 803 5420 orbis
848 5375 1022 5430 esset,
1064 5365 1336 5436 quomodo
1376 5379 1631 5437 magnum
1684 5371 1870 5435 pOsset

263 5458 451 5514 orbem
483 5456 788 5522 illuminare
819 5458 1123 5513 terrarum?

300 5602 303 5603 ν
329 5552 426 5608 28.
468 5551 608 5620 Quid
636 5562 815 5609 autem
846 5553 913 5609 de
950 5563 1099 5609 tanto
1129 5554 1317 5627 loquar
1349 5559 1785 5626 temperamento
1815 5560 1873 5608 et

338 5747 366 5809 ρ
408 5736 567 5809 Rom.
601 5734 732 5791 edit.
762 5735 898 5800 sola,
926 5734 1066 5791 Solis
1088 5735 1225 5791 orbis
1245 5737 1373 5792 nulli
1405 5734 1638 5809 propior.

335 5808 366 5867 ιζ
406 5808 514 5867 Sex
544 5823 675 5865 mss.
708 5824 901 5863 aurora
936 5809 1107 5862 dulcis
1130 5811 1347 5877 aspirat.

720 5904 1000 5967 PATROL.
1057 5901 1225 5964 XIV.

1963 4717 2205 4759 essemus
2231 4705 2514 4771 imbrium;
2543 4713 2722 4761 tamen
2752 4708 3019 4776 ejusiuodi
3048 4715 3379 4767 aSsertiones
3403 4730 3561 4769 veras

1965 4811 2109 4862 esse,
2130 4800 2395 4852 nolebam.
2439 4799 2675 4869 Denique
2705 4800 3006 4855 deleatatus
3032 4817 3173 4868 sum,
3202 4807 3345 4875 quod
3378 4807 3561 4863 nullus

1966 4892 2138 4947 imber
2177 4891 2380 4947 eﬁ'usus
2411 4903 2524 4958 est;
2572 4893 2747 4948 donec
2783 4896 3032 4961 precibus
3077 4898 3334 4951 Ecclesia:
3380 4899 3562 4967 datus,

1969 4984 2339 5040 manifestaret
2388 5001 2492 5040 non
2541 4985 2609 5039 do
2658 4986 2827 5039 initiis
2878 4988 3017 5040 lunae
3062 5004 3183 5043 eum
3238 4989 3568 5056 Sperandom

1968 5093 2110 5141 esse,
2144 5078 2238 5133 sed
2270 5077 2339 5132 de
2384 5078 2725 5148 providentia
2768 5088 2823 5132 et
2871 5077 3242 5133 misericordia
3268 5080 3566 5132 Creatoris.

1972 5172 2115 5229 Sane
2149 5172 2331 5243 Euripi
2377 5187 2500 5227 cum
2533 5170 2811 5227 exundent
2844 5171 3082 5239 undique
3112 5168 3410 5225 secundum
3442 5170 3573 5222 reli-

1972 5281 2107 5336 quas
2130 5280 2342 5337 speCIes
2367 5267 2528 5329 lunae,
2557 5277 2610 5319 et
2641 5274 2894 5331 acceptus
2917 5260 3111 5318 ﬂuctus
3142 5258 3450 5321 refundant,
3483 5261 3573 5315 vel

1970 5361 2132 5416 etiam
2180 5359 2283 5429 ipsi
2316 5373 2513 5428 magno
2560 5358 2802 5410 ferantur
2842 5354 3084 5420 itupetu;
3135 5353 3189 5404 in
3237 5356 3359 5400 ortu
3392 5359 3591 5406 tamen.

1971 5453 2089 5523 ejus
2116 5461 2261 5507 stant
2291 5448 2507 5519 placidi,
2539 5444 2891 5517 quoadusque
2923 5441 3048 5493 luna
3080 5443 3200 5493 sine
3228 5436 3437 5490 lumine
3467 5450 3579 5497 est,

1976 5548 2048 5603 At
2078 5560 2208 5603 vero
2246 5544 2335 5598 ubi
2367 5557 2486 5597 eam
2515 5541 2725 5594 dierum
2775 5546 2796 5572 ο
2826 5545 3081 5586 accessus
3112 5530 3407 5595 retexerit,
3450 5539 3582 5590 tunc

2043 5740 2065 5766 ε
2109 5726 2248 5782 Edit.
2281 5731 2388 5777 vet.
2421 5730 2478 5776 et
2499 5714 2742 5789 quaedam
2771 5708 2942 5764 Paris.
2970 5720 3093 5763 cum
3123 5723 3257 5766 mss.
3287 5718 3537 5780 quatuor.
3549 5754 3567 5783 ,

1968 5814 2201 5856 accessus
2226 5793 2450 5851 auxerit-

3050 5872 3089 5930 7
