4222 6364
555 298 663 356 205

1956 281 2200 340 SANCTI
2239 278 2564 340 AHBBOSII

3756 272 3866 330 90$

556 412 611 467 in
644 425 774 466 suos
808 423 1001 466 cursus
1043 407 1246 464 reﬂuos
1278 413 1648 463 revertuntur.
1682 413 1709 443 ι
1735 400 1984 474 Ampotis
2013 414 2151 472 quo-
2177 410 2233 472 Α
2258 408 2509 469 quenter.
2539 395 2629 452 Illa
2656 401 2800 450 tuam
2827 391 3258 461 redemptionem
3292 390 3607 462 frequenter
3633 403 3865 461 exspec—

556 519 664 575 que
686 547 698 568 ,
727 519 848 576 qua:
891 504 942 559 in
974 501 1194 559 Oceano
1224 516 1348 558 esse
1380 500 1700 570 perhibetur
1721 541 1736 563 ,
1781 513 1900 554 cum
1935 495 2161 566 reliquis

559 597 754 653 diebus
785 597 1028 654 ordinem
1066 611 1222 652 suum
1251 609 1471 650 servare
1496 592 1732 659 dicatur,
1763 591 1938 646 lunari
1967 597 2160 646 exortu

561 691 788 750 evidens
836 690 1152 746 mutationis
1201 704 1313 744 suae
1358 687 1531 744 fertur
1581 686 1842 742 indicium
1893 684 2056 748 dare;
2103 689 2162 738 ut

561 800 712 841 mare
743 783 918 854 ipsum
966 781 1305 838 occidentale
1327 823 1340 846 ,
1373 781 1424 838 in
1453 796 1560 852 quo
1600 788 1876 850 spectatur
1900 776 2157 846 ampotis,

559 878 726 933 solito
755 877 990 947 amplius
1034 873 1261 934 accedat
1307 889 1369 929 ac
1399 872 1655 940 recedat,
1689 881 1741 928 et
1786 871 1996 942 majore
2025 877 2160 926 testu

559 968 787 1034 feratur,
837 977 1110 1037 tamquam
1161 967 1305 1022 lunae
1355 965 1681 1037 quihusdam
1731 960 2160 1033 aspirationibus

556 1068 856 1116 retrorsum
893 1057 1165 1122 trahatur,
1219 1065 1275 1113 et
1319 1057 1514 1112 iterum
1549 1055 1738 1110 iisdem
1769 1055 2059 1125 impulsum
2095 1067 2160 1109 ac

559 1162 852 1210 retractum
878 1152 930 1207 in
957 1165 1266 1207 mensuram
1300 1148 1579 1221 propriam
1612 1148 1952 1204 retundatur.

1147 1283 1380 1341 CAPUT
1423 1281 1556 1338 VIII.

552 1403 718 1460 Luna:
745 1402 964 1458 mutatio
990 1403 1161 1457 rerum
1189 1400 1580 1455 instabilitatem
1607 1399 1756 1453 docet
1779 1413 1796 1451 :
1826 1410 1880 1453 at
1903 1399 2018 1469 ipsa
2045 1406 2161 1451 tur-

626 1499 759 1570 piter
787 1499 840 1550 in
870 1495 1097 1549 moribus
1129 1495 1320 1549 nostris
1363 1494 1690 1566 exprimitur.
1741 1491 1932 1545 Christi
1971 1501 2159 1561 myste-

630 1590 770 1642 rium
794 1597 946 1656 atque
971 1585 1257 1641 Ecclesium
1285 1587 1462 1641 eadem
1489 1594 1824 1655 repra’sontot
1850 1598 1868 1638 :
1893 1599 2045 1654 quam
2072 1584 2160 1654 qui

627 1681 847 1762 magicis
874 1680 1106 1734 cantibus
1138 1679 1201 1734 de
1226 1680 1350 1734 (mlo
1381 1678 1580 1733 detrahi
1607 1677 1852 1744 credunt,
1885 1675 2156 1730 irridendi.

2268 501 2364 558 tat,
2393 500 2450 546 ιιι
2475 507 2504 545 a
2535 487 2810 548 communi
2833 488 2996 546 totius
3021 496 3288 544 creaturae
3313 487 3540 542 servitio
3571 484 3862 540 liberetur:

2266 596 2322 642 tu
2342 595 2399 643 et
2428 597 2530 641 ιιιςιι
2563 584 2944 654 redemptioni,
2975 594 3029 639 et
3059 584 3204 638 illius
3231 581 3467 638 libertati
3499 581 3663 638 aﬂers
3696 582 3870 650 impe-

2263 677 2587 734 dimentum.
2621 677 2750 732 Tuae
2793 693 2947 747 ergo,
2979 692 3086 732 non
3132 691 3245 730 suae
3273 674 3521 732 stultitiae
3551 683 3668 740 est,
3721 673 3866 742 quod

2263 769 2391 826 dum
2423 781 2476 822 tu
2507 768 2842 835 exspectaris
2863 811 2877 836 ,
2910 779 2965 826 et
2996 783 3095 826 nec
3123 781 3249 826 sero
3277 767 3618 823 converteris
3640 807 3655 833 ,
3685 767 3867 821 adhuc

2263 874 2318 918 et
2342 864 2428 918 illa
2454 869 2713 918 mutatur.

2335 957 2425 1012 52.
2468 956 2588 1014 Noli
2613 973 2743 1027 ergo
2774 956 2960 1014 lunam
2990 956 3150 1012 oculo
3184 957 3260 1013 tui
3287 956 3535 1027 corporis
3567 954 3864 1018 mstltnare,

2263 1049 2358 1106 sed
2408 1051 2602 1106 mentis
2634 1049 2947 1106 vivacitate.
2997 1049 3260 1108 Minuitur
3308 1050 3456 1116 luna,
3505 1059 3558 1102 ut
3588 1049 3866 1104 elementa

2263 1145 2491 1216 repleat.
2547 1145 2661 1200 lioc
2709 1156 2793 1202 est
2839 1160 2967 1201 vere
3013 1145 3222 1214 grande
3271 1146 3607 1215 mysterium.
3637 1142 3872 1197 Donavit

2264 1235 2368 1292 hoc
2425 1237 2474 1292 ei
2541 1237 2634 1308 qui
2676 1238 2929 1293 omnibus
2976 1236 3201 1292 donavit
3261 1236 3508 1306 gratiam.
3555 1233 3868 1290 Exinanivit

2261 1345 2381 1386 eam
2409 1371 2423 1394 ,
2476 1337 2534 1386 ut
2564 1329 2770 1400 repleat
2811 1329 2903 1402 qui
2947 1329 3112 1384 etiam
3157 1345 3217 1385 se
3247 1327 3567 1390 exinanivit,
3596 1335 3653 1382 ut
3677 1339 3870 1382 omnes

2265 1421 2518 1490 repleret.
2555 1421 2866 1482 Etinanivit
2904 1422 3047 1478 enim
3078 1436 3140 1478 se
3171 1430 3230 1476 ttt
3269 1418 3624 1478 descenderet
3659 1418 3820 1473 nobis
3849 1433 3864 1472 :

2262 1511 2542 1574 descendit
2585 1513 2741 1568 nobis
2791 1521 2850 1568 ut
2909 1512 3228 1568 ascenderet
3290 1511 3563 1568 omnibus.
3617 1508 3872 1565 Ascendit

2263 1605 2440 1674 enim,
2487 1607 2697 1674 inquit,
2749 1623 2902 1679 super
2950 1623 3123 1660 omnes
3153 1606 3304 1662 caelos
3344 1617 3400 1661 ut
3435 1604 3662 1678 impleret
3692 1603 3872 1658 omnia

2262 1699 2481 1772 (Ep/tes.
2507 1715 2579 1764 tv,
2613 1700 2722 1774 10).
2769 1701 2954 1773 Itaque
2982 1703 3074 1773 qui
3118 1702 3428 1758 exinanitae
3455 1700 3770 1758 advenerat.
3799 1698 3874 1754 de

632 1795 724 1851 3|.
757 1793 912 1851 Unde
948 1795 992 1850 si
1027 1794 1246 1849 miraris
1285 1793 1559 1870 quomodo
1587 1793 1858 1850 defectum
1903 1794 2024 1850 luna
2070 1808 2162 1861 pa-
2191 1807 2238 1876 Β
2269 1792 2604 1863 plenitudine
2641 1808 2737 1850 sua
2784 1795 3060 1863 apostolos
3088 1793 3423 1864 adimplevit.
3458 1791 3612 1850 Unde
3641 1807 3779 1848 unus
3799 1806 3870 1848 ex

556 1887 743 1951 tiatur,
795 1901 916 1942 cum
969 1895 1173 1940 tantam
1220 1886 1327 1939 vim
1380 1886 1697 1941 mutationis
1752 1884 1948 1940 habeat
2004 1899 2152 1950 suae;

551 1982 841 2040 considera
887 1993 941 2038 et
974 1985 1025 2037 in
1058 1999 1123 2037 eo
1153 1997 1407 2052 magnum
1451 1996 1574 2036 esse
1618 1980 1972 2052 mysterium,
2012 1978 2158 2048 quod

551 2077 672 2146 ejus
703 2075 955 2146 exemplo
986 2073 1290 2145 cognoscis,
1318 2090 1350 2127 o
1377 2073 1562 2138 homo,
1593 2073 1726 2127 nihil
1759 2088 1940 2128 rerum
1967 2069 2158 2126 huma-

553 2183 748 2224 narum
780 2175 835 2221 et
862 2166 1151 2222 mundame
1179 2163 1343 2220 totius
1369 2176 1635 2220 creaturae
1660 2180 1782 2219 esse
1811 2179 1992 2234 posse,
2011 2163 2156 2240 quod

553 2275 660 2315 non
695 2259 989 2328 aliquando
1022 2258 1347 2312 resolvatur.
1381 2255 1515 2312 Nam
1559 2257 1604 2312 si
1651 2257 1812 2311 etiam
1859 2259 2019 2322 luna,
2067 2255 2154 2312 cui

549 2360 759 2405 tantum
793 2350 1052 2404 Dominus
1074 2349 1347 2404 commisit
1377 2348 1738 2406 ministerium
1761 2393 1775 2418 ,
1806 2359 1861 2402 ιιι
1885 2348 2155 2404 illuminct

550 2444 741 2496 orbem
775 2451 1078 2507 terrarum,
1126 2454 1176 2496 et
1225 2443 1459 2506 crescit,
1493 2449 1548 2495 et
1586 2440 1802 2508 delicit,
1834 2437 1862 2478 ι)
1897 2440 2155 2496 deﬁciunt

546 2535 652 2609 77
677 2537 821 2590 enim
843 2536 1024 2588 omnia
1060 2551 1181 2604 qua:
1201 2551 1263 2589 ex
1296 2533 1467 2589 nihilo
1497 2544 1613 2590 orta
1646 2551 1813 2604 usque
1845 2533 1910 2588 ad
1945 2534 2157 2602 perfec-

547 2632 750 2686 tionem
783 2637 1068 2692 venerunt,
1100 2629 1297 2684 iterum
1319 2628 1552 2697 perfecta
1585 2629 1902 2696 minuuntur
1926 2630 2151 2696 ,cmlum

549 2725 695 2778 enim
721 2733 775 2778 et
804 2732 947 2778 terra
988 2723 1378 2792 praeteribunt;
1411 2737 1508 2776 cur
1536 2738 1641 2776 nou
1682 2722 1733 2776 id
1763 2721 2152 2780 modi-rationis

550 2813 914 2878 assumimus,
963 2821 1027 2868 ut
1073 2829 1250 2884 neque
1297 2814 1347 2868 in
1397 2813 1641 2870 adversis
1683 2813 2001 2884 abjiciamus
2033 2816 2152 2872 ani-

550 2923 696 2962 mum
718 2948 734 2976 ,
765 2907 854 2974 qui
881 2906 1026 2961 enim
1055 2909 1235 2961 omnia
1265 2907 1390 2961 fecit
1420 2923 1484 2963 ex
1516 2908 1718 2976 nihilo,
1753 2909 1909 2966 facile
1937 2921 1989 2966 te
2015 2926 2148 2982 quo-

549 3017 654 3071 que
689 3011 880 3069 potens
908 3009 990 3056 est
1018 3000 1082 3052 ad
1117 3016 1323 3054 Summa
1357 3011 1410 3055 et
1451 3001 1687 3071 perfecta
1720 3003 2050 3074 provehere;
2093 3011 2150 3060 et

550 3107 768 3150 rursum
803 3110 908 3147 non
940 3093 1269 3148 extollantur
1299 3095 1350 3147 iu
1379 3095 1677 3165 prosperis,
1708 3112 1881 3167 neque
1911 3097 1963 3150 in
1993 3106 2146 3168 pote--

2262 1885 2345 1940 his
2375 1885 2507 1941 dicit
2538 1904 2550 1939 :
2582 1885 2714 1940 Nam
2743 1886 2805 1939 de
2831 1886 3151 1959 plenitudine
3193 1890 3308 1960 ejus
3349 1903 3521 1942 omnes
3549 1901 3639 1940 nos
3664 1886 3869 1954 occepi-

2259 1999 2377 2038 mus
2409 1982 2591 2052 (Joan.
2625 1999 2663 2050 ι,
2699 1980 2817 2055 16).
2844 1983 2984 2054 Ergo
3016 1982 3360 2038 annuntiavit
3401 1982 3526 2036 luna
3555 1967 3872 2051 m'ystterium

2256 2075 2478 2132 Christi.
2517 2074 2942 2132 Nonmediocris
2985 2077 3164 2145 inqua
3201 2077 3413 2146 signum
3453 2074 3634 2145 posuit
3661 2089 3816 2130 suum
3857 2090 3873 2128 :

2261 2185 2368 2226 non
2413 2169 2702 2225 mediocris
2735 2186 2854 2240 qnte
2899 2178 3085 2241 typum
3122 2168 3336 2236 dilectae
3373 2168 3535 2224 habet
3577 2167 3860 2238 Ecclesiae,

2259 2261 2404 2334 quod
2433 2261 2700 2334 signiﬁcat
2724 2260 2992 2334 Propheta
3013 2261 3202 2318 dicens
3227 2278 3239 2312 :
3266 2259 3521 2318 orietnrin
3543 2259 3727 2314 diebus
3754 2261 3872 2331 ejus

2249 2356 2488 2429 justitia,
2550 2365 2598 2410 et
2664 2354 2982 2410 abundantia
3031 2353 3210 2424 pacis,
3272 2351 3436 2407 donec
3484 2352 3699 2406 tollatur
3742 2350 3874 2406 luna

2259 2449 2378 2522 (Ps.
2410 2466 2561 2514 ωιιιι,
2590 2447 2666 2520 7).
2700 2448 2764 2503 Et
2793 2449 2842 2502 itt
2880 2447 3119 2504 Canticis
3157 2447 3414 2504 Dominus
3439 2445 3510 2502 de
3539 2461 3634 2499 sua
3667 2457 3874 2513 sponsa

2255 2544 2330 2600 ait
2356 2563 2368 2598 :
2396 2543 2644 2612 Qttwnam
2674 2553 2746 2598 est
2777 2544 2886 2598 hwc
2915 2541 3237 2612 prospiciens
3267 2549 3533 2611 tamquam
3558 2536 3868 2604 diluculum,

2255 2638 2487 2709 speciosa
2515 2637 2645 2692 sicut
2679 2639 2824 2700 luna,
2850 2636 3007 2690 electa
3045 2645 3099 2690 ut
3128 2636 3204 2688 sol
3239 2632 3413 2703 (Cant.
3439 2649 3516 2699 v1,
3547 2631 3645 2704 9)?
3673 2632 3736 2686 Et
3759 2646 3872 2686 meo

2256 2729 2362 2784 rito
2402 2729 2646 2798 speciosa
2688 2729 2828 2784 sicut
2868 2729 2992 2782 luna
3044 2725 3286 2782 Ecclesia
3311 2767 3325 2792 ,
3378 2741 3497 2797 quae
3523 2733 3638 2780 toto
3667 2721 3870 2777 tnundo

2255 2821 2510 2886 refulsit,
2562 2831 2616 2876 et
2641 2820 2894 2884 tenebras
2925 2820 3106 2874 saeculi
3139 2818 3297 2890 hujus
3339 2817 3651 2872 illuminans
3679 2814 3814 2878 dicit
3849 2831 3864 2868 :

2257 2913 2382 2968 Non:
2409 2915 2686 2986 prteccssit,
2719 2913 2828 2968 dies
2855 2921 3025 2968 autem
3078 2909 3509 2984 appmpt'nquaoit
3541 2907 3720 2980 (Rom.
3752 2921 3868 2974 xm,

2257 3007 2368 3080 12).
2404 3006 2636 3064 Pulchre
2664 3006 2772 3074 ait,
2820 3004 3192 3074 Prospiciens,
3249 3002 3402 3074 quasi
3442 3016 3570 3056 suos
3607 2999 3676 3053 de
3707 3013 3870 3068 supea

2254 3105 2398 3162 riore
2465 3115 2848 3176 prospectans.
2899 3099 3042 3155 sicut
3097 3097 3314 3154 habes:
3365 3096 3478 3168 78
3517 3093 3765 3150 Dominus
3804 3094 3871 3146 de

548 3194 689 3242 state
739 3185 918 3258 aliqua
960 3201 1100 3279 nos,
1151 3186 1463 3279 divitiis-que
1510 3186 1814 3260 thIemus,
1867 3205 2042 3262 neque
2090 3189 2142 3244 in
2175 3215 2221 3279 ρ
2252 3199 2378 3254 mla
2420 3199 2683 3268 prospexit
2733 3213 2888 3266 super
2942 3196 3080 3268 ﬁlios
3111 3194 3375 3250 hominum
3421 3189 3567 3265 (Ps.
3603 3204 3719 3256 χιιι,
3762 3187 3799 3242 2
3825 3186 3866 3258 ).

546 3279 753 3332 viribUS
774 3277 1042 3346 corporis,
1073 3287 1163 3331 aut
1187 3277 1588 3350 pulchritudine
1615 3282 1925 3350 gl0riemur,
1961 3282 2013 3334 in
2039 3296 2145 3350 quo

547 3381 633 3426 est
662 3369 839 3424 facilis
868 3369 1179 3439 corruptio,
1207 3371 1395 3426 crebra
1431 3372 1656 3426 mutatio
1675 3414 1688 3437 ,
1715 3373 1808 3426 sed
1840 3381 2147 3428 manentem

547 3464 603 3520 in
635 3463 876 3518 futurum
918 3464 1084 3520 animi
1116 3466 1343 3533 gratiam
1396 3479 1805 3536 persequamur.
1844 3466 1978 3520 Nam
2009 3468 2051 3521 si
2097 3473 2150 3522 te

549 3557 694 3613 Iunio
723 3557 1010 3616 contristat
1056 3571 1304 3621 occasus,
1334 3572 1453 3628 qnte
1496 3574 1556 3612 se
1593 3574 1809 3630 semper
1845 3567 2060 3629 reparat
2089 3573 2152 3614 ac

550 3651 816 3706 reformat
841 3665 854 3713 ;
887 3647 1056 3703 multo
1081 3649 1251 3718 magis
1271 3655 1596 3706 contristare
1625 3660 1677 3708 te
1695 3651 1877 3719 debet,
1898 3653 1942 3706 si
1971 3653 2150 3707 anima

550 3744 800 3816 profectu
830 3743 1052 3799 vit-tutis
1087 3742 1310 3814 impleta
1340 3759 1462 3797 cum
1497 3743 1690 3811 fuerit,
1722 3753 1906 3816 postea
1939 3760 2035 3815 per
2064 3745 2148 3800 iu-

550 3839 912 3894 constantiatn
965 3836 1192 3902 utentis,
1234 3832 1396 3907 atque
1439 3835 1700 3892 incuriam
1737 3855 1768 3894 a
1813 3854 1912 3894 suo
1940 3838 2150 3895 deﬂexa

553 3932 836 4002 preposito
867 3931 1043 3985 studia
1075 3943 1170 3996 sua
1198 3945 1345 3998 saepe
1371 3941 1706 3998 commutet,
1737 3932 1880 4004 quod
1907 3944 1987 3988 ρει
2020 3931 2152 3987 insi-

549 4025 770 4096 pientia:
791 4034 843 4078 et
871 4024 1192 4078 inscientia).
1226 4021 1380 4079 Unde
1404 4033 1456 4078 ct
1483 4023 1762 4094 Scriptura
1794 4026 1868 4080 ait
1896 4045 1908 4081 :
1945 4025 2151 4081 Stultus

550 4127 608 4170 ut
636 4118 760 4170 luna
792 4125 1018 4169 mutatur
1045 4116 1062 4183 (
1089 4112 1254 4170 Ecrli.
1287 4131 1455 4176 χχιιι.
1493 4115 1620 4188 12).
1656 4117 1719 4173 Ει
1772 4117 1895 4174 ideo
1934 4121 2151 4190 Sapiens

551 4225 661 4264 non
689 4223 812 4263 cum
844 4207 971 4262 luna
1013 4216 1286 4273 mutatur;
1334 4210 1427 4264 sed
1465 4212 1805 4280 permanebit
1845 4228 1968 4268 cum
2009 4214 2146 4268 sole.

557 4301 710 4358 Unde
739 4316 845 4356 non
872 4301 997 4355 luna
1028 4309 1112 4355 est
1141 4301 1408 4372 particeps
1436 4303 1712 4372 stultitim;
1747 4307 1866 4375 quia
1895 4324 1998 4359 non
2026 4308 2148 4362 luna

555 4404 792 4448 mutatur
841 4402 897 4445 ut
945 4393 1170 4457 stultus,
1228 4391 1322 4446 sed
1371 4395 1570 4448 stultus
1618 4405 1674 4449 ut
1726 4398 1870 4456 luna.
1907 4397 2152 4470 Denique

549 4499 738 4542 semen
763 4485 890 4554 justi
919 4485 1056 4538 sicut
1087 4483 1210 4538 luna
1243 4484 1476 4554 perfecta
1506 4487 1554 4541 in
1579 4496 1841 4544 acternnm
1869 4501 2072 4558 manet,
2097 4503 2153 4548 et

2258 3291 2603 3362 Prospiciens
2629 3305 2759 3360 ergo
2788 3288 3030 3345 Ecclesia
3053 3327 3070 3354 ,
3114 3287 3256 3342 sicut
3277 3285 3402 3342 luna
3423 3280 3672 3338 defectus
3701 3279 3870 3336 habet

2256 3395 2314 3444 et
2365 3398 2519 3440 ortus
2567 3383 2883 3453 frequentes
2912 3399 2925 3435 :
2953 3380 3048 3436 sed
3101 3378 3406 3435 defectibus
3443 3376 3559 3432 suis
3594 3373 3783 3442 crevit,
3815 3380 3874 3428 et

2259 3480 2344 3536 his
2374 3478 2572 3534 meruit
2596 3476 2846 3547 ampliari
2870 3515 2888 3544 ,
2929 3475 3061 3530 dum
3113 3470 3579 3542 persecutiouibus
3607 3465 3879 3538 minuitur

2257 3579 2312 3628 et
2355 3570 2728 3626 conl'essorum
2780 3566 3054 3638 tttartyriis
3102 3572 3416 3620 coronatur.
3462 3560 3589 3620 Haec
3618 3567 3702 3614 est
3729 3571 3882 3624 vera,

2257 3663 2405 3728 luna,
2452 3678 2575 3736 quae
2617 3661 2687 3718 de
2736 3660 2916 3715 fratris
2965 3658 3049 3716 sui
3099 3657 3219 3714 luce
3245 3659 3516 3732 (perpetua
3549 3654 3726 3708 lumen
3761 3649 3870 3706 sibi

2258 3757 2682 3814 immortalitatis
2724 3767 2777 3812 et
2808 3754 2992 3826 gratia:
3039 3762 3334 3810 mutuatur.
3369 3749 3561 3822 Fulget
3589 3746 3734 3803 enim
3763 3745 3871 3802 Ec-

2256 3851 2423 3907 clesia
2474 3865 2582 3912 non
2623 3865 2744 3914 suo,
2797 3847 2892 3904 sed
2923 3845 3126 3902 Christi
3153 3846 3386 3912 lumine;
3436 3853 3491 3900 et
3515 3840 3866 3916 splendorem

2257 3943 2357 4000 sibi
2399 3941 2631 3998 arcessit
2681 3940 2748 3996 de
2786 3943 2902 3994 sole
2951 3939 3203 4009 iustitia),
3227 3947 3284 3994 ut
3313 3935 3454 3996 dicat
3488 3951 3502 3990 :
3539 3933 3670 3992 Vivo
3696 3944 3868 3988 autem
3933 3973 3956 3984 κ

2248 4036 2363 4105 jam
2386 4052 2485 4090 non
2517 4050 2628 4106 ego,
2647 4034 2765 4088 vivit
2796 4041 2966 4088 autent
2991 4034 3044 4085 in
3072 4048 3149 4088 me
3178 4026 3625 4102 Christus(Galut.
3659 4044 3718 4094 tt,
3746 4026 3863 4098 20).

2257 4128 2419 4184 Beata
2451 4130 2609 4202 plane
2648 4144 2765 4202 qua:
2810 4135 3013 4184 tantum
3050 4128 3261 4198 insigne
3303 4123 3589 4182 meruisti!
3623 4120 3780 4178 Unde
3811 4129 3867 4177 te

2257 4239 2364 4278 non
2400 4227 2503 4277 tuis
2535 4223 2854 4280 neomeuiis.
2888 4221 2980 4276 sed
3007 4230 3136 4292 typo
3168 4220 3424 4275 Ecclesiae
3460 4218 3670 4274 beatam
3702 4217 3862 4272 dixe-

2256 4315 2381 4371 rim.
2413 4315 2467 4372 lu
2494 4315 2600 4372 illis
2621 4318 2764 4374 enim
2793 4313 2986 4380 servis,
3021 4315 3072 4368 itt
3109 4315 3210 4368 hoc
3240 4311 3501 4384 diligi-ris.

2329 4410 2420 4465 55.
2460 4408 2630 4476 Quam
2682 4408 2968 4464 ridiculum
3035 4417 3216 4464 autem
3263 4405 3408 4478 quod
3453 4415 3506 4460 te
3545 4403 3866 4474 plerumque

2257 4505 2486 4561 credunt
2536 4504 2784 4564 homines
2831 4504 3052 4576 magicis
3075 4502 3408 4558 carminibus
3438 4513 3598 4570 posse
3625 4498 3821 4552 deduci
3846 4498 3860 4552 ι

553 4582 708 4682 testis
725 4579 778 4632 itt
802 4578 1162 4682 calo-ﬁdelis.
1190 4579 1346 4633 Aliud
1373 4582 1514 4634 enim
1539 4593 1622 4637 est
1643 4581 1787 4654 fungi
1818 4587 2146 4654 ministerio,
2177 4621 2231 4682 Β
2256 4601 2443 4656 Αηῑιες
2491 4602 2606 4656 ista;
2652 4600 2869 4665 ῃιιηιιω,
2913 4614 2974 4654 ac
3033 4599 3176 4668 vulgi
3208 4594 3514 4667 opiniones.
3558 4594 3689 4663 Quis
3719 4593 3863 4648 enim

551 4671 696 4728 aliud
726 4670 1062 4727 Circumferri
1095 4671 1334 4741 ingenio,
1360 4688 1410 4729 et
1436 4691 1626 4730 sensus
1647 4676 1960 4735 inﬁrmitate
1989 4681 2148 4742 lixam

552 4766 660 4820 han
713 4763 912 4820 habere
956 4767 1301 4820 sententiam.
1357 4767 1502 4821 Luna
1563 4785 1660 4840 pro
1713 4782 1763 4826 te
1818 4773 2046 4843 laborat,
2097 4787 2152 4831 et

551 4869 774 4929 propter
814 4858 1151 4912 voluntatem
1201 4860 1291 4913 Dei
1336 4861 1547 4916 subdita
1589 4875 1691 4919 est.
1723 4865 1956 4924 Vanitati
2005 4870 2148 4925 enim

551 4961 800 5007 creatura
824 4953 1067 5021 subjecta
1101 4964 1184 5008 est
1231 4971 1335 5008 non
1368 4970 1592 5024 sponte,
1626 4959 1718 5014 Sed
1751 4974 1972 5034 propter
2001 4981 2145 5030 eum,

552 5046 640 5115 qui
670 5045 903 5113 subjecit
932 5046 981 5098 in
1008 5059 1124 5115 spe.
1159 5045 1246 5100 Illa
1271 5063 1399 5115 ergo
1431 5065 1536 5103 non
1568 5064 1761 5120 Sponte
1786 5068 2058 5112 mutatur:
2094 5070 2148 5114 tu

549 5149 746 5208 Sponte
779 5139 1026 5192 mutaris.
1073 5137 1164 5192 Illa
1206 5137 1556 5210 congemiscit
1603 5155 1654 5200 et
1696 5151 2055 5220 cnnparturit
2093 5151 2148 5208 in

549 5243 648 5288 sua
678 5232 1012 5286 mutatione:
1049 5241 1102 5286 tu
1141 5247 1247 5286 non
1295 5233 1584 5306 intelligis,
1632 5247 1687 5292 et
1714 5242 2004 5310 gratularis
2036 5242 2146 5301 fre-

548 5431 934 5577 prgcl‘k‘rinpotis
963 5429 1152 5491 Grmce
1180 5434 1435 5514 ἄμπωτις,
1471 5437 1522 5500 id
1555 5448 1670 5506 est,
1705 5442 1967 5502 undarum
2001 5448 2141 5503 reci-

687 5540 702 5557 ι
765 5527 814 5559 υ.

687 5527 814 5559 ιιιιυ.

620 5576 647 5614 ιι
677 5575 764 5657 .l'a
791 5577 1037 5657 melioris
1075 5591 1219 5657 natm
1253 5597 1387 5636 mss.
1433 5582 1646 5657 iit-liqui
1689 5594 1869 5640 autem
1920 5589 2137 5657 partim,

547 5652 724 5731 omina
744 5664 880 5713 qum,
908 5652 990 5705 vel
1022 5653 1292 5731 omniaque
1317 5671 1381 5708 ex
1417 5654 1581 5731 nihilo
1607 5663 1720 5707 orta
1751 5652 2000 5731 usquead
2027 5652 2142 5731 per?

545 5723 820 5803 factionem
843 5733 1110 5803 venerunt,
1131 5734 1186 5803 et.
1203 5726 1419 5803 iterum;
1451 5727 1666 5803 partim,
1687 5729 1808 5797 quia
1822 5723 2001 5788 omnia

549 5826 567 5845 .
596 5829 610 5846 .
641 5828 654 5842 .
686 5793 894 5856 iterum,
930 5802 1036 5862 etc.
1067 5793 1428 5866 \'atic.solus,
1451 5793 1722 5867 omnian
1749 5816 1812 5858 ex
1833 5803 1997 5864 nihilo
2026 5793 2142 5862 orta

2255 4693 2393 4762 opus
2441 4691 2537 4746 Dei
2585 4699 2733 4750 tanto
2781 4689 3088 4748 ministerio
3139 4690 3455 4759 deputatum
3505 4686 3867 4740 arbitraretur

2254 4784 2563 4841 Chaldaicis
2607 4783 3084 4856 superstitionibus
3139 4797 3297 4852 posse
3371 4779 3607 4836 tentari?
3655 4777 3865 4848 Lapsus

2253 4880 2324 4934 sit
2357 4879 2465 4943 ille,
2515 4880 2612 4948 qui
2658 4897 2716 4934 se
2749 4878 3098 4948 transﬁgurat
3129 4877 3181 4932 in
3209 4874 3456 4946 angelum
3489 4872 3640 4940 lucis,
3686 4879 3741 4926 et
3770 4870 3874 4940 des

2253 4975 2447 5030 ductus
2471 4977 2745 5036 voluntate
2783 4975 3030 5045 propria,
3079 4989 3184 5028 non
3241 4972 3544 5027 carminum
3573 4977 3858 5039 potestate.

2254 5065 2398 5123 Sane
2439 5077 2494 5124 et
2540 5069 2590 5122 in
2618 5069 2721 5124 hoc
2749 5071 2899 5139 quasi
2936 5066 3178 5122 Ecclesia
3206 5063 3410 5136 pularis
3452 5076 3612 5134 passe
3638 5059 3706 5115 de
3740 5060 3862 5114 loco

2255 5169 2346 5216 tuo
2372 5169 2426 5214 et
2462 5160 2693 5216 statione
2727 5161 2941 5217 deduci.
2976 5160 3126 5216 Multi
3164 5168 3376 5214 tentant
3403 5157 3699 5212 Ecclesiam
3727 5172 3741 5220 _:
3765 5152 3860 5209 sed

2252 5267 2395 5324 sagae
2422 5264 2442 5292 ε
2473 5255 2608 5310 artis
2633 5255 2684 5311 ei
2715 5256 2958 5311 carmina
2979 5268 3181 5312 nocere
3208 5267 3314 5310 non
3347 5249 3754 5322 passuut.blihil
3781 5249 3864 5305 in-

2249 5453 2405 5525 simul
2434 5465 2584 5523 atque
2624 5458 2692 5509 ad
2739 5455 3106 5525 perfectionem
3153 5465 3434 5518 uenerunt,
3485 5453 3694 5516 iterum,
3741 5461 3854 5507 etc.

2251 5523 2403 5598 Etltt.
2423 5543 2568 5590 vero,
2599 5529 2720 5598 quia
2740 5523 2912 5582 omnia
2939 5544 3003 5581 ex
3032 5527 3218 5586 nihilo.
3245 5537 3373 5598 cita,
3409 5537 3464 5582 ut
3490 5525 3555 5598 ἱιι
3571 5535 3856 5598 contextu.

2327 5609 2348 5671 εἷ
2391 5597 2517 5652 Mss.
2560 5593 2783 5668 aliqu-tt,
2830 5597 3163 5671 sagacitatis;
3190 5597 3281 5653 alii
3316 5593 3562 5654 ttonnulli
3590 5593 3860 5671 sacrilega;

2247 5670 2407 5743 artis;
2438 5665 2809 5743 νΙιιιῚξμιςεασω
2846 5665 2994 5726 artis.
3027 5671 3194 5736 Edit.,
3246 5671 3457 5743 magicae
3500 5669 3667 5733 artis;
3710 5665 3855 5742 quod

2248 5741 2440 5797 eodem
2470 5742 2684 5797 recidit.
