4150 6358
591 275 702 334 207

1959 261 2206 322 SANC'I'I
2243 261 2568 324 AMBROSII

3860 261 3938 322 208

594 390 886 461 impletum
931 372 1316 442 animantibus.
1365 381 1440 437 lbi
1473 377 1803 436 insensibilia
1833 379 2189 451 pttllulabant,
2220 381 2277 445 Α
2299 382 2635 452 diversisque
2673 379 3008 437 ﬂuminibus.
3055 378 3364 447 Siquidem
3400 393 3568 451 aqua
3595 379 3750 449 prior
3772 381 3939 436 anima-

597 483 692 538 hic
731 478 1008 536 sensibilia
1038 485 1337 531 versamur.
1385 473 1441 530 ln
1478 476 1638 529 terris
1668 487 1883 544 quoque
1908 487 2044 541 aqua
2067 487 2192 527 suas

596 573 704 630 sibi
766 571 1003 626 vindicat
1073 567 1363 637 portiones.
1438 565 1702 621 Lambunt
1750 574 1950 620 terram
2017 565 2194 634 pisces

599 681 883 738 aquarum,
907 675 960 719 et
981 678 1044 718 es
1063 676 1124 716 ea
1146 660 1246 714 sibi
1271 659 1504 729 praedam
1525 658 1821 728 requirunt.
1838 657 2197 728 Culicesquo-

598 776 706 832 que
730 769 785 815 et
811 754 1093 812 ranuncnli
1122 755 1264 810 circa
1291 753 1560 824 genitales
1590 760 1840 820 strepunt
1871 751 2112 820 paludes,
2143 759 2199 806 et

597 851 1024 925 ipsaaaudierunt
1049 847 1584 904 Dominimandatnm
1610 846 1872 902 dicentis:
1900 842 2200 898 Producaut

597 962 747 1016 aqua
770 945 975 1015 reptilia
1003 943 1296 996 animarum
1321 940 1614 994 viventium.

670 1037 726 1093 4.
770 1037 986 1094 Scimus
1015 1033 1226 1104 reptilia
1245 1032 1350 1086 dici
1367 1047 1568 1102 genera
1593 1039 1929 1102 serpentum,
1965 1045 2032 1086 eo
2055 1031 2200 1100 quod

595 1147 763 1202 super
787 1139 985 1186 terram
1019 1125 1356 1197 repantzsed
1373 1124 1542 1179 multo
1566 1125 1736 1193 magis
1769 1139 1931 1179 omne
1947 1123 2089 1194 quod
2112 1140 2206 1178 na-

597 1231 697 1289 tat,
712 1221 957 1292 reptandi
977 1219 1137 1274 habet
1158 1217 1244 1271 vel
1270 1219 1531 1284 Speciem.
1553 1216 1639 1271 vel
1658 1224 1923 1270 naturam.
1945 1214 2076 1270 Nam
2100 1216 2202 1271 etsi

595 1319 655 1375 in
684 1315 1010 1389 profundum
1033 1313 1122 1382 qui
1149 1327 1210 1367 se
1237 1310 1618 1373 detnerserint,
1646 1324 1840 1379 aquam
1872 1307 2155 1363 videantur
2177 1318 2204 1344 ι

600 1413 811 1470 ﬁndere
837 1427 853 1476 ;
879 1421 1204 1464 tamencum
1236 1419 1398 1474 supra
1423 1404 1690 1466 innatant,
1725 1412 1921 1474 repunt
1953 1410 2067 1458 toto
2091 1418 2208 1458 cor-

601 1523 762 1578 pore,
805 1504 950 1576 quod
990 1500 1212 1556 trahunt
1261 1514 1423 1569 super
1451 1497 1698 1568 quaedam
1726 1498 1885 1552 dorsa
1923 1513 2202 1568 aquarum.

603 1599 763 1657 Unde
788 1609 842 1654 et
871 1595 1035 1650 David
1070 1593 1144 1648 ait
1174 1611 1187 1646 :
1214 1590 1328 1646 Hoc
1373 1609 1510 1646 mare
1558 1607 1798 1664 magnum
1829 1601 1874 1645 et
1902 1592 2202 1660 spatiosum,

603 1695 716 1750 illic
754 1691 958 1760 reptilia
1006 1704 1226 1759 quorum
1276 1703 1375 1740 non
1418 1695 1490 1739 est
1531 1684 1906 1756 numerus(Ps.
1942 1701 2054 1751 cm,
2089 1684 2204 1756 25).

2300 491 2420 531 rum
2465 477 2759 531 viventium
2812 474 3022 546 reptilia
3067 472 3256 529 divino
3313 481 3481 529 nutu
3547 473 3817 545 imperata
3846 491 3939 547 pro-

2301 565 2471 622 duxit.

2372 659 2424 714 ϐ.
2461 659 2614 716 Adde
2645 658 2783 716 hanc
2811 660 3036 730 gratiam
3063 703 3077 725 ,
3107 659 3252 731 quod
3291 675 3371 715 ca
3409 674 3558 728 quae
3617 659 3866 715 timemus
3904 660 3942 715 in

2302 753 2465 809 terris
2493 769 2738 809 amamus
2770 757 2823 809 in
2853 755 3025 826 aquis.
3063 754 3280 810 Etenim
3353 754 3552 810 noxia
3603 755 3661 809 in
3720 755 3872 809 terris
3906 757 3943 809 in

2304 862 2442 918 aqua
2466 849 2685 903 innoxia
2706 857 2851 909 sunt,
2883 858 3046 919 atque
3092 848 3194 917 ipsi
3241 863 3501 918 angues
3563 848 3694 903 sine
3747 862 3942 902 veneno.

2305 943 2416 998 Leo
2450 942 2706 998 terribilis
2737 944 2790 997 in
2817 943 2996 1006 terris,
3025 941 3199 996 dulcis
3229 941 3285 994 in
3325 940 3657 997 ﬂuctibus.
3694 941 3943 1000 Muraena,

2306 1051 2465 1107 quam
2493 1039 2667 1091 terunt
2697 1036 2899 1108 aliquid
2934 1037 3132 1092 habere
3163 1037 3453 1101 noxium,
3494 1051 3638 1091 esca
3690 1035 3946 1107 pretiosior

2307 1141 2411 1186 est.
2436 1131 2585 1186 Rana
2611 1131 2837 1186 horrens
2862 1131 2915 1184 in
2942 1131 3245 1200 paludibus,
3280 1131 3529 1186 decora
3570 1131 3630 1184 in
3663 1131 3839 1200 aquis,
3862 1143 3947 1180 utn-

2309 1225 2469 1280 nibus
2493 1225 2606 1280 fere
2632 1234 2848 1295 praestat
2876 1224 3168 1280 alimentis.
3203 1224 3386 1280 Plura
3453 1225 3507 1280 si
3548 1226 3686 1294 quis
3735 1222 3842 1276 vult
3882 1236 3947 1275 co-

2309 1319 2903 1390 gnoscere,adiversis
2951 1318 3194 1372 locorum
3254 1318 3682 1385 piscatoribus
3735 1325 3944 1386 quaem;

2313 1429 2473 1467 nemo
2495 1414 2639 1466 enim
2672 1412 3048 1482 potestomnia
3070 1409 3618 1478 comprehendere.
3644 1407 3825 1464 Canes
3847 1421 3944 1461 sane

2312 1516 2366 1563 et
2397 1507 2448 1561 in
2482 1507 2612 1561 mari
2641 1522 2792 1568 cave,
2826 1521 2965 1577 quos
2992 1514 3048 1558 et
3074 1504 3124 1559 in
3161 1504 3428 1559 Ecclesia
3465 1503 3760 1558 molestos
3785 1511 3945 1556 esseet

2313 1599 2590 1656 cavendos
2613 1598 2903 1668 Apostolus
2931 1597 3090 1652 docet
3109 1595 3297 1652 dicens
3329 1613 3345 1650 :
3389 1593 3614 1650 Cavete
3637 1609 3813 1653 canes,
3835 1606 3942 1644 care-
4033 1593 4035 1656 ξ

2314 1703 2362 1746 te
2386 1693 2550 1746 malos
2575 1693 2834 1763 Operatios
2862 1690 2883 1762 (
2912 1689 3052 1744 Phil.
3080 1705 3134 1744 ttt
3161 1732 3175 1755 ,
3224 1688 3323 1761 2).
3367 1689 3658 1744 Mustela:
3699 1685 3871 1758 gravis
3905 1684 3939 1736 in

605 1784 914 1856 Quinetiam
936 1798 1056 1837 cum
1083 1781 1333 1851 pleraque
1355 1778 1520 1848 pedes
1543 1778 1796 1842 habeant,
1829 1788 1883 1833 et
1902 1777 2208 1832 ambulandi
2243 1787 2292 1848 Β
2319 1784 2478 1840 ιρι-ἠδ
2507 1785 2663 1842 odor,
2690 1785 2741 1838 in
2771 1787 2924 1855 aquis
2953 1783 3153 1838 suavis.
3182 1781 3449 1837 Terrena
3480 1799 3551 1836 se
3579 1784 3744 1835 novit
3773 1777 3938 1832 vindic-

607 1892 792 1939 usum,
823 1890 890 1931 eo
915 1871 1060 1945 quod
1082 1872 1190 1926 sint
1211 1870 1502 1941 atnpbibia,
1539 1886 1658 1941 quae
1687 1870 1770 1925 vel
1795 1869 1847 1923 itt
1871 1870 2024 1939 aquis
2050 1869 2135 1924 vel
2160 1869 2212 1924 in

606 1971 773 2028 terris
791 1967 993 2033 vivant,
1023 1975 1080 2019 ιιι
1110 1973 1235 2020 sunt
1255 1963 1460 2033 pbocze,
1494 1962 1773 2024 crocodili,
1798 1963 1920 2029 equi
1943 1961 2211 2027 ﬂuviales,

609 2079 752 2137 quos
771 2061 1182 2131 hippopotamos
1194 2065 1408 2120 vocant,
1425 2071 1491 2110 eo
1511 2055 1652 2125 quod
1682 2055 1734 2108 hi
1757 2052 2217 2125 generenturNilo

606 2161 666 2219 in
695 2158 943 2222 ﬂumine;
976 2166 1153 2210 tamen
1167 2169 1288 2210 cum
1317 2153 1370 2208 in
1399 2153 1509 2208 alto
1535 2167 1794 2222 aquarum
1816 2158 1959 2211 sunt,
1986 2165 2090 2204 non
2104 2164 2214 2203 am-

607 2252 830 2311 bulant.
858 2247 951 2305 Sed
977 2256 1182 2312 natant,
1223 2260 1323 2300 nec
1351 2243 1576 2314 vestigio
1624 2250 1846 2298 tttnntur
1865 2241 2011 2312 pedis
2040 2241 2104 2296 ad
2137 2241 2220 2296 in-

610 2343 942 2405 cedendum,
974 2339 1067 2394 sed
1097 2347 1351 2408 tanquam
1385 2352 1534 2390 remo
1565 2334 1633 2390 ad
1667 2333 2006 2404 reptandnm.
2040 2333 2218 2403 Siqui-

611 2437 737 2496 dem
765 2444 820 2492 et
839 2433 992 2489 navis
1004 2441 1118 2486 acta
1134 2430 1299 2485 remis
1322 2427 1544 2494 labitur,
1570 2438 1623 2482 et
1637 2441 1803 2497 aquas
1819 2426 1990 2480 sulcat
2009 2425 2214 2480 carina.

1266 2566 1494 2625 CAPUT
1537 2566 1598 2624 Il.

626 2689 828 2749 Virtute
866 2689 1021 2759 hujus
1059 2686 1216 2752 vocis,
1263 2682 1567 2756 producant
1596 2696 1753 2752 aqua:
1791 2680 2030 2751 reptilia,
2059 2679 2221 2734 multo

691 2787 843 2860 plura
867 2785 919 2838 in
948 2781 1075 2836 mari
1101 2795 1256 2850 quam
1284 2779 1339 2832 in
1380 2785 1516 2831 terra
1563 2791 1670 2830 esse
1699 2774 1982 2845 producta;
2016 2791 2226 2843 corrupte

693 2881 916 2955 gratiam
955 2877 1102 2948 aquis
1141 2874 1398 2941 additam,
1449 2881 1503 2926 ut
1545 2887 1661 2940 qua:
1697 2870 1750 2924 in
1793 2870 1941 2925 terris
1969 2871 2146 2936 noxia,
2170 2869 2224 2923 in

691 2975 822 3030 mari
845 2972 1057 3027 innoxia
1078 2975 1401 3044 generentur.

700 3089 755 3146 5.
807 3087 1105 3144 Producant
1130 3098 1278 3154 aqua:
1296 3083 1524 3153 reptilia,
1567 3079 1702 3136 dixit
1726 3079 2004 3136 Dominus.
2035 3077 2224 3133 Brevis

2320 1887 2368 1933 ta
2393 1877 2605 1932 fartoris
2628 1876 2815 1932 ulcisci
2843 1894 2855 1929 :
2883 1878 2999 1932 hatc
3029 1892 3134 1931 non
3185 1876 3483 1931 minorem
3521 1875 3701 1930 habet
3751 1872 3936 1944 gratiam

2317 1981 2496 2042 capta,
2529 1985 2690 2041 quam
2722 1969 2914 2024 libera.
2959 1968 3143 2038 Neque
3203 1976 3254 2023 te
3297 1969 3738 2023 inhonoratum
3793 1975 3936 2019 nostra

2318 2067 2720 2135 prosecutioue,
2754 2062 3031 2134 tltytnalle,
3060 2062 3355 2124 dimittam,
3394 2061 3499 2118 cui
3535 2061 3570 2116 it
3615 2061 3754 2116 ﬂore
3776 2071 3932 2112 nomen

2319 2156 2586 2211 inolevit:
2620 2171 2715 2211 seu
2744 2154 2920 2210 Ticini
2962 2155 3103 2209 unda
3159 2163 3211 2208 te
3262 2153 3534 2208 ﬂuminis
3568 2195 3585 2219 ,
3622 2167 3724 2207 seu
3771 2145 3931 2203 amttni

2319 2248 2542 2304 Athesis
2569 2249 2710 2303 unda
2735 2248 3008 2314 nutrierit,
3040 2247 3140 2302 ﬂos
3169 2262 3249 2302 es.
3280 2247 3562 2318 Denique
3595 2258 3781 2312 sermo
3808 2248 3929 2296 testa-

2320 2341 2447 2408 tior,
2471 2342 2612 2410 quod
2636 2341 2702 2396 de
2731 2356 2798 2398 eo
2826 2341 2914 2409 qui
2934 2348 3138 2410 gratam
3157 2339 3367 2396 redolet
3383 2340 3746 2394 suavitatem
3770 2378 3783 2401 ,
3808 2344 3827 2372 ε
3848 2330 3930 2386 dic-

2322 2443 2432 2490 tum
2467 2434 2639 2490 facete
2666 2436 2774 2490 sit:
2806 2433 2916 2488 Ant
2946 2435 3146 2504 piscem
3175 2433 3284 2488 olet
3308 2444 3408 2488 aut
3452 2434 3695 2496 ﬂorem;
3730 2432 3797 2484 ita
3820 2425 3922 2479 idem

2321 2528 2704 2599 pronuntiatus
2730 2538 2812 2581 est
2841 2527 3004 2596 piscis
3031 2525 3168 2580 odor
3188 2541 3309 2581 esse
3329 2527 3430 2598 qui
3465 2525 3655 2580 ﬂoris.
3673 2520 3806 2590 Quid
3830 2530 3923 2586 spe-

2321 2622 2405 2676 cie
2437 2630 2524 2675 tna
2555 2622 2799 2692 gratius?
2824 2620 2962 2687 Quid
2992 2620 3258 2676 suavitate
3283 2618 3652 2690 jucundius?
3671 2613 3804 2684 Quid
3822 2609 3918 2664 odo-

2323 2728 2384 2770 re
2409 2713 2760 2785 ﬂagrantius?
2789 2713 2941 2780 Quod
2973 2712 3136 2767 mella
3183 2712 3446 2784 ﬂagrant,
3484 2713 3603 2768 hoc
3633 2720 3690 2764 ιιι
3735 2713 3919 2773 corpore

2324 2814 2419 2861 ῑιιο
2450 2808 2643 2876 Spiras.
2669 2805 2806 2875 Quid
2839 2801 3409 2874 loquardcorvorutn,
3437 2806 3584 2878 quid
3612 2804 3772 2860 etiam
3800 2798 3915 2866 lupo:

2323 2913 2444 2953 rum
2476 2899 2909 2954 teneritudines?
2936 2896 3117 2954 Nescit
3161 2897 3260 2953 hos
3306 2899 3478 2968 lupos
3523 2911 3706 2969 agnus
3743 2892 3912 2947 timere.

2324 2991 2492 3047 Tanta
2518 3000 2603 3047 est
2629 3007 2889 3063 aquarum
2931 2990 3127 3062 gratia,
3161 3001 3185 3027 ε
3217 3007 3455 3063 quarum
3493 2990 3705 3046 vitulos
3751 2981 3912 3049 fugiant

2326 3097 2382 3142 et
2409 3086 2619 3152 leones,
2649 3098 2702 3141 ut
2735 3086 2817 3142 his
2846 3087 3219 3156 propheticum
3245 3086 3393 3141 illum
3423 3086 3649 3141 dictum
3673 3081 3739 3136 de
3765 3072 3911 3132 Eccle-

623 3200 831 3247 sernto.
857 3183 950 3240 sed
978 3181 1298 3243 vehemens,
1323 3187 1378 3232 et
1402 3177 1506 3231 late
1538 3185 2102 3246 patens.commnnem
2122 3170 2223 3225 mi-
2249 3178 2294 3240 (ζ
2329 3179 2424 3233 sim
2456 3179 2744 3236 sanctilale
2767 3179 2891 3250 jure
2918 3179 3211 3234 conveniat
3239 3194 3254 3232 :
3290 3176 3442 3233 Tunc
3473 3178 3598 3250 lupi
3642 3184 3692 3229 et
3715 3167 3828 3244 agni
3859 3161 3909 3215 rio

621 3279 788 3337 nimis
825 3288 880 3332 et
908 3274 1155 3330 maximis
1191 3285 1437 3327 naturain
1464 3267 1676 3323 inludit.
1715 3265 1919 3321 Eodem
1946 3271 2224 3318 tnnntento

626 3370 947 3444 producitur
983 3368 1173 3422 balvna
1205 3380 1312 3434 quo
1349 3377 1481 3418 rana
1529 3360 1771 3432 ein-dem
1804 3359 1855 3412 vi
1894 3357 2224 3426 Operationis

627 3464 894 3521 nascitur.
924 3459 1040 3515 Non
1065 3459 1276 3512 laborat
1315 3456 1368 3508 in
1407 3453 1658 3508 maximis
1685 3451 1849 3516 Dens,
1884 3465 1991 3503 non
2025 3446 2226 3502 lasddit

629 3559 686 3614 in
716 3555 976 3612 minimis.
1020 3552 1128 3607 Nec
1153 3550 1323 3606 doluit
1353 3557 1540 3602 natura
1586 3545 1890 3616 parturiens
1920 3543 2223 3612 delphinas;

631 3655 772 3710 sicut
801 3665 907 3706 non
937 3648 1130 3711 doluit,
1175 3659 1298 3700 cum
1343 3643 1566 3712 exiguos
1597 3638 1833 3693 murices
1869 3639 2227 3707 cocliteasque

629 3746 976 3820 produceret.
1010 3741 1268 3805 Adverte,
1319 3742 1352 3792 0
1374 3735 1558 3822 homo,
1602 3723 1802 3804 quanto
1827 3731 1979 3803 plura
2011 3731 2064 3786 in
2094 3731 2228 3786 mari

628 3856 790 3916 quant
822 3842 874 3896 itt
905 3838 1064 3894 terris
1089 3835 1220 3890 sint.
1261 3831 1493 3888 Numera
1511 3830 1555 3885 si
1589 3837 1762 3901 potes.
1796 3828 1978 3882 omnia
2000 3827 2228 3898 piscium

627 3950 829 4008 genera
851 3931 1298 3995 velminntorunt,
1320 3926 1402 3981 vel
1418 3923 1580 3980 etiam
1599 3922 1980 3986 maximorum,
1997 3917 2228 3990 sepiasb,

622 4032 876 4120 polypos.
921 4027 1297 4088 litliostracos,
1325 4019 1575 4080 carabos,
1604 4030 1857 4082 cancros,
1880 4024 1929 4070 et
1961 4015 2014 4068 in
2040 4013 2124 4067 liis
2147 4013 2228 4066 in-

556 4187 563 4192 ,
623 4109 1109 4190 numerabiliasl
1138 4115 1220 4170 sui
1245 4113 1477 4184 generis.
1507 4110 1646 4180 Quid
1677 4109 1852 4165 dicam
1893 4121 2092 4178 genera
2115 4120 2232 4161 ser-

625 4215 894 4286 pentium,
918 4211 1203 4273 dracones,
1234 4221 1522 4270 murmnas,
1553 4200 1851 4274 anguillas?
1882 4200 1990 4256 Nec
2012 4209 2236 4271 prmter-

629 4307 841 4361 mittam
870 4304 1146 4374 scorpios,
1178 4317 1368 4366 ranas,
1395 4299 1693 4356 testudines
1715 4337 1732 4364 ,
1787 4296 2052 4351 mustelas
2093 4309 2230 4365 quo-

634 4412 743 4469 que
770 4405 827 4453 et
849 4410 1012 4452 canes
1044 4393 1362 4456 maritimos,
1389 4391 1590 4446 vitulos
1611 4387 1871 4454 marinos,
1902 4398 2020 4442 cete
2045 4386 2238 4441 imma-

632 4493 722 4548 nia
749 4532 765 4559 ,
795 4490 1100 4561 delphinas,
1134 4489 1356 4558 phocas,
1391 4486 1599 4541 leOnes.
1634 4481 1772 4551 Quid
1805 4491 2036 4536 attexatn
2069 4479 2230 4536 etiam

633 4582 880 4639 merulos
903 4622 917 4646 ,
948 4580 1135 4635 turdos
1158 4620 1174 4646 ,
1219 4592 1383 4650 pavos
1404 4591 1650 4647 quoque,
1696 4589 1923 4646 quorum
1950 4572 2111 4628 etiam
2140 4587 2233 4628 co-

2328 3273 2440 3327 mul
2469 3288 2764 3344 pascentur,
2795 3274 2873 3328 leo
2903 3284 2951 3328 et
2983 3277 3071 3327 bos
3126 3272 3284 3328 simul
3330 3274 3524 3346 paleas
3569 3260 3906 3325 manducaltsnl

2330 3366 2350 3438 (
2380 3363 2502 3418 Εκα·
2530 3380 2674 3429 ων.
2705 3364 2834 3437 25).
2868 3364 2980 3420 Nec
3011 3364 3206 3420 mirum
3239 3406 3253 3431 ,
3283 3360 3742 3434 quandoquidem
3785 3351 3904 3408 etiam

2334 3457 2390 3513 in
2445 3458 2688 3514 Ecclesia
2743 3475 2894 3530 aqua:
2932 3459 3062 3514 illud
3115 3469 3457 3528 operantur,
3525 3465 3590 3513 ut
3637 3449 3904 3526 pra‘donlﬂn

2333 3553 2517 3608 abluta
2547 3554 2779 3624 nequitia
2803 3570 2924 3608 cum
2976 3553 3356 3610 innocentibus
3391 3559 3772 3624 comparetur.
3799 3533 3904 3606 Ουίά

2330 3649 2492 3704 etiam
2522 3664 2788 3720 purpuras
2819 3664 3114 3704 memorem
3134 3689 3148 3714 ,
3172 3665 3291 3719 qua:
3316 3657 3526 3704 ornant
3545 3658 3734 3718 regum
3761 3630 3903 3692 convi-

2328 3738 2437 3806 via,
2471 3741 2701 3795 amictus
2737 3739 3028 3795 itnbunut?
3055 3743 3330 3809 Aquarum
3376 3754 3457 3795 est
3488 3740 3664 3812 igitur
3706 3726 3829 3804 ᾳυοά
3861 3721 3901 3775 in

2331 3830 2550 3901 regibus
2576 3831 2834 3886 adoratur
2869 3848 2880 3884 :
2907 3847 3166 3902 aquarum
3193 3841 3275 3887 est
3313 3831 3533 3902 species
3584 3830 3672 3886 illa
3701 3836 3805 3896 qua
3827 3812 3901 3871 Μ·

2333 3936 2442 3995 get.
2477 3924 2629 3981 Adde
2657 3939 2849 3994 porcos
2872 3927 3037 3980 maris
3067 3926 3227 3981 etiam
3281 3925 3488 3983 Judaeis
3543 3932 3767 3997 gratos;
3807 3905 3898 3980 illi“

2335 4017 2469 4071 niltil
2491 4025 2574 4072 est
2605 4032 2911 4084 Commune,
2943 4019 3090 4089 quod
3115 4033 3221 4073 non
3255 4033 3392 4089 aqua
3441 4017 3675 4081 abluat,
3708 4017 3760 4066 et
3803 4000 3895 4058 ἱάεο

2338 4125 2656 4167 communes
2705 4125 2800 4166 eos
2854 4111 2996 4167 sicut
3028 4111 3085 4166 in
3125 4120 3268 4167 terra
3301 4109 3481 4168 editos
3526 4107 3791 4167 aestimare
3817 4102 3897 4150 non

2334 4212 2581 4274 possunt.

2870 4347 2981 4419 32
3031 4345 3262 4404 CAPUT
3303 4346 3394 4403 ιιι.

2336 4462 2680 4536 Multiplicem
2709 4466 2932 4538 piscibus
2959 4469 3215 4524 rationem
3237 4485 3346 4524 esse
3381 4466 3687 4544 generandi,
3712 4476 3767 4517 ac
3811 4451 3893 4508 εῖν

2407 4561 2638 4632 gularem
2665 4561 2716 4615 in
2747 4561 2942 4633 prolem
2966 4563 3171 4632 pietatis
3215 4579 3440 4618 sensum.
3496 4564 3699 4632 Quanta
3743 4551 3799 4608 sit
3825 4558 3890 4601 eo:

627 4674 776 4732 lores
805 4673 858 4729 itt
890 4670 1077 4727 avibus
1101 4669 1344 4725 videmus
1381 4682 1701 4738 expresstis,
1730 4675 1790 4721 ut
1813 4665 1948 4736 nigri
1981 4664 2219 4732 tnerulzc,

2408 4669 2525 4706 rum
2547 4654 2746 4722 put-itas
2777 4694 2794 4722 ,
2825 4671 2927 4724 qua
2977 4670 3076 4708 non
3099 4655 3265 4710 solum
3301 4655 3407 4711 alia
3436 4656 3589 4712 bruta
3617 4696 3633 4723 ,
3661 4646 3745 4706 sed
3771 4640 3890 4698 ειίσπί

637 4769 763 4840 pavi
792 4767 1010 4824 diverso
1050 4765 1232 4820 colore
1258 4763 1419 4818 dorsa
1449 4773 1502 4818 et
1531 4762 1668 4818 colla
1700 4761 1897 4833 depicti
1927 4760 2061 4827 sint,
2089 4759 2230 4817 turdi

635 4861 762 4917 alvo
791 4860 947 4922 varii,
972 4867 1029 4915 et
1055 4872 1246 4914 caetera
1270 4871 1500 4928 quorum
1523 4855 1625 4912 sibi
1646 4867 1807 4912 terra:
1831 4857 2042 4924 species
2059 4867 2112 4910 et
2139 4871 2233 4910 no-

632 4955 784 5011 mina
810 4951 1184 5008 vindicarunt?
1213 4949 1354 5006 Nam
1396 4950 1543 5020 prius
1573 4950 1625 5004 in
1655 4949 1791 5005 mari
1821 4949 1921 5004 ista
1950 4958 2234 5020 coeperunt

705 5108 732 5136 υ
772 5093 902 5151 Mss.
931 5091 1156 5160 aliquot.
1190 5090 1460 5144 videantur
1485 5088 1734 5145 incidere.

701 5169 730 5209 ι’
745 5168 1104 5235 Mss.quatnnr
1121 5161 1338 5235 habent,
1355 5161 1492 5235 litos,
1508 5162 1986 5235 ostriotas,tt:uctas,
2001 5163 2232 5219 carabos.

630 5241 822 5303 Carn.,
853 5231 1177 5292 clitostriata.
1212 5232 1422 5296 (ii-run,
1456 5233 1765 5290 lit/tostruta.
1794 5231 1944 5288 Cum.
1975 5249 2040 5290 ac
2065 5235 2228 5291 Corb.

631 5311 868 5370 secunda
899 5324 1058 5364 manu
1084 5347 1101 5372 ,
1132 5306 1226 5360 sed
1254 5305 1470 5373 antiqua
1498 5346 1513 5367 ,
1548 5305 1844 5376 polypedes,
1875 5306 2061 5365 lit/tos,
2094 5316 2235 5360 truc-

629 5392 728 5451 εαε,
759 5382 1012 5446 carabos;
1054 5377 1194 5452 forte
1230 5376 1608 5452 )tEtéO’TllaXO‘Js'.
1642 5377 1696 5432 id
1736 5385 1819 5432 est
1849 5377 1950 5430 levi
1983 5385 2117 5452 testa
2151 5379 2233 5433 in-

629 5448 821 5509 tectos.
854 5455 1121 5509 Ctelet‘ttttt
1154 5448 1381 5503 BaSIlttts
1401 5448 1636 5504 cht‘alttts
1667 5459 1722 5503 el
1747 5463 1973 5503 cancros
2002 5449 2143 5503 inter
2165 5465 2226 5504 ea

631 5525 989 5597 reponitquze
1015 5525 1266 5578 dicuntur
1309 5519 1724 5597 pegasea-19m.
1759 5520 1808 5573 id
1842 5528 1944 5584 est,
1971 5530 2230 5597 quotes-

633 5590 716 5671 tis:
750 5590 998 5671 mollibus
1047 5590 1348 5671 teguntur“;-
1384 5590 1615 5661 Polyptis
1646 5607 1771 5671 vero
1801 5591 2060 5660 essepias
2091 5590 2230 5648 inter

632 5663 882 5736 μαλάκιαζ
935 5663 1164 5735 quornin
1191 5663 1442 5736 videlicet
1462 5677 1590 5736 caro
1617 5663 1794 5718 mollis
1814 5671 1898 5718 est
1922 5678 1984 5736 ac
2017 5673 2229 5736 tenera.

704 5747 726 5808 ς
767 5736 884 5792 Non
914 5734 1065 5806 pauci
1094 5736 1244 5802 cod.,
1273 5735 1438 5802 dictu,
1469 5735 1556 5793 vel
1581 5737 1778 5792 dictum
1798 5735 2007 5808 facessi,
2034 5734 2092 5794 id
2120 5746 2223 5805 est,

631 5807 766 5881 abit,
799 5823 896 5866 seu
924 5817 1263 5882 pervagatur.

2411 4746 2643 4800 homines
2661 4748 2798 4818 ipsos
2824 4756 3096 4817 superant.

2412 4858 2463 4913 7.
2508 4859 2778 4915 lnnumeri
2819 4860 2999 4930 itaque
3053 4875 3217 4927 usus,
3246 4860 3528 4918 innumera
3577 4867 3762 4932 genera
3805 4840 3889 4914 Ρί⁵⁸

2339 4953 2504 5008 cium.
2538 4953 2645 5008 Alii
2673 4969 2771 5010 ova
2821 4962 3082 5026 generant
3117 4995 3132 5021 ,
3166 4951 3185 4992 ί
3218 4965 3275 5009 ιιι
3331 4956 3467 5010 varii
3523 4952 3742 5024 majores
3781 4941 3884 5007 (ιυοε

2416 5095 2441 5132 ἀ
2470 5096 2598 5151 Mss.
2624 5097 2848 5167 aliquot,
2884 5095 3024 5164 Quid
3043 5097 3224 5167 loquar
3254 5114 3553 5164 porcorum,
3575 5102 3677 5167 etc.

2421 5178 2442 5205 ο
2493 5169 2584 5224 Sic
2609 5156 2741 5223 mss'.
2773 5156 3119 5238 quindecim;
3133 5176 3191 5223 et
3218 5156 3349 5224 edit.
3377 5156 3799 5238 Costhljiis'
3817 5156 3878 5238 ἔθ’

2341 5240 2547 5309 quioris
2578 5249 2739 5299 inite.
2770 5233 2833 5293 ac
2855 5241 2983 5293 edit.
3017 5238 3144 5293 Am.
3172 5281 3189 5309 ,
3235 5241 3376 5305 Pet.,
3411 5242 3534 5297 Era.
3560 5281 3575 5303 ,
3600 5235 3716 5294 Gill-
3746 5269 3760 5291 ο
3785 5233 3882 5309 σξξξ

2339 5298 2452 5436 ιῖιιῖι
2480 5311 2626 5365 vituli
2647 5298 2934 5382 ﬁgurantur
2956 5321 3002 5366 et
3035 5298 3223 5367 leones.
3256 5298 3394 5368 Rom
3427 5354 3443 5369 .
3478 5354 3493 5369 .
3519 5351 3534 5366 .
3561 5298 3575 5366 ξ
3603 5349 3616 5362 ο
3637 5298 3882 5381 fungum

2339 5392 2386 5436 et
2426 5400 2595 5436 eones.
3583 5388 3588 5390 '

2337 5392 2386 5438 et
2407 5388 2595 5439 leones.
3583 5388 3588 5390 '

2412 5455 2432 5492 τ
2488 5455 2849 5536 Edithomnes
2877 5468 3001 5508 cum
3037 5454 3222 5522 paucis
3250 5469 3408 5522 mss.,
3440 5465 3492 5510 ut
3523 5456 3558 5510 ii
3586 5440 3878 5536 quoslrfﬂx

2332 5536 2532 5581 vocant.
2567 5511 2668 5580 Alii
2701 5541 2830 5581 mss.
2864 5505 3059 5594 magno
3109 5505 3774 5594 numeri;ietwauctitritate
3801 5505 3873 5594 ξεί

2333 5601 2462 5653 varii
2489 5601 2712 5671 majores
2731 5615 2858 5668 quos
2881 5577 3068 5652 mila.
3329 5577 3441 5654 Es-t'
3474 5577 3644 5652 autem
3671 5589 3766 5671 hoc,
3789 5577 3876 5671 dis;

2331 5647 3112 5726 anisrtiigiat'ggu'intra.
3130 5647 3626 5735 ἓῖιῖἑέέἶίὶοὲἆιῖζ
3643 5652 3767 5734 quod
3812 5647 3876 5702 Im"

2331 5740 2389 5803 in
2413 5743 2547 5800 mari
2575 5741 2776 5810 vivant,
2801 5741 2906 5797 illa:
2924 5742 2980 5797 in
3008 5740 3206 5798 ﬂuviis.

4035 1692 4037 1824 |
