4150 6358
241 350 379 410 209
1602 376 1788 435 ΗΕΧΑ
1797 378 1898 436 ΕΜ]

2000 382 2100 443 DN.
2141 387 2271 445 LIB.
2316 390 2381 446 V.
3284 402 3286 405 ’
3512 411 3624 470 210

248 472 506 528 troctas
537 483 764 540 vocant,
796 484 849 532 et
874 479 1027 548 aquis
1070 479 1299 539 fovenda
1345 486 1713 545 committunt.
1768 494 1917 562 Aqua
1946 502 2001 560 Α
2025 495 2229 553 homini
2254 503 2395 571 quod
2421 513 2578 563 natus
2596 517 2701 578 est,
2725 512 2971 570 etvirum
2990 514 3058 571 de
3083 516 3201 574 viro
3220 521 3394 589 exuis,
3417 523 3627 582 abscis-

1834 558 1849 562 -
1948 558 1999 560 ί*
2270 558 2285 571 ι
2462 558 2468 560 τ
2496 558 2575 563 νν-
2600 558 2701 578 τ--ι
2728 558 2781 567 vv
2808 558 2869 568 v--
2886 558 2971 570 --ισι
2990 558 3058 571 νιν
3091 558 3201 574 νιιν
3220 558 3394 589 υληιδ,
3417 558 3623 582 auat":-

250 558 452 630 igitur
492 569 715 625 animat
739 580 793 625 et
816 582 982 638 creat,
1013 582 1068 628 et
1093 575 1270 631 adhuc
1300 579 1538 636 mandati
1580 582 1723 638 illius
1755 586 1915 655 primi
2016 604 2185 660 saque
2203 598 2447 664 corporis
2468 613 2637 669 parte,
2668 613 2690 642 ε
2709 620 2895 661 sexum
2916 623 3095 679 negas,
3117 612 3623 685 Spadunemefﬂcis;

250 660 589 685 .“l-Iﬂll_\-‘n
622 661 753 685 1.-..2-
785 675 1053 685 ..Α-,γ-ι»---
1090 682 1131 685 ..κ
1534 671 1547 684 ο
1720 675 1731 685 ι
1756 675 1769 685 ι
1867 677 1879 685 .

250 660 591 726 tamquam
622 661 755 732 legis
785 675 1058 733 perpetum
1088 682 1286 724 munus
1325 671 1641 742 exsequitur
1675 715 1690 741 ,
1720 675 1914 732 blanda
2016 686 2228 754 utquod
2249 660 2734 758 negavit-naturain
2755 660 3085 771 hnmittibuus,
3107 660 3356 776 impleret
3373 661 3618 766 audacia:

251 748 562 776 ρειαί-ἢδη...-
596 762 765 776 ...ηιΑ-
796 754 1087 776 --_:__-._.:,A
1129 775 1134 776 ,
1208 759 1224 776 ι
1247 761 1298 776 ιιι
1391 761 1403 774 ι
1557 763 1579 776 ι.
1798 767 1810 776 .

251 748 564 813 mundam
594 762 765 807 mater
794 754 1170 814 animantium.
1194 759 1301 815 Alii
1356 761 1505 818 vivos
1553 763 1696 820 fetus
1746 767 1917 823 edunt
2818 833 2829 853 ,

256 838 341 890 de
368 858 492 890 sun
523 860 762 890 onrnnrp
811 859 863 890 nt
914 855 1158 890 mnciolm
1210 865 1261 890 nl
1289 857 1551 890 ρηηὶηιιιιγ.
1613 871 1661 890 m
1691 873 1807 890 nnln
1836 863 1887 890 ξ..

256 838 341 895 de
368 858 492 897 suo
523 860 783 917 corpore,
811 859 867 903 ut
914 855 1177 915 mustela).
1210 865 1263 910 et
1289 857 1581 924 caniculae,
1612 871 1662 915 et
1690 873 1807 916 cete
1836 863 1916 917 in-

259 938 511 1004 gentia,
546 940 828 1010 delphines
853 986 866 1005 ,
894 954 948 1000 et
971 946 1159 1016 phocte
1185 990 1198 1009 .
1226 949 1439 1019 aliaque
1477 962 1673 1009 ca-tera
1727 955 1915 1026 hujus-

258 1028 469 1084 mudi.
496 1032 635 1099 Quae
650 1049 771 1090 cum
794 1036 1061 1094 ediderint
1084 1054 1287 1112 partus,
1310 1045 1351 1098 si
1369 1045 1493 1111 quid
1521 1046 1661 1103 forte
1689 1050 1911 1106 insidia-

263 1134 407 1175 rum
466 1126 811 1197 terrorisque
865 1135 1250 1200 praesenserint
1308 1138 1451 1192 circa
1521 1140 1731 1195 catulos
1786 1157 1913 1198 suos

256 1226 635 1285 quemquam
662 1220 863 1287 moliri,
896 1239 1004 1292 quo
1031 1231 1284 1281 tueantur
1310 1244 1428 1297 eos,
1453 1231 1535 1285 vel
1565 1244 1765 1287 tenera:
1786 1245 1914 1289 teta-

262 1304 347 1358 tis
383 1320 665 1373 pavorem
716 1324 963 1369 materno
1009 1315 1207 1373 aﬂ‘ectu
1264 1323 1667 1391 comprimaut,
1699 1328 1912 1396 aperire

261 1411 405 1464 ora,
437 1410 505 1455 et
533 1403 753 1459 innoxio
781 1420 967 1476 partus
991 1424 1120 1465 suos
1148 1412 1311 1469 dente
1352 1416 1717 1485 suspendere,
1742 1418 1913 1476 inter-

267 1506 353 1546 no
390 1507 630 1564 quoque
661 1497 904 1568 recipere
932 1515 1183 1571 corpore,
1211 1512 1266 1559 et
1293 1507 1507 1573 genitali
1535 1507 1784 1565 feruntur
1830 1511 1908 1565 al-

267 1603 351 1642 vo
391 1590 769 1648 abscondere.
799 1594 932 1663 Quis
961 1595 1227 1654 humanus
1253 1599 1478 1657 aﬂ‘ectus
1511 1603 1647 1660 hanc
1679 1606 1907 1675 piscium

272 1684 563 1754 pietatem
592 1689 765 1758 possit
790 1690 1024 1745 imitari?
1051 1692 1245 1748 Oscula
1277 1697 1433 1752 nobis
1461 1699 1699 1769 satietati
1736 1711 1862 1756 sunt
1890 1718 1906 1757 :

271 1776 398 1832 illis
432 1795 548 1835 non
570 1782 703 1837 satis
729 1793 811 1837 est
838 1786 1050 1855 aperire
1082 1789 1284 1845 viscera
1316 1832 1331 1856 ,
1360 1801 1622 1864 natosque
1662 1797 1908 1867 recipere

2016 934 2255 992 Mutuam
2284 956 2431 1009 aqua:
2455 960 2515 997 ac
2544 946 2759 1013 piscium
2789 956 3212 1013 necessitudinem
3238 960 3422 1017 docere
3441 1003 3456 1026 ,
3488 979 3621 1032 qua-

2088 1031 2152 1084 lis
2196 1044 2463 1103 parentum
2501 1047 2546 1089 et
2593 1038 2822 1107 ﬁliorum
2881 1052 3202 1105 necessitudo
3241 1070 3352 1109 esse
3411 1031 3612 1113 debeat.

2091 1124 2359 1193 Quomodo
2403 1132 2761 1202 respirationis
2804 1153 2955 1195 nsunt
2984 1160 3119 1214 aqua
3137 1150 3374 1219 suppleat
3422 1151 3479 1205 in
3513 1152 3625 1222 pis-

2084 1217 2246 1272 cibus.

2088 1312 2171 1366 10.
2207 1312 2377 1381 Quam
2409 1315 2545 1372 bona
2579 1330 2758 1377 autem
2792 1334 2965 1381 mater
2994 1329 3060 1383 sit
3086 1344 3223 1400 aqua
3251 1376 3265 1399 ,
3297 1338 3459 1393 etiam
3486 1339 3617 1398 hinc

2013 1405 2317 1461 causidera.
2348 1407 2449 1475 Tu,
2473 1426 2505 1464 ο
2538 1410 2723 1482 homo,
2753 1414 2984 1473 docuisti
3010 1421 3377 1483 abdiCationes
3398 1442 3615 1499 patrum

2014 1493 2067 1548 in
2099 1495 2256 1565 filios,
2292 1503 2687 1571 separationes,
2720 1506 2863 1573 odia,
2896 1509 3131 1567 oll‘eusas
3154 1555 3169 1580 ,
3194 1514 3343 1573 disce
3372 1493 3492 1587 qua:
3544 1524 3621 1579 sit

2012 1590 2252 1656 parentis
2282 1601 2336 1645 et
2360 1591 2592 1650 ﬁliorum
2638 1603 3004 1657 necessitudo.
3034 1603 3231 1662 Vivere
3277 1609 3452 1677 pisces
3494 1614 3617 1672 sine

2011 1695 2147 1751 aqua
2183 1698 2289 1738 non
2322 1699 2546 1754 queunt,
2572 1706 2670 1747 nec
2699 1709 2727 1745 a
2760 1710 2873 1749 su:e
2899 1701 3136 1765 parentis
3152 1707 3429 1760 consortio
3457 1723 3616 1779 sepa-

2011 1775 2140 1838 rari,
2173 1791 2347 1847 neque
2376 1796 2403 1833 a
2430 1795 2543 1835 suae
2572 1786 2776 1842 altricis
2807 1789 3039 1847 discerni
3094 1810 3320 1853 numere
3352 1816 3365 1852 :
3407 1808 3465 1855 et
3510 1802 3618 1858 hoc

270 1884 347 1925 ac
380 1886 652 1929 revocare
683 1874 942 1947 integros,
971 1890 1135 1950 mque
1186 1882 1374 1937 item",
1412 1884 1523 1939 [om
1557 1864 1907 1946 nundmn'eos
1938 1902 1984 1963 Β
2015 1864 2074 1919 fit
2104 1880 2294 1963 natura
2317 1873 2571 1941 quadam,
2606 1887 2661 1931 ut
2683 1884 2916 1949 separati
2958 1887 3257 1943 moriantur
3287 1889 3451 1948 illico.
3508 1893 3617 1951 Ne-

270 1962 370 2017 sui
401 1966 612 2020 caloris
629 1968 893 2031 animare,
917 1979 942 2007 α
960 1979 1015 2026 et
1034 1972 1227 2042 spiritu
1252 1976 1417 2043 alere,
1440 1978 1685 2050 duosque
1709 1981 1760 2036 in
1788 1997 1908 2038 cor-

270 2070 427 2125 pore
465 2074 572 2114 uno
594 2059 807 2127 vivere;
833 2062 1005 2120 donec
1025 2076 1118 2121 aut
1145 2070 1492 2125 securitatem
1522 2072 1790 2138 deferunt,
1812 2084 1908 2131 aut

271 2163 530 2219 corpore
560 2167 660 2207 suo
677 2155 892 2223 objecto
915 2167 1069 2213 natos
1095 2176 1224 2215 suos
1245 2161 1539 2219 defendant
1564 2181 1591 2219 a
1621 2168 1893 2236 periculis.

272 2239 428 2307 Quis
462 2242 580 2299 haec
610 2246 798 2302 videns
821 2288 837 2314 ,
878 2251 978 2305 etsi
1022 2253 1192 2320 possit
1253 2255 1501 2312 obtinere
1527 2298 1541 2323 ,
1577 2273 1685 2337 non
1738 2269 1901 2316 tanta:

275 2334 525 2404 piscium
558 2340 742 2409 pietati
769 2344 929 2398 cedat
950 2345 972 2398 ἲ
992 2346 1123 2414 Quis
1152 2363 1256 2402 non
1307 2354 1533 2406 miretur
1562 2334 1619 2407 et,
1643 2363 1855 2425 stupeat
1884 2398 1900 2422 ,

275 2436 343 2481 ut
376 2441 565 2487 servet
596 2443 787 2490 natura
815 2436 867 2490 in
900 2437 1159 2507 piscibus,
1179 2442 1321 2512 quod
1350 2460 1457 2499 non
1485 2455 1671 2501 servat
1699 2450 1750 2502 in
1800 2434 1902 2503 1ιό-

271 2519 557 2578 minibus?
590 2525 873 2598 Plera‘que
892 2544 959 2585 ex
1003 2532 1312 2601 suspicione
1358 2539 1733 2595 novercalibus
1764 2543 1903 2597 odiis

276 2617 567 2683 appetitos
588 2634 718 2675 suos
750 2623 1069 2680 occiderunt
1099 2627 1239 2683 filios
1270 2645 1283 2682 :
1314 2630 1436 2685 alize
1469 2633 1520 2686 in
1553 2631 1715 2698 fame,
1738 2647 1793 2690 ut
1823 2637 1902 2693 le-

277 2707 492 2777 gimus,
543 2723 728 2783 partus
778 2718 1030 2788 pr0prios
1075 2723 1449 2779 comederunt.
1507 2727 1771 2783 Humanis
1820 2731 1902 2799 pi-

281 2801 553 2866 gnoribus
583 2817 756 2862 mater
809 2812 1116 2879 sepulcrum
1167 2814 1308 2870 facta
1353 2826 1471 2883 est;
1506 2820 1731 2887 piscium
1765 2823 1901 2891 proli

283 2894 541 2957 parentis
566 2905 649 2950 est
678 2904 864 2954 uterus
892 2901 1035 2955 sicut
1062 2919 1267 2971 murus,
1295 2907 1440 2961 vallo
1469 2910 1702 2977 quodam
1736 2913 1902 2968 inter-

274 2995 491 3041 norum
523 2989 795 3045 viscerum
825 2994 1052 3064 pignora
1084 2997 1345 3054 inoffensa
1377 3015 1684 3059 conservat.

353 3077 389 3132 8
408 3117 422 3132 .
455 3079 685 3137 Diversa
706 3086 866 3155 igitur
890 3086 1114 3155 piscium
1147 3106 1345 3159 genera
1374 3093 1618 3149 diversos
1644 3113 1771 3151 usus
1800 3099 1893 3153 ha—

278 3169 425 3227 bent
453 3192 467 3230 :
499 3174 589 3230 alii
620 3192 721 3232 ova
744 3188 1033 3248 generant,
1066 3183 1155 3237 alii
1188 3185 1341 3239 vivos
1366 3188 1579 3255 pariunt
1602 3202 1762 3260 atque
1793 3190 1901 3247 for-

2012 1974 2117 2027 que
2145 1961 2312 2019 enim.
2350 1975 2401 2017 ut
2433 1969 2633 2035 omnia,
2667 1969 2825 2039 huius
2879 1977 3025 2031 aeris
3079 1979 3264 2035 vivunt
3291 1984 3611 2054 spiramine,

2010 2054 2133 2123 quia
2160 2055 2441 2113 hauriendi
2463 2062 2683 2131 spiritus
2705 2076 2760 2119 et
2787 2069 3085 2137 respirandi
3126 2080 3317 2129 natura
3367 2077 3449 2132 his
3500 2092 3612 2134 non

2009 2149 2277 2219 suppetit;
2302 2152 2536 2221 alioquin
2570 2156 2670 2210 Sub
2695 2160 2849 2228 aquis
2885 2177 3099 2233 semper
3127 2180 3232 2220 non
3267 2178 3489 2237 possent
3524 2170 3613 2225 vi.

2008 2255 2137 2296 vere
2166 2257 2271 2297 non
2312 2246 2592 2315 capientes
2644 2250 2866 2318 spiritus
2917 2251 3270 2312 inlusionem.
3324 2259 3481 2326 Quod
3527 2268 3616 2315 est

2008 2337 2166 2391 nobis
2197 2340 2440 2407 spiritus,
2473 2343 2579 2397 illis
2606 2354 2691 2400 est
2723 2363 2887 2416 aqua.
2945 2349 3098 2407 Sicut
3138 2353 3296 2410 nobis
3342 2356 3567 2425 Spiritus
3589 2399 3607 2425 ,

2005 2428 2076 2482 ita
2108 2428 2217 2483 illis
2238 2446 2372 2502 aqua
2402 2434 2619 2491 vivendi
2642 2440 2913 2496 ministrat
2953 2445 3311 2502 substantiam
3348 2466 3483 2505 :nos
3526 2451 3610 2506 in-

2008 2525 2243 2579 tercluso
2271 2541 2577 2586 commeatu
2606 2533 2829 2603 spiritus
2853 2577 2871 2605 ,
2903 2540 3025 2609 quia
3075 2556 3143 2595 ne
3184 2542 3334 2597 brevi
3382 2545 3606 2615 quidem

2004 2618 2180 2686 Spatio
2210 2634 2497 2690 possumus
2517 2636 2772 2695 expertes
2796 2644 2919 2686 esse
2945 2633 3169 2703 spiritus
3198 2636 3397 2701 vitalis,
3422 2640 3604 2696 statim

2002 2714 2401 2783 exstinguimur
2430 2732 2448 2773 :
2482 2717 2656 2785 pisces
2687 2736 2901 2792 quoque
2932 2726 3129 2782 sublati
3160 2728 3229 2785 de
3277 2746 3418 2802 aqua
3443 2772 3461 2800 ,
3485 2732 3605 2791 sine

2001 2804 2306 2860 substantia
2337 2810 2420 2863 sui
2448 2811 2553 2865 vivi
2579 2826 2700 2867 esse
2730 2830 2837 2869 non
2871 2830 3122 2887 possunt.

2076 2898 2163 2952 ll.
2201 2898 2271 2953 Et
2291 2916 2457 2957 causa
2482 2905 2766 2962 manifesta
2791 2918 2895 2975 est,
2917 2915 3170 2981 quoniam
3219 2916 3271 2972 in
3296 2917 3453 2974 nobis
3483 2920 3606 2990 pul-

2002 3002 2092 3041 mo
2116 3004 2211 3057 per
2240 2992 2479 3049 thoracis
2507 2997 2710 3053 laxiora
2748 3005 3043 3069 penetralia
3065 3007 3261 3076 recipit
3310 3011 3556 3081 spiritum
3584 3030 3601 3079 ;

2002 3086 2057 3133 et
2086 3096 2206 3133 cum
2227 3083 2298 3136 sit
2330 3085 2445 3151 ipse
2477 3090 2620 3152 poris
2647 3091 2921 3163 plerisque
2949 3099 3300 3165 penetrabilis
3330 3142 3345 3167 ,
3376 3105 3604 3173 spiritus

2005 3168 2275 3227 inlusione
2327 3175 2639 3234 interiorem
2691 3183 2934 3239 calorem
2999 3189 3304 3257 refrigerat.
3381 3193 3602 3253 Thorax

276 3274 484 3322 malos.
514 3268 580 3322 Et
600 3271 689 3340 qui
711 3286 812 3325 ova
847 3284 1127 3343 generant,
1148 3291 1253 3331 non
1280 3278 1435 3333 nidos
1458 3290 1645 3336 texunt
1668 3292 1724 3338 ut
1750 3300 1897 3355 aves,
1929 3286 1974 3351 C
2006 3264 2153 3316 enim
2181 3273 2234 3318 υι
2266 3269 2492 3336 δυδθίνίι
2522 3270 2801 3341 ³¹ί¹¹¹θ¹¹¹³ν
2833 3276 2904 3330 it"
2954 3280 3221 3349 supera“
3264 3283 3509 3341 Cibomm
3549 3297 3607 3344 ⁸³

277 3373 393 3414 non
423 3360 664 3417 diuturni
692 3364 837 3421 fotus
866 3367 1104 3424 laborem
1135 3371 1386 3439 induunt,
1422 3392 1528 3428 non
1554 3391 1674 3431 cum
1700 3380 1895 3435 moles-

282 3452 358 3507 tia
386 3452 471 3508 sui
498 3457 765 3511 nutriunt.
813 3457 1023 3515 Cecidit
1078 3477 1235 3517 ovum
1265 3508 1279 3531 ,
1312 3466 1455 3536 quod
1500 3482 1635 3538 aqua
1683 3473 1892 3539 gremio

281 3547 523 3616 quodam
556 3559 764 3605 natura:
792 3565 903 3606 sum
925 3554 1075 3623 quasi
1100 3558 1278 3611 nutrix
1301 3558 1501 3614 blanda
1527 3564 1766 3633 suscepit
1793 3606 1809 3631 ,
1839 3574 1893 3621 et

278 3639 483 3695 animal
524 3640 689 3697 celeri
734 3644 845 3697 fotu
897 3646 1147 3701 reddidit.
1209 3648 1482 3707 Continuo
1529 3655 1673 3708 enim
1746 3666 1889 3712 tactu

278 3734 522 3802 parentis
579 3737 873 3792 animatum
923 3753 1081 3794 ovum
1108 3741 1342 3809 cecidit,
1387 3756 1440 3799 et
1496 3745 1658 3814 piscis
1702 3751 1885 3805 exivit.

351 3845 408 3899 9.
442 3846 580 3902 Tum
612 3848 808 3905 deinde
837 3866 996 3921 quam
1026 3869 1157 3922 pura
1189 3865 1239 3910 ct
1284 3857 1538 3913 inviolata
1573 3864 1847 3918 successio
1874 3866 1887 3919 !

271 3934 475 3991 Nullus
498 3939 676 4004 alteri,
702 3940 793 3994 sed
817 3944 1002 4012 generi
1025 3958 1123 3998 suo
1152 3947 1432 4013 miscetur,
1466 3950 1892 4026 thymallusthy-

270 4032 467 4094 mallo.
491 4032 648 4100 lupus
666 4034 810 4103 lupo.
832 4037 1119 4107 Seorpaena
1137 4056 1350 4111 quoque
1376 4045 1679 4101 castitatem
1710 4049 1894 4104 imma-

265 4123 443 4177 culati
471 4126 723 4180 connubii
741 4129 926 4196 generi
952 4144 1052 4183 suo
1069 4143 1273 4188 servat.
1297 4133 1482 4205 Itaque
1505 4137 1659 4193 habet
1688 4140 1894 4209 pudici-

271 4216 411 4270 tiam
439 4217 656 4285 generis
677 4218 779 4282 sui,
805 4219 897 4274 sed
927 4236 1193 4277 venenum
1216 4228 1432 4295 generis
1455 4230 1535 4281 sui
1570 4246 1672 4283 non
1699 4231 1885 4301 habet;

268 4324 387 4363 non
425 4311 569 4364 enim
603 4308 1149 4386 percittitscorpmna,
1178 4320 1269 4374 sed
1296 4320 1487 4376 reﬁcit.
1512 4322 1769 4379 Nesciunt
1795 4327 1893 4396 igi-

266 4389 398 4457 tur"
413 4404 830 4473 alienigenarum
848 4423 1044 4477 genera
1062 4413 1285 4479 piscium
1300 4414 1603 4470 adulterina
1617 4420 1883 4504 contagia,

263 4495 414 4549 sicut
440 4505 563 4549 sunt
588 4510 649 4551 ea
669 4513 788 4566 quze
819 4510 1017 4554 coeunt
1055 4502 1327 4557 asinorum
1361 4520 1726 4578 equarumque
1748 4495 1889 4565 inter

262 4602 324 4641 se
358 4602 581 4656 genera,
609 4603 729 4657 qum
770 4605 959 4662 magna
991 4592 1264 4649 hominum
1301 4612 1431 4651 cura
1462 4610 1885 4669 perpetrantur:

261 4684 359 4739 vel
382 4700 571 4740 rursus
602 4702 721 4741 cum
747 4703 919 4758 equus
954 4691 1120 4745 asinte
1160 4693 1438 4760 miscetur,
1462 4712 1584 4766 quae
1606 4708 1733 4753 sunt
1759 4715 1885 4755 vera
1912 4676 1966 4738 D

256 4775 536 4832 adulteria
569 4790 791 4833 naturae.
822 4780 952 4835 Nam
978 4783 1163 4853 utique
1181 4785 1352 4855 majus
1374 4799 1456 4842 est
1477 4791 1619 4859 quod
1650 4794 1701 4845 in
1732 4803 1887 4847 natu-

260 4887 344 4930 rzc
366 4873 729 4927 colluvionem
750 4873 1251 4946 83committitur,
1272 4894 1431 4950 quam
1456 4882 1598 4951 quod
1628 4884 1680 4938 in
1705 4900 1890 4954 perso-

261 4980 355 5023 na:
382 4966 654 5035 injuriam.
679 4968 745 5022 Et
769 4972 932 5023 homo
954 4969 1053 5024 ista
1078 4986 1337 5040 procuras
1356 4974 1621 5045 interpres
1638 4979 1887 5035 adulterii

258 5058 602 5129 jumentalis;
622 5069 676 5113 et
695 5060 822 5114 illud
841 5064 1039 5116 animal
1066 5064 1351 5133 pretiosius
1376 5081 1550 5136 putas.
1572 5071 1714 5139 quod
1733 5072 1888 5128 adul-

264 5153 500 5208 terinum
525 5192 539 5214 ,
565 5168 723 5223 quam
746 5155 888 5225 quod
919 5170 1103 5211 verum
1149 5158 1268 5211 est?
1313 5157 1431 5228 ipse
1479 5177 1675 5231 genera
1711 5166 1887 5222 aliena

263 5244 580 5309 confundis,
606 5246 928 5319 diversaque
950 5250 1143 5305 misces
1165 5252 1394 5319 semina,
1423 5264 1585 5326 atque
1604 5258 1670 5312 ad
1692 5261 1885 5316 vetitos

264 5340 443 5397 coitus
469 5341 787 5411 plerumque
811 5344 962 5411 eogis
989 5344 1207 5409 invitos,
1238 5348 1411 5401 ethoc
1450 5348 1768 5407 industriam
1790 5369 1887 5407 vo.

265 5434 393 5489 cas!
426 5433 538 5489 Hoc
566 5435 688 5503 quia
710 5434 778 5489 de
818 5435 1125 5491 hominibus
1149 5437 1326 5493 facere
1353 5455 1458 5495 non
1500 5454 1672 5511 potes,
1713 5454 1770 5499 ut
1800 5445 1883 5501 di-

264 5527 409 5582 versi
430 5528 649 5597 generis
668 5527 987 5582 commixtio
1011 5527 1176 5584 fetum
1208 5533 1375 5602 possit
1395 5536 1701 5601 excludere,
1734 5538 1882 5593 tollis

341 5700 368 5763 9
410 5691 538 5763 Mss.
568 5690 833 5763 nonnulli,
862 5700 909 5744 et
928 5692 1113 5763 spiritu
1136 5695 1359 5750 adolere.

339 5760 368 5799 ι)
421 5762 549 5816 Mss.
586 5760 1067 5845 uenunliantiqum
1092 5779 1312 5835 manus,
1341 5770 1497 5823 alieni
1551 5771 1749 5844 generis
1800 5788 1885 5826 so-

269 5834 402 5888 cium
429 5873 440 5885 .
472 5872 485 5888 .
511 5872 524 5888 .
561 5850 663 5903 qua
694 5842 906 5888 coeunte
933 5834 1217 5894 asinorum.
1256 5877 1268 5890 .
1302 5878 1314 5893 .
1345 5880 1357 5893 .
1383 5834 1574 5908 genere
1594 5884 1609 5913 ,
1650 5858 1837 5912 magna
1870 5884 1885 5910 ,

280 5913 361 5958 PN:
372 5944 381 5955 .

2003 3370 2199 3412 succos
2222 3359 2467 3417 salubres
2496 3367 2921 3439 sanguinemque
2962 3373 3244 3430 discernit.
3278 3375 3364 3432 Fit
3416 3380 3603 3450 pulmo

1999 3452 2234 3521 pervius,
2274 3456 2418 3511 unde
2448 3457 2660 3517 facilius
2686 3463 2752 3517 ad
2777 3481 2899 3520 eum
2929 3477 3104 3537 potest
3157 3472 3414 3541 aspiratio
3438 3475 3602 3546 spiri-

1996 3552 2083 3598 tus
2112 3547 2415 3615 pervenire.
2451 3549 2634 3608 Pisces
2664 3570 2795 3611 vero
2817 3554 2842 3594 (ι
2868 3558 3159 3618 branchias
3209 3563 3429 3632 habent,
3461 3583 3597 3638 quas

1994 3653 2137 3693 nunc
2171 3641 2374 3709 plicant
2399 3652 2456 3699 et
2480 3646 2762 3719 colligunt,
2796 3667 2939 3709 nunc
2978 3656 3251 3725 explicant
3276 3668 3442 3731 atque
3470 3678 3602 3735 ape-

1995 3732 2159 3784 riunt.
2194 3731 2250 3787 In
2279 3733 2379 3789 hac
2405 3753 2535 3807 ergo
2563 3742 2886 3800 collectione
2914 3756 2967 3801 et
3010 3754 3291 3818 aper-tione
3318 3753 3444 3807 dum
3475 3731 3600 3810 sus-

1993 3825 2192 3893 cipitur
2212 3843 2375 3898 aqua,
2407 3839 2463 3885 et
2494 3838 2877 3893 tratnmittitur
2904 3855 2968 3895 ac
2991 3852 3256 3910 penetrat,
3281 3848 3599 3916 respiratio-

1996 3920 2080 3973 nis
2111 3936 2309 3977 munus
2332 3926 2550 3981 videtur
2582 3930 2827 4000 implere.
2857 3932 3077 4004 Propria
3108 3936 3271 4008 igitur
3301 3948 3491 3994 natura
3515 3950 3601 3996 est

1994 4013 2243 4079 piscium,
2277 4031 2376 4070 nec
2407 4024 2710 4076 communis
2741 4038 2863 4077 cum
2892 4030 3124 4092 caeteris;
3155 4030 3409 4099 specialis
3436 4046 3594 4098 usus,

1993 4113 2047 4157 et
2071 4119 2101 4156 a
2134 4109 2347 4163 caeteris
2376 4110 2589 4166 vivendi
2614 4108 2858 4183 quaedam
2883 4132 3133 4187 separata
3152 4134 3207 4177 et
3229 4134 3443 4180 secreta
3458 4126 3595 4182 subs

1993 4199 2213 4253 stantia.
2250 4201 2544 4271 Propterea
2570 4222 2675 4263 non
2711 4211 3040 4281 nutriuntur,
3074 4231 3272 4286 neque,
3296 4227 3353 4273 ut
3374 4228 3591 4278 terrena

1994 4294 2269 4360 animalia,
2303 4313 2495 4356 manus
2524 4300 2773 4360 humana:
2798 4315 2937 4361 tactu
2982 4319 3037 4365 ct
3096 4312 3449 4369 delinimento
3491 4316 3594 4372 ali-

1984 4400 2100 4456 quo
2121 4387 2480 4458 delectantur;
2503 4394 2712 4451 etiamsi
2730 4401 2928 4456 servati
2953 4401 3004 4456 in
3028 4402 3372 4462 vivariissuis
3389 4408 3589 4464 vivant.

2550 4507 2663 4582 εί,
2700 4508 2927 4569 CAPUT
2984 4515 3049 4570 v.

1997 4616 2173 4673 Pisces
2195 4636 2287 4675 cur
2314 4630 2416 4676 tam
2443 4624 2567 4677 bene
2607 4625 2821 4680 dentati.
2852 4627 2928 4682 Hi
2950 4630 3047 4684 sibi
3074 4632 3286 4688 invicem
3324 4636 3379 4690 in
3424 4652 3592 4695 eseam

2063 4712 2250 4766 cedunt
2274 4729 2293 4768 :
2314 4715 2449 4785 quod
2467 4716 2732 4771 imitantur
2753 4721 2918 4790 avari,
2949 4724 3036 4793 qui
3056 4723 3332 4781 vehementi
3349 4727 3593 4804 objurga-

2062 4804 2199 4858 tione
2220 4806 2557 4875 castigantur.

2064 4895 2152 4949 l2.
2194 4896 2331 4963 Quid
2355 4908 2533 4954 autem
2560 4900 2629 4956 de
2656 4902 2925 4961 densitate
2954 4906 3130 4963 dicam
3158 4909 3440 4967 dentium?
3468 4913 3589 4971 Non

1991 4986 2135 5041 enim
2169 4996 2225 5042 ut
2260 4989 2357 5044 hos
2383 5002 2476 5046 aut
2502 4993 2622 5049 ovis
2660 5010 2724 5050 ex
2780 5013 2881 5052 una
2918 5010 3067 5067 parte
3104 5001 3294 5058 dentes
3345 5004 3587 5063 habent:

1991 5079 2085 5133 sed
2119 5090 2347 5148 utraque
2372 5098 2496 5152 pars
2525 5097 2727 5141 armata
2760 5098 2845 5143 est
2887 5091 3171 5159 dentibus;
3199 5095 3320 5165 quia
3348 5095 3402 5149 in
3450 5113 3588 5166 aqua

1989 5180 2165 5238 sunt,
2194 5181 2250 5228 et
2293 5175 2337 5228 si
2382 5176 2585 5231 diutius
2630 5178 2813 5233 cibum
2840 5192 3163 5251 versarent,
3208 5194 3265 5238 et
3319 5199 3426 5239 non
3479 5189 3592 5244 cito

1991 5267 2428 5323 transmitterem
2454 5309 2471 5334 ,
2504 5283 2762 5339 aquarum
2789 5273 3063 5330 alltnione
3087 5276 3157 5331 de
3183 5275 3438 5330 dentibus
3492 5294 3593 5333 eo-

1990 5371 2110 5411 rum
2142 5372 2271 5414 esca
2306 5368 2488 5428 posset
2513 5360 2711 5414 auferri
2737 5376 2800 5415 ac.
2826 5363 2978 5417 dilui.
3012 5363 3139 5417 Ideo
3160 5363 3362 5417 densos
3388 5376 3445 5417 et
3465 5383 3595 5426 acu-

1990 5456 2076 5503 tos
2107 5449 2328 5516 habent,
2358 5461 2417 5505 ut
2444 5452 2553 5505 cito
2586 5450 2822 5506 incidant
2844 5493 2859 5517 ,
2888 5452 2997 5505 cito
3040 5452 3333 5505 conficiant
3356 5453 3537 5512 cibum
3572 5500 3591 5525 ,

1990 5540 2150 5600 facile
2177 5555 2232 5600 et
2263 5545 2383 5600 sine
2412 5547 2592 5615 aliqua
2623 5559 2773 5599 mora
2804 5552 2862 5599 et
2887 5543 3146 5598 dilatione
3197 5547 3589 5610 transmittant.

2052 5718 2087 5794 CA
2133 5709 2383 5794 Quinqllje
2409 5721 2568 5794 ηιξ.⁹
2591 5722 2767 5794 ερπξηι
2802 5719 3048 5794 περαιμ
3091 5785 3164 5794 μ*
3205 5793 3214 5794 7
3249 5786 3318 5794 ﬂ.
3347 5778 3359 5791 .
3464 5781 3477 5794 .

2062 5776 2090 5814 (ι
2144 5776 2445 5838 manem...
2475 5777 2662 5831 Gra-cc
2680 5776 2963 5849 ppayxiai.
2972 5785 3169 5849 partes
3198 5786 3323 5849 sunt
3346 5778 3395 5849 in
3425 5781 3595 5848 pisci-

1995 5846 2095 5902 Img
2129 5865 2195 5904 ex
2222 5859 2450 5915 utraque
2478 5856 2628 5913 parte
2654 5843 2848 5911 capitis
2875 5843 3078 5899 tollium
3110 5862 3264 5903 more
3288 5843 3524 5905 hiantes-
