4150 6358
163 336 292 394 215

1531 328 2032 398 IIEXAEMIRDN.
2075 337 2208 397 ιω.
2252 341 2315 398 ν.

3439 345 3545 404 214

171 463 268 510 est
288 493 305 521 ,
331 452 410 510 de
435 468 559 526 quo
585 465 812 532 martyr
833 457 1120 514 ascendit:
1149 455 1502 527 Evangelittm
1535 464 1620 512 est
1651 467 1832 520 mare,
1862 455 1915 518 Α
1938 463 1993 510 ει
2020 463 2175 525 putas
2219 469 2364 526 smpe
2401 457 2715 514 mutandum
2741 475 2756 524 ;
2783 469 2837 514 et
2877 461 2923 516 si
2954 477 3062 516 ttno
3100 447 3333 519 defuerit
3360 459 3447 518 die
3469 507 3482 528 ,
3516 474 3544 503 ι

175 551 235 605 in
289 567 411 622 quo
464 553 774 623 piseantttr
814 553 1077 624 apostoli,
1126 553 1182 607 in
1233 567 1340 622 quo
1390 549 1626 606 mittitur
1677 560 1832 617 rete,

177 644 339 715 qttod
394 645 596 699 simile
649 657 744 702 est
792 661 956 717 regno
993 646 1309 700 caelorum:
1358 642 1712 712 Evangelittm
1755 653 1836 697 est

177 754 390 809 mare,
424 740 484 794 in
516 756 636 810 quo
687 742 892 798 Christi
927 741 1227 811 ﬁgurantur
1257 739 1518 811 mysteria
1546 755 1558 791 :
1593 737 1837 807 Evange-

182 830 333 886 littm
369 844 462 886 est
510 848 676 888 mare
704 875 720 898 ,
769 834 820 888 in
865 849 972 902 quo
1015 832 1273 887 Hebraeus
1312 829 1520 893 evasit,
1556 828 1839 900 Egyptius

187 925 592 996 interemptus
623 939 750 982 est:
789 925 1142 996 Evangelium
1166 932 1249 978 est
1279 939 1462 986 mare,
1485 923 1608 990 quia
1641 935 1837 991 sponsa

182 1014 407 1072 ChriSti
439 1019 704 1074 Ecclesia
729 1029 848 1084 est,
881 1028 934 1072 et
956 1017 1152 1073 divinae
1173 1018 1360 1086 gratim
1385 1014 1666 1084 plenitudo
1685 1028 1839 1083 ,qure

188 1124 370 1178 supra
403 1114 588 1165 maria
615 1111 844 1166 fundata
876 1123 958 1164 est
979 1150 996 1178 ,
1031 1111 1171 1164 sicut
1202 1108 1341 1162 dixit
1372 1107 1640 1178 Propheta
1672 1124 1685 1160 :
1721 1105 1842 1176 Ipse

187 1217 362 1273 super
393 1204 577 1258 maria
609 1203 848 1274 fundavit
876 1219 988 1256 eam
1027 1199 1145 1271 (Ps.
1175 1215 1338 1264 ulti,
1368 1199 1448 1268 9).
1480 1197 1645 1252 Exsili
1679 1212 1842 1266 super

188 1294 417 1357 undas,
456 1311 493 1348 ο
540 1294 716 1348 ltomo
738 1335 752 1357 ,
785 1293 911 1364 quia
957 1292 1122 1362 piscis
1165 1306 1225 1347 es
1256 1308 1269 1344 :
1303 1307 1410 1344 non
1441 1297 1494 1344 te
1533 1288 1842 1359 opprimant

187 1387 394 1441 saeculi
432 1387 608 1442 istius
639 1386 874 1442 ﬂuctus:
905 1387 1276 1455 si'tempestas
1295 1395 1379 1437 est.
1403 1424 1418 1446 ,
1453 1391 1574 1451 pete
1596 1382 1762 1436 altum
1787 1391 1843 1436 et

191 1479 561 1550 profundum
602 1497 616 1532 :
657 1481 699 1534 si
727 1480 995 1536 seueritas
1022 1521 1037 1545 ,
1069 1477 1194 1534 lude
1223 1477 1276 1533 in
1310 1476 1562 1532 ﬂuctibus
1595 1493 1609 1531 :
1641 1475 1688 1530 si
1716 1490 1842 1544 pro-

193 1571 347 1627 cella
368 1614 383 1632 ,
415 1586 566 1627 cave
597 1587 630 1625 a
663 1572 956 1641 scopuloso
1000 1571 1225 1635 littore;
1258 1586 1324 1624 ne
1361 1579 1412 1624 te
1453 1569 1503 1622 in
1542 1583 1727 1636 rupem
1760 1567 1840 1622 fu-

192 1681 333 1721 rens
380 1675 564 1720 :nstus
608 1665 806 1721 illidat.
841 1665 1114 1734 Scriptum
1142 1675 1227 1721 est
1255 1664 1400 1721 enim
1432 1681 1443 1716 τ
1477 1661 1653 1716 Estots
1681 1663 1840 1716 astuti

191 1759 338 1812 sicut
371 1767 654 1827 serpentes
687 1756 866 1828 (Matt.
908 1773 934 1810 ι.
961 1797 976 1822 ,
1011 1754 1122 1826 16).

1942 548 2262 616 superducis
2292 547 2517 604 rivalem
2539 593 2554 614 ,
2587 559 2640 605 et
2681 552 2861 606 statim
2901 552 3170 625 incognita
3197 571 3358 610 causa
3387 558 3539 627 quasi

1941 642 2150 710 cognita
2174 641 2392 710 pudoris
2413 643 2724 714 exsequeris
2743 645 3013 715 injuram.
3049 647 3238 716 Vipera
3260 649 3540 704 absentem

1944 734 2311 807 requirit,87
2333 736 2610 790 absentem
2637 748 2824 801 vocat,
2855 747 2910 792 et
2932 740 3128 793 blando
3148 741 3448 810 proclamat
3470 745 3541 795 si-

1943 823 2053 878 bilo
2077 842 2091 889 ;
2126 836 2288 896 atque
2313 829 2398 880 ttbi
2425 827 2717 882 adventare
2743 844 2903 899 comp
2922 846 3054 885 irem
3079 836 3311 886 senserit
3329 874 3342 895 ,
3373 847 3539 887 vene-

1946 934 2072 973 num
2109 921 2308 974 evomit
2340 923 2692 976 reverentiam
2739 928 2934 977 marito
2963 925 3246 992 deferens,
3276 942 3541 981 verecun-

1944 1011 2064 1066 data
2097 1013 2390 1082 nuptialem
2417 1016 2640 1083 gratiam
2669 1032 2680 1067 :
2719 1026 2792 1080 tu,
2822 1017 3037 1081 mulier,
3073 1015 3448 1072 advenientem
3476 1018 3545 1074 de

1944 1104 2236 1175 longinquo
2259 1106 2513 1159 maritum
2537 1107 2887 1162 contumeliis
2911 1108 3148 1176 repellis.
3178 1106 3374 1178 Vipera
3400 1124 3546 1164 mare

1943 1209 2280 1270 prospectat,
2313 1201 2560 1270 explorat
2602 1201 2702 1255 iter
2727 1203 2976 1272 conjugis
3004 1220 3016 1256 :
3063 1211 3117 1255 ιιι
3164 1201 3378 1271 injuriis
3406 1203 3546 1257 viam

1942 1291 2061 1346 vito
2081 1293 2348 1346 obstruis:
2375 1303 2430 1347 lu
2455 1292 2627 1346 litiuttt
2655 1308 2838 1347 moves
2865 1308 3129 1348 venenum
3148 1336 3161 1357 ,
3194 1308 3299 1347 non
3325 1293 3508 1362 rejicis
3532 1312 3542 1347 :

1945 1394 2001 1441 tu
2023 1387 2321 1458 coniugalis
2333 1387 2616 1456 amplexus
2635 1397 2875 1458 tempore
2895 1386 3069 1442 dirum
3087 1387 3234 1442 virus
3247 1398 3514 1442 exmstuas
3531 1403 3544 1448 ;

1943 1495 2044 1536 nec
2069 1482 2346 1536 erubescis
2374 1482 2620 1552 nuptias,
2655 1497 2755 1536 nec
2789 1481 3057 1536 revereris
3079 1482 3362 1554 ~maritum.

2019 1577 2086 1632 l9
2125 1577 2230 1633 Sed
2259 1578 2418 1632 etiam
2446 1587 2526 1643 ιιι,
2557 1577 2658 1641 vir,
2679 1591 2964 1645 possumus
2995 1577 3138 1631 enim
3167 1576 3328 1630 etiam
3360 1575 3436 1630 sic
3458 1591 3546 1629 ac-

1944 1668 2165 1739 cipere,
2211 1670 2425 1739 depone
2475 1680 2740 1724 tumovem
2787 1667 3000 1732 cordis,
3042 1667 3388 1735 asiveritatem
3430 1682 3543 1721 mo—

1945 1779 2064 1818 rum
2086 1806 2100 1827 ,
2127 1778 2247 1818 cum
2298 1762 2392 1817 tibi
2424 1761 2609 1816 sedula
2643 1777 2777 1815 uxor
2807 1761 3042 1815 occurrit
3076 1781 3088 1816 :
3125 1758 3362 1830 propelle
3404 1759 3542 1814 indi-

276 1851 374 1905 18.
414 1851 484 1904 Et
515 1851 652 1920 quia
682 1851 750 1906 de
777 1851 1120 1922 serpentibus
1149 1849 1343 1904 astulis
1373 1849 1712 1919 propositum
1743 1865 1836 1905 εχει
1866 1857 1914 1918 Β
1939 1856 2250 1926 gnationem
2270 1897 2282 1918 ,
2317 1870 2438 1909 cum
2460 1854 2656 1910 blanda
2681 1852 2879 1924 conjux
2909 1853 2974 1906 ad
2997 1852 3316 1907 cbaritatem
3344 1866 3540 1916 provo-

193 1946 456 2013 emplum
501 1952 638 2009 est,
693 1943 862 1998 simus
910 1944 1073 1998 astuti
1118 1944 1260 1998 circa
1303 1944 1595 2012 qna-renda
1639 1956 1694 2000 et
1721 1961 1837 2000 ser-

195 2037 384 2093 Vanda
431 2037 700 2106 eoitjugia
723 2075 737 2101 ,
768 2036 1056 2106 diligamus
1097 2037 1302 2090 tributa
1335 2036 1492 2092 nobis
1535 2037 1833 2094 conSortia.

201 2131 274 2186 Et
301 2130 350 2184 si
383 2129 422 2184 ii
454 2131 556 2199 qui
591 2131 896 2200 longinquis
922 2129 1138 2185 fuerant
1163 2141 1318 2185 ortus
1352 2130 1436 2185 sui
1464 2140 1709 2201 tempore
1750 2147 1838 2187 re-

201 2221 476 2293 gionibus
527 2224 772 2292 separati
821 2224 960 2279 inter
989 2239 1049 2278 se
1089 2224 1476 2292 convenerint,
1508 2235 1566 2279 et
1598 2225 1645 2279 si
1669 2225 1749 2280 vir
1770 2226 1835 2280 ad

197 2314 512 2384 peregrina
545 2313 931 2380 contenderit,
963 2314 1107 2369 nulla
1138 2314 1534 2385 longinquitas,
1570 2316 1711 2370 nulla
1744 2317 1840 2372 ab-i

197 2405 385 2463 Sentia
437 2407 844 2478 complacitam
892 2409 1096 2462 minuat
1127 2407 1466 2464 ebaritatetn.
1502 2407 1709 2464 Eadem
1753 2409 1836 2465 lex

201 2507 528 2570 praisentes
558 2501 933 2572 absentesque
972 2503 1244 2556 connectit
1271 2520 1284 2555 :
1319 2503 1459 2557 idem
1488 2513 1694 2558 natura:
1721 2505 1839 2558 vin-

206 2596 400 2650 culum
426 2597 578 2650 inter
601 2596 865 2650 distantes
886 2606 938 2651 et
959 2597 1319 2651 consistentes
1336 2598 1634 2668 coniugalis
1660 2597 1838 2654 chari-

214 2691 350 2744 tatis
395 2690 523 2757 jura
575 2691 895 2744 constrinxit
950 2708 964 2743 :
1025 2689 1218 2744 eodum
1266 2690 1395 2760 jugo
1449 2690 1842 2748 benedictionis

219 2781 524 2849 utriusque
566 2782 707 2834 colla
736 2785 1012 2837 sociantur
1032 2823 1046 2845 ,
1080 2782 1239 2836 etiam
1263 2783 1307 2836 si
1335 2782 1473 2837 alter
1501 2784 1661 2838 obeat
1689 2800 1843 2854 sepa-

225 2882 481 2926 ratarum
513 2887 800 2943 regionum
829 2877 982 2942 longe
1007 2875 1238 2928 divortia
1264 2893 1277 2940 ;
1311 2876 1436 2945 quia
1466 2892 1572 2931 non
1599 2883 1845 2949 corporis

227 2965 591 3027 cervice,sed
619 2963 833 3030 mentis,
858 2965 947 3035 jug
959 2981 1046 3019 um
1069 2968 1256 3036 gratim
1279 2977 1623 3036 receperunt.
1647 2971 1844 3040 Vipera

231 3058 642 3127 nequissimum
668 3072 836 3128 genus
859 3058 1045 3114 bestiae
1072 3099 1087 3122 ,
1112 3069 1160 3113 et
1197 3073 1359 3128 super
1388 3063 1566 3114 omnia
1589 3078 1710 3132 qua:
1735 3078 1848 3118 ser-

233 3151 452 3222 pentini
487 3159 618 3206 sunt
637 3153 847 3220 generis
873 3153 1124 3215 astutior,
1145 3152 1234 3206 ubi
1255 3152 1845 3224 coeundicupiditatem

1941 1957 2048 2004 cat.
2099 1948 2217 2003 Non
2265 1962 2325 2001 es
2370 1947 2660 2010 dominus,
2693 1946 2787 1999 sed
2837 1945 3102 1998 maritus:
3134 1957 3242 1997 non
3287 1939 3541 1997 ancillam

1939 2042 2165 2096 sortitus
2192 2055 2287 2104 es,
2315 2038 2407 2094 sed
2439 2053 2683 2093 uxorem.
2717 2037 3148 2093 Gubernatorem
3185 2047 3235 2089 te
3263 2033 3402 2088 Deus
3445 2049 3538 2087 vo-

1941 2134 2041 2189 luit
2081 2147 2202 2189 esse
2232 2147 2398 2188 sexus
2427 2132 2730 2194 inferioris,
2763 2146 2868 2186 non
2902 2139 3313 2201 prmpotentetn.
3353 2125 3543 2182 Redde

1941 2228 2118 2283 studio
2147 2229 2316 2281 vicem
2335 2269 2348 2290 ,
2375 2225 2541 2282 redde
2563 2226 2731 2280 amori
2759 2225 3008 2296 gratiam.
3043 2223 3241 2294 Vipera
3271 2237 3542 2280 venenum

1941 2337 2095 2378 suum
2117 2322 2324 2377 fundit:
2351 2331 2404 2376 tu
2431 2337 2534 2374 non
2564 2329 2718 2390 potes
2740 2320 2994 2375 duritiam
3021 2319 3219 2374 mentis
3238 2313 3546 2388 deponere?

1941 2415 2048 2469 Sed
2081 2414 2246 2468 babes
2274 2412 2572 2468 naturalem
2601 2413 2832 2483 rigorem
2863 2429 2876 2466 :
2905 2411 3072 2467 debes
3097 2422 3399 2479 temperare
3422 2423 3543 2463 eum

1942 2507 2400 2575 comempiatione
2427 2506 2656 2576 conjugii
2681 2547 2694 2569 ,
2725 2514 2778 2559 et
2809 2503 2836 2542 δ
2868 2503 3166 2559 reverentia
3211 2501 3548 2569 conjunctio-

1943 2601 2028 2656 ttis
2054 2602 2329 2671 deponere
2370 2600 2532 2652 animi
2576 2597 2864 2652 feritatem.
2925 2595 3110 2652 Potest
3143 2606 3197 2650 et
3227 2595 3323 2648 sic.
3371 2593 3546 2648 Nolite

1943 2707 2210 2766 quaerere,
2244 2694 2363 2758 viri,
2390 2692 2878 2756 aliennmtltorttm,
2897 2691 3062 2745 nolite
3091 2687 3330 2744 insidiari
3357 2689 3547 2742 alienat

1945 2789 2178 2858 eopulre.
2203 2789 2379 2843 Grave
2397 2797 2479 2842 est
2503 2786 2858 2849 adulterium,
2881 2796 2930 2838 et
2954 2791 3154 2838 naturm
3173 2781 3384 2851 injuria.
3409 2782 3551 2835 Duos

1945 2881 2180 2950 primum
2211 2880 2348 2934 Deus
2373 2877 2522 2944 ferit,
2544 2877 2714 2932 Adam
2740 2885 2795 2932 et
2825 2876 3017 2943 Evam,
3043 2875 3144 2929 ltoc
3170 2881 3274 2938 est,
3302 2872 3473 2926 vitum
3496 2879 3550 2926 et

1948 2989 2191 3036 uxorem,
2213 2981 2268 3026 et
2289 2985 2537 3033 uxorem,
2556 2971 2622 3024 de
2637 2971 2771 3030 viro,
2789 2969 2890 3023 hoc
2906 2976 3009 3033 est,
3025 2968 3092 3022 de
3113 2977 3263 3022 costa
3279 2963 3446 3020 Adam
3466 2982 3479 3029 ;
3495 2969 3548 3016 et

1945 3065 2302 3135 jnssitambns
2314 3063 2618 3119 esseinuno
2630 3075 2875 3130 corpore,
2891 3060 3008 3114 etin
3023 3057 3328 3127 unospiritn
3344 3059 3544 3110 vivere.

1950 3158 2088 3226 Quid
2123 3172 2289 3210 unum
2319 3171 2540 3226 separas
2577 3167 2805 3223 corpus,
2836 3167 3003 3206 unum
3035 3147 3232 3205 dividis
3256 3143 3548 3218 spiritum?
3595 3162 3605 3168 '

227 3245 611 3312 assumpserit
633 3285 647 3309 ,
681 3259 934 3299 muraena:
968 3244 1254 3300 maritima:
1280 3254 1460 3300 notam
1491 3247 1593 3302 sibi
1627 3249 1848 3318 requirit
1876 3250 1921 3314 C
1957 3251 2169 3306 Natura:
2194 3248 2514 3302 adulterium
2537 3256 2639 3301 est.
2673 3246 2782 3300 Iloc
2806 3245 2967 3298 docet
2989 3255 3247 3297 muraena:
3267 3247 3322 3294 et
3350 3240 3548 3308 viperas

226 3337 535 3404 c0pulam,
584 3336 670 3391 vel
728 3352 920 3391 novam
981 3345 1296 3407 przeparat:
1339 3353 1732 3410 progressaque
1780 3343 1850 3397 ad

231 3429 388 3485 littus
408 3470 424 3497 ,
458 3428 624 3485 sibilo
650 3431 930 3484 testificata
978 3432 1321 3500 prtesentiam
1349 3433 1431 3486 sui
1459 3475 1471 3495 ,
1499 3432 1566 3485 ad
1591 3433 1848 3504 conjuge-

232 3521 344 3576 lem
375 3523 692 3592 amplexum
725 3523 869 3576 illam
901 3532 1110 3577 evocat.
1146 3523 1382 3579 Muraena
1408 3535 1590 3579 autem
1617 3526 1845 3582 invitata

232 3630 348 3672 non
382 3615 562 3680 deest,
597 3625 653 3671 et
699 3625 974 3670 venenata:
1005 3619 1243 3685 serpenti
1276 3621 1544 3686 espetitos
1575 3631 1706 3673 usus
1734 3634 1846 3674 suae

237 3710 492 3779 impertit
529 3710 945 3778 coniunctionis.
977 3711 1117 3778 Quid
1166 3711 1270 3765 sibi
1303 3713 1419 3766 vult
1446 3727 1628 3768 sermo
1654 3713 1840 3784 bnjus-
1868 3773 1872 3778 _

238 3802 391 3857 modi
419 3841 436 3867 ,
469 3802 575 3858 nisi
609 3803 860 3857 ferendos
895 3819 1020 3859 esse
1045 3818 1226 3858 mores
1248 3804 1572 3874 coniugum;
1603 3817 1656 3861 et
1679 3807 1722 3860 si
1753 3809 1847 3862 ab-

237 3910 374 3952 setis
421 3903 545 3960 est,
580 3896 698 3964 ejus
745 3895 1131 3964 opperiendam
1185 3896 1567 3965 praisentiam,
1601 3900 1671 3953 sit
1721 3899 1852 3956 licet

239 4004 409 4059 asper
430 4029 446 4054 ,
489 3988 654 4043 fallax
679 4028 696 4053 ,
745 3988 1053 4043 inconditus
1079 4045 1093 4056 ,
1144 3989 1381 4044 lubricus
1408 4029 1422 4054 ,
1467 3991 1797 4048 temulentus
1826 3994 1850 4047 ?

240 4083 386 4151 Quid
413 4082 574 4153 pejus
599 4096 806 4138 veneno
827 4122 839 4145 ,
869 4082 1010 4151 qttod
1039 4082 1091 4136 iit
1117 4085 1344 4152 conjuge
1370 4098 1608 4137 moram:
1634 4099 1739 4138 non
1768 4099 1852 4140 re-

241 4175 377 4246 fugit
406 4175 429 4229 ?
458 4175 661 4231 Vocata
684 4189 791 4228 non
815 4174 986 4238 deest,
1010 4183 1060 4228 et
1087 4174 1354 4243 serpentis
1375 4173 1638 4228 lubricum
1663 4167 1850 4230 sedula

244 4269 526 4325 charitste
547 4267 952 4337 complectitur.
984 4265 1079 4321 llle
1101 4275 1188 4320 tua
1210 4266 1346 4320 mala
1372 4277 1568 4334 portat,
1598 4277 1653 4323 et
1670 4269 1856 4324 levita-

245 4363 314 4418 tis
347 4365 606 4419 leminete
631 4361 944 4416 facilitatem
979 4378 991 4414 :
1027 4369 1082 4416 tu
1099 4362 1270 4416 virum
1295 4371 1443 4417 tuum
1478 4380 1583 4418 non
1623 4374 1796 4434 potes,
1820 4381 1852 4420 ο

243 4455 468 4520 mulier,
495 4454 800 4509 suStinere?
826 4454 996 4510 Adam
1021 4471 1115 4524 per
1145 4454 1308 4508 Evam
1330 4455 1592 4527 deceptus
1609 4467 1712 4522 est,
1741 4474 1847 4514 non

245 4548 358 4606 Eva
392 4567 494 4619 per
518 4547 689 4606 Adam
718 4550 841 4616 (55,
871 4565 925 4617 q.
954 4550 1019 4614 5,
1047 4565 1094 4603 c.
1125 4548 1291 4603 Adam
1320 4565 1410 4618 per
1438 4549 1648 4620 Evam).
1677 4555 1849 4619 Quem

1953 3359 2057 3398 non
2110 3343 2232 3411 jure
2283 3339 2540 3410 generis,
2596 3338 2689 3393 sed
2750 3333 2943 3391 ardore
2992 3331 3233 3389 libidinis
3279 3332 3548 3400 expetitus

1949 3435 2246 3504 amplexus.
2303 3432 2502 3486 Discite
2523 3472 2538 3497 ,
2572 3445 2605 3484 ο
2637 3431 2768 3494 viri,
2798 3430 2887 3498 qui
2919 3427 3147 3481 alienam
3182 3434 3205 3463 ο
3245 3421 3548 3494 permolere

1950 3529 2141 3600 quaerit
2172 3539 2435 3590 uxorem,
2463 3526 2617 3594 cujus
2647 3523 2916 3594 serpentis
2960 3519 3063 3575 sibi
3111 3518 3416 3573 adsciscere
3447 3529 3545 3568 cn-

1952 3625 2060 3694 piat
2087 3621 2504 3678 contubernium
2529 3661 2544 3687 ,
2569 3619 2654 3674 cui
2686 3620 2846 3673 etiam
2872 3613 3268 3684 comparandus
3291 3610 3406 3680 ipse
3432 3621 3542 3664 sera

1950 3719 2097 3788 peuti
2130 3717 2218 3770 sit.
2256 3714 2489 3769 Festinat
2523 3714 2588 3766 ad
2620 3713 2891 3784 viperam,
2925 3725 3043 3780 qua:
3088 3723 3147 3764 se
3177 3707 3227 3761 in
3276 3703 3543 3775 gremium

1950 3810 2049 3862 viri
2081 3823 2189 3862 non
2221 3808 2431 3861 directo
2464 3805 2679 3859 tratnite
2712 3803 2955 3858 veritatis
2979 3842 2993 3866 ,
3024 3799 3118 3854 sed
3160 3797 3368 3852 lubrico
3397 3793 3543 3847 devii

1952 3902 2155 3956 amoris
2179 3899 2433 3954 infundit.
2461 3897 2698 3951 Festinat
2723 3895 2787 3948 ad
2812 3907 2930 3947 eam
2956 3905 3074 3960 ane
3099 3901 3364 3944 venenum
3388 3897 3544 3938 suum

1953 3997 2175 4052 resumit
2201 4037 2216 4060 ,
2250 4004 2307 4048 ut
2349 3994 2538 4060 vipera
2566 4005 2685 4060 quae
2714 3989 2882 4042 fertur
2906 3992 3121 4055 peracto
3149 3975 3548 4049 coniunctionis

1953 4104 2178 4146 munere
2208 4101 2474 4141 venenum
2506 4082 2648 4155 quod
2677 4087 3027 4140 evomuerat,
3062 4090 3251 4131 rursus
3281 4073 3498 4128 battrire
3528 4085 3542 4136 ;

1956 4183 2199 4238 adultera
2251 4180 2394 4235 enim
2437 4179 2618 4249 vipera
2648 4185 2732 4230 est
2764 4171 2947 4244 (Prov.
2978 4185 3114 4226 mit
3137 4210 3150 4231 ,
3177 4166 3452 4240 5‘2).Unde
3494 4169 3550 4220 et

1959 4275 2216 4332 Salomon
2248 4272 2326 4326 ait
2353 4269 2494 4341 quod
2528 4269 2571 4322 is
2597 4268 2684 4338 qtti
2717 4265 2878 4319 fuerit
2904 4261 3261 4321 temulentus,
3295 4273 3416 4312 runt
3453 4269 3550 4328 per

1957 4369 2141 4424 vinum
2166 4365 2334 4421 libido
2358 4365 2564 4418 fervere
2587 4357 2962 4419 consueverit,
2990 4365 3260 4424 tamquam
3284 4367 3313 4407 a
3341 4351 3550 4407 colubri

1957 4461 2066 4517 ictu
2093 4458 2433 4521 eXtenditttr,
2455 4464 2508 4509 et
2535 4464 2806 4522 tamquam
2833 4464 2861 4502 a
2885 4453 3107 4503 cornuta
3137 4445 3447 4501 dill‘nnditur
3470 4443 3552 4499 illi

1958 4567 2247 4606 venenum.
2276 4549 2342 4603 Et
2365 4558 2420 4602 ut
2447 4546 2583 4601 scias
2605 4543 2746 4613 qttod
2771 4541 2840 4596 de
2861 4539 3103 4594 adultera
3127 4537 3291 4603 dixit,
3315 4535 3508 4605 adjecit
3533 4549 3550 4592 :

246 4645 464 4700 vocavit
493 4641 562 4696 ad
595 4641 808 4712 culpam
840 4642 1062 4707 mulier,
1087 4642 1288 4712 justum
1313 4653 1397 4698 est
1425 4655 1482 4698 ut
1510 4661 1631 4698 eum
1659 4649 1854 4715 guber-
1883 4650 1932 4711 1)
1963 4645 2114 4699 Oculi
2145 4644 2220 4696 tui
2244 4657 2360 4695 cum
2399 4638 2620 4692 viderint
2647 4637 2901 4699 alienam,
2938 4647 2995 4686 os
3025 4640 3168 4685 tuum
3195 4629 3416 4701 loquitur
3436 4641 3553 4699 pera

155 4803 157 4805 ι
249 4750 501 4794 natorem
535 4744 813 4800 assumat;
849 4750 916 4790 ne
943 4736 1135 4790 iterum
1165 4735 1392 4791 feminea
1423 4736 1678 4792 facilitate
1713 4740 1858 4794 laba-

247 4839 355 4886 tttr.
410 4830 529 4889 Sed
574 4829 828 4885 horridus
874 4839 929 4885 et
960 4829 1196 4884 incultus
1243 4838 1346 4885 est.
1399 4830 1584 4886 Semel
1635 4832 1853 4901 placuit.

242 4924 529 4994 Numquid
574 4925 657 4979 vir
697 4923 1006 4994 frequenter
1045 4932 1128 4978 est
1168 4923 1494 4994 eligendus?
1535 4924 1855 4994 Comparem

245 5017 401 5074 suum
422 5027 494 5074 et
525 5017 624 5073 bos
647 5015 875 5087 requirit
894 5055 919 5095 ,.
939 5026 993 5070 et
1021 5030 1192 5082 equus
1222 5015 1393 5084 diligit
1419 5033 1434 5080 ;
1463 5025 1517 5070 et
1541 5018 1586 5069 si
1619 5024 1856 5072 mutetur

225 5111 417 5177 alius,
469 5119 646 5165 tamen
677 5107 892 5162 trahere
926 5105 1112 5176 jugutn
1149 5105 1318 5160 nescit
1343 5121 1564 5174 compar
1594 5107 1853 5175 alterius,

255 5214 310 5260 et
346 5220 405 5263 se
447 5218 558 5258 uon
601 5209 768 5257 totum
813 5206 1002 5270 putat:
1036 5207 1090 5252 ιιι
1111 5197 1344 5268 jugulum
1385 5197 1636 5267 repudias
1666 5208 1853 5267 tuum,

332 5399 355 5427 ιι
395 5385 796 5457 ριιίιΙειῐιῂηιςε.
833 5421 848 5444 ,
886 5390 1146 5457 suspecta
1177 5381 1406 5457 ⁸ι’ἱυιιιεηι
1453 5397 1546 5457 es_,
1593 5388 1686 5457 aut
1731 5395 1854 5457 cum

211 5490 218 5496 -
264 5451 702 5513 edit.itotinuliis
720 5495 734 5516 ,
753 5453 1032 5520 suspicaris
1055 5453 1265 5504 rivalem
1287 5494 1301 5513 ,
1327 5463 1372 5504 et
1395 5452 1568 5505 statim
1599 5453 1860 5521 incognita

268 5546 420 5583 causa
448 5571 463 5592 ,
494 5527 640 5598 quasi
665 5525 921 5598 cognitam
942 5564 955 5586 ,
987 5533 1077 5598 aut
1104 5538 1226 5575 cum
1257 5522 1378 5598 aliis
1405 5525 1534 5598 edit.
1570 5563 1586 5588 ,
1619 5532 1663 5576 et
1693 5524 1862 5576 sta'im

269 5592 620 5673 ξιτεοςιγήιὶιιη2
654 5592 803 5673 quasi
846 5596 1268 5673 cognitnnt,_elc.
1321 5592 1600 5673 Setini“:
1656 5595 1860 5648 duode-

273 5664 928 5741 citnvprobatissuuieum
961 5664 1093 5718 edit.
1144 5664 1261 5718 Pet.
1312 5675 1365 5719 et
1399 5664 1526 5720 Gill.
1576 5665 1762 5736 legunt
1811 5672 1868 5718 ut

274 5758 372 5798 nos
400 5748 452 5798 in
487 5753 659 5795 textu.
1275 5762 1279 5765 -

348 5813 374 5853 δ
417 5815 564 5870 Edit.
619 5823 809 5862 omnes
840 5821 962 5862 cum
994 5821 1123 5878 mss.
1158 5806 1386 5876 aliquot,
1419 5807 1699 5862 reverentia
1744 5825 1866 5862 con-

273 5889 576 5965 junctionis.
627 5880 808 5949 Potest
842 5888 888 5932 et
918 5876 1011 5934 sic.
1053 5876 1181 5942 Mss.
1236 5893 1428 5944 novem
1483 5879 1535 5937 in
1581 5879 1868 5941 lectionem

1957 4753 2103 4794 versa
2128 4734 2292 4808 (Ibid.
2329 4773 2345 4798 ,
2374 4733 2486 4804 53).

2033 4829 2125 4884 ΞΟ.
2167 4827 2279 4882 Nec
2324 4824 2604 4894 quisquam
2654 4820 2802 4875 velut
2847 4815 3119 4873 contraria
3168 4814 3412 4885 posuisse
3455 4825 3555 4868 nos

1961 4922 2182 4987 credat,
2217 4930 2272 4974 ιιι
2315 4928 2371 4974 ει
2407 4916 2472 4974 ad
2518 4918 2718 4972 bonum
2750 4925 2804 4968 et
2829 4911 2895 4967 ad
2940 4911 3141 4965 tnalum
3171 4909 3368 4978 viperae
3398 4909 3556 4977 hujus

1964 5015 2214 5084 exemplo
2242 5027 2519 5068 uteremur
2543 5027 2558 5076 ;
2581 5025 2702 5065 etim
2743 5007 2808 5061 ad
2841 5003 3236 5061 institutionem
3271 5011 3557 5069 utrumque

1965 5107 2245 5178 proficiat,
2289 5107 2333 5161 si
2377 5107 2758 5160 erubescamus
2809 5107 2902 5152 aut
2945 5097 3104 5151 fidem
3150 5109 3257 5148 non
3301 5092 3560 5148 exhibere

1963 5202 2164 5258 dilecto
2184 5242 2199 5269 ,
2227 5202 2312 5256 cui
2333 5199 2556 5256 exhibet
2575 5210 2801 5267 serpens
2829 5211 2844 5256 ;
2869 5201 2962 5247 aut
2983 5190 3352 5258 relinquentes
3374 5191 3558 5242 sancta

1964 5393 2206 5440 nostram
2238 5384 2584 5440 consentiunt
2605 5419 2620 5442 ,
2655 5379 2758 5433 nisi
2791 5373 2935 5443 quod
2966 5372 3151 5443 plures
3177 5367 3381 5443 habent
3411 5369 3568 5443 cippos

2116 5457 2199 5510 vel
2237 5437 2453 5521 deponet
2477 5496 2488 5511 .
2520 5437 2678 5506 Dion.
2710 5437 3169 5521 depbnrﬂueljus
3197 5437 3351 5521 Creo.
3377 5511 3388 5521 .
3410 5437 3568 5514 dep..-

2130 5506 2422 5582 ὸὶιιίιιῖίιιτ
2440 5506 2614 5578 etiam
2650 5523 2702 5572 itt
2737 5506 3043 5573 nonnullis.
3071 5506 3246 5560 ι’θιθδί
3275 5518 3322 5562 εί
3344 5511 3416 5564 “Oc
3440 5555 3449 5564 ‘
3474 5506 3570 5570 ἦθ’

1971 5613 2088 5652 rum
2120 5596 2427 5654 necessaria
2462 5593 2710 5646 tran~itio
2740 5595 2844 5638 est.

2047 5649 2086 5707 5V
2112 5649 2335 5736 Aliquot
2375 5649 2515 5720 mss.
2560 5649 3410 5736 pernistvf’res‘!""S.P’“’"'°"""
3458 5651 3568 5736 Me-

1973 5739 2078 5792 lius
2105 5716 2815 5800 (διιιῖξρὲνηιοιςνρ.
2853 5720 2948 5800 Est
2977 5716 3119 5800 enim
3154 5731 3254 5800 vos
3288 5726 3571 5800 tttetapltg-

1971 5786 2574 5883 :cuj‘us'ususe'st
2616 5800 2666 5854 iu
2697 5791 2967 5850 obscenis.
3007 5786 3191 5842 Horat.
3221 5787 3258 5844 l.
3294 5807 3342 5859 ι,
3375 5786 3477 5849 sat.
3509 5794 3566 5852 2.
