4222 6364
522 301 630 360 215
1768 305 1774 317 ’
1878 302 2056 361 SANC
2072 304 2128 362 fl
2163 307 2489 366 AMBROSII
3715 315 3830 374 216

520 419 770 492 coniugia
789 463 804 487 ,
822 418 1028 476 lubrica
1056 425 1110 474 et
1129 417 1375 474 nocitura
1397 418 1724 477 salutaribus
1744 419 2123 493 praeferamus,
2153 427 2210 489 Α
2232 427 2402 483 ostrei
2433 443 2450 494 ;
2477 440 2541 484 ac
2567 427 2647 484 sic
2673 436 2858 496 aperta
2889 428 3124 485 claustra
3149 429 3428 500 reperiens
3445 471 3462 498 ,
3497 437 3613 488 tuto
3635 431 3835 490 inserit

527 515 673 590 quod
699 513 826 572 facit
853 515 1091 586 quicum
1114 523 1366 586 serpente
1395 514 1674 571 miscetur.

1051 657 1166 728 εδ
1200 653 1432 712 CAPUT
1475 654 1609 711 Vill.

534 774 612 830 De
650 774 842 829 astutia
882 771 1096 843 polypi,
1125 781 1172 826 et
1203 771 1409 838 cancri,
1442 770 1625 843 quibus
1667 771 1992 841 fraudulenti
2035 775 2132 830 ho-

533 868 696 920 mines
736 865 1117 919 adumbrantur
1145 880 1164 929 ;
1196 880 1312 918 cum
1341 863 1698 918 exhortatione
1724 865 1793 919 ad
1835 866 2136 938 fugiendam

535 958 889 1030 cupiditatem.

603 1071 694 1127 2|.
738 1071 801 1126 Et
835 1071 960 1143 quia
997 1072 1064 1127 de
1101 1073 1297 1126 astutia
1343 1071 1609 1140 coepimus
1651 1087 1961 1130 sermonem
2009 1077 2140 1133 sub-

538 1177 754 1231 texere,
781 1183 885 1239 qua
915 1169 1288 1236 unusquisque
1311 1164 1534 1222 fratrem
1564 1183 1721 1222 suum
1743 1168 2139 1226 circumvenire

537 1273 590 1317 et
612 1263 866 1332 deripere
888 1262 1098 1326 nititur,
1121 1271 1174 1316 ct
1197 1262 1248 1314 in
1275 1275 1441 1316 novas
1458 1276 1517 1316 se
1535 1262 1751 1317 fraudes
1773 1278 2136 1334 componere;

538 1367 597 1412 ut
627 1371 786 1428 quem
819 1356 868 1410 vi
897 1355 1142 1410 obtinere
1173 1370 1278 1408 non
1306 1362 1519 1426 potest.
1547 1356 1954 1411 circumscribat
1979 1357 2138 1424 dolo,

539 1459 594 1506 et
641 1449 764 1504 fuco
812 1449 1045 1517 quodam
1094 1449 1226 1503 artis
1252 1449 1522 1504 obducat:
1555 1448 1958 1505 fraudulentum
2005 1450 2141 1507 illud

541 1541 719 1614 polypi
749 1541 1021 1612 ingenium
1048 1558 1153 1595 non
1181 1541 1499 1610 prietet-ibo,
1520 1543 1612 1612 qui
1643 1543 1846 1598 vadoso
1873 1544 1926 1598 in
1956 1543 2141 1599 littore

543 1647 748 1704 petram
793 1644 1018 1700 nactus,
1051 1633 1286 1705 al‘ﬁgitur
1316 1633 1395 1700 ei,
1423 1643 1588 1705 atque
1615 1634 1733 1706 ejus
1762 1636 2026 1691 nebuloso
2053 1639 2136 1692 in-

542 1728 700 1796 genio
726 1727 964 1782 colorem
1000 1727 1179 1791 subit,
1211 1736 1266 1782 et
1292 1727 1454 1781 simili
1487 1727 1669 1796 Specie
1699 1735 1846 1798 terga
1873 1728 2140 1786 obductus

2234 517 2454 585 chelas,
2488 519 2802 591 visceraque
2831 521 3040 576 interna
3069 521 3401 592 depascitur.

2301 611 2522 684 8925.
2549 611 2688 668 Sunt
2707 628 2838 684 ergo
2867 611 3140 678 homines,
3161 612 3254 685 qui
3278 615 3460 671 cancri
3489 631 3588 671 usu
3617 617 3670 672 in
3703 615 3836 672 alie-

2241 719 2324 761 nae
2363 719 2516 761 usum
2543 704 3066 776 circumscriptionis
3093 706 3352 777 irrepant,
3379 715 3434 762 et
3461 708 3835 766 inﬁrmitatem

2238 797 2474 868 praprite
2500 797 2716 852 virtutis
2741 807 2861 853 astu
2893 798 3126 868 quodam
3154 799 3464 856 sutl'ulciant
3482 841 3496 863 ,
3548 800 3702 857 fratri
3731 801 3837 858 do-

2239 890 2352 946 lum
2393 900 2649 958 nectant,
2709 902 2763 947 et
2814 892 3042 948 alterius
3093 905 3384 963 pascantur
3425 911 3686 950 aerumna.
3753 895 3838 953 Tu

2239 995 2422 1042 autem
2457 985 2692 1056 propriis
2729 994 2848 1041 esto
2883 997 3175 1042 contentus
3197 1029 3213 1055 ,
3263 997 3318 1042 et
3357 988 3532 1044 aliena
3561 997 3612 1045 te
3639 989 3838 1045 damna

2241 1093 2348 1133 non
2379 1085 2620 1148 pascant.
2647 1077 2828 1133 Bonus
2853 1078 3006 1134 cibus
3030 1086 3117 1135 est
3138 1080 3457 1149 simplicitas
3487 1082 3832 1138 innocentiae.

2240 1171 2346 1226 Sua
2379 1170 2520 1227 bona
2551 1172 2759 1226 habens
2795 1171 3040 1227 insidiari
3069 1174 3242 1228 nescit
3271 1173 3465 1229 alienis
3485 1216 3502 1240 ,
3553 1191 3654 1230 nec
3709 1190 3841 1230 ava-

2241 1265 2382 1320 ritiae
2410 1262 2623 1320 facibus
2655 1265 2986 1331 inardescit,
3023 1267 3107 1322 cui
3141 1267 3350 1322 lucrum
3378 1282 3540 1323 omne
3563 1268 3632 1323 ad
3664 1267 3837 1324 virtu-

2243 1370 2353 1416 tem
2384 1359 2728 1430 dispendium
2760 1368 2866 1427 est,
2899 1360 2965 1414 ad
2997 1355 3346 1432 cupiditatem
3379 1361 3712 1418 incendium.
3769 1361 3837 1418 Et

2243 1456 2368 1513 ideo
2396 1456 2553 1512 beata
2582 1465 2705 1520 est,
2759 1457 2804 1510 si
2853 1455 2994 1510 bona
3033 1471 3127 1510 sua
3160 1457 3366 1540 noverit
3395 1499 3410 1522 ,
3457 1472 3580 1512 cum
3611 1457 3842 1514 veritate

2244 1560 2530 1621 paupertas
2554 1591 2570 1615 ,
2609 1559 2660 1605 et
2690 1550 2942 1605 omnibus
2986 1551 3318 1621 praeferenda
3349 1550 3659 1619 thesauris;
3705 1552 3835 1623 quia

2244 1645 2441 1700 melius
2469 1654 2552 1701 est
2582 1645 2836 1716 exiguum
2865 1643 3052 1699 datum
3079 1661 3202 1699 cum
3239 1645 3333 1700 Dei
3385 1645 3585 1700 timore
3610 1687 3624 1708 ,
3675 1660 3838 1716 quam

2247 1737 2485 1792 thesauri
2519 1737 2696 1807 magni
2724 1738 2847 1794 sine
2878 1736 3388 1805 timore.,Qnantum
3415 1746 3499 1793 est
3525 1739 3670 1792 enim
3699 1737 3847 1809 quod

544 1819 1047 1892 plttriutosliiscium
1070 1820 1187 1874 sine
1207 1819 1313 1873 ulla
1336 1821 1645 1890 suspicione
1665 1819 1870 1876 fraudis
1885 1821 2143 1892 allapsos,
2175 1835 2225 1896 Β
2253 1831 2528 1886 hominem
2559 1830 2710 1885 alat?
2737 1829 2848 1885 Aut
2873 1831 2917 1884 si
2949 1830 3148 1900 qua-ris
3175 1829 3317 1900 quod
3347 1830 3508 1884 etiam
3538 1830 3660 1885 aliis
3685 1829 3850 1886 abun-

544 1919 672 1975 dttm
697 1926 820 1973 nota
851 1932 957 1971 non
987 1927 1314 1988 praecavent,
1338 1928 1393 1972 et
1415 1931 1604 1971 saxum
1629 1917 1954 1987 opinantur,
1981 1919 2146 1978 Cassi-

546 2010 648 2064 bus
675 2009 886 2064 furtiva:
913 2009 1045 2064 artis
1070 2007 1326 2074 includit,
1357 2015 1415 2063 et
1457 2008 1581 2064 sinu
1609 2009 1843 2080 quodam
1871 2025 1983 2064 sua:
2027 2025 2148 2066 car-

548 2104 634 2161 nis
662 2101 956 2172 intercipit.
990 2101 1080 2157 Sic
1105 2110 1406 2170 siiontanea
1431 2104 1576 2156 venit
1608 2103 1820 2173 praeda,
1853 2111 1909 2158 et
1950 2102 2148 2159 talibus

549 2198 763 2267 capitur
789 2195 1155 2267 argumentis,
1186 2194 1364 2265 qualia
1391 2203 1518 2249 sunt
1541 2209 1729 2250 eorum
1757 2197 1846 2265 qui
1874 2179 2156 2266 ingenium

548 2305 704 2346 suum
751 2306 895 2359 szepe
942 2297 1310 2353 commutant,
1342 2298 1398 2343 et
1424 2287 1671 2344 diversas
1721 2287 1954 2344 nocendi
2001 2298 2151 2344 artes

547 2393 808 2449 movent;
840 2393 896 2438 ut
941 2381 1278 2452 singulorum
1325 2393 1538 2438 mentes
1580 2397 1886 2455 sensusque
1929 2390 2153 2455 perten-

552 2485 696 2543 tent,
727 2492 848 2531 cum
895 2474 1298 2531 continentibus
1330 2474 1492 2545 positi
1529 2475 1916 2531 continentiam
1960 2477 2154 2546 praedi-

551 2577 770 2634 cantes,
798 2569 852 2623 in
885 2577 1027 2625 coetu
1074 2569 1545 2638 intemperantiam
1575 2576 1847 2639 tamquam
1898 2569 2039 2626 devii
2085 2571 2155 2626 ab

553 2661 734 2716 studio
776 2661 1072 2726 castitatis,
1105 2672 1158 2717 et
1198 2651 1434 2717 demersi
1487 2662 1918 2733 intemperantia:
1949 2664 2156 2718 voluta-

555 2757 706 2820 bris;
733 2768 790 2812 ut
822 2758 911 2829 qui
939 2773 1034 2814 eos
1055 2756 1280 2812 audiunt
1307 2756 1596 2812 autvideut
1617 2799 1632 2824 ,
1659 2758 1870 2814 incauta
1901 2757 2157 2815 facilitate

559 2866 618 2907 se
655 2851 928 2916 credant;
963 2866 1136 2922 eoque
1175 2849 1338 2906 citius
1377 2850 1668 2918 labuntur,
1699 2849 1827 2906 dum
1878 2849 2158 2908 declinare

561 2961 667 3000 non
696 2953 924 3011 norunt,
951 2959 1051 3000 nec
1079 2959 1281 3000 cavere
1302 2943 1445 3016 quod
1467 2953 1692 3010 noceat,
1714 2958 1835 2999 cum
1858 2944 2073 3014 gravior
2089 2944 2160 3000 sit

562 3049 616 3094 et
653 3038 822 3108 magis
871 3037 1030 3093 noxia
1083 3035 1406 3106 improbitas
1461 3033 1810 3107 benignitatis
1839 3034 2160 3090 obumbrata

559 3133 846 3189 velamine.
880 3130 951 3186 Et
981 3131 1104 3186 ideo
1130 3132 1353 3186 cavendi
1384 3139 1509 3186 sunt
1539 3132 1629 3202 qui
1659 3131 1840 3187 crines
1867 3145 1980 3186 sure
2010 3130 2159 3187 frau-

2248 1923 2341 1979 det
2367 1923 2433 1976 ad
2475 1921 2735 1992 gratiam,
2789 1921 2838 1975 id
2867 1936 3083 1990 quoque
3115 1935 3221 1975 non
3254 1922 3478 1976 multum
3505 1929 3610 1977 est.
3653 1920 3849 1976 Melior

2249 2020 2394 2072 enim
2425 2022 2511 2070 est
2539 2013 2880 2084 hospitalitas
2907 2014 2959 2068 in
2991 2013 3234 2069 oleribus
3262 2028 3385 2069 cum
3411 2015 3582 2083 gratia
3609 2056 3625 2080 ,
3675 2029 3842 2085 quam

2251 2109 2548 2164 vitulorum
2583 2109 2858 2178 pinguium
2886 2106 3210 2178 prteparatio
3239 2122 3360 2161 cum
3390 2105 3680 2162 discordia.
3720 2106 3855 2164 Uta-

2251 2217 2374 2257 mur
2398 2217 2530 2273 ergo
2555 2200 2776 2273 ingenio
2795 2201 2862 2256 ad
2892 2200 3240 2273 quaerendam
3271 2201 3520 2272 gratiam,
3544 2209 3601 2256 et
3621 2201 3853 2256 salutem

2253 2295 2541 2362 tuendam,
2593 2311 2701 2351 non
2743 2295 2808 2350 ad
2849 2294 3082 2351 alienam
3113 2294 3667 2350 circumscribendam
3700 2293 3858 2350 inno-

2253 2391 2512 2448 centiam.
2545 2389 2700 2446 Licet
2725 2389 2882 2445 nobis
2911 2389 2989 2444 uti
3018 2387 3284 2458 exemplis
3310 2387 3596 2444 maritimis
3626 2387 3691 2442 ad
3723 2401 3857 2458 pro—

2257 2482 2455 2539 fectum
2487 2491 2692 2539 nostra;
2721 2482 2930 2550 salutis,
2967 2497 3078 2537 non
3102 2481 3169 2536 ad
3196 2480 3390 2537 alienat
3420 2481 3742 2552 periculum.

2853 2591 3103 2674 .CAPUT
3147 2616 3238 2673 ix.

2259 2737 2338 2793 De
2368 2738 2691 2808 prtescientia
2720 2736 2889 2792 echini
2925 2739 3150 2810 futuram
3180 2742 3526 2808 tempestatem
3549 2732 3858 2789 nuntiantis.

2335 2828 2473 2884 Eum
2499 2830 2759 2900 accepisse
2786 2829 2882 2883 hoc
2909 2829 3106 2883 donum
3130 2845 3162 2882 a
3188 2825 3316 2893 Deo,
3349 2828 3504 2900 cujus
3533 2825 3862 2898 indulgentia

2330 2926 2387 2980 in
2416 2925 2589 2979 omnia
2615 2931 2788 2979 creata
2815 2923 3149 2994 pradicatur.

2333 3039 2425 3093 24.
2469 3038 2712 3094 Echinus
2741 3036 2940 3092 animal
2971 3035 3257 3107 exiguum,
3283 3035 3392 3091 vile
3419 3049 3483 3090 ac
3510 3033 3864 3105 despicabile,

2265 3130 2598 3187 maritimum
2651 3129 2882 3201 loquor,
2933 3129 3256 3202 plerumque
3297 3127 3457 3183 index
3491 3127 3684 3183 futura:
3731 3135 3869 3180 tem-

560 3224 677 3294 dis,
701 3236 756 3282 et
778 3227 996 3282 brachia
1021 3227 1180 3296 longe
1208 3225 1423 3296 lateque
1444 3224 1789 3296 dispergunt,
1811 3226 1900 3282 vel
1920 3227 2159 3297 speciem
2187 3223 2234 3287 C
2266 3224 2494 3296 peStatis
2518 3267 2534 3290 ,
2588 3231 2684 3279 aut
2737 3220 3146 3292 tranquillitatis
3195 3221 3494 3276 annuntius
3549 3220 3694 3276 solet
3743 3232 3869 3274 esse

567 3318 803 3373 induunt
831 3316 1240 3373 multiformem.
1268 3315 1336 3371 Et
1367 3318 1452 3372 isti
1479 3318 1621 3372 enim
1644 3318 1828 3390 polypi
1845 3328 1969 3373 sunt
1987 3334 2162 3374 nexus

565 3412 827 3482 plurimos
849 3412 1134 3476 habentes,
1150 3419 1205 3464 et
1222 3409 1539 3466 callidorum
1554 3411 1890 3482 ingeniorum
1919 3410 2163 3481 vectigia,

561 3503 763 3576 quibus
819 3503 1032 3559 irretire
1088 3503 1294 3574 possint
1341 3503 1602 3575 quidquid
1653 3505 1706 3558 in
1757 3504 2008 3575 scapulas
2055 3520 2167 3561 sua:

571 3594 778 3652 fraudis
811 3595 1079 3651 inciderit.

644 3687 736 3743 22.
779 3690 989 3742 Cancer
1014 3703 1230 3759 quoque
1249 3703 1384 3760 quas
1405 3688 1510 3744 cibi
1534 3688 1703 3759 gratia
1735 3691 2038 3762 praestigias
2089 3691 2170 3747 in-

573 3781 737 3839 struit
765 3783 778 3836 !
812 3780 1054 3850 Namque
1082 3791 1138 3836 et
1177 3783 1292 3851 ipse
1333 3791 1516 3838 ostreo
1544 3782 1866 3851 delectatur,
1895 3793 1950 3839 et
1992 3785 2173 3841 carnis

573 3876 690 3947 ejus
715 3873 936 3945 epulum
961 3873 1063 3929 sibi
1091 3877 1305 3943 quaerit.
1350 3872 1454 3930 Sed
1483 3877 1610 3946 quia
1637 3885 1694 3930 ut
1721 3885 1980 3946 appetens
2009 3877 2118 3932 cibi
2151 3919 2168 3945 ,

575 3973 646 4028 ita
669 3970 1009 4043 prospiciens
1030 3979 1114 4026 est
1137 3968 1360 4040 periculi
1383 3986 1396 4023 :
1426 3970 1678 4039 quoniam
1701 3985 1821 4025 cmn
1843 3968 2176 4026 diiiicilisest

576 4065 824 4131 venatio,
859 4075 968 4118 tum
1001 4062 1301 4135 periculosa
1346 4081 1358 4116 :
1391 4061 1626 4117 difﬁcilis
1647 4103 1662 4128 ,
1695 4065 1817 4132 quia
1849 4062 2004 4120 testis
2041 4061 2174 4118 vali-

576 4157 822 4212 dioribus
860 4171 982 4210 esca
1029 4157 1255 4212 interior
1285 4156 1576 4210 includitur
1607 4173 1622 4222 ;
1655 4171 1778 4211 nam
1825 4158 1974 4213 velut
2003 4158 2175 4214 muris

577 4249 900 4320 quibusdam
937 4251 1217 4305 mollitiem
1247 4251 1426 4306 carnis
1465 4253 1720 4322 prmcepti
1754 4253 2049 4323 imperialis
2094 4254 2176 4308 in-

579 4353 793 4412 terpres
821 4350 1008 4396 natura
1043 4342 1298 4408 munivit,
1327 4358 1487 4413 quam
1525 4343 1704 4399 medio
1731 4352 1993 4399 testarum
2037 4361 2174 4417 quo-

579 4437 702 4492 dam
725 4437 848 4491 sinu
865 4450 1106 4491 concavo
1128 4437 1298 4490 nutrit
1321 4451 1385 4490 ac
1409 4435 1584 4500 fovet,
1613 4445 1669 4491 et
1687 4440 1836 4507 quasi
1868 4437 1920 4491 in
1943 4439 2176 4506 quadam

582 4531 722 4586 valle
753 4531 1004 4586 diffundit
1033 4547 1048 4595 ;
1079 4540 1134 4585 et
1160 4529 1280 4586 ideo
1305 4544 1456 4584 cassa
1479 4527 1659 4585 omnia
1691 4539 2019 4586 tentamenta
2051 4541 2178 4587 sunt

2267 3317 2670 3388 navigantibus.
2742 3315 2986 3384 Denique
3041 3329 3165 3370 cum
3223 3313 3521 3384 procellam
3578 3321 3867 3368 ventorum

2272 3411 2638 3485 praesenserit,
2662 3409 2930 3466 calculum
2955 3407 3196 3464 validum
3218 3407 3432 3477 arripit,
3457 3421 3690 3478 eumque
3715 3406 3872 3462 velut

2271 3506 2556 3560 saburram
2587 3503 2770 3569 vehit,
2820 3511 2875 3558 et
2906 3513 3180 3573 tamquam
3221 3500 3513 3556 anchoram
3544 3499 3746 3568 trahit,
3800 3514 3872 3556 ne

2271 3598 2577 3654 excutiatur
2619 3595 2890 3652 fluctibus.
2948 3595 3135 3666 Itaque
3163 3610 3273 3650 non
3311 3593 3428 3650 suis
3455 3609 3516 3651 se
3541 3593 3705 3650 librat
3734 3593 3876 3649 viri-

2274 3693 2410 3759 bus,
2457 3704 2480 3731 ο
2507 3691 2602 3748 sed
2640 3691 2832 3746 aliena:
2858 3691 3170 3746 stabilitatis
3199 3689 3406 3760 regitur
3435 3688 3697 3760 pondere.
3743 3688 3869 3756 Quo

2276 3786 2482 3843 indicio
2531 3793 2712 3841 nautae
2761 3785 2912 3841 velut
2958 3784 3170 3856 signum
3211 3783 3409 3839 futura:
3446 3783 3875 3854 perturbationis

2276 3887 2606 3950 capessunt,
2662 3889 2717 3934 et
2768 3879 2870 3934 sibi
2920 3889 3264 3949 praecavent,
3323 3892 3390 3932 ne
3436 3891 3533 3931 eos
3577 3877 3874 3947 imparatos

2278 3975 2438 4030 turbo
2469 3973 2810 4044 jtnprovisus
2851 3971 3118 4028 inveniat.
3169 3970 3270 4040 Qui
3299 3969 3748 4037 mathematicus,
3781 3969 3875 4040 qui

2277 4069 2588 4139 astrologus
2607 4109 2623 4134 ,
2673 4069 2834 4140 quive
2857 4065 3148 4122 Chaldaeus
3173 4067 3253 4120 sic
3280 4073 3459 4135 potest
3491 4063 3731 4119 siderum
3752 4078 3878 4118 cur-

2279 4177 2371 4217 sus
2392 4205 2407 4229 ,
2447 4161 2548 4218 hos
2574 4162 2698 4218 (εωιί
2725 4173 2908 4216 motus
2933 4169 2986 4216 et
3012 4161 3163 4232 signa
3189 4157 3700 4229 comprehendere?
3757 4157 3878 4226 Quo

2280 4257 2499 4329 ingenio
2547 4258 2650 4312 ista
2690 4255 2952 4326 collegit?
2992 4254 3112 4322 Quo
3140 4255 3367 4310 dortore
3413 4251 3701 4325 percepit?
3746 4251 3879 4320 Quis

2281 4350 2334 4406 ei
2363 4351 2462 4405 fuit
2491 4351 2624 4405 tanti
2659 4350 2930 4420 interpres
2956 4348 3166 4420 augurii
3191 4348 3214 4402 ?
3271 4347 3430 4417 Stepe
3473 4346 3724 4402 homines
3747 4360 3880 4400 con-

2283 4441 2550 4498 fusionem
2581 4441 2725 4497 aeris
2755 4441 2961 4508 vident,
2993 4450 3049 4497 et
3079 4455 3225 4512 sa-pe
3257 4440 3536 4504 falluntur,
3567 4436 3711 4510 quod
3758 4437 3879 4506 plc-

2283 4549 2512 4605 rumque
2539 4512 2662 4616 eam
2688 4535 2808 4590 sine
2836 4541 3158 4604 tempestate
3187 4531 3456 4588 discutiat.
3496 4529 3739 4586 Echinus
3771 4544 3880 4584 non

579 4625 784 4686 cancri.
813 4625 936 4696 quia
968 4625 1179 4695 aperire
1193 4626 1432 4679 clausum
1461 4633 1700 4679 ostreum
1727 4623 1869 4678 nulla
1893 4625 1942 4679 vi
1967 4633 2176 4695 potest:
2209 4625 2259 4686 ι)
2289 4626 2496 4705 fallitur
2515 4669 2532 4694 ,
2573 4625 2828 4683 ecbinum
2858 4640 2953 4682 sua
2983 4640 3320 4697 nequaquam
3345 4625 3497 4696 signa
3527 4631 3878 4694 printereunt.

582 4727 641 4777 et
665 4719 1027 4792 periculosum
1066 4727 1150 4774 est
1175 4719 1219 4774 si
1252 4727 1277 4755 ⁸
1305 4718 1518 4774 clielam
1547 4717 1662 4789 ejus
1689 4719 1956 4785 includat,
1987 4721 2053 4776 ad
2085 4735 2176 4775 ar-

583 4821 843 4885 gumenta
871 4811 1144 4883 confugit,
1181 4821 1236 4867 et
1271 4812 1494 4867 insidias
1534 4826 1672 4867 nova
1703 4811 1892 4870 fraude
1935 4813 2174 4869 molitur.

584 4906 770 4977 Itaque
798 4905 922 4974 quia
953 4905 1132 4959 omnia
1179 4917 1376 4975 genera
1423 4903 1783 4961 deleCIationc
1830 4905 2174 4973 mulcentur,

587 4995 834 5068 esplinat
862 4997 906 5051 si
937 4995 1152 5067 quando
1181 5010 1420 5052 osweum
1448 4999 1674 5053 remetis
1701 4997 1752 5052 in
1777 4997 1909 5052 locis
1939 4999 2008 5053 ab
2029 5000 2177 5054 omni

585 5101 752 5149 vento
801 5099 990 5147 contra
1039 5091 1170 5145 solis
1219 5088 1451 5145 radiosb
1496 5089 1808 5163 diptycltum
1855 5091 1985 5148 illud
2026 5107 2181 5148 suum

583 5186 830 5258 aperiat,
859 5192 918 5240 et
943 5192 1150 5240 reseret
1176 5183 1409 5239 claustra
1432 5190 1692 5239 testarum
1723 5201 1738 5251 ;
1774 5194 1829 5239 ut
1855 5185 2028 5240 libero
2056 5199 2184 5242 aere

581 5280 811 5337 visceris
857 5279 939 5335 sui
978 5277 1312 5350 voluptatem
1358 5279 1650 5349 quamdam
1697 5280 1914 5350 capiat:
1965 5287 2021 5334 et
2057 5288 2184 5334 tunc

577 5375 830 5432 clanculo
860 5374 1128 5430 calculum
1164 5373 1494 5439 immittens,
1526 5371 1751 5443 impedit
1774 5371 2181 5427 conclusionem

653 5568 680 5597 ⁸
719 5559 924 5622 Chelte,
950 5560 1003 5615 in
1035 5557 1246 5615 cancris
1275 5557 1426 5628 quasi
1459 5556 1693 5626 forcipes
1749 5563 1908 5621 sunt,
1932 5561 2027 5610 aut
2049 5554 2173 5624 qui-

581 5629 705 5686 dam
731 5633 887 5700 digiti
913 5631 1104 5698 quibus
1134 5629 1290 5685 obvia
1320 5628 1604 5700 arripiunt.

651 5699 679 5740 ιι
719 5698 1033 5770 Βὶῥιῃεηωπ
1063 5713 1223 5758 vocat
1276 5710 1563 5768 utrumque
1591 5699 1732 5752 latus
1763 5706 1916 5754 testce
1959 5707 2175 5770 ostreo-

579 5787 736 5839 rum,
769 5769 914 5842 quod
951 5787 1118 5842 more
1168 5771 1290 5828 libri
1335 5771 1620 5825 claudatur
1670 5781 1833 5842 atque
1873 5769 2169 5842 aperiatur.

581 5845 621 5899 Α
659 5841 917 5917 particula
942 5841 1020 5903 δὶς
1050 5852 1105 5900 et
1133 5845 1298 5898 verbo
1319 5843 1605 5912 ardeam,
1639 5841 1691 5897 id
1722 5849 1831 5909 est,
1859 5841 2082 5914 plicare.

2356 4721 2449 4776 25.
2491 4719 2647 4776 Unde
2673 4720 2870 4791 exiguo
2896 4717 3116 4774 animali
3145 4727 3291 4773 tanta
3317 4717 3568 4783 scientia,
3611 4724 3668 4771 ut
3703 4712 3884 4770 futura

2286 4812 2659 4883 prtenuntiet?
2703 4811 2820 4880 Quo
2849 4809 3021 4882 magis
3048 4811 3102 4865 in
3129 4825 3198 4866 eo
3225 4809 3359 4865 nihil
3388 4817 3473 4865 est
3494 4850 3507 4872 ,
3539 4823 3648 4880 quo
3679 4815 3883 4861 tantam

2287 4906 2460 4976 possit
2490 4903 2692 4960 habere
2719 4903 3084 4974 prudentiam,
3115 4902 3278 4958 crede
3301 4900 3446 4972 quod
3472 4915 3573 4973 per
3597 4897 3884 4969 indulgen-

2292 5000 2420 5054 tiam
2459 4996 2668 5052 Domini
2701 5012 2882 5052 rerum
2923 4995 3162 5052 omnium
3197 4994 3251 5050 id
3280 5009 3494 5066 quoque
3523 4989 3884 5064 praescientite

2294 5092 2458 5162 hujus
2490 5106 2686 5148 munus
2711 5090 3002 5160 acceperit.
3063 5087 3278 5145 Etenim
3321 5090 3366 5144 si
3407 5088 3607 5144 ftenum
3637 5087 3780 5143 Deus
3805 5085 3887 5141 sic

2287 5188 2490 5252 vestit,
2536 5195 2594 5240 ut
2635 5185 2944 5249 miremur;
2984 5184 3030 5239 si
3072 5184 3246 5254 pascit
3275 5183 3551 5248 volatilia;
3591 5181 3638 5238 si
3679 5180 3889 5252 paravit

2289 5294 2458 5336 corvo
2486 5292 2666 5337 escam
2686 5319 2701 5344 ,
2740 5274 2873 5344 pulli
2895 5273 3040 5330 enim
3065 5275 3185 5346 ejus
3205 5276 3272 5331 ad
3299 5276 3586 5330 Dominum
3610 5273 3885 5338 clamant;

2291 5373 2338 5429 si
2369 5371 2692 5428 mulieribus
2717 5369 2870 5427 dedit
2898 5377 3126 5426 texturae
3152 5370 3472 5442 sapientiam
3493 5386 3508 5436 ;
3532 5367 3578 5425 si
3605 5379 3888 5434 araneam,

2361 5566 2383 5593 ο
2428 5553 2503 5608 lta
2535 5567 2670 5608 mss.
2701 5551 2864 5609 Corb.
2895 5559 3074 5616 vetus,
3102 5551 3209 5608 Th.
3237 5566 3321 5608 ac.
3355 5551 3492 5620 Reg.
3518 5547 3624 5604 Alii
3655 5545 3886 5620 aliquot,

2287 5627 2459 5682 alieno
2489 5623 2774 5698 stabilitum
2804 5625 3000 5695 regitur
3031 5626 3276 5698 pondere.
3309 5619 3500 5698 Carm,
3527 5620 3701 5698 aliena
3728 5619 3892 5674 stabi—

2288 5699 2434 5770 litate
2462 5696 2657 5770 regitur
2686 5705 2733 5750 et
2764 5690 3011 5770 pondere.
3031 5690 3042 5698 ’
3063 5695 3276 5767 Reliqui
3307 5707 3360 5752 et
3391 5693 3551 5762 edit.,
3580 5690 3751 5747 alieno
3777 5699 3891 5745 sta-

2292 5769 2404 5824 bilit
2434 5779 2482 5823 et
2512 5767 2641 5838 regit
2671 5767 2915 5838 pondere.
