4150 6358
160 335 289 393 217

1533 340 2031 401 HEXAE-MERON.
2071 343 2200 402 LIB.
2244 345 2305 402 V.

3435 351 3543 410 2l8

165 470 309 525 qua:
346 463 480 514 tam
512 458 809 517 subtiliter
851 473 915 516 ac
957 458 1116 515 docte
1157 457 1308 515 laxos
1339 471 1524 515 casses
1548 460 1835 528 suspendit
1861 467 1917 530 Α
2009 460 2110 516 27.
2136 460 2208 515 At
2239 461 2395 518 nobis
2426 462 2586 535 longe
2611 463 2714 519 alia
2746 463 3016 520 sententia
3046 473 3166 535 est,
3199 473 3412 523 mutare
3442 481 3543 522 ex-

168 548 231 604 in
269 549 543 618 foribus,
580 553 867 624 sapientizn
898 566 1003 607 non
1032 551 1253 621 reliquit
1277 551 1571 607 immunem
1598 568 1612 617 ;
1644 551 1690 606 si
1719 551 1836 621 ipse

171 642 480 701 virtutem
516 662 676 718 equo
702 647 870 712 dedit,
894 655 950 702 et
973 645 1136 701 solvit
1158 644 1227 700 de
1261 645 1475 701 cervice
1499 645 1617 716 ejus
1648 646 1842 702 formi-

176 735 428 800 dinem,
485 749 554 794 ut
598 739 912 796 exsultetin
943 754 1160 811 campo,
1197 749 1254 794 et
1285 753 1581 794 occurrens
1625 739 1843 809 regibus

97 839 102 842 '
177 829 469 898 irrideat,
495 833 894 905 900doretur
916 833 1120 889 bellum
1149 833 1386 900 eminus,
1417 833 1681 888 excitetur
1705 847 1843 888 sono

184 926 397 993 tubzc;
436 928 488 982 si
525 929 655 984 hinc
682 928 1072 984 irrationabilia
1102 928 1388 999 pleraque,
1426 938 1477 982 et
1512 927 1616 982 alia
1653 928 1840 982 insen-

188 1020 394 1079 sibilia
425 1063 444 1087 ,
495 1033 563 1076 ut
601 1022 806 1078 frenum
833 1033 888 1078 et
915 1022 1023 1077 lilia
1044 1063 1062 1090 ,
1091 1022 1325 1093 replevit
1347 1037 1460 1077 suae
1484 1022 1845 1091 dispositione

188 1113 518 1183 sapientia:
543 1157 561 1182 ,
614 1114 742 1186 quid
769 1114 1106 1180 dubitamus,
1131 1114 1275 1185 quod
1307 1116 1468 1170 etiam
1504 1115 1556 1168 in
1586 1113 1839 1169 ecbinum

185 1209 523 1264 contulerit
576 1208 740 1280 hujus
777 1210 1006 1279 gratiam
1047 1208 1452 1280 praescientite?
1502 1206 1646 1262 Nihil
1690 1207 1835 1262 enim

187 1300 684 1372 inexploratum,
739 1302 876 1358 nihil
905 1301 1300 1357 dissimulatum
1346 1300 1593 1372 reliquit.
1651 1299 1846 1355 Omnia

188 1395 388 1460 videt,
420 1399 528 1468 qui
563 1398 741 1467 pascit
769 1397 952 1452 omnia
978 1413 992 1450 :
1026 1396 1206 1450 omnia
1236 1395 1412 1466 replet
1440 1395 1726 1465 sapientia,
1756 1393 1848 1464 qui

194 1490 402 1546 omnia
448 1491 511 1545 in
559 1490 830 1560 sapientia
871 1489 1031 1554 fecit,
1084 1497 1142 1543 ut
1178 1491 1441 1559 scriptum
1471 1497 1556 1543 est
1582 1486 1698 1558 (Ps.
1729 1502 1846 1554 CIII,

195 1586 334 1658 9.4).
395 1587 472 1642 Et
517 1587 649 1643 ideo
677 1588 723 1643 si
766 1586 1022 1643 ecbinum
1059 1585 1387 1640 visitatiouis
1427 1599 1538 1639 sua:
1573 1593 1846 1638 exsortem

203 1695 328 1736 non
360 1683 780 1752 praetermisit;
825 1681 869 1736 si
900 1696 1024 1736 cum
1055 1679 1396 1746 considerat,
1444 1688 1500 1733 et
1538 1677 1846 1733 futurorum

203 1774 498 1831 informat
564 1775 814 1841 indiciis,
863 1785 952 1830 tua
1008 1790 1116 1829 non
1174 1771 1527 1828 considerat?
1566 1771 1680 1826 lmo
1721 1786 1849 1826 vero

1945 554 2066 609 silio
2096 554 2287 610 domos
2307 597 2321 620 ,
2368 558 2662 614 incolarum
2693 558 2909 615 fastidio
2939 560 3111 617 teneri
3134 603 3148 626 ,
3197 561 3530 618 advenarum

1944 659 2163 719 captare
2212 651 2440 721 gratiam
2471 695 2487 720 ,
2544 656 2841 711 transferre
2891 656 3155 710 terminos
3209 664 3538 727 perpetuos,

1943 759 2082 815 quos
2114 755 2412 810 posuerttnt
2444 757 2621 815 patres
2648 751 2842 813 nostri,
2874 764 3062 820 agrum
3090 749 3156 804 ad
3201 764 3386 820 agrum
3415 748 3542 818 jun-

1943 852 2092 908 gere,
2127 836 2348 892 domum
2383 838 2451 893 ad
2489 839 2730 895 dnnmm.
2787 840 2978 898 Deficit
3005 851 3148 898 terra
3191 841 3538 906 horninibus,

1944 939 2262 987 sternuntur
2284 941 2340 986 et
2371 932 2556 986 maria.
2587 933 2792 988 Rursus
2824 949 2918 1002 pro
2958 934 3291 1004 singulorum
3320 932 3542 988 libidine

1946 1026 2201 1082 inciditur
2225 1035 2392 1093 terra,
2422 1042 2572 1083 mare
2622 1027 2944 1094 infunditur,
2990 1038 3050 1083 ut
3080 1029 3284 1084 insulas
3320 1027 3537 1091 faciant,

1949 1128 2003 1174 ut
2029 1119 2344 1190 possideant
2374 1120 2505 1175 freta
2533 1138 2546 1174 :
2583 1122 2754 1191 spatia
2783 1121 2948 1176 maris
2975 1121 3076 1175 sibi
3114 1121 3390 1176 vindicant
3417 1119 3540 1190 jure

1948 1212 2223 1282 mancipii,
2266 1213 2602 1284 pisciumque
2635 1213 2758 1284 jura
2797 1214 2937 1267 sicut
2967 1215 3379 1270 vernaculorum
3406 1228 3540 1268 con-

1948 1305 2151 1360 ditione
2175 1306 2282 1378 91
2306 1305 2406 1361 sibi
2434 1307 2640 1362 servitii
2661 1307 2901 1378 subjecta
2928 1317 3377 1364 commemorant.
3408 1307 3537 1371 Iste,

1949 1397 2157 1468 inquit,
2205 1400 2358 1454 sinus
2405 1401 2569 1455 maris
2617 1415 2802 1466 meus,
2849 1400 2938 1455 illc
2977 1400 3226 1455 alterius.
3286 1399 3542 1454 Dividunt

1949 1492 2215 1548 elementa
2245 1495 2347 1548 sibi
2393 1503 2664 1566 potentes.
2721 1495 2815 1550 His
2843 1505 3040 1549 ostreae
3076 1493 3129 1548 in
3157 1493 3409 1548 ﬂuctibus
3437 1509 3542 1548 nu-

1952 1583 2222 1640 triuntur:
2277 1585 2361 1640 his
2389 1587 2441 1641 in
2477 1587 2683 1642 vivario
2723 1587 2886 1657 piscis
2927 1584 3243 1641 includitur.
3290 1584 3543 1640 Luxuria:

1950 1691 2051 1732 nec
2077 1693 2226 1732 mare.
2253 1678 2476 1742 snfticit,
2511 1679 2613 1734 nisi
2637 1679 2928 1750 apothecas
2953 1679 3186 1735 habeant
3215 1689 3543 1734 ostrearum.

1950 1768 2133 1840 Itaque
2163 1781 2348 1826 :etates
2373 1787 2558 1826 earum
2592 1782 2908 1839 numerant,
2942 1783 2998 1829 et
3026 1771 3252 1844 piscium
3292 1783 3540 1843 recepta-

206 1870 560 1926 cousiderat
583 1911 599 1936 ,
644 1871 784 1925 sicut
821 1878 1053 1925 testatur
1083 1868 1202 1939 ejus
1229 1867 1410 1922 divina
1439 1865 1715 1936 Sapientia
1762 1866 1846 1921 di-
1875 1860 1920 1920 Β
1949 1865 2066 1919 cula
2110 1868 2417 1930 instruunt;
2463 1881 2530 1921 ne
2559 1867 2804 1922 convivia
2831 1866 3015 1922 divitis
3045 1881 3195 1921 mare
3225 1881 3333 1920 non
3368 1865 3542 1935 possit

201 1975 350 2018 cens
377 1980 392 2016 :
431 1962 496 2017 Si
533 1963 757 2032 respicit
787 1961 1049 2028 volatilia,
1078 1961 1124 2015 si
1159 1959 1332 2030 pascit
1361 1959 1447 2013 illa
1470 2000 1484 2023 ,
1535 1974 1716 2020 nunne
1745 1973 1843 2014 vos

205 2055 398 2126 pluris
451 2056 599 2110 estis
647 2054 756 2110 illis
795 2052 1012 2122 (Jlattlt.
1052 2068 1146 2116 vr,
1194 2051 1335 2122 26)?
1387 2052 1443 2107 Si
1487 2049 1690 2106 fmnum
1730 2051 1846 2121 agri

207 2147 369 2218 quod
415 2147 590 2203 hodie
623 2156 814 2212 cenet
839 2161 963 2202 cras
993 2148 1045 2201 in
1075 2145 1257 2217 ignem
1289 2144 1519 2199 mittitur
1542 2187 1558 2211 ,
1593 2143 1734 2200 Deus
1766 2143 1844 2200 sic

213 2239 418 2308 vestit,
451 2248 665 2310 quanto
693 2239 862 2311 magis
889 2254 986 2294 vos
1015 2238 1240 2294 modicae
1268 2237 1392 2294 fidei
1417 2240 1441 2292 ἲ

875 2371 1105 2430 CAPUT
1144 2373 1214 2429 X.

213 2487 429 2560 Cuique
461 2489 689 2558 piscium
723 2467 896 2561 generi
933 2491 1234 2561 prwscripta
1265 2507 1372 2546 esse
1415 2507 1510 2545 sua
1549 2491 1836 2560 domicilia,

292 2582 444 2637 unde
489 2581 719 2638 humana
769 2584 981 2647 levitas,
1033 2601 1094 2637 ac
1141 2584 1353 2638 luxuria
1395 2587 1848 2640 condemnentur:

299 2684 482 2729 tamen
551 2676 800 2748 quosdam
855 2677 1017 2748 pisces
1061 2676 1130 2730 ad
1178 2676 1400 2731 sobolem
1447 2678 1559 2732 loca
1603 2688 1848 2744 mutare;

298 2773 460 2843 cujus
491 2770 568 2822 rei
598 2771 730 2826 ratio
760 2772 1087 2840 expenditur,
1123 2779 1170 2824 et
1202 2769 1423 2824 hominis
1456 2773 1849 2838 reprehenditur

303 2861 716 2922 incontinentia.
745 2861 877 2917 Item
900 2864 962 2918 de
981 2864 1290 2933 specialibus
1314 2865 1606 2934 aliquorum
1633 2866 1851 2936 piscium

294 2954 610 3010 virtutibus.

285 3064 386 3123 26.
429 3066 537 3123 At-
580 3083 712 3124 vero
753 3069 873 3124 sine
919 3069 1151 3140 quadam
1200 3070 1328 3126 dote
1376 3080 1586 3128 natnrte
1626 3087 1851 3130 manere

217 3164 473 3237 piscibus
501 3164 678 3220 etiam
725 3165 872 3220 illam
904 3175 1154 3235 putamus
1191 3167 1450 3237 gratiam,
1485 3169 1627 3238 quod
1659 3183 1850 3222 unum-

1949 1958 2195 2028 implere.
2222 1958 2357 2013 Nam
2391 1959 2550 2016 vicini
2582 1976 2776 2015 nomen
2799 1960 2997 2032 quibus
3027 1961 3255 2015 audiunt
3284 1958 3538 2016 auribus!

1948 2055 2158 2123 Quibus
2189 2055 2368 2110 oculis
2399 2057 2679 2110 intuentur
2708 2057 3081 2125 possessiones
3106 2056 3326 2112 eorum!
3351 2055 3552 2123 Quem-

1948 2146 2239 2202 admodum
2285 2147 2402 2202 dies
2451 2159 2749 2218 noctesque
2821 2147 3160 2217 excogitant,
3237 2157 3290 2200 ut
3344 2145 3547 2217 aliquid

1949 2237 2186 2310 proximi
2234 2238 2536 2294 auferant!
2587 2238 2857 2312 Numquid
2903 2240 2999 2294 soli
3052 2238 3351 2294 habitabitis
3393 2253 3548 2310 super

1950 2344 2139 2388 terram
2168 2331 2324 2404 (lsai.
2351 2349 2406 2400 v,
2437 2332 2494 2403 9)
2520 2334 2543 2387 ?
2569 2334 2771 2388 clamat
2796 2332 3080 2404 prOpbeta.
3108 2329 3400 2403 Cognoscit
3429 2329 3550 2387 haec

1950 2420 2236 2492 Dominus,
2269 2437 2322 2480 et
2350 2427 2601 2482 vindicta:
2632 2439 2897 2482 reservat.

2019 2519 2111 2574 28.
2153 2519 2425 2588 Quantum
2467 2520 2644 2576 aliena
2673 2535 2702 2574 a
2735 2519 2973 2590 piscibus
3002 2517 3278 2574 aviditatis
3306 2517 3494 2589 rapina
3522 2518 3536 2572 ε

1948 2611 2030 2667 11ιί
2064 2613 2327 2667 naturalia
2350 2621 2572 2683 captant
2597 2624 2828 2679 secreta,
2853 2623 2907 2666 et
2936 2612 3078 2666 ultra
3103 2611 3371 2667 terminos
3398 2609 3549 2666 orbis

1953 2715 2220 2762 terrarum
2252 2723 2403 2762 mare
2431 2718 2668 2773 norunt,
2715 2708 2860 2779 quod
2893 2709 3055 2764 nulla:
3094 2707 3424 2777 interpolant
3464 2707 3546 2761 in-

1951 2800 2082 2855 sula:
2104 2841 2121 2866 ,
2171 2816 2271 2855 nec
2309 2812 2450 2856 terra
2484 2801 2663 2872 aliqua
2691 2802 3010 2874 interjacet,
3040 2801 3127 2856 vel
3158 2803 3390 2857 ulterius
3438 2801 3548 2856 ulla

1951 2893 2024 2947 sit
2052 2893 2248 2962 posita.
2279 2892 2394 2948 Illic
2426 2893 2590 2964 igitur
2612 2894 2700 2948 tibi
2731 2894 2986 2950 diffusum
3019 2895 3128 2950 late
3155 2909 3304 2950 mare
3330 2909 3546 2949 omnem

1953 2985 2234 3054 spectandi
2276 3001 2454 3053 usum,
2483 2987 2731 3041 utilitatis
2766 2991 2940 3057 gratia
2971 2987 3260 3059 navigandi
3289 2986 3551 3043 interclu-

1955 3079 2050 3135 dat
2076 3080 2357 3136 audaciam
2385 3124 2399 3147 ,
2449 3083 2687 3138 condere
2734 3098 2791 3136 se
2821 3081 3070 3136 feruntur
3114 3092 3234 3136 cete
3263 3123 3278 3145 ,
3329 3082 3418 3136 illa
3450 3081 3550 3135 im-

1956 3189 2145 3230 mensa
2173 3189 2373 3246 genera
2404 3175 2671 3246 piscium,
2719 3175 2945 3244 mqualia
2975 3174 3254 3229 montibus
3284 3188 3545 3244 corpora,

222 3258 489 3328 quodque
551 3273 722 3328 genus
774 3258 1001 3328 piscium
1051 3260 1364 3330 praescripta
1420 3262 1522 3316 sibi
1575 3259 1846 3317 domicilia
1875 3265 1920 3327 C
1954 3277 2014 3324 ut
2069 3267 2412 3324 tradiderunt
2459 3269 2659 3335 nobis,
2708 3269 2796 3338 qtti
2843 3267 3026 3322 videre
3065 3275 3392 3337 pomerunt:
3440 3266 3550 3321 illic

226 3349 424 3417 liabet,
447 3367 576 3420 quat
601 3351 682 3406 sui
711 3351 929 3420 generis
959 3351 1139 3406 nullus
1168 3352 1412 3415 excedat.
1460 3367 1566 3408 non
1609 3355 1850 3409 incurset

231 3443 498 3500 alienus?
547 3444 678 3512 Quis
707 3455 988 3514 geometra
1018 3444 1102 3499 bis
1134 3445 1315 3500 divisit
1346 3446 1649 3502 habitacula
1683 3448 1850 3504 nullis

235 3537 548 3608 rumpenda
579 3538 914 3609 temporibus
938 3521 1004 3591 ῩῙ
1003 3538 1110 3594 Sed
1155 3551 1488 3611 geometram
1516 3541 1844 3611 audivimus,

236 3632 726 3689 tbalassometram
792 3648 1090 3705 numquam
1139 3635 1486 3700 audivimus;
1549 3645 1605 3691 et
1664 3643 1846 3692 tamen

240 3728 428 3799 pisces
469 3743 784 3783 mensuram
820 3743 972 3783 suam
1013 3738 1250 3793 norunt,
1299 3744 1405 3783 nou
1437 3729 1606 3784 mttris
1628 3729 1844 3787 urbium

241 3824 532 3894 portisque
555 3823 952 3892 prmscriptam,
985 3837 1093 3877 non
1118 3821 1361 3877 azdiliciis
1392 3821 1700 3888 domorum,
1743 3838 1849 3879 non

239 3931 503 3986 agrorum
544 3915 741 3970 finibus
768 3915 1073 3979 liinitatam,
1101 3915 1197 3970 sed
1227 3929 1538 3970 mensuram
1565 3915 1682 3986 ejus
1706 3917 1850 3986 quod

245 4016 545 4079 oporteat;
596 4017 655 4061 ut
697 4016 904 4061 tantum
950 4010 1087 4062 satis
1125 4007 1197 4062 sit
1225 4008 1515 4078 unicuique
1539 4048 1556 4074 ,
1594 4018 1852 4078 quantum

243 4101 313 4156 ad
359 4116 524 4157 usuut
571 4098 844 4164 abundet,
895 4115 1000 4154 non
1047 4109 1308 4170 quantum
1349 4099 1581 4155 aviditas
1608 4101 1853 4170 quatdam

244 4195 611 4251 immoderata
657 4194 761 4250 sibi
804 4193 1062 4248 vindicet.
1102 4191 1212 4246 Lex
1251 4192 1499 4262 qumdam
1539 4199 1747 4246 natura:
1772 4181 1886 4247 est~

245 4299 454 4346 tantum
498 4305 770 4361 quaerere,
813 4299 837 4325 η
869 4297 1130 4359 quantum
1164 4286 1397 4341 snlliciat
1430 4285 1496 4340 ad
1526 4285 1724 4340 victutn
1746 4325 1762 4350 ,
1802 4293 1858 4339 et

247 4384 644 4439 alimentorum
678 4382 841 4439 modo
875 4392 1077 4438 sortem
1112 4395 1337 4438 censere
1369 4380 1699 4447 patrimonii.
1723 4362 1858 4436 Illoc

247 4493 417 4549 genus
449 4479 686 4550 piscium
724 4479 776 4532 in
805 4478 899 4532 illo
939 4477 1062 4532 sinu
1105 4477 1271 4531 maris
1310 4475 1471 4531 alitur
1501 4485 1556 4530 et
1595 4477 1855 4546 gignitur,

250 4572 380 4627 illud
418 4573 472 4628 in
503 4572 637 4626 alio.
682 4571 925 4640 Denique
955 4585 1063 4624 non
1101 4568 1344 4640 reperies
1387 4566 1612 4624 confusa
1657 4583 1856 4639 genera

1951 3361 2194 3433 quietum
2222 3377 2396 3416 terum
2428 3363 2650 3433 exigunt
2678 3372 2699 3398 ε
2731 3361 2965 3416 discreta
2999 3359 3068 3412 ab
3098 3358 3290 3414 insulis
3313 3399 3328 3424 ,
3381 3364 3436 3412 et
3481 3357 3551 3412 ab

1951 3456 2206 3510 omnibus
2257 3456 2653 3510 maritimarum
2706 3455 2920 3509 urbium
2976 3452 3244 3522 contagiis
3294 3458 3549 3520 separata

1953 3547 2155 3603 habent
2175 3561 2300 3602 suas
2322 3547 2573 3616 regiones
2589 3556 2643 3601 ct
2665 3545 2970 3602 habitacula
2997 3545 3307 3600 distributa.
3333 3543 3553 3598 Manent

1951 3642 2005 3698 in
2038 3643 2124 3698 bis
2154 3643 2422 3699 inoffenso
2447 3643 2750 3698 vicinorum
2797 3641 2990 3707 limite,
3024 3655 3121 3695 nec
3155 3654 3290 3709 vago
3318 3636 3548 3692 transitu

1952 3736 2284 3790 mutationes
2302 3744 2552 3804 qurerunt
2579 3735 2855 3788 locorum:
2885 3732 2983 3789 sed
3016 3743 3286 3803 tamquam
3313 3731 3548 3801 patrium

1951 3828 2127 3883 solum
2150 3826 2402 3898 diligttnt,
2425 3837 2480 3882 et
2510 3828 2560 3882 in
2591 3827 2677 3882 bis
2709 3827 2982 3881 immorari
3012 3825 3172 3881 dulce
3196 3824 3548 3879 arbitrantur.

1953 3921 2086 3989 Quae
2138 3921 2261 3976 ideo
2312 3921 2627 3990 elegerunt,
2689 3930 2748 3974 ut
2777 3919 3075 3974 solitariam
3129 3918 3292 3972 vitam
3343 3922 3551 3970 remota

1957 4015 2166 4083 possint
2196 4013 2528 4067 arbitrorum
2561 4011 3001 4080 interpellatione
3034 4007 3352 4079 transigere.

2026 4106 2118 4161 29.
2165 4105 2302 4162 Sunt
2335 4115 2515 4160 tamen
2543 4105 2721 4175 aliqua
2761 4118 2962 4175 genera
3007 4103 3271 4172 piscium,
3311 4099 3402 4173 qui
3443 4115 3552 4156 non

1958 4198 2158 4269 ingenii
2209 4197 2471 4254 facilitate
2515 4199 2630 4254 loca
2673 4207 2921 4264 mutent,
2973 4196 3068 4252 sed
3105 4196 3328 4252 fovendi
3364 4204 3551 4266 partus

1959 4293 2321 4358 necessitate;
2367 4308 2529 4364 quem
2559 4302 2870 4362 Opportuna
2897 4275 3331 4360 alqtte'lcgitimo
3363 4304 3558 4360 procn-

1960 4394 2143 4440 rantes
2179 4393 2425 4455 tempore
2449 4426 2464 4450 ,
2517 4400 2583 4440 ex
2616 4385 2864 4455 plurimis
2893 4384 3055 4449 locis,
3095 4399 3158 4437 ae
3184 4383 3404 4438 diverso
3434 4381 3556 4438 sinu

1960 4479 2146 4541 maris,
2172 4479 2443 4534 innumeri
2483 4480 2627 4534 velut
2658 4479 2932 4532 comnnmi
2965 4478 3198 4533 consilio
3228 4476 3559 4532 convenien-

1962 4579 2044 4626 tes
2074 4571 2369 4641 conjnncto
2398 4574 2613 4642 agmine
2642 4571 2924 4642 Aquilonis
2951 4569 3111 4626 ﬂatus
3139 4578 3361 4640 petunt.
3405 4579 3460 4625 et
3490 4569 3558 4624 ad

253 4664 479 4734 pis‘cium
511 4681 526 4719 :
557 4663 653 4720 sed
683 4663 827 4734 quod
862 4663 950 4718 hic
975 4661 1234 4727 abundat,
1264 4662 1399 4721 alibi
1430 4660 1602 4717 deest.
1653 4661 1719 4716 Et
1752 4662 1853 4717 ite-
1878 4657 1932 4716 D
1958 4663 2088 4719 illud
2135 4665 2655 4733 Septentrionalium
2709 4679 2856 4718 mare
2898 4665 3128 4732 partium
3179 4664 3414 4733 quadam
3464 4678 3560 4717 na-

256 4773 372 4813 rum
417 4759 517 4815 ille
566 4757 716 4812 sinus
751 4757 918 4812 maris
951 4754 1209 4827 cephalos
1238 4754 1370 4820 alit,
1410 4756 1567 4823 lupos
1593 4753 1723 4810 ille:
1769 4754 1860 4810 ille

256 4855 535 4919 saxatiles,
570 4852 809 4908 locustas
833 4851 994 4905 alius.
1039 4848 1156 4904 Non
1178 4859 1260 4904 est
1299 4847 1466 4903 libera
1495 4847 1722 4918 vagandi
1759 4863 1858 4918 po-

263 4953 464 5014 testas;
508 4961 608 5002 nec
653 4959 831 5000 tamen
877 4954 970 4999 aut
1011 4943 1306 4998 interclusa
1353 4941 1632 4996 montibus
1669 4941 1858 5011 copia,

260 5047 350 5094 aut
389 5038 576 5094 fluviis
616 5035 1064 5093 interlabentibus
1094 5034 1358 5090 transitus
1401 5033 1691 5102 impeditur
1715 5074 1730 5098 ,
1761 5033 1857 5088 scd

260 5144 384 5186 usus
435 5139 658 5186 natura:
724 5130 1022 5201 impressus
1080 5138 1353 5198 tamquam
1416 5126 1606 5196 patriae
1663 5127 1859 5183 finibus

257 5237 702 5296 unumquemque
749 5235 871 5278 sese
913 5231 1136 5289 tenere,
1181 5229 1240 5275 et
1280 5217 1420 5274 ultra
1459 5217 1712 5274 incolasb
1739 5232 1862 5290 pro-

261 5313 374 5372 dire
411 5325 755 5388 suspectum.

335 5450 360 5479 ⁸
389 5443 521 5498 Mss.
553 5441 676 5497 Vat.
709 5449 765 5497 et
811 5441 993 5508 Cmm,
1037 5449 1285 5507 quantum
1323 5437 1508 5509 eﬂiciat
1542 5436 1610 5490 ad
1651 5435 1863 5489 victum.

270 5511 418 5585 Dion.
447 5555 464 5580 ,
513 5524 760 5585 quantum
799 5513 1015 5583 sufﬁciat
1045 5511 1113 5565 ad
1142 5513 1330 5585 victum
1356 5522 1404 5564 et
1435 5510 1736 5585 alimentum
1757 5547 1795 5571 ,.
1816 5515 1867 5560 et

273 5581 374 5639 lucc
401 5581 760 5640 tantummodo
787 5581 922 5638 sorte
950 5599 1152 5653 censere
1181 5581 1502 5653 patrimonii.

269 5668 272 5670 ‘
338 5654 362 5694 δ
388 5659 619 5726 Quidam
654 5671 784 5711 mss.
815 5664 870 5710 et
897 5656 1032 5710 edit.
1065 5649 1255 5715 tum...
1289 5651 1495 5726 prodire
1530 5649 1655 5722 facit
1683 5661 1868 5726 suspe-

280 5719 429 5783 ctum:
495 5731 599 5784 Alii
649 5728 838 5798 majori
887 5741 1113 5798 numero
1139 5734 1194 5779 et
1234 5719 1702 5798 antiquitatewm
1731 5719 1864 5798 edit.

281 5809 381 5874 ve_t_._
407 5802 686 5874 omittunt,
719 5789 866 5874 facit.
909 5789 1244 5874 lfion'male;
1279 5789 1452 5874 potest
1485 5792 1631 5874 enim
1677 5789 1866 5844 subin-

283 5869 437 5941 telligi
465 5865 885 5935 substantivu'tn,
915 5865 1010 5935 est,
1041 5876 1165 5937 post
1190 5881 1374 5932 Voces;
1407 5865 1693 5934 impressus
1804 5873 1815 5908 ι
1846 5893 1862 5915 .

1964 4766 2098 4812 ειη-ω
2127 4757 2246 4828 lege
2275 4757 2636 4812 contendunt.
2682 4757 2856 4819 Dicas,
2888 4756 2935 4810 si
2963 4755 3325 4812 ascendentes
3353 4753 3558 4822 videas,

1963 4846 1988 4885 ι¹
2022 4849 2244 4904 rheuma
2275 4849 2546 4919 quoddam
2576 4863 2731 4914 esse,
2781 4849 2850 4902 ita
2902 4855 3204 4918 proruunt,
3255 4846 3563 4916 fluctusque

1963 4947 2336 5008 intersecaut,
2389 4958 2485 5012 per
2515 4941 2902 5012 Propontidem
2938 4941 2992 4995 in
3023 4941 3290 4995 Euxinum
3333 4949 3561 5009 pontum

1965 5033 2205 5090 violento
2235 5035 2440 5105 impetu
2473 5032 2822 5104 proﬂuentes.
2869 5033 3005 5099 Quis
3053 5031 3291 5100 piscibus
3321 5027 3439 5082 baro
3465 5040 3563 5079 an-

1967 5129 2182 5185 nuntiat
2206 5131 2348 5193 loca,
2383 5129 2642 5198 pra-cepit
2669 5124 2960 5194 tempora?
2997 5123 3132 5190 Quis
3165 5121 3352 5176 tribuit
3377 5118 3563 5185 dispo-

1968 5221 2222 5276 sitionem
2250 5220 2466 5286 viandi,
2517 5217 2810 5275 comitandi
2839 5215 3110 5281 ordinem,
3141 5224 3311 5268 metas
3337 5219 3392 5262 et
3423 5217 3563 5260 tem-

1973 5328 2103 5385 pora
2171 5311 2552 5370 revertendi?
2630 5309 2892 5364 Homines
2957 5319 3116 5358 suum
3185 5304 3566 5370 imperatorem

1971 5446 2026 5493 et
2067 5445 2376 5508 suspectum.
2519 5504 2548 5508 μ
2831 5500 2842 5508 _
2901 5499 2913 5508 ,
3023 5493 3054 5508 ..
3190 5501 3220 5508 κ,
3263 5487 3312 5508 ξι
3351 5487 3482 5508 mm.-

2046 5487 2447 5567 (diﬁcia...
2495 5504 2744 5557 discretas
2789 5500 2853 5554 ab
2894 5493 3081 5550 insulis
3106 5531 3122 5550 .
3174 5501 3220 5544 et
3251 5487 3329 5567 ab.
3345 5487 3573 5541 omnium

1974 5559 2352 5634 maritimarum
2400 5559 2601 5630 urbium
2649 5570 2907 5639 contagiis
2945 5569 3215 5639 separatas
3243 5559 3427 5613 habent
3453 5573 3574 5639 suas

1972 5629 2454 5723 “Cum.
2485 5686 2499 5711 ,
2548 5652 2772 5697 remotas
2803 5629 2940 5690 'illic
2989 5629 3179 5684 habent
3234 5647 3356 5685 snas
3410 5629 3576 5700 regio-

1973 5731 2280 5848 ne:,B:‘s(ii.
2312 5789 2504 5857 ῥεῦμα,
2537 5783 2588 5839 id
2615 5788 2720 5845 est,
2749 5785 2917 5833 aestus
2945 5785 3010 5826 ac
3041 5780 3280 5830 torrens.
