4150 6358
597 354 702 412 Ξιθ
1951 347 2199 410 ΒΑΝΟΤΙ

2331 343 2562 412 [ΒἎΟΒΙΙ
3857 355 3959 411 ελρ

599 472 836 538 habent,
883 469 1039 539 cujus
1067 479 1417 539 exspectatur
1444 470 1729 541 imperium
1753 511 1767 536 ,
1819 469 2066 540 procedit
2091 477 2200 525 ιρι-
2225 470 2275 531 Α
2303 475 2431 523 tuon
2485 469 2538 523 in
2566 467 2838 539 Sapientia
2870 485 2882 522 :
2919 465 3074 524 Novit
3114 476 3338 541 tempus
3388 465 3570 526 eundi
3615 481 3792 540 atque
3831 473 3959 522 red-

604 578 725 620 sera
749 604 764 629 ,
813 572 1194 634 proponuntur
1219 562 1396 618 edicta
1430 561 1856 632 provincialibus
1892 572 1950 616 ιιι
1994 575 2202 617 conve~
2303 560 2467 617 eundi
2511 580 2523 615 :
2556 562 2706 616 novit
2735 571 2947 631 tempus
2999 561 3407 633 perhmctionis
3439 570 3500 615 et
3525 562 3880 631 iactationis.
3907 573 3958 615 et

608 657 798 722 niant,
826 657 1063 712 trilmnis
1092 657 1320 713 militum
1357 659 1551 712 litterae
1577 658 1918 728 diriguntur,
1948 656 2066 710 dies
2095 667 2205 711 sla-
2305 655 2454 708 novit
2483 661 2539 707 ut
2564 667 2670 707 non
2698 663 2858 722 queat
2900 654 3006 706 falli
3035 652 3267 724 (Eccles.
3305 669 3391 719 Ill,
3436 653 3473 708 9
3509 664 3563 708 et
3595 670 3692 723 seq
3724 651 3744 722 )
3773 670 3789 716 ;
3834 670 3952 723 quia

610 749 819 817 luitur;
867 762 919 806 et
966 750 1210 819 plerique
1243 749 1310 803 ad
1355 750 1472 805 dies
1515 759 1748 804 statutos
1771 764 2062 804 occurrere
2095 763 2204 804 non
2307 763 2414 804 non
2447 749 2673 803 rationis
2694 750 3147 812 a'stimatioue,et
3178 748 3599 818 disputationis
3623 761 3952 817 argumento

613 850 839 912 queunt.
882 840 1015 909 Quis
1047 841 1345 910 imperator
1391 841 1631 909 piscibus
1663 853 1992 910 praereptum
2025 839 2208 895 dedit?
2309 845 2479 898 utitur
2502 884 2516 907 ,
2563 845 2656 898 sed
2691 842 3045 912 inspiratione
3078 853 3315 907 naturae,
3372 859 3506 911 τινες
3545 855 3688 897 vera
3727 849 3819 896 est
3846 857 3952 893 rna-

614 934 749 1004 Quis
775 935 970 990 doctor
1001 933 1140 990 hanc
1170 934 1358 988 tribuit
1378 934 1759 1003 disciplinam?
1788 933 1888 1001 Qui
1917 942 2210 988 metatores

613 1027 1178 1099 itineradisponunt?
1220 1025 1321 1094 Qui
1355 1025 1523 1082 duces
1554 1028 1655 1080 iter
1684 1026 1958 1096 dirigunt,
2004 1035 2062 1080 ut
2091 1025 2208 1080 nul-

615 1121 717 1177 lius
748 1122 891 1176 desit
919 1118 1224 1175 occursus?
1263 1119 1369 1173 Sed
1401 1133 1639 1188 agnosco
1667 1119 1790 1188 quis
1824 1118 1914 1172 ille
1942 1120 2011 1172 sit
2043 1119 2212 1187 impe-

613 1227 763 1273 rator
785 1256 799 1282 ,
831 1213 923 1286 qui
960 1214 1303 1269 ordinatione
1328 1212 1509 1267 divina
1543 1213 1796 1267 sensibus
1829 1215 2209 1267 universorum

614 1326 771 1365 suum
805 1307 1055 1365 infundat
1086 1309 1394 1378 imperium.
1418 1307 1512 1377 qui
1545 1306 1738 1362 tacitus
1767 1308 1934 1362 mutis
1965 1307 2212 1360 animan-

609 1402 755 1458 tibus
787 1400 1050 1455 naturalis
1080 1401 1391 1470 disciplina:
1423 1401 1668 1455 ordinem
1705 1401 1906 1456 tribuat
1937 1417 1953 1466 ;
1992 1415 2091 1456 nec
2119 1416 2212 1453 so-

614 1495 725 1550 lum
756 1510 946 1563 magna
981 1504 1250 1564 penetret,
1275 1495 1370 1549 sed
1401 1496 1564 1549 etiam
1601 1510 1699 1566 per
1726 1497 1949 1551 minima
1979 1509 2214 1567 qumque

619 1601 679 1642 se
710 1586 918 1642 fundat.
949 1585 1160 1641 Divinte
1189 1587 1291 1656 legi
1326 1589 1491 1656 piscis
1520 1589 1858 1659 obsequitur,
1886 1600 1938 1642 et
1967 1588 2217 1643 homines

621 1681 1044 1738 contradicunt!
1109 1681 1280 1737 Piscis
1328 1682 1647 1736 solemuiter
1695 1681 1911 1737 obaudil
1963 1683 2216 1737 mandata

623 1774 868 1831 etelestia
897 1815 912 1841 ,
965 1786 1021 1831 et
1071 1773 1451 1849 homines”
1493 1775 1639 1831 irrita
1688 1775 1894 1832 faciunt
1934 1776 2026 1830 Dei
2068 1791 2213 1848 prte-

2308 940 2476 1008 gistra
2511 936 2743 1005 pietatis.
2775 937 3015 1001 Denique
3037 949 3226 989 omnes
3259 935 3591 989 animantes
3627 936 3947 1004 pra-scripta

2313 1030 2511 1084 habent
2542 1029 2786 1100 pariendi
2823 1041 3062 1100 tempora
3083 1069 3097 1092 ,
3133 1030 3296 1081 homo
3330 1031 3490 1081 scius
3523 1028 3848 1081 inliisfl’f‘m
3881 1037 3950 1078 al-

2311 1137 2415 1194 que
2443 1122 2686 1176 confusa.
2749 1123 2971 1191 Reliqua
3019 1135 3218 1192 genera
3262 1120 3634 1176 clementiam
3687 1122 3947 1190 temporis

2313 1226 2595 1286 qua‘rttttt,
2630 1216 2886 1269 mulieres
2914 1216 3045 1270 solre.
3073 1223 3261 1284 partus
3288 1229 3421 1268 suos
3455 1214 3861 1267 inclementer
3884 1213 3947 1264 ιδί-

2315 1312 2567 1367 fundunt.
2603 1310 2745 1380 Vaga
2773 1310 2916 1364 ριιὶπι
2943 1319 2998 1365 et
3023 1310 3399 1380 intemperans
3431 1307 3619 1362 libido
3643 1306 3945 1377 generandi

2315 1422 2504 1476 vagam
2532 1404 2774 1476 pariendi
2803 1413 3015 1458 mtatem
3046 1402 3312 1457 esbibet.’
3354 1402 3551 1458 Pisces
3587 1413 3755 1456 tanta
3787 1403 3943 1455 maria

2319 1501 2688 1554 transmittunt
2710 1541 2724 1562 ,
2758 1507 2816 1552 ut
2843 1497 3129 1552 utilitatem
3163 1496 3398 1565 aliquam
3426 1498 3629 1567 generi
3660 1511 3774 1550 suo
3812 1509 3944 1566 qua-

2319 1606 2462 1650 rant.
2487 1593 2597 1648 Nos
2624 1607 2838 1663 qucque
2865 1591 3054 1647 dilfusa
3085 1605 3302 1660 a'qttora
3337 1591 3790 1645 transfretamns
3815 1610 3828 1643 :
3861 1589 3941 1642 sed

2323 1697 2523 1761 quanto
2555 1688 2838 1743 honestius
2865 1729 2879 1751 ,
2933 1686 3072 1757 quod
3106 1686 3470 1740 successionis
3499 1702 3702 1741 amore
3727 1728 3745 1748 ,
3793 1701 3938 1752 quam

2325 1786 2467 1858 quod
2503 1784 2747 1853 pecunia!
2778 1782 3034 1837 aviditate
3063 1779 3402 1851 suscipitur?
3442 1780 3706 1852 Denique
3741 1781 3858 1834 illis
3885 1777 3938 1831 ad

622 1878 779 1938 cepta
809 1869 822 1922 l
885 1867 968 1924 An
1015 1871 1441 1939 contemptibilis
1470 1870 1563 1924 tibi
1595 1870 1845 1935 videtur,
1877 1870 2003 1939 quia
2036 1881 2221 1924 mutus
2251 1861 2299 1924 B
2330 1880 2609 1947 pietatem,
2641 1875 2796 1931 nobis
2825 1875 2891 1929 ad
2935 1884 3196 1943 qttmstttm
3230 1873 3581 1927 transmissio
3625 1873 3936 1944 deputatur.

621 1970 746 2028 est,
803 1959 1134 2031 rationisque
1160 1961 1399 2031 expers?
1439 1962 1547 2018 Sed
1582 1963 1702 2018 vide
1731 1978 1801 2017 ne
1828 1971 1883 2018 tu
1914 1963 2007 2016 tibi
2042 1963 2216 2031 magis

620 2051 848 2120 incipias
874 2066 995 2107 esse
1024 2053 1380 2123 eontemptui,
1410 2054 1455 2108 si
1486 2054 1841 2109 irrationabili
1872 2054 2220 2108 irrationabi-

623 2143 728 2199 lior
775 2143 1226 2214 deprehenderis.
1277 2146 1415 2213 Quid
1468 2156 1650 2201 autem
1693 2145 2074 2201 rationabilius
2120 2146 2223 2201 hoc

620 2239 848 2311 piscium
883 2241 1134 2306 transitu,
1165 2239 1318 2310 cujus
1348 2242 1615 2295 rationem
1643 2240 1861 2311 quidem
1896 2240 2081 2295 verbis
2111 2255 2219 2296 non

621 2333 917 2405 explicant,
942 2333 1036 2390 sed
1069 2334 1226 2388 lactis
1255 2333 1595 2404 loquuntur?
1625 2333 1864 2403 Pergunt
1888 2333 2032 2387 enitn
2063 2342 2218 2388 a-sta.

617 2426 688 2481 tis
717 2438 963 2496 tempore
992 2426 1058 2480 ad
1098 2427 1291 2481 fretum
1321 2427 1507 2491 Potiti,
1537 2442 1603 2480 eo
1632 2425 1776 2496 quod
1808 2425 2016 2494 reliquo
2045 2428 2216 2481 maris

623 2520 745 2574 sinu
779 2520 866 2575 hic
899 2522 1049 2574 sinus
1093 2519 1303 2574 dulcior
1361 2522 1448 2575 sit.
1497 2519 1614 2576 Non
1645 2521 1790 2576 enim
1825 2521 2027 2576 tamdiu
2058 2522 2140 2577 sol
2171 2523 2221 2578 ei

624 2611 765 2669 fretu
791 2651 806 2676 ,
850 2613 1108 2682 quatndiu
1138 2615 1355 2667 caeteris
1385 2613 1734 2679 immoratur,
1768 2630 1941 2686 eaque
1972 2616 2033 2670 ﬂt
2060 2629 2223 2672 causa

632 2717 687 2760 ut
721 2719 826 2761 non
859 2723 1076 2762 uinnem
1107 2721 1302 2774 aquam
1334 2707 1653 2775 exhauriat,
1701 2725 1822 2780 quae
1849 2709 2026 2766 dulcis
2061 2724 2226 2781 atque

630 2801 887 2872 potabilis
916 2810 1024 2856 est.
1049 2800 1183 2869 Qttis
1213 2811 1393 2857 autem
1427 2803 1635 2874 ignoret
1661 2803 1802 2873 quod
1825 2804 1987 2859 etiam
2017 2821 2077 2859 ea
2105 2820 2225 2876 quat

631 2894 902 2948 maritima
936 2904 1098 2960 sunt,
1146 2895 1302 2964 aquis
1333 2896 1652 2965 plerumque
1678 2897 1925 2953 dulcibus
1952 2898 2229 2953 delecten-

633 2985 764 3039 tur?
807 2985 1054 3056 Denique
1079 2985 1208 3042 dum
1241 2985 1463 3042 ﬂumina
1491 3000 1824 3058 sequuntur,
1871 3000 1926 3045 et
1955 2990 2022 3044 ad
2060 3005 2225 3060 supes

633 3081 777 3138 riora
833 3081 1168 3148 ascendunt,
1223 3079 1538 3151 frequenter
1577 3082 1737 3138 alieni
1793 3083 1968 3153 pisces
2010 3087 2228 3154 generis

633 3174 923 3245 capiuntur
955 3174 1008 3229 in
1038 3173 1237 3230 ﬂuviis.
1290 3173 1426 3231 Cum
1459 3175 1576 3230 Ι)ωο
1605 3177 1768 3246 igitur
1794 3192 1959 3233 causa
1989 3178 2225 3234 Pontum

2327 1969 2404 2025 Illl
2453 1969 2698 2023 sobolem
2747 1966 2990 2022 referunt
3022 1964 3270 2019 omnibus
3308 1963 3592 2018 mercibus
3624 1965 3932 2018 cariorem-

2329 2077 2429 2116 nos
2453 2061 2563 2134 93
2595 2073 2829 2113 mercem
2863 2058 3022 2128 longe
3063 2057 3323 2124 imparem
3374 2056 3441 2109 ad
3486 2055 3724 2120 perieuli
3773 2054 3929 2108 vicem

2325 2157 2520 2210 misera
2553 2153 2686 2206 lucri
2710 2151 2963 2220 cupidine
2988 2157 3348 2220 reportamus.
3382 2148 3570 2218 Itaque
3598 2149 3680 2204 illi
3713 2151 3930 2218 patriast

2328 2256 2578 2316 repetunt
2607 2263 2618 2298 :
2655 2260 2753 2298 nos
2781 2243 3221 2313 derelinquimus.
3265 2241 3378 2297 Illis
3407 2241 3594 2296 nando
3625 2243 3929 2297 incremen-

2330 2351 2440 2394 tum
2470 2340 2688 2410 generis
2717 2339 3048 2408 acquiritur:
3089 2337 3245 2391 nobis
3297 2338 3559 2390 minuitur
3607 2338 3950 2408 navigandm,

2399 2434 2485 2489 51.
2531 2435 2662 2500 Quis
2692 2435 2854 2505 igitur
2885 2443 3042 2502 neget
3073 2431 3331 2486 divinitus
3366 2431 3472 2485 illis
3503 2432 3754 2486 infusum
3790 2433 3918 2500 inge-

2331 2525 2477 2579 nium
2525 2540 2648 2580 esse
2693 2524 3003 2593 huiusmodi
3046 2535 3207 2594 atque
3254 2524 3547 2577 virtutem?
3593 2525 3732 2578 (lum
3761 2523 3918 2574 videat

2329 2618 2464 2673 istos
2491 2615 2543 2672 in
2577 2619 2898 2687 Aquilonem
2931 2628 3038 2671 tam
3065 2616 3362 2671 solemnem
3393 2617 3670 2671 obeundm
3699 2616 3917 2671 fecundi-

2329 2714 2455 2767 tatis
2511 2712 3001 2784 peregrinationem
3052 2712 3221 2766 vivaci
3274 2711 3498 2783 ingenio
3561 2725 3911 2779 componere;

2329 2807 2467 2862 alios
2500 2808 2551 2861 in
2575 2810 2775 2879 exiguo
2798 2821 3027 2876 corpore
3055 2815 3260 2860 tantum
3291 2805 3586 2859 validitatis
3631 2818 3911 2866 assumere,

2332 2909 2388 2952 ut
2421 2900 2684 2952 maximas
2729 2898 2941 2952 navium
2967 2897 3142 2968 plenis
3171 2909 3460 2951 currentes
3487 2896 3626 2950 velis
3659 2898 3715 2950 in
3748 2895 3913 2950 mediis

2332 2992 2586 3047 ﬂuctibus
2634 2991 2829 3046 sistant
2870 3008 2882 3042 :
2933 2992 3074 3044 sicut
3122 2989 3299 3043 brevis
3350 2989 3643 3058 pisciculus
3683 2988 3912 3042 echeneis

2333 3093 2482 3141 tanta
2514 3084 2771 3139 facilitate
2802 3090 3134 3137 memoratur
3165 3096 3356 3135 navem
3399 3082 3678 3152 ingentem
3713 3083 3908 3138 sistere;

2333 3187 2394 3232 ttt
2417 3177 2566 3248 quasi
2597 3177 2889 3231 radicatam
2919 3176 3051 3230 mari
3083 3175 3292 3229 ltzererc
3315 3173 3506 3229 videas
3526 3215 3542 3240 ,
3575 3187 3681 3229 nec
3709 3173 3907 3227 moveri.

630 3269 736 3324 illis
771 3268 930 3324 faciat
962 3269 1280 3339 gratiorem,
1311 3279 1333 3306 ⁸
1360 3271 1439 3326 vel
1472 3272 1615 3342 quod
1647 3282 1812 3328 aestus
1839 3283 2106 3342 temperet
2135 3287 2222 3328 so.
2258 3259 2304 3324 C
2337 3269 2681 3342 Aliquamdiu
2711 3271 2856 3325 enim
2890 3268 3219 3323 immobilem
3248 3277 3450 3321 servat.
3485 3269 3568 3321 An
3604 3277 3661 3322 et
3687 3266 3807 3320 huic
3837 3280 3910 3335 pu-

632 3361 830 3419 lemnis
859 3364 971 3418 illic
997 3363 1156 3421 ﬂatus
1184 3364 1476 3436 aquilonis,
1511 3375 1622 3420 tum
1649 3367 2094 3436 opportuniorem
2123 3384 2231 3423 czeo

635 3458 768 3513 teris
802 3457 1048 3528 judicant
1070 3500 1087 3524 ,
1140 3443 1333 3529 inoquo
1364 3475 1627 3530 generare
1653 3499 1669 3526 ,
1718 3471 1774 3516 et
1802 3471 1987 3530 partus
2020 3463 2231 3531 possint

634 3552 888 3620 proprios
917 3553 1182 3616 enutrirc,
1215 3552 1358 3622 quod
1390 3555 1559 3607 teneri
1595 3553 1736 3608 letus
1769 3553 2008 3608 laborem
2039 3555 2232 3609 alienat

638 3645 875 3714 regionis
925 3644 1071 3702 ferre
1115 3648 1198 3702 vix
1249 3649 1499 3716 possint,
1549 3664 1688 3719 quos
1741 3649 1855 3704 illic
1901 3649 2046 3705 l‘ovet
2090 3649 2234 3705 aeris

639 3739 834 3797 blanda
864 3742 1175 3797 clementia.
1225 3742 1410 3813 Itaque
1441 3753 1662 3814 peracto
1689 3759 1913 3798 munere
1939 3758 2132 3799 omnes
2156 3743 2233 3798 si-

639 3834 752 3891 mul
779 3850 846 3890 eo
873 3851 982 3906 qtto
1012 3843 1275 3890 venerant
1298 3837 1512 3903 agmine
1545 3845 1910 3892 revertuntur.

709 3930 798 3988 50.
823 3930 1082 4000 Quteuam
1116 3931 1217 3986 ista
1248 3933 1319 3987 sit
1352 3931 1490 3985 ratio
1514 3929 1947 3987 consideremus.
1977 3929 2237 4000 Objectus

637 4036 720 4083 est
749 4027 905 4083 Ponti
933 4028 1086 4081 sinus
1127 4026 1309 4082 borete
1335 4037 1770 4095 creterorumqtte
1799 4034 2084 4080 ventorum
2116 4025 2235 4078 vio-

638 4120 955 4176 lentissimis
987 4119 1244 4186 ﬂatibus;
1287 4121 1430 4176 unde
1459 4121 1644 4192 gravis
1671 4119 1783 4174 illic
1815 4120 2055 4190 procella
2083 4119 2234 4184 furit,

641 4220 697 4267 et
737 4220 1087 4280 tempestates
1119 4225 1442 4276 moventur,
1491 4216 1562 4268 ita
1593 4222 1650 4266 ut
1679 4213 1746 4268 de
1777 4211 2048 4281 profundo
2073 4226 2237 4266 arena

641 4313 921 4360 vertatur:
953 4306 1107 4376 cujus
1134 4308 1212 4361 rei
1243 4308 1439 4362 ﬂuctus
1466 4321 1729 4362 arenosus
1757 4305 1958 4361 indicio
1985 4315 2070 4360 est
2097 4347 2114 4373 ,
2144 4306 2237 4376 qui

639 4407 926 4454 ventorum
956 4409 1105 4452 motu
1133 4399 1422 4470 insurgens
1447 4399 1644 4463 altius,
1700 4407 1811 4452 tum
1845 4398 2087 4468 pondere
2115 4413 2240 4470 gra-

642 4492 782 4557 vior,
816 4491 958 4546 haud
987 4490 1150 4548 dubie
1174 4508 1280 4546 non
1307 4493 1483 4546 solum
1512 4489 1920 4560 navigantibus,
1950 4489 2046 4545 sed
2073 4491 2238 4546 etiam

643 4587 935 4641 maritimis
983 4585 1118 4657 ipsis
1170 4586 1536 4641 animantibus
1580 4585 1944 4640 intolerabilis
1986 4583 2233 4640 habetur.

2337 3376 2418 3423 tas
2449 3368 2567 3421 sine
2609 3365 2884 3420 Creatoris
2935 3379 3159 3419 munere
3192 3371 3398 3416 tantum
3448 3362 3696 3432 potuisse
3742 3374 3909 3429 suppe-

2335 3471 2450 3516 tere
2483 3460 2734 3514 virtutis?
2761 3459 2897 3526 Quid
2920 3457 3124 3528 gladios
3154 3457 3476 3524 loquar,aut
3500 3464 3807 3519 serras,aut
3834 3466 3907 3505 ca-

2339 3571 2436 3612 nes
2461 3556 2784 3621 maritimos,
2815 3566 2904 3609 aut
2928 3554 3170 3620 balenae,
3195 3561 3283 3605 aut
3301 3548 3745 3622 zyg:enas?Quid
3773 3551 3904 3602 etiam

2339 3650 2563 3703 turturis
2591 3655 2876 3713 centrum,
2917 3656 2971 3701 et
3012 3647 3113 3700 hoc
3159 3643 3424 3698 mortuae?
3455 3640 3482 3679 δ
3512 3641 3667 3697 Sicut
3694 3642 3828 3697 enim
3854 3637 3906 3690 ri-

2339 3757 2484 3812 perte
2510 3757 2572 3795 os
2601 3740 2648 3796 si
2677 3741 2800 3812 quis
2840 3739 3128 3794 ealcaverit
3154 3751 3342 3791 recens
3371 3735 3691 3795 dumtaxat,
3719 3731 3906 3804 gravius

2338 3849 2497 3904 quam
2530 3848 2794 3889 venenum
2828 3846 3026 3887 nocere
3057 3829 3391 3900 perhibetur,
3433 3835 3491 3882 et
3538 3825 3906 3883 immedicabile

2339 3929 2533 3982 Vulnus
2562 3941 2782 3998 serpere
2812 3943 2826 3981 :
2859 3927 2927 3980 ita
2964 3927 3126 3980 etiam
3159 3933 3334 3978 turtur
3361 3921 3553 3976 aculeo
3585 3936 3687 3976 Suo
3727 3927 3903 3976 mortua

2341 4023 2571 4090 mplius
2615 4037 2772 4092 quam
2805 4020 2921 4074 viva
2953 4017 3174 4089 periculi
3204 4015 3398 4071 aﬂerre
3442 4027 3796 4070 memoratur.
3826 4013 3903 4067 Le-

2344 4117 2605 4187 pusculus
2639 4129 2853 4184 quoque
2885 4112 3130 4167 timidum
3157 4110 3358 4164 animal
3403 4109 3455 4163 itt
3486 4110 3682 4175 terris,
3725 4109 3772 4162 in
3800 4104 3903 4160 mari

2344 4209 2686 4266 [οϊιιὶὶιΙςιὺίΙθ
2706 4252 2719 4274 ,
2747 4209 2906 4263 citam
2933 4215 2988 4261 et
3017 4221 3136 4276 qtlze
3163 4221 3270 4259 non
3317 4203 3475 4259 facile
3505 4203 3681 4275 possit
3704 4201 3902 4265 auferri,

2341 4301 2702 4372 corruptelam
2751 4299 2976 4354 invehit.
3011 4297 3190 4352 Voluit
3228 4298 3372 4350 enim
3421 4306 3473 4350 te
3515 4305 3734 4351 creator
3758 4310 3841 4350 nec
3864 4294 3902 4348 in

2345 4397 2478 4451 mari
2509 4396 2639 4450 satis
2671 4394 2738 4448 ab
2768 4391 3146 4447 insidiantibus
3173 4405 3296 4444 esse
3317 4403 3606 4454 securum;
3638 4397 3698 4444 ut
3721 4397 3904 4456 propter

2345 4501 2514 4560 pauca
2541 4503 2660 4558 quae
2692 4494 2946 4549 noceant,
2979 4485 3132 4554 quasi
3165 4483 3218 4537 in
3249 4481 3496 4537 excubiis
3520 4484 3749 4549 positus,
3774 4479 3904 4535 armis

2346 4581 2469 4636 lidei
2497 4595 2712 4652 semper
2736 4590 2791 4635 et
2817 4589 2972 4634 scuto
2991 4577 3296 4632 devotionis
3317 4575 3621 4642 accinctus,
3653 4592 3682 4631 a
3718 4576 3904 4630 Donum

641 4678 862 4742 Accedit
898 4679 1028 4733 illud
1052 4721 1067 4744 ,
1113 4679 1258 4749 quod
1304 4679 1533 4750 plurima
1561 4687 1618 4735 et
1655 4678 1886 4733 nrasima
1922 4679 2094 4734 Ponto
2135 4677 2238 4732 ﬂu-
2269 4658 2314 4719 Ι)
2343 4683 2437 4730 tuo
2461 4673 2665 4731 debeas
2688 4673 2879 4728 salutis
2907 4685 3129 4742 sperare
3160 4667 3496 4741 praesidium.

642 4774 788 4829 mina
817 4774 1183 4840 misceantur,
1229 4771 1350 4828 cum
1384 4774 1630 4846 byberno
1663 4782 1909 4844 tempore
1933 4775 2086 4830 sinus
2119 4774 2236 4844 ipse

640 4864 886 4936 frigidior
936 4866 1257 4921 torrentium
1331 4865 1565 4937 rigescat
1613 4867 1826 4938 allapsu
1870 4881 1885 4934 ;
1946 4878 2237 4937 prepterea

643 4960 820 5031 pisces
857 4969 1132 5030 tamquam
1161 4959 1354 5016 arbitri
1380 4959 1740 5029 ﬂuentorum,
1781 4971 1970 5018 testate
1996 4961 2110 5017 illic
2149 4975 2238 5015 as-

637 5057 868 5129 pirantis
917 5070 1065 5110 aurte
1106 5053 1454 5110 clementiam
1504 5060 1727 5124 captare
1768 5061 2174 5110 consueverunt
2221 5067 2234 5106 :

638 5151 794 5219 cujus
846 5147 1163 5204 ammnitate
1223 5147 1509 5217 perfuncti,
1553 5161 1739 5201 rursus
1790 5147 2001 5218 hyemis
2046 5159 2236 5218 aspera

638 5241 916 5298 declinare
956 5240 1334 5306 contendunt;
1369 5250 1423 5294 et
1449 5238 1908 5309 Septentrionalis
1937 5241 2109 5309 plagae
2137 5251 2243 5293 sa!—

637 5351 701 5392 va
733 5340 1020 5410 lugicutes.
1054 5336 1105 5390 itt
1135 5333 1373 5405 reliquos
1402 5349 1464 5390 se
1491 5335 1644 5388 sinus
1674 5336 1994 5402 conferunt,
2035 5336 2088 5388 in
2122 5332 2244 5403 qui.

641 5427 742 5483 bus
771 5441 863 5487 aut
891 5440 1178 5486 ventorum
1225 5427 1441 5482 moliior
1493 5425 1565 5481 sit
1615 5425 1924 5493 placiditas,
1972 5436 2066 5481 aut
2109 5425 2243 5483 solis

646 5521 817 5578 soleat
850 5541 1078 5581 vernare
1130 5523 1444 5594 temperies.
1513 5520 1675 5576 Novit
1729 5520 1890 5589 igitur
1938 5519 2102 5589 piscis
2151 5535 2244 5585 pa-

644 5613 820 5672 riendi
856 5627 1091 5692 tempus,
1123 5618 1266 5690 quod
1296 5633 1396 5692 pro
1422 5630 1618 5689 magno
1646 5614 1905 5687 mysterio
1931 5611 2065 5667 dixit
2092 5613 2245 5669 Salo-

724 5765 750 5792 ει
782 5758 1022 5830 ίϐθῐηθιη
1050 5761 1130 5816 vel
1152 5763 1289 5822 quod
1313 5774 1469 5820 wstus
1495 5768 1721 5830 tempore
1739 5751 1978 5809 solemnis
1999 5749 2106 5808 illic
2132 5751 2241 5824 spis

647 5831 722 5883 ret
749 5829 904 5899 ﬂatus
934 5833 1207 5898 aquilonis.

712 5896 760 5954 β’
781 5905 908 5978 Mss.
942 5896 1071 5964 Ben.
1104 5909 1265 5971 Carn.
1288 5925 1352 5969 ac
1378 5909 1564 5975 Germ.
1599 5904 1748 5970 Sicut
1769 5901 1902 5962 enim
1931 5899 2160 5976 vipereos
2186 5896 2232 5954 si

2951 4807 3178 4865 CAPUT
3215 4807 3308 4864 XI.

2346 4928 2426 4985 De
2461 4927 2682 5000 piscibus
2713 4925 2956 4982 Atlantici
2996 4925 3156 4979 maris
3184 4939 3204 4979 :
3242 4923 3361 4977 item
3389 4922 3456 4978 de
3480 4924 3620 4986 sale,
3651 4922 3848 4978 corollis
3868 4930 3904 4975 et

2417 5024 2536 5078 aliis
2557 5021 2884 5094 quibusdam.
2918 5017 2994 5072 Ob
3019 5035 3101 5082 ea,
3115 5011 3437 5072 scdmaxiute
3459 5016 3522 5068 ob
3543 5017 3902 5086 navigationem,

2419 5135 2558 5172 utare
2597 5117 2746 5172 terris
2777 5124 3023 5184 prtestare
3059 5130 3076 5168 :
3115 5123 3225 5184 post
3267 5126 3381 5180 qua
3413 5111 3596 5180 paucis
3620 5111 3686 5164 de
3720 5109 3903 5164 Jonas:

2419 5213 2578 5269 Petro
2609 5211 2920 5274 memoratis,
2945 5224 3110 5263 serum
3139 5205 3419 5260 clauditur.

2420 5328 2508 5382 52.
2557 5326 2847 5382 Veniamus
2874 5323 2940 5378 ad
2974 5321 3302 5377 Atlanticum
3346 5331 3516 5372 mare.
3551 5317 3722 5384 Quam
3754 5316 3902 5384 ingen-

2350 5423 2418 5482 tia
2452 5422 2562 5478 illic
2592 5431 2645 5477 et
2672 5420 2895 5476 inlinitze
2921 5415 3306 5487 magnitudinis
3329 5413 3480 5469 cete!
3509 5411 3644 5480 Quae
3666 5412 3709 5464 si
3729 5409 3901 5482 quando

2349 5522 2704 5588 supernatant
2737 5513 3010 5578 ﬂuctibus,
3040 5511 3319 5564 ambulare
3347 5506 3552 5563 insulas
3579 5515 3759 5578 putes,
3786 5518 3902 5558 mun-

2353 5622 2432 5668 tes
2456 5611 2747 5667 altissimos
2775 5607 3003 5664 summis
3031 5605 3096 5660 ad
3127 5605 3323 5661 ctelum
3355 5600 3654 5658 verticibus
3682 5599 3896 5656 eminere.

2349 5753 2462 5824 quis
2487 5751 2755 5808 calcaverit
2786 5763 2928 5804 renes
2955 5745 3247 5814 dumtaxat,
3278 5742 3485 5818 gravius
3515 5755 3671 5811 quam
3697 5749 3898 5800 venenum

2349 5841 2530 5883 nocere
2551 5824 2736 5908 fertur,
