4150 6358
150 357 266 418 εει

1494 364 2000 431 ilBXABIIERON.
2044 363 2171 433 LIB.
2217 377 2279 434 V.

3415 382 3526 439 222

153 486 308 548 Qua:
346 499 472 539 non
504 496 530 522 θ
573 486 627 542 in
652 495 793 551 acta,
824 497 922 541 nec
950 484 1004 541 iu
1035 485 1331 553 littoribus,
1360 487 1454 543 sed
1481 489 1534 544 in
1563 488 1818 545 Atlantici
1847 487 1893 554 Α
1927 495 2166 560 tuantur,
2210 493 2263 549 bi
2304 493 2672 552 resolvuntur.
2707 493 2956 569 Adiunge
2997 497 3238 571 remigiis
3269 507 3524 555 contexta

158 575 351 630 maris
383 577 681 648 profundo
711 578 958 634 feruntur
984 578 1181 646 videri,
1216 587 1273 635 ut
1306 595 1494 636 eorum
1522 591 1822 652 conspectu

157 673 368 724 nauta:
416 681 448 724 τι
493 671 791 743 navigandi
824 673 875 728 in
906 672 1013 728 illis
1049 669 1182 728 locis
1215 673 1634 744 praesumptione
1665 689 1821 730 revo-

163 773 413 833 centur,
453 783 570 824 nec
593 775 800 824 secreta
823 767 1222 824 elementorum
1247 767 1396 823 adire
1422 782 1540 823 sme
1561 783 1820 839 supremo

167 860 412 917 terrore
443 861 654 917 mortis
687 871 967 933 usurpem.

249 945 353 1010 33.
403 953 526 1011 Sed
571 955 682 1026 jam
715 971 1076 1028 assurgamus.
1103 955 1202 1027 ipsi
1231 953 1300 1011 de
1326 953 1593 1026 profundo
1618 956 1816 1024 maris,

169 1057 230 1102 et
261 1048 691 1118 aliquantulum
724 1064 906 1105 sermo
937 1058 1125 1104 noster
1149 1057 1413 1120 emergat.
1445 1059 1605 1118 atque
1633 1049 1698 1103 ad
1730 1065 1821 1104 su-

171 1143 410 1211 periora
445 1157 512 1199 se
547 1143 832 1214 subrigat:
868 1153 1179 1213 spectemus
1207 1158 1269 1200 ea
1305 1157 1426 1215 quae
1455 1144 1653 1199 usitata
1683 1144 1821 1198 ntul-

172 1236 273 1303 tis,
309 1246 373 1291 et
407 1238 581 1305 plena
609 1239 720 1293 sint
747 1240 956 1309 gratiae,
991 1239 1264 1308 quomodo
1289 1244 1426 1310 aqua
1451 1240 1502 1293 in
1535 1239 1664 1292 salis
1691 1253 1817 1293 ver-

174 1338 336 1384 tatur
378 1331 767 1398 soliditatem,
799 1341 858 1385 ut
894 1331 1040 1386 ferro
1076 1345 1221 1401 smpe
1252 1329 1525 1395 czedtnr;
1568 1331 1710 1400 quod
1751 1328 1820 1385 de

174 1421 545 1478 Britannicis
571 1424 772 1478 salibus
799 1423 934 1478 nihil
964 1424 1185 1488 mirum,
1213 1424 1302 1493 qui
1327 1423 1378 1477 in
1409 1423 1648 1493 speciem
1679 1437 1822 1478 tuar-t

179 1518 370 1572 moris
395 1517 602 1576 validi.
630 1517 876 1588 ejusdem
902 1517 1106 1571 metalli
1129 1516 1287 1572 niveo
1313 1516 1550 1572 candore
1570 1517 1818 1587 resplen‘

180 1606 362 1672 deut,
400 1608 669 1664 salubres
693 1607 940 1675 corporis
968 1607 997 1647 ι)
1027 1609 1170 1676 cibo,
1204 1616 1262 1665 et
1289 1610 1436 1679 potui
1469 1610 1628 1665 nimis
1657 1610 1816 1681 grati.

185 1697 504 1768 Quomodo
547 1701 711 1756 etiam
768 1717 876 1756 non
927 1703 1216 1758 indecorus
1261 1702 1398 1772 lapis
1440 1703 1720 1759 corallium
1765 1704 1818 1760 in

186 1791 338 1846 mari
390 1793 569 1848 herba
611 1795 715 1858 sit,
746 1794 793 1849 si
821 1795 874 1850 in
903 1812 1086 1851 aerem
1135 1798 1509 1864 transferatur,
1537 1799 1590 1854 in
1624 1799 1821 1871 lapidis

1925 583 2105 639 littora
2128 625 2142 651 ,
2174 585 2372 656 quibus
2405 588 2666 644 vexillum
2702 587 2937 646 exeundi
2976 605 3103 646 aura
3145 590 3211 646 de
3241 589 3382 647 cmio
3418 600 3524 648 est.

1924 674 2111 746 itaque
2142 677 2345 749 auriga:
2373 679 2619 749 plausum
2653 683 2863 739 inanem
2904 680 3144 740 referunt
3173 701 3185 739 :
3228 683 3281 740 bi
3305 679 3526 740 solvunt

1922 780 2044 826 vota
2075 772 2295 829 servati.

1993 866 2085 922 55.
2128 865 2267 934 Quid
2295 865 2362 922 de
2391 864 2528 922 Jona
2559 867 2776 940 dignum
2807 870 3016 942 loquar,
3051 885 3211 944 quem
3244 883 3399 928 cetus
3426 888 3525 927 ex-

1921 961 2066 1031 cepit
2108 961 2175 1015 ad
2218 963 2417 1027 vitam,
2467 961 2703 1018 reddidit
2745 965 2810 1019 ad
2857 966 3213 1046 prophetandi
3258 967 3524 1039 gratiam?

1923 1052 2249 1109 Emendavit
2280 1068 2451 1124 aqua,
2483 1070 2641 1124 quem
2683 1067 2892 1112 terrena
2924 1060 3297 1118 dcilexerant:
3331 1061 3525 1132 psalle-

1924 1149 2016 1204 bat
2040 1151 2091 1204 in
2125 1159 2280 1205 utero
2305 1150 2433 1212 ceti,
2467 1153 2555 1220 qui
2584 1151 2847 1207 mmrcbat
2871 1153 2922 1207 in
2948 1156 3125 1210 terris.
3154 1155 3217 1210 Et
3245 1164 3301 1210 ut
3329 1156 3529 1210 utrius—
3601 1193 3611 1204 ι

1923 1261 2028 1316 que
2058 1245 2361 1316 redemptio
2399 1260 2504 1300 non
2549 1253 2902 1315 prmtcreatur
2931 1247 3182 1303 elementi
3205 1292 3217 1313 ,
3253 1257 3519 1305 terrarum

1923 1338 2069 1394 saltis
2097 1339 2147 1393 lu
2178 1339 2310 1394 mari
2342 1349 2472 1394 ante
2503 1340 2806 1408 prarccssit,
2855 1337 2977 1408 quia
3006 1342 3216 1409 signum
3259 1340 3376 1396 Filii
3426 1341 3524 1398 ho-

1923 1431 2086 1488 minis
2129 1431 2340 1503 signum
2381 1431 2553 1488 Jonas.
2586 1430 2737 1488 Sicut
2766 1432 2871 1486 istc
2904 1432 2956 1486 in
2983 1445 3137 1489 utero
3166 1433 3292 1499 ceti,
3327 1435 3403 1488 sic
3423 1433 3516 1490 Je-

1924 1539 2016 1581 sus
2061 1525 2112 1580 in
2163 1523 2325 1580 corde
2354 1531 2535 1580 terrae.
2586 1523 2643 1579 ln
2683 1533 2911 1594 utroque
2960 1525 3295 1589 remedium;
3348 1527 3522 1592 majus

1924 1627 2104 1672 tamen
2131 1615 2185 1671 in
2215 1616 2348 1672 mari
2376 1617 2594 1686 pietatis
2616 1617 2928 1688 exemplum
2953 1633 2968 1683 ;
3002 1619 3255 1685 quoniam
3289 1633 3517 1690 extr-epe-

1925 1717 2046 1763 runt
2081 1710 2258 1778 pisces
2281 1750 2294 1773 ,
2325 1719 2481 1775 quem
2513 1707 2760 1764 homines
2796 1707 3123 1777 refutarunt,
3156 1719 3209 1764 et
3239 1725 3396 1778 quem
3425 1707 3524 1764 ho;

1925 1801 2098 1855 mines
2137 1798 2557 1864 crueillxerunt,
2604 1801 2779 1870 pisces
2824 1810 3132 1856 servarunt.
3158 1799 3352 1856 Petrus
3385 1817 3524 1870 quo-

186 1881 534 1938 flrmitatem
577 1884 864 1941 solidetur.
899 1887 1052 1942 Unde
1076 1887 1238 1942 etiam
1267 1889 1463 1944 ostreis
1493 1890 1821 1958 pretiosissi-
1849 1893 1897 1956 Β
1925 1909 2029 1964 que
2057 1892 2108 1947 in
2142 1893 2275 1947 mari
2308 1891 2521 1959 titubat,
2546 1894 2640 1948 sed
2671 1907 2776 1949 non
2810 1894 3008 1950 labitur
3033 1913 3045 1949 :
3077 1904 3131 1951 et
3156 1895 3441 1951 confessus
3470 1895 3522 1949 in

187 1992 345 2032 mam
373 1979 739 2048 margaritam
763 1991 950 2034 natura
978 1980 1236 2044 infixerit,
1261 1982 1538 2053 quomodo
1557 1997 1680 2040 eam
1709 1999 1823 2040 mae

186 2074 272 2130 ris
294 2089 443 2146 aqua
473 2075 533 2131 in
565 2084 674 2132 tam
704 2077 852 2132 molli
875 2093 1041 2133 carne
1060 2077 1402 2135 solidaverit.
1431 2079 1544 2153 θῇ,
1565 2079 1696 2148 Qua)
1719 2080 1823 2135 dif-

193 2168 352 2224 ficile
380 2169 534 2239 apud
569 2179 725 2241 neges
770 2171 1136 2238 inveniuntur,
1171 2186 1234 2227 ea
1267 2173 1318 2228 in
1357 2171 1628 2230 littoribus
1667 2174 1820 2246 quasi

193 2261 332 2316 vilia
358 2260 555 2331 jaceat
586 2264 765 2334 vulgo,
792 2273 848 2320 et
870 2263 923 2319 in
950 2265 1096 2319 saxis
1124 2267 1336 2335 asperis
1360 2276 1414 2322 et
1435 2266 1683 2324 cautibus
1709 2268 1825 2322 coi-

199 2351 480 2423 liguntur.
518 2356 760 2412 Aureum
787 2356 949 2411 etiam
973 2356 1143 2411 vellus
1171 2373 1306 2427 aqua
1337 2356 1529 2422 nutrit,
1559 2369 1613 2414 et
1645 2358 1821 2415 lanam

198 2445 257 2503 in
292 2449 596 2504 memorati
642 2449 876 2519 speciem
909 2449 1109 2503 metalli
1139 2450 1360 2520 gignunt
1402 2450 1618 2514 littora,
1666 2449 1823 2521 cujus

199 2540 458 2595 colorem
491 2541 677 2595 nullus
704 2539 882 2597 adhuc
910 2546 1099 2596 eorum
1122 2541 1211 2611 qui
1237 2541 1376 2596 fucis
1395 2541 1625 2597 diversis
1655 2543 1824 2598 obdu-

198 2641 337 2689 cunt
367 2634 583 2688 vellera
605 2674 621 2700 ,
655 2634 850 2689 imitari
885 2635 1095 2703 patuit;
1129 2635 1265 2690 adeo
1293 2643 1501 2690 natura!
1533 2634 1820 2691 maritima!

203 2725 444 2794 gratiam
495 2727 730 2780 humana
782 2726 1008 2795 implere
1051 2726 1229 2782 nescit
1279 2725 1576 2781 iudustriai
1615 2729 1827 2782 Scimus

206 2832 318 2888 qna
343 2817 719 2874 sollicitudine
745 2820 943 2874 vellera
971 2817 1154 2873 ovium
1183 2819 1347 2873 etiam
1381 2820 1558 2874 minus
1585 2820 1825 2889 pretiosa

211 2919 528 2966 curentur:
567 2913 676 2966 sint
718 2912 847 2966 licet
873 2911 1103 2978 optima,
1137 2927 1476 2982 nequaquam
1523 2922 1700 2966 tamen
1743 2912 1828 2968 his

216 3002 378 3058 fucus
411 3003 735 3058 innascitur.
771 3003 906 3058 lline
930 3003 1190 3057 naturalis
1215 3002 1368 3058 color
1390 3013 1496 3068 est,
1526 3017 1685 3073 quem
1714 3003 1832 3058 nul-

217 3094 307 3150 lus
347 3093 532 3149 adhuc
568 3092 728 3149 fucus
766 3095 1006 3165 aequavit
1039 3110 1052 3148 :
1089 3105 1110 3132 ε
1144 3095 1248 3149 hoc
1285 3107 1498 3165 quoque
1541 3095 1708 3165 piscis
1749 3102 1834 3150 est

217 3189 423 3244 vellus.
458 3188 570 3244 Sed
603 3195 657 3245 et
685 3189 784 3260 ipsi
816 3188 1053 3244 murices
1079 3189 1169 3260 qui
1207 3189 1419 3259 insigne
1449 3187 1577 3244 dant
1604 3190 1829 3261 regium,

214 3291 349 3339 sunt
378 3283 666 3340 maritimi.

283 3380 378 3435 54.
428 3377 494 3432 Et
526 3393 656 3448 quae
685 3385 964 3448 pratorum
993 3375 1198 3447 gratia,
1229 3375 1315 3431 vel
1349 3377 1628 3431 hortorum
1659 3387 1832 3432 anites

208 3473 354 3527 nitas
379 3480 574 3543 potest
595 3471 819 3526 caerulei
851 3469 1018 3523 maris
1039 3470 1376 3538 aquipsrare
1399 3469 1704 3539 picturam“!
1725 3467 1835 3524 Au-

209 3579 335 3621 rum
356 3564 486 3618 licet
513 3564 576 3618 in
605 3564 776 3632 pratis
801 3561 970 3618 tiores
998 3561 1322 3633 refulgeant,
1352 3563 1467 3619 auri
1497 3575 1714 3634 quoque
1734 3563 1835 3618 fuls

222 3673 415 3729 gorem
459 3657 514 3712 iu
560 3656 696 3710 mari
742 3656 862 3710 lana
905 3654 1225 3725 resplendet
1265 3672 1279 3708 :
1321 3662 1377 3710 et
1419 3655 1495 3710 illi
1540 3657 1651 3710 cito
1691 3665 1836 3709 mara-

219 3760 480 3815 ceecunt,
523 3750 626 3804 ista
662 3748 751 3803 diu
776 3747 1031 3804 duratura
1080 3755 1348 3803 servatur.
1399 3747 1528 3802 Lilia
1569 3748 1624 3802 in
1664 3747 1834 3802 hortis

223 3846 444 3900 eminus
472 3845 680 3910 nitent,
713 3843 832 3898 vela
863 3843 916 3897 in
946 3843 1174 3897 navibus
1210 3861 1223 3898 t
1255 3842 1344 3897 hic
1373 3846 1531 3908 odor,
1563 3843 1678 3898 illic
1699 3855 1833 3899 vene

225 3949 312 3995 tus
338 3941 565 4011 aspirat.
598 3939 731 4006 Quae
759 3937 964 3994 utilitas
992 3936 1044 3992 in
1079 3936 1239 3994 i'olioi
1276 3936 1337 3991 in
1382 3936 1610 3993 navibus
1637 3945 1834 4006 quanta

228 4033 596 4090 commercist
630 4021 763 4086 Lilla
789 4031 1110 4086 suavitatem
1143 4031 1373 4096 narium,
1408 4030 1524 4086 vela
1553 4030 1835 4087 hominum

229 4128 462 4182 salutem
507 4125 790 4181 invehunt.
828 4121 984 4180 Adde
1011 4123 1188 4196 pisces
1215 4123 1506 4189 salientes,
1535 4134 1588 4180 et
1619 4124 1836 4195 delphi-

230 4233 329 4274 nas
357 4217 611 4274 ludentes
639 4234 652 4273 :
677 4216 817 4272 adde
840 4229 1003 4273 rauco
1021 4226 1279 4272 sonantes
1299 4214 1497 4272 lluctus
1518 4230 1795 4273 murmure
1819 4229 1834 4274 :

231 4312 406 4382 adiice
443 4318 738 4368 currentes
783 4323 951 4365 naves
984 4309 1052 4364 ad
1092 4308 1305 4374 littora,
1338 4309 1422 4365 vel
1466 4309 1536 4366 de
1565 4310 1839 4366 littoribus

233 4413 514 4463 exeuntes.
565 4404 629 4458 Et
657 4417 780 4460 eum
813 4417 846 4458 e
872 4402 1184 4458 carceribus
1213 4402 1500 4458 mittuntur
1525 4403 1834 4474 quudrigte,

231 4509 432 4569 quanto
459 4498 642 4554 studio
669 4497 1034 4569 spectantium
1062 4506 1117 4552 et
1141 4507 1330 4553 amore
1355 4498 1626 4553 certaturi
1656 4498 1837 4569 Equus

235 4598 410 4647 tamen
454 4592 506 4647 in
543 4606 740 4646 vanum
771 4591 977 4656 currit,
1013 4605 1119 4644 non
1169 4591 1221 4644 in
1249 4604 1444 4644 vanum
1475 4591 1706 4662 navigia.
1742 4591 1838 4646 ille

1856 3283 1902 3354 C

1924 1984 2207 2051 ﬂuctibus,
2247 1993 2422 2040 tamen
2454 1989 2665 2053 negavit
2693 1985 2744 2040 in
2793 1987 2973 2042 terris.
3011 1985 3194 2056 itaque
3224 1985 3334 2043 illic
3369 1983 3524 2058 quasi

1921 2077 2151 2134 devotus
2220 2085 2381 2130 tuam:
2433 2075 2860 2146 apprehenditur
2903 2097 2915 2131 :
2971 2079 3058 2133 hic
3112 2075 3264 2148 quasi
3324 2077 3527 2134 oblitus

1862 2155 1870 2163 ’
1923 2175 2146 2238 aspectu
2175 2170 2427 2224 censorio
2452 2171 2797 2225 convenitur.
2843 2169 2949 2226 Sed
2991 2169 3101 2240 jam
3135 2185 3389 2241 rogemus
3423 2167 3528 2225 Do-

1924 2263 2153 2328 minum,
2189 2269 2244 2316 tit
2271 2269 2454 2317 sermo
2486 2271 2670 2317 noster
2691 2262 2846 2332 quasi
2869 2262 3035 2318 Jonas
3063 2262 3313 2331 ejiciatur
3335 2261 3389 2317 in
3418 2271 3527 2316 ter-

1923 2369 2070 2425 ram,
2107 2369 2177 2412 ne
2204 2355 2408 2410 diutius
2439 2356 2490 2411 lu
2523 2355 2639 2411 salo
2665 2354 2913 2412 fluctuet.
2946 2355 3014 2412 Et
3049 2355 3184 2411 bcne
3208 2356 3316 2426 jam
3361 2355 3528 2412 exivit

1925 2449 2238 2514 cticnrblta,
2269 2455 2389 2520 quat
2429 2448 2722 2504 obumbret
2767 2463 2865 2504 nos
2894 2463 2921 2503 a
2965 2449 3122 2503 malis
3155 2448 3355 2503 nostris
3388 2466 3400 2501 :
3433 2443 3528 2502 scd

1925 2553 1982 2600 et
2002 2545 2115 2614 ipsa
2141 2543 2469 2614 procedente
2492 2545 2604 2598 sole
2633 2541 2870 2598 arefacta
2902 2542 3156 2598 admouet
3186 2543 3530 2613 requiescen-

1925 2637 2076 2700 dum,
2103 2652 2170 2692 ne
2198 2637 2248 2690 in
2280 2637 2390 2711 9⁵
2423 2639 2565 2692 terra
2591 2645 2821 2693 aestuare
2847 2635 3172 2708 incipiamus
3203 2636 3443 2706 ingenio,
3475 2637 3532 2689 ct

1929 2727 2087 2784 nobis
2112 2729 2272 2783 etiam
2302 2731 2460 2783 verba
2492 2729 2765 2784 deficiant.
2795 2727 2958 2785 Certe
3001 2731 3123 2800 plus
3168 2727 3323 2784 nobis
3366 2737 3528 2799 quam

1929 2821 2181 2877 Ninivltis
2209 2821 2332 2876 data
2362 2831 2442 2877 εει
2476 2823 2526 2876 in
2555 2823 2707 2892 aquis
2739 2822 2988 2877 remissio
3017 2829 3381 2891 peccatorum.

2325 2956 2556 3015 CAPUT
2599 2956 2716 3013 XII.
2759 2957 2978 3029 (Sermo
3005 2956 3168 3028 Vill.)

1935 3072 2115 3142 Fingit
2145 3073 2241 3127 sibi
2265 3090 2291 3127 e
2318 3073 2561 3127 memoria
2589 3089 2706 3126 aves
2733 3073 2977 3137 evolasse,
3009 3072 3077 3126 ad
3102 3088 3230 3143 quas
3252 3072 3533 3128 oralionem

2006 3165 2265 3235 eleganter
2297 3173 2518 3219 revocat.
2552 3165 2826 3218 Auditores
2856 3164 2952 3218 sibi
2980 3163 3310 3217 attentionem
3342 3162 3532 3231 proibi-

2006 3269 2149 3314 turos
2174 3257 2318 3322 dicit,
2343 3273 2396 3311 se
2424 3267 2595 3312 autem
2619 3257 2725 3312 illis
2755 3257 3070 3313 brevitatem.
3103 3256 3335 3328 Denique
3364 3257 3538 3312 varia-

2006 3369 2122 3408 rum
2150 3353 2319 3406 avium
2342 3352 2650 3407 suavitatem
2678 3361 2909 3424 exaptat.

2007 3470 2095 3524 56.
2132 3468 2198 3524 Et
2227 3459 2253 3506 ἀ
2286 3481 2407 3522 cum
2440 3467 2713 3539 paululum
2757 3467 3138 3535 conticuisset,
3174 3467 3368 3522 iterum
3411 3479 3532 3522 ser-

1936 3575 2152 3617 monem
2189 3560 2420 3615 adorsus
2465 3559 2541 3614 ait
2575 3573 2588 3614 :
2622 3559 2858 3632 Fugerat
2900 3573 3033 3624 nos,
3074 3558 3266 3615 fratres
3296 3558 3530 3614 dilectis.

1935 3654 2078 3722 simi,
2105 3656 2408 3710 necessaria
2433 3653 2500 3710 de
2522 3665 2711 3709 natura
2736 3656 2914 3708 avium
2939 3652 3257 3724 disputatio,
3282 3661 3338 3708 et
3359 3657 3540 3708 sermo

1935 3748 2240 3818 huiusmodi
2291 3749 2446 3803 nobis
2495 3761 2616 3802 cunt
2658 3746 2791 3816 ipsis
2831 3746 3022 3802 avibus
3063 3746 3396 3802 evolaverat.
3451 3741 3540 3798 Fit

1936 3844 2079 3899 enim
2111 3853 2299 3899 natura
2323 3843 2577 3914 quadam.
2608 3848 2664 3897 ut
2697 3841 2748 3896 hi
2772 3843 2862 3913 qui
2891 3840 3093 3913 aliquid
3121 3842 3417 3905 intuentur,
3450 3837 3540 3895 vel

1937 3936 2166 3993 dicendo
2207 3938 2516 4006 exprimere
2557 3938 2779 4003 volunt,
2828 3947 3014 3991 eorum
3057 3937 3376 4004 qualitatem
3419 3943 3540 4004 qtae

1937 4029 2022 4084 vel
2069 4031 2347 4083 intuentur
2374 4029 2460 4083 vel
2501 4026 2817 4099 loquuntur’,
2853 4028 3170 4092 adsumant;
3221 4037 3278 4081 ut
3309 4041 3431 4080 cum
3461 4024 3546 4097 pi-

1937 4122 2208 4193 grioribus
2236 4122 2612 4186 immoremur,
2643 4131 2698 4176 et
2725 4135 2847 4176 cum
2872 4121 3149 4176 velocibus
3175 4119 3338 4175 celeri
3366 4119 3544 4188 rapia-

1942 4232 2062 4270 ιιιιιι·
2091 4216 2372 4287 adspectu,
2407 4219 2550 4289 stylo
2575 4231 2789 4288 quoque
2820 4222 2914 4271 aut
2937 4215 3174 4271 tardiore
3207 4227 3422 4270 utamur
3452 4222 3545 4269 aut

1939 4306 2150 4377 rapido.
2202 4307 2384 4379 Itaque
2431 4318 2552 4363 cum
2606 4315 2776 4364 caveo
2820 4323 2889 4364 ne
2942 4307 3074 4362 mari
3123 4307 3368 4363 demersa
3402 4321 3544 4378 prae-

1940 4406 2172 4466 tereant,
2201 4407 2257 4455 et
2282 4399 2438 4472 aquis
2467 4409 2654 4470 operta
2681 4415 2769 4457 me
2797 4399 3019 4467 lateant,
3047 4400 3233 4472 euugu
3259 4411 3420 4457 omne
3449 4412 3545 4455 vo-

1943 4490 2117 4556 latile;
2151 4494 2276 4562 quia
2323 4492 2447 4546 dum
2480 4489 2774 4548 inclinatus
2815 4494 2953 4548 imos
2995 4501 3258 4563 aquarum
3303 4491 3544 4563 gurgites

1942 4593 2173 4651 scrutor,
2210 4587 2384 4642 aerios
2415 4597 2522 4642 non
2562 4588 2778 4659 respexi
2805 4587 3051 4653 volatus;
3093 4601 3193 4642 nec
3221 4587 3414 4641 umbra
3439 4583 3546 4641 sal-

243 4682 317 4739 in‘
341 4700 570 4753 vanum,
619 4684 746 4752 quis
791 4697 993 4738 vacuus
1018 4699 1031 4736 :
1071 4683 1171 4737 ista
1201 4682 1268 4736 ad
1313 4683 1633 4748 utilitatem,
1680 4684 1834 4754 quasi
1863 4686 1916 4748 D
1942 4689 2048 4733 tem
2076 4692 2265 4748 penna!
2296 4691 2381 4734 me
2408 4681 2665 4749 praepetis
2693 4680 2998 4747 reclinavit,
3032 4691 3152 4749 qua:
3182 4679 3233 4734 in
3263 4680 3417 4750 aquis
3446 4691 3526 4733 re-

236 4775 388 4846 plena
431 4777 710 4834 frumenti.
745 4776 884 4846 Quid
926 4777 992 4832 iis
1031 4776 1271 4846 gratius,
1303 4791 1422 4847 qua:
1463 4791 1568 4832 non
1608 4775 1836 4834 verbere

239 4878 482 4938 aguntur,
515 4869 616 4926 sed
649 4877 934 4924 ventorum
967 4869 1265 4939 spiramine
1295 4884 1310 4922 ι
1339 4868 1429 4922 ubi
1469 4883 1631 4924 nemo
1661 4868 1832 4925 refra-

220 4969 408 5030 gatur,
443 4964 536 5019 sed
582 4977 773 5018 omnes
806 4962 1045 5017 fautores
1073 4971 1194 5016 sunt
1230 4980 1245 5019 :
1276 4961 1366 5016 ubi
1413 4975 1571 5017 nemo
1601 4963 1836 5019 vincitur

238 5054 560 5126 quicumque
602 5056 943 5126 pervenerit,
975 5053 1071 5109 sed
1102 5069 1296 5110 omnes
1325 5069 1529 5124 puppes
1555 5071 1674 5126 quae
1705 5069 1829 5126 pero

235 5155 398 5201 vectze
424 5147 668 5213 fuerint,
709 5155 1040 5203 coronantur
1067 5164 1082 5202 :
1121 5147 1210 5202 ubi
1243 5147 1417 5217 palma
1450 5161 1661 5204 merces
1690 5151 1836 5206 salu-

236 5238 322 5305 tis,
354 5241 581 5298 victor-ia
613 5243 844 5313 pretium
872 5240 1233 5312 regressionis
1259 5248 1364 5296 est.
1388 5239 1658 5308 Quantum
1689 5243 1832 5298 enim

238 5331 393 5390 distat
419 5335 569 5394 inter
595 5335 834 5390 directos
866 5346 1059 5389 cursus
1100 5347 1165 5387 ae
1205 5332 1469 5387 reﬂexosl
1500 5330 1594 5386 Isti
1637 5347 1832 5404 perpe-

310 5479 332 5507 ει
371 5465 491 5528 Actu
517 5481 673 5536 acus,
702 5470 894 5527 Graece
922 5471 1068 5534 ἀκτή,
1094 5467 1245 5523 littus
1273 5446 1566 5535 secretum,
1591 5476 1646 5522 et
1667 5484 1839 5526 ama:-

244 5553 382 5597 num.

315 5611 340 5650 ι)
379 5613 478 5670 Mss
536 5613 670 5669 Ben.
701 5621 757 5668 et
783 5611 968 5668 Germ.
1011 5609 1242 5666 salubres
1267 5611 1493 5682 corpori.
1527 5607 1688 5665 Carn.
1724 5629 1837 5666 cor-

250 5684 466 5753 poribus,
487 5693 604 5741 etc.

320 5763 340 5793 °
382 5758 466 5812 Sic
490 5769 686 5810 omnes
716 5768 848 5808 mss.
881 5765 946 5805 ac
977 5762 1083 5804 vet.
1116 5751 1246 5807 edit.
1279 5752 1439 5808 item.
1472 5761 1626 5817 vero,
1665 5753 1839 5822 pinnis

256 5835 322 5902 est
348 5827 518 5884 vellus.
551 5827 625 5882 Ex
655 5841 721 5880 eo
748 5825 955 5881 scilicet
986 5821 1150 5880 Basil.
1183 5825 1330 5895 πόθεν
1353 5825 1410 5881 τὸ
1433 5821 1675 5902 χρυσοῦιι
1697 5823 1836 5902 ἔριον

258 5896 306 5966 με
325 5901 477 5956 πίνναι
502 5902 771 5976 τρέφουσι.
1434 5896 1488 5902 ’Ὗ
1725 5896 1734 5914 ⁷
1759 5905 1770 5913 “

1941 4770 2124 4826 lucere
2152 4771 2342 4841 potuit.
2380 4770 2577 4826 Verum
2607 4772 2696 4825 ubi
2727 4783 2890 4828 omne
2919 4773 3192 4840 negotium
3224 4770 3536 4840 expeditum

1939 4869 2156 4939 putavi,
2201 4878 2252 4924 et
2295 4868 2605 4923 absolutum
2647 4883 2732 4922 me
2761 4868 3001 4936 credidi,
3036 4878 3091 4922 et
3117 4866 3261 4921 diem
3296 4866 3545 4936 quintum

1937 4973 2374 5020 consummatum
2429 4963 2724 5019 arbitratus
2780 4977 2933 5028 sum;
2985 4963 3132 5018 venit
3190 4960 3242 5015 in
3307 4971 3542 5014 mentem

1939 5057 2119 5112 avium
2149 5067 2362 5120 natura,
2389 5065 2511 5127 quis
2537 5071 2660 5111 cum
2691 5065 2822 5111 euut
2843 5057 3108 5118 cubitum,
3135 5055 3288 5122 quasi
3320 5058 3545 5120 peracto

1941 5151 2079 5206 laetae
2133 5165 2360 5206 munere
2409 5149 2612 5205 aethera
2667 5158 2828 5204 cantu
2881 5146 3118 5201 mulcere
3164 5145 3540 5197 consuerunt:

1941 5245 2084 5316 quod
2115 5247 2263 5300 velut
2292 5244 2611 5300 solemuiter
2643 5250 2900 5312 surgente
2929 5249 2984 5295 et
3013 5236 3294 5293 occidente
3331 5232 3421 5287 die
3464 5233 3547 5286 in-

1943 5347 2190 5392 staurare
2220 5343 2590 5400 consuerunt;
2623 5343 2681 5388 ut
2710 5333 2926 5390 decursi
2965 5330 3049 5384 vel
3091 5323 3373 5382 adoriendi
3417 5337 3546 5378 noc-

2011 5473 2040 5512 ιι
2078 5475 2279 5542 Omnes
2310 5477 2440 5532 edit.
2461 5516 2478 5543 ,
2516 5484 2566 5530 et
2606 5490 2723 5548 cum
2752 5469 3032 5546 paululum.
3063 5461 3539 5548 COIP‘t-ll't‘m‘uﬂzi..‘.:.

1939 5547 2043 5602 aio.
2079 5531 2277 5602 Omnes
2309 5531 2477 5612 mss”,
2499 5531 2948 5614 conticuisset.....
2982 5537 3073 5614 ait.
3105 5531 3346 5614 Utraque
3383 5533 3543 5614 lectio

1942 5618 2158 5688 probari
2211 5629 2383 5690 potest
2412 5636 2423 5670 :
2456 5606 2632 5690 prima
2657 5654 2686 5690 ,.
2717 5613 2860 5679 quod
2906 5606 3235 5690 ᾼηιξξτξξδῖξξξ
3265 5606 3442 5690 (fimi--
3472 5607 3540 5662 ad

1939 5673 2135 5744 Urunt.
2173 5673 2276 5744 hoc
2316 5673 2470 5756 opus.
2495 5673 2782 5756 scripsisse
2821 5692 2896 5756 se_
2923 5677 3236 5756 testiﬁcatur
3279 5689 3292 5726 :
3333 5673 3535 5756 altera,

1979 5743 2081 5816 uod
2111 5743 2271 5815 verba
2320 5743 2427 5813 non
2457 5743 2756 5812 Ambrosii,
2801 5743 2899 5801 sed
2933 5743 3124 5796 notarii
3163 5753 3285 5799 esse
3313 5743 3536 5816 conten;

1979 5775 2081 5816 1100
2111 5775 2271 5815 verna
2320 5775 2427 5813 non
2457 5775 2756 5812 Altiul‘tlsu,
2802 5775 2899 5801 acu
2935 5775 3124 5796 ιιυιιιιιι
3163 5775 3285 5799 Coac
3313 5775 3530 5801 υυιιιειι·

1939 5775 2076 5889 ﬂuat
2100 5833 2265 5916 aliqui
2293 5842 2526 5909 quorum
2552 5819 2736 5906 opinio
2773 5831 2904 5886 mss.
2936 5824 3200 5884 consensu
3242 5813 3530 5874 stabilitur.
