4150 6358
575 261 690 321 223

580 476 837 532 creatori.
867 476 1115 548 Magnum
1146 477 1309 549 igitur
1335 477 1666 532 incentivum
1694 475 1997 532 excitanda:
2029 474 2184 531 nobis

583 569 890 625 devotionis
919 571 1230 640 amiseram.
1263 573 1398 639 Quis
1417 572 1561 628 enim
1591 585 1810 628 sensum
1837 573 2073 627 hominis
2092 587 2187 642 ge-

583 677 713 718 rens
744 676 850 718 non
875 664 1165 719 erubescat
1185 665 1303 718 sine
1336 663 1668 734 psalmorum
1695 662 2011 719 celebritate
2040 663 2184 718 diem

585 753 842 812 claudere
862 797 876 822 ,
908 771 1032 812 cum
1060 757 1224 812 etiam
1270 757 1650 812 minutissima:
1679 770 1807 812 aves
1834 757 2060 812 solemni
2091 757 2188 812 de-

584 847 806 903 votione
848 856 902 903 et
949 847 1089 904 dulci
1123 847 1366 904 carmine
1410 858 1561 904 ortus
1607 848 1814 905 dierum
1848 863 1911 905 ac
1951 849 2185 905 noctium

591 949 1007 1012 prosequantur.

656 1031 746 1088 57.
790 1031 997 1088 Redeat
1023 1032 1186 1104 igitur
1211 1032 1370 1088 nobis
1401 1032 1663 1089 volaticus
1693 1047 1896 1098 sermo,
1927 1033 2020 1102 qtti
2052 1047 2188 1104 pene

490 1114 506 1129 ’
585 1124 759 1181 fuerat
789 1125 1008 1196 elapsus
1037 1142 1103 1182 ex
1135 1127 1332 1192 oculis,
1365 1134 1421 1182 et
1450 1126 1646 1197 aquilio
1671 1126 1835 1181 modo
1862 1125 1969 1181 alta
1999 1136 2189 1197 petens

585 1218 802 1273 volatus
841 1233 969 1273 suos
1014 1217 1313 1274 obduxerat
1363 1218 1631 1284 nubibus;
1684 1218 1790 1274 nisi
1834 1221 1955 1290 quia
2000 1221 2188 1276 oculos

588 1311 757 1368 abluti
779 1328 916 1384 aqua
946 1312 1073 1368 dum
1105 1313 1174 1369 de
1189 1315 1412 1394 gurgite
1443 1313 1684 1370 levamus
1711 1315 1778 1368 ad
1807 1315 2035 1382 coelum,
2060 1329 2189 1386 spe-

587 1406 756 1462 culati
787 1421 1010 1462 vacuum
1040 1408 1183 1464 aeris
1213 1407 1481 1463 volatibus
1513 1407 1676 1470 ferri.
1708 1408 1774 1463 ad
1805 1410 2188 1465 necessitatem

589 1499 715 1572 styli
747 1501 1052 1570 putavimus
1075 1503 1197 1558 es'se
1229 1503 1613 1558 revocandum.
1647 1503 1808 1560 Eritis
1829 1518 1926 1558 vos
1953 1503 2188 1571 judices,

590 1594 684 1666 qtti
709 1595 844 1650 estis
870 1609 1107 1666 aucupes
1133 1596 1311 1661 verbi,
1345 1604 1525 1652 utrum
1556 1596 1856 1652 consultius
1886 1597 2188 1662 evolasset,

591 1705 660 1745 an
686 1688 962 1745 utiliteriu
995 1700 1171 1745 vestra
1206 1691 1340 1746 retia
1372 1691 1442 1746 sit
1472 1691 1737 1756 relapsus.
1768 1689 1879 1746 Nec
1907 1705 2099 1745 vereor
2123 1704 2190 1745 ne

1945 260 2192 320 SANC’I'I
2230 262 2552 322 AMBROSII

577 381 725 439 turni
761 379 920 451 juxta
962 393 1027 436 ac
1070 379 1249 438 diurni
1289 381 1550 454 temporis
1594 379 1784 437 laudes
1812 394 1913 436 suo
1943 380 2179 437 referant
2207 383 2259 444 Α

2880 385 3120 444 CAPUT
3163 386 3322 444 XIII.

2287 515 2584 575 Exorsurus
2622 535 2654 574 a
2682 519 2972 576 volucribus
3005 525 3282 593 aquaticis
3314 522 3566 596 primunt
3603 522 3678 576 de
3704 521 3945 594 halcyou

2357 612 2584 677 disserit,
2614 622 2662 666 et
2687 624 2879 684 quanta
2906 616 2970 668 sit
2996 615 3178 669 divina
3213 615 3544 689 benignitas
3580 617 3639 669 in
3671 632 3794 669 eam
3821 633 3944 670 ares

2358 723 2647 788 exponens,
2678 725 2770 761 nos
2809 712 2880 762 ad
2909 711 3332 779 exspectandam
3359 729 3396 764 α
3439 709 3564 764 Deo
3596 727 3757 780 opem
3788 711 3944 763 lteris-

2360 809 2460 852 tur.
2494 798 2572 853 De
2601 801 2778 854 avibus
2803 801 3045 855 imbrium
3080 813 3172 856 aut
3211 813 3511 858 ventorum
3535 804 3844 875 pra‘sagis;
3869 804 3944 858 ἀρε

2359 910 2455 963 que
2478 893 2585 963 [ida
2606 910 2847 948 anserum
2875 894 3133 976 custodia.

2359 1028 2453 1085 40.
2493 1029 2562 1085 Ει
2583 1030 2838 1101 quoniam
2867 1031 2936 1087 de
2961 1031 3301 1102 aquatilibus
3334 1031 3655 1104 reptilibus
3689 1031 3936 1097 diximus,

2289 1124 2517 1180 arduum
2567 1134 2652 1180 est
2698 1135 2750 1180 ut
2804 1127 2987 1181 subito
3028 1126 3095 1181 ad
3142 1142 3276 1182 aves
3325 1126 3468 1183 caeli
3517 1141 3725 1181 sermo
3774 1137 3937 1181 noster

2290 1217 2568 1272 ascendat.
2605 1218 2667 1273 Et
2709 1217 2831 1273 ideo
2857 1218 2926 1273 de
2955 1219 3022 1273 iis
3061 1219 3256 1275 avibus
3286 1213 3453 1290 prius
3487 1219 3797 1284 dicamus.
3836 1235 3935 1290 qu

2291 1310 2433 1364 circa
2461 1325 2628 1381 aquas
2658 1312 2824 1366 maris
2863 1310 3257 1383 ﬂuminumque
3287 1325 3632 1379 versantur,
3663 1328 3800 1368 cum
3829 1313 3930 1383 qui-

2293 1404 2390 1460 bus
2417 1420 2709 1477 possumus
2737 1421 3038 1477 emergere.
3076 1406 3267 1478 Itaque
3292 1408 3368 1462 ab
3409 1410 3713 1482 halcyone
3745 1423 3934 1464 semo-

2295 1514 2416 1555 nem
2448 1499 2776 1554 adoriamur.
2813 1499 2888 1556 Ea
2927 1511 3012 1556 est
3042 1503 3163 1556 avis
3189 1502 3505 1568 maritima,
3539 1519 3679 1573 quae
3716 1505 3774 1559 in
3799 1504 3928 1558 litto-

2294 1595 2444 1650 ribus
2469 1595 2609 1651 letus
2654 1611 2782 1651 suos
2811 1597 2974 1653 edere
3005 1598 3177 1659 solet.
3210 1599 3282 1652 ita
3309 1607 3372 1652 ut
3403 1600 3460 1653 in
3487 1600 3693 1655 arenis
3721 1614 3824 1654 ova
3847 1599 3926 1653 de-

2295 1696 2461 1757 ponat
2491 1686 2672 1743 tnctlio
2699 1688 2810 1744 fere
2841 1692 3072 1760 hyemis.
3106 1688 3238 1744 Nam
3270 1689 3325 1744 id
3368 1693 3659 1762 temporis
3693 1689 3926 1746 fovendis

590 1780 867 1837 fastidium
917 1781 1074 1836 nobis
1121 1781 1350 1850 obrepat
1393 1783 1448 1837 in
1489 1782 1756 1837 volatibus
1815 1781 2187 1853 requirendis,
2221 1777 2267 1837 Β
2299 1780 2462 1835 habet
2486 1780 2804 1851 deputatum
2835 1783 3126 1852 partubus.
3151 1783 3379 1853 quando
3413 1787 3678 1841 maxime
3714 1785 3928 1854 insurgit

591 1872 735 1944 quod
768 1889 874 1928 non
913 1874 1157 1944 obrepsit
1188 1874 1241 1928 in
1285 1873 1587 1945 gurgitibus
1621 1874 2059 1945 perscrutandis;
2103 1882 2197 1928 aut

591 1967 786 2039 aliquis
819 1967 975 2022 nobis
1010 1969 1061 2022 in
1100 1967 1466 2038 disputatione
1493 1968 1837 2034 obdormiat,
1869 1982 1993 2023 cum
2026 1967 2197 2038 possit

590 2063 771 2117 avium
797 2062 1047 2118 cantibus
1075 2063 1322 2119 excitari.
1355 2063 1462 2120 Sed
1493 2063 1739 2134 profecto
1767 2063 1858 2134 qui
1903 2061 2044 2116 inter
2073 2077 2194 2116 mu-

594 2162 678 2209 tos
711 2153 890 2225 pisces
914 2155 1234 2226 vigilavcrit,
1273 2171 1379 2210 non
1409 2154 1598 2210 dubito
1625 2154 1768 2226 quod
1803 2154 1942 2208 inter
1969 2167 2197 2208 canoras

593 2260 720 2302 aves
748 2261 999 2302 somnum
1023 2248 1230 2303 sentire
1256 2262 1364 2302 non
1390 2245 1584 2317 possit,
1612 2261 1736 2302 cum
1762 2245 1852 2300 tali
1873 2245 1941 2300 ad
1970 2245 2199 2316 vigilan-

593 2338 720 2394 dum
769 2340 942 2410 gratia
992 2349 1338 2412 provocetur.
1385 2339 1571 2411 Neque
1619 2353 1750 2395 vero
1799 2339 1906 2394 vile
1956 2349 2195 2409 putetur,

593 2432 737 2504 quod
760 2434 933 2503 potuit
961 2435 1252 2503 pra'teriri,
1286 2448 1410 2489 cum
1437 2435 1505 2489 sit
1539 2435 1696 2489 tertia
1726 2450 1850 2504 pars
1877 2434 1928 2488 in
1953 2434 2201 2488 animan-

596 2525 739 2580 tibus
780 2537 1066 2582 creaturm.
1101 2527 1226 2583 Tria
1261 2528 1406 2582 enim
1449 2541 1646 2599 genera
1686 2527 2044 2584 animantium
2077 2542 2200 2584 esse

596 2630 703 2672 non
727 2617 948 2673 dubium
981 2627 1086 2686 est,
1121 2629 1428 2682 terrenum.
1459 2620 1712 2686 volatile,
1743 2620 2000 2690 aquatile.
2038 2619 2202 2675 Deni-

602 2726 708 2781 que
736 2711 814 2767 sic
839 2713 1098 2782 scriptum
1129 2723 1211 2768 est
1237 2731 1250 2768 :
1285 2723 1310 2751 α
1341 2712 1644 2769 Producant
1672 2729 1822 2784 aqua:
1844 2715 2054 2784 reptilia
2079 2715 2199 2768 aui-

597 2819 800 2856 marum
833 2804 1107 2860 uiuentium
1132 2805 1412 2860 secundum
1439 2823 1624 2877 genus,
1656 2816 1702 2860 et
1725 2806 1953 2860 volatilia
1974 2805 2202 2860 volantia

593 2895 707 2968 96
740 2913 893 2967 super
930 2906 1121 2953 terram
1158 2915 1303 2955 secus
1341 2899 1722 2969 ﬁrmamentum
1764 2899 1878 2954 ειειί
1919 2899 2199 2954 sectmdunt

595 3006 781 3061 genus.

667 3085 754 3142 58.
801 3085 1140 3143 Revocamur
1162 3089 1229 3144 ad
1259 3088 1539 3160 superiora
1567 3089 1705 3145 sicut
1735 3089 1989 3146 obliviosi
2023 3089 2197 3143 viato-

2299 1890 2466 1938 mare.
2496 1876 2870 1948 littoribusque
2897 1877 3272 1934 vehementior
3298 1877 3508 1934 ﬂuctus
3536 1880 3809 1944 illiditur,
3832 1891 3920 1946 quo

2299 1971 2471 2040 magis
2502 1971 2803 2040 repentina:
2843 1971 3172 2042 placiditatis
3205 1973 3567 2028 solemnitate
3602 1975 3733 2027 avis
3781 1973 3920 2040 hujus

2298 2062 2542 2117 eluceret
2585 2063 2778 2131 gratia.
2824 2063 3070 2135 Namque
3101 2064 3188 2119 ubi
3220 2064 3494 2120 undosum
3528 2065 3712 2120 fuerit
3753 2079 3916 2130 mare,

2300 2156 2492 2228 positis
2520 2158 2636 2212 ovis
2673 2157 2856 2212 subito
2887 2158 3151 2221 mitescit.
3183 2166 3240 2213 et
3267 2173 3463 2213 omnes
3497 2158 3720 2214 cadunt
3749 2165 3916 2213 vento-

2299 2265 2418 2305 rum
2447 2249 2731 2320 procellte,
2761 2250 3026 2322 ﬂatusque
3048 2267 3300 2306 aurarum
3332 2253 3643 2322 quiescunt
3664 2295 3680 2316 .
3714 2269 3782 2308 ac
3815 2253 3911 2322 plac

2300 2343 2478 2399 cidum
2509 2345 2687 2398 ventis
2725 2352 2834 2398 stat
2875 2359 3023 2399 mare
3044 2387 3058 2410 ,
3085 2343 3261 2399 donec
3289 2358 3394 2399 ova
3437 2345 3628 2400 foveat
3665 2344 3910 2415 halcyone

2300 2451 2417 2490 sua.
2446 2436 2665 2506 Septem
2700 2445 2880 2491 autem
2916 2436 3034 2492 dies
3065 2436 3210 2490 lotus
3236 2445 3387 2501 sunt,
3416 2437 3624 2506 quibus
3658 2435 3904 2498 decursis,

2301 2527 2480 2584 educit
2511 2528 2688 2598 pullos
2708 2570 2723 2593 ,
2759 2528 3005 2599 Ielusqtte
3032 2528 3267 2582 absolvit
3294 2545 3307 2580 :
3343 2527 3494 2582 illico
3525 2528 3682 2584 alios
3713 2541 3902 2599 quoqe

2302 2627 2510 2690 septem
2541 2619 2658 2674 dies
2697 2619 2976 2691 adjungit,
3008 2618 3204 2689 quibus
3245 2621 3487 2674 enutriat
3519 2631 3721 2689 partus
3763 2633 3897 2682 suos,

2302 2711 2474 2767 donec
2494 2712 2751 2782 incipiant
2777 2713 3112 2769 adolescere.
3136 2711 3248 2768 Nec
3271 2714 3492 2768 mireris
3521 2722 3638 2769 tam
3663 2718 3893 2786 exiguum

2303 2805 2575 2860 nutricudi
2610 2815 2843 2876 tempus,
2874 2821 2997 2860 cum
3031 2806 3302 2861 absolutio
3333 2805 3545 2862 fetuum
3577 2816 3691 2862 tam
3728 2822 3894 2878 pauco-

2305 2913 2424 2953 rum
2453 2897 2664 2952 dierum
2705 2899 2795 2953 sit.
2838 2897 3067 2953 Tantam
3108 2905 3287 2952 autem
3328 2899 3565 2970 gratiam
3613 2898 3892 2956 minuscula

2303 2989 2424 3046 avis
2453 2989 2712 3046 divinitus
2738 2989 3000 3045 indultam
3032 2990 3228 3056 habet,
3264 3000 3323 3045 ut
3353 2991 3452 3045 ltos
3492 2993 3890 3061 quatuordecitn

2305 3084 2422 3140 dies
2465 3086 2665 3140 nautici
2699 3095 3042 3156 praesumpta:
3086 3084 3398 3141 serenitatis
3423 3086 3537 3158 97
3585 3088 3890 3144 observent.

597 3195 719 3247 res,
745 3181 832 3250 qui
864 3196 986 3236 cum
1019 3184 1328 3240 inconsulto
1371 3185 1764 3254 praeterierint,
1797 3184 1848 3239 itt
1883 3198 1978 3240 sua
2018 3198 2201 3239 rever-
2230 3174 2276 3238 C
2306 3193 2442 3250 Quos
2486 3187 2541 3234 et
2587 3178 2937 3250 Italcyonidas
2983 3189 3208 3246 vocant,
3259 3179 3456 3249 quibus
3509 3181 3698 3236 nullos
3743 3189 3890 3235 motus

600 3283 776 3329 tentes
803 3277 1024 3346 vestigia
1074 3276 1297 3331 incuriae
1340 3292 1452 3332 suae
1479 3275 1507 3315 δ
1543 3277 1798 3333 mulctatn
1839 3278 2070 3346 repetito
2113 3276 2196 3330 iti-

601 3367 748 3422 neris
775 3367 959 3423 labore
986 3368 1310 3438 suscipiunt.
1342 3370 1435 3423 Est
1466 3379 1644 3425 tamen
1673 3370 1835 3428 etiam
1880 3368 2055 3424 bonus
2082 3369 2198 3424 via-

603 3468 722 3522 tor.
780 3460 870 3530 qui
922 3461 1266 3530 diSpcndium
1326 3463 1708 3533 regressionis,
1739 3464 1932 3535 reliqui
1993 3463 2202 3518 itineris

604 3552 988 3622 compendiosi
1022 3554 1326 3619 celeritate,
1371 3564 1719 3627 compenset,
1750 3564 1808 3611 ιιι
1849 3556 1975 3611 milii
2003 3555 2203 3611 iacien-

604 3643 732 3699 dum
760 3644 1027 3711 arbitror;
1064 3647 1298 3703 maxime
1319 3663 1440 3701 cum
1463 3649 1530 3703 de
1550 3650 1738 3705 avibus
1765 3663 1946 3703 sermo
1971 3647 2060 3714 sit,
2083 3663 2203 3719 qua:

604 3739 784 3794 solent
810 3740 998 3795 oculos
1027 3739 1308 3795 hominum
1338 3741 1519 3796 volatu
1547 3742 1916 3811 properatiore
1945 3741 2207 3810 perstrin-

609 3849 755 3906 gere.
817 3833 955 3902 Quid
1007 3834 1152 3890 enim
1205 3836 1461 3890 convenit
1493 3835 1558 3890 iis
1588 3833 1899 3902 immorari,
1934 3835 1985 3890 iu
2011 3835 2208 3905 quibus

604 3929 856 3986 celeritas
901 3930 1120 4002 placere
1146 3930 1473 3986 consuevit?
1505 3931 1670 3986 Avius
1709 3929 1870 4002 igitur
1894 3939 2057 4002 atque
2088 3930 2211 3984 inu-

606 4023 804 4080 sitatus
828 4025 880 4078 in
910 4024 998 4079 tali
1020 4040 1217 4092 genere
1243 4025 1558 4097 scriptionis
1585 4040 1767 4081 sermo
1787 4033 1973 4082 noster
1993 4024 2209 4080 canoris

609 4103 805 4171 avibus
834 4126 1054 4172 resonet
1080 4127 1244 4188 atque
1277 4119 1524 4173 resultet.

683 4209 776 4264 39.
821 4208 928 4264 Sed
981 4209 1121 4266 unde
1153 4211 1283 4266 milii
1331 4227 1534 4283 cyguea
1579 4212 1854 4278 carmina,
1900 4227 2021 4280 qua:
2040 4211 2209 4266 etiam

613 4301 716 4356 sub
741 4302 892 4372 gravi
917 4302 1109 4355 mortis
1133 4301 1466 4358 imminentis
1495 4310 1704 4357 terrore
1725 4302 2033 4358 delectant?
2060 4302 2212 4358 Unde

617 4391 747 4447 mihi
777 4391 896 4447 illos
925 4392 1198 4448 naturales
1221 4393 1469 4449 modulos
1495 4392 1805 4457 cantilenae,
1831 4393 2029 4463 quibus
2050 4393 2211 4449 etiam

617 4484 844 4550 paludes
871 4498 1087 4540 sonorae
1116 4493 1305 4542 cantus
1334 4486 1502 4541 edunt
1532 4485 1830 4541 dulcissimi
1859 4486 2216 4540 suavitatem!

2305 3271 2626 3343 procellosa:
2663 3271 3001 3341 tempestatis
3034 3271 3373 3327 horrescant.

2374 3364 2464 3418 41.
2485 3363 2672 3418 Nonne
2689 3378 2773 3418 vos
2788 3363 3077 3429 passeribus
3095 3363 3260 3434 pluris
3271 3364 3389 3418 estis
3405 3362 3562 3433 (Luc.
3581 3381 3685 3428 nt.
3703 3365 3785 3435 7)?
3808 3363 3891 3418 De-

2305 3457 2485 3512 minus
2499 3457 2592 3512 ait.
2622 3457 2676 3512 Si
2707 3458 2870 3527 igitur
2896 3457 3343 3512 avistninusculze
3371 3459 3830 3527 contemplatione
3847 3466 3886 3510 et

2306 3552 2538 3620 insurgit
2564 3566 2734 3613 mare.
2769 3559 2823 3605 et
2851 3559 3072 3621 repente
3092 3552 3473 3619 comprimitur
3493 3591 3508 3614 ,
3538 3558 3706 3622 atque
3728 3562 3886 3621 aspera

2310 3644 2524 3718 ltycmis
2549 3645 2694 3701 inter
2717 3661 2912 3716 graves
2944 3646 3214 3715 procellas
3238 3654 3705 3716 tempestatesque
3731 3655 3888 3700 vento-

2309 3755 2425 3794 rum
2457 3738 2691 3810 detergit
2717 3739 2842 3793 cteli
2872 3738 3051 3792 nttbila
3078 3779 3094 3804 ,
3128 3736 3436 3806 ﬂuctusque
3478 3739 3754 3807 componit
3797 3737 3887 3790 ele-

2309 3833 2509 3888 mentis
2532 3832 2785 3886 omnibtts
2811 3831 2990 3886 subito
3016 3829 3188 3886 inlusa
3219 3831 3588 3901 tranquillitas
3611 3848 3626 3896 ;
3658 3839 3880 3901 quantum

2313 3941 2647 3995 praesumere
2676 3925 2896 3992 debeas,
2929 3940 2961 3978 ο
2986 3923 3171 3989 homo,
3193 3923 3260 3977 ad
3285 3923 3580 3994 imaginem
3603 3923 3694 3978 Dei
3724 3925 3880 3983 lactus.

2311 4017 2594 4089 agnoscis;
2625 4019 2668 4071 si
2693 4026 2876 4072 tamen
2913 4016 3138 4072 avicula:
3165 4015 3319 4071 istius
3347 4015 3508 4069 ﬁdem
3542 4016 3726 4070 studio
3751 4015 3882 4070 dero-

2314 4113 2476 4168 tionis
2525 4113 2775 4168 imiteris.
2821 4111 2914 4167 Illa
2962 4119 3319 4180 tempestates
3357 4109 3548 4164 videns
3595 4110 3877 4178 insurgere,

2314 4207 2506 4262 saevire
2532 4216 2746 4271 ventos,
2778 4205 2916 4260 inter
2937 4205 3166 4277 hyberni
3189 4218 3333 4259 saeva
3363 4217 3468 4258 non
3493 4212 3789 4266 revoczttur,
3809 4213 3881 4255 nev

2315 4314 2421 4370 que
2446 4298 2766 4364 reﬂectitur,
2788 4297 2884 4354 sed
2913 4297 3225 4368 impellitur.
3266 4295 3509 4365 Denique
3530 4294 3583 4349 in
3615 4295 3787 4350 littore
3805 4305 3879 4347 sua

2317 4408 2417 4448 ova
2446 4393 2748 4463 constituit,
2783 4393 2873 4448 ubi
2896 4407 2960 4447 ea
2991 4390 3274 4446 relabente
3305 4386 3469 4443 ﬂuctu
3500 4387 3709 4443 madida
3738 4386 3880 4442 adhuc

2319 4501 2482 4542 arena
2511 4487 2815 4554 suscipiat:
2870 4501 2970 4541 nec
3002 4487 3345 4554 insurgentes
3386 4482 3584 4538 ﬂuctus
3636 4498 3765 4554 quos
3804 4482 3879 4537 im-

618 4576 774 4635 Uude
807 4577 938 4633 mihi
981 4593 1164 4634 vocem
1211 4581 1457 4650 psittaci,
1489 4580 1942 4653 dulcedinemque
1985 4581 2218 4636 merula-
2245 4565 2296 4624 Ῑ)
2322 4593 2668 4634 murmurare
2693 4589 2855 4648 atque
2881 4577 3045 4632 allalii
3067 4575 3233 4639 videt,
3264 4575 3600 4630 reformidat.

619 4671 776 4728 runt?
809 4671 1024 4728 Utinam
1052 4675 1239 4728 saltem
1273 4674 1494 4730 luscinia
1509 4684 1823 4747 eanat,qute
1853 4675 2214 4731 dormientem

621 4764 686 4820 de
713 4779 908 4821 somno
955 4765 1184 4820 excitet!
1231 4764 1304 4821 Ea
1349 4767 1492 4822 enim
1534 4769 1650 4824 avis
1681 4767 1899 4840 signare
1939 4768 2079 4825 solet
2106 4767 2216 4824 diei

620 4857 894 4928 surgentis
940 4868 1188 4913 exortum
1212 4901 1227 4924 ,
1277 4867 1334 4915 et
1370 4858 1676 4916 cﬂ'usiorem
1720 4861 1962 4916 diluculo
2001 4862 2216 4916 deferre

617 4950 882 5007 la'titiatn.
913 4951 1118 5010 Tamen
1145 4953 1190 5008 si
1233 4953 1448 5009 illorum
1479 4954 1716 5010 suavitas
1740 4955 1925 5021 deest,
1967 4966 2091 5010 sunt
2117 4971 2215 5026 ge-

618 5054 832 5102 mentes
862 5056 1126 5113 turtures,
1155 5055 1210 5102 et
1236 5062 1414 5102 rauca:
1439 5047 1741 5115 columbas,
1775 5057 1886 5103 tum
1910 5049 2071 5104 etiam
2096 5063 2217 5104 cor-

616 5141 707 5198 nix
741 5141 896 5212 plena
929 5153 1063 5196 voce
1093 5139 1325 5211 pluviam
1354 5149 1530 5195 vocat.
1562 5139 1717 5196 Unde
1744 5140 1926 5196 rurale
1954 5141 2214 5196 aviarium

616 5249 870 5292 sermone
897 5251 1004 5308 quo
1033 5249 1344 5307 possumus,
1377 5234 1606 5292 scientia
1633 5250 1792 5307 quam
1826 5251 1923 5292 nos
1953 5236 2215 5292 rusticani

618 5328 934 5398 docuerunt,
967 5343 1377 5401 persequamur.

693 5589 719 5618 α
760 5580 884 5636 Mss.
916 5579 1166 5638 undecim
1197 5579 1441 5638 melioris
1468 5585 1632 5644 notae,
1661 5578 1902 5635 educant.
1936 5577 2108 5649 Supra
2140 5587 2220 5634 ta-

620 5666 743 5710 men
774 5666 823 5704 c.
859 5651 886 5706 l
919 5661 973 5706 et
999 5652 1058 5719 2,
1089 5653 1230 5710 sicut
1258 5663 1312 5709 et
1353 5653 1489 5708 inira
1513 5694 1528 5719 ,
1570 5667 1624 5711 c.
1653 5665 1770 5723 seq.
1803 5661 2114 5709 constanter
2140 5651 2218 5708 le-

618 5736 738 5801 gas,
761 5725 1067 5801 producant.
1131 5797 1137 5801 Δ
1331 5795 1345 5801 Δ
1508 5741 1512 5745 '

689 5787 733 5830 hi
759 5787 886 5849 Mss.
921 5792 1191 5864 quinque,
1235 5795 1454 5852 multum
1481 5796 1682 5870 repetiti
1722 5794 1920 5852 itineris
1952 5792 2107 5867 (duo,
2136 5787 2218 5849 re-'

2401 4674 2492 4730 ἃ.
2537 4676 2604 4730 Et
2661 4689 2730 4730 ne
2772 4682 2928 4742 putes
2953 4672 3095 4743 quod
3143 4685 3371 4742 ovorum
3422 4669 3672 4725 videatur
3715 4668 3880 4724 habere

2321 4778 2730 4838 contemptum;
2755 4766 3021 4821 Continuo
3047 4764 3137 4819 ubi
3159 4766 3476 4834 deposuerit
3503 4778 3627 4826 ova,
3656 4762 3876 4826 nidiﬁcat,

2323 4871 2378 4916 et
2405 4875 2504 4916 suo
2531 4869 2718 4930 partus
2745 4874 2976 4930 corpore
3001 4859 3166 4923 fovet,
3215 4872 3316 4912 nec
3359 4855 3522 4910 saluti
3571 4856 3786 4925 promite
3825 4853 3880 4907 al-

2323 4953 2540 5008 luvione
2571 4953 2769 5008 littoris
2796 4952 3133 5022 pertimescit
3163 4967 3176 5004 :
3205 4949 3302 5005 sed
3333 4963 3526 5005 secura
3555 4948 3624 5004 de
3661 4948 3749 5004 Dei
3774 4962 3876 5017 gra-

2325 5048 2423 5113 tia,
2449 5047 2626 5102 ventis
2657 5061 2716 5101 se
2741 5046 3034 5101 committit
3062 5055 3116 5100 et
3144 5043 3419 5099 ﬂuctibus.
3456 5041 3649 5096 Parum
3676 5050 3748 5095 est
3777 5041 3874 5094 hoc.

2325 5141 2586 5212 Adjungit
2639 5140 2868 5196 totidem
2913 5140 3049 5194 alios
3088 5138 3154 5193 ad
3201 5137 3547 5192 nutriendum
3594 5135 3745 5192 dies:
3793 5146 3874 5188 nec

2325 5234 2661 5305 interpellari
2705 5241 2786 5287 tot
2824 5231 3017 5287 diebus
3054 5230 3200 5286 inlidi
3253 5229 3420 5284 maris
3470 5227 3867 5298 tranquillitatem

2323 5337 2566 5394 veretur,
2621 5335 2898 5396 teutatque
2939 5324 3193 5380 meritum
3237 5336 3393 5376 suum
3445 5318 3766 5389 naturaejnm
3801 5329 3871 5370 so-

2325 5419 2607 5478 lemnitate
2656 5421 2960 5477 luttdatttm.
2991 5417 3090 5474 Illa
3111 5426 3329 5475 teneros
3363 5418 3502 5472 fetus
3533 5430 3640 5469 tton
3676 5405 3868 5467 latibulis

2324 5585 2484 5658 petito
2506 5585 2710 5658 itinere)
2733 5584 2977 5658 laborem.
3005 5582 3160 5646 Tres,
3183 5581 3396 5658 multam
3421 5578 3688 5658 repeti-tum
3709 5573 3866 5658 itineris

2322 5647 2566 5781 laba-em.
2613 5647 2766 5716 Unus
2809 5657 3078 5726 denique,
3125 5653 3288 5709 multa
3327 5647 3528 5722 repetiti
3570 5647 3749 5703 itineris
3776 5647 3860 5698 dis-

2321 5744 2418 5802 pen
2461 5746 2530 5784 ta.

3857 265 3950 324 aet
4020 233 4021 324 ᾧ

4009 1873 4018 1974 l

4015 1936 4016 1945 ι

4015 1966 4016 1973 ι

4020 3779 4021 3830 l
