4150 6358
173 289 295 348 225

1495 285 1995 348 HEXAEMERON.
2037 286 2168 346 LIB.
2207 286 2276 345 V.

3385 290 3494 349 226

177 408 461 478 aliquibus
481 407 765 466 abscondit
793 412 888 462 aut
913 406 1096 474 tectis,
1126 419 1230 464 nec
1252 404 1478 463 includit
1503 408 1778 472 cavernis,
1811 417 1868 479 Α
1896 419 2051 459 suum
2082 405 2331 475 dirigant.
2353 402 2498 459 Aves
2526 415 2742 474 quoque
2767 401 2881 459 aeri
2907 401 3178 460 volatibus
3204 405 3321 463 suis
3347 409 3499 464 velut

177 502 283 557 sed
320 502 465 556 nudo
493 509 548 557 et
577 500 771 572 rigenti
807 499 1102 556 committit
1138 499 1259 555 solo
1290 519 1304 565 ;
1354 514 1454 554 nec
1492 498 1734 554 defendit
1759 513 1789 552 a

179 593 419 665 frigore,
452 595 545 649 sed
568 595 749 650 divino
780 593 912 662 fotu,
946 608 1057 664 quo
1085 593 1258 665 magis
1277 603 1476 648 caetera
1503 592 1790 662 despiciat,

182 691 428 745 tutiores
456 689 574 744 fore
600 690 888 745 existimat.
913 689 1050 757 Quis
1073 699 1317 744 nostrum
1367 687 1620 757 parvulos
1664 701 1796 742 suos

183 795 307 836 non
362 781 698 837 vestimentis
739 790 923 852 tegat,
971 781 1238 852 tectisque
1281 779 1620 836 abscOudat?
1662 779 1794 848 Quis

189 891 311 930 non
340 874 554 930 claudat
579 890 675 931 eos
706 876 877 946 septis
904 875 1327 933 cubiculorum?
1380 875 1513 943 Quis
1569 889 1678 930 non
1722 873 1796 928 ita

190 967 495 1040 diligenter
518 969 755 1040 undique
777 969 1047 1025 fenestras
1073 969 1342 1035 obstruat,
1371 984 1440 1024 ne
1479 983 1586 1038 qua
1627 966 1800 1036 possit

193 1078 336 1119 aura
360 1063 444 1118 vel
475 1065 664 1119 leviter
691 1065 1022 1134 penetrare?
1052 1063 1244 1120 Merito
1273 1077 1410 1135 quos
1437 1071 1545 1116 tam
1568 1059 1800 1116 sollicite

193 1159 477 1214 induimus
506 1173 569 1214 ac
596 1159 859 1223 fovemus,
891 1159 1144 1215 exuimus
1189 1173 1285 1214 eos
1337 1157 1640 1212 clementiae
1691 1167 1804 1210 cre-

192 1250 355 1306 lcstis
383 1250 699 1307 involucro:
734 1253 1002 1324 halcyone
1031 1267 1164 1307 vero
1185 1265 1324 1322 quos
1352 1248 1525 1305 nudos
1560 1246 1800 1318 proiicit,

183 1327 304 1400 eos
332 1343 516 1399 divino
546 1345 707 1400 vestit
736 1345 1075 1400 indumento.

274 1436 370 1493 45.
413 1437 522 1493 Nec
542 1452 639 1491 vos
667 1437 984 1508 prmteribo,
1023 1436 1217 1507 mergi,
1250 1435 1444 1507 quibus
1489 1433 1558 1489 ab
1578 1431 1808 1488 assidui-

200 1541 320 1589 tate
370 1531 646 1602 mergendi
702 1547 900 1586 nomen
949 1531 1052 1586 hoc
1094 1531 1291 1595 haesit;
1333 1527 1602 1600 quomodo
1659 1540 1806 1596 smpe

201 1637 523 1698 mergentes
543 1641 795 1681 aurarum
825 1627 978 1697 signa
1019 1623 1296 1694 colligitis,
1353 1631 1407 1678 et
1452 1619 1806 1692 prmvidcntes

205 1728 592 1790 tempestatem
633 1719 889 1783 futuram,
949 1731 1180 1786 prOpere
1210 1715 1387 1770 medio
1429 1712 1689 1769 revelatis
1739 1726 1806 1766 ex

1898 496 2053 566 aquis
2078 496 2346 563 innatant,
2370 504 2426 551 et
2454 497 2606 566 quasi
2631 495 2880 566 quasdam
2911 497 3213 554 extendunt
3249 499 3496 569 brachia,

1897 588 2068 645 cauda
2099 605 2315 660 quoque
2353 604 2414 646 se
2457 591 2539 645 vel
2569 590 2634 645 ad
2660 591 2942 662 superiora
2986 591 3268 663 subrigunt
3305 597 3390 649 vel
3430 592 3501 649 ad

1897 678 2158 735 inferiora
2215 680 2562 751 demergunt.
2611 681 2768 739 Unde
2824 684 3080 754 quoniam
3129 685 3182 740 in
3227 686 3503 742 nonnullis

1899 771 2042 827 idem
2077 787 2207 828 usus
2237 783 2293 827 et
2319 774 2550 843 species,
2582 774 2707 830 ideo
2733 775 2801 832 de
2825 778 2981 848 aquis
3007 778 3290 849 utriusque
3340 795 3507 850 gene-

1899 866 1978 923 ris
2009 867 2462 922 nativitasdivina
2490 872 2851 939 przeceptione
2880 873 3170 944 processit.
3194 871 3502 930 Dixitenim

1903 960 2047 1016 Deus
2077 978 2089 1014 :
2117 960 2424 1029 ,Producanl
2453 978 2602 1032 aqua:
2646 965 2854 1033 reptilia
2897 967 3190 1021 animarum
3231 968 3508 1023 viventium

1902 1055 2185 1109 secundum
2214 1073 2406 1128 genus:
2429 1066 2477 1111 et
2507 1057 2739 1112 volatilia
2760 1076 2914 1129 super
2933 1071 3126 1116 terram
3153 1080 3298 1120 secus
3328 1065 3512 1138 [irrua-

1906 1158 2131 1202 mentum
2174 1150 2284 1204 cmli
2314 1150 2594 1204 secundum
2617 1167 2796 1222 genus.
2840 1151 2954 1207 Non
2997 1155 3272 1212 immerito
3317 1158 3502 1228 igitur,

1907 1243 2030 1311 quia
2062 1241 2131 1296 de
2160 1241 2314 1312 aquis
2343 1257 2518 1314 genus
2548 1253 2839 1313 utrumque
2879 1245 3200 1315 producitur
3224 1289 3240 1316 ,
3287 1250 3508 1306 natandi

1911 1333 2214 1404 proprietas
2247 1335 2490 1406 utrisque
2515 1336 2844 1406 suppeditat.

1981 1427 2072 1483 46.
2113 1429 2252 1483 Sane
2272 1443 2394 1484 cum
2421 1439 2475 1485 et
2501 1430 2726 1486 coluber
2757 1430 2998 1487 lubricus
3046 1445 3348 1504 omnesque
3394 1451 3513 1491 scr-

1912 1528 2103 1591 pentes
2125 1520 2272 1592 (ideo
2298 1524 2443 1576 enim
2476 1527 2717 1594 serpenti
2750 1540 2946 1580 nomen
2979 1533 3065 1581 est
3100 1525 3350 1594 inditum,
3385 1529 3512 1600 quia

1913 1630 2020 1670 non
2053 1625 2277 1685 possunt
2300 1616 2706 1682 ambulare,sed
2731 1621 2996 1690 serpere),
3013 1618 3280 1674 dracones
3296 1635 3512 1692 quoque

1913 1708 2076 1762 simili
2118 1707 2278 1763 modo
2321 1717 2379 1763 ut
2427 1708 2601 1779 pisces
2645 1711 2890 1780 plerique
2931 1713 3049 1766 sine
3088 1712 3317 1782 pedibus
3346 1723 3510 1780 sunt;

205 1828 454 1886 aequore,
485 1823 538 1868 et
567 1811 632 1866 ad
665 1813 903 1866 littorum
935 1819 1050 1864 tuta
1078 1823 1201 1863 cum
1232 1807 1475 1862 clamore
1522 1802 1808 1858 contendi—
1837 1817 1885 1878 Β
1914 1802 2119 1856 nullum
2151 1803 2329 1857 avium
2353 1819 2522 1874 genus
2550 1803 2742 1874 pedum
2772 1804 2957 1860 ofﬁcio
2981 1815 3150 1872 caret,
3183 1809 3307 1878 quia
3335 1810 3516 1866 omni-

208 1912 304 1966 tis.
339 1908 627 1978 Quomodo
653 1908 840 1971 etiam,
865 1906 1064 1972 fulicae,
1094 1915 1118 1942 ει
1146 1918 1267 1976 quae
1286 1901 1559 1957 maritimo
1575 1899 1811 1955 delecta-

205 2007 344 2063 mini
378 2003 667 2074 profundo,
699 2000 1030 2071 refugientes
1052 2013 1211 2068 quant
1245 1993 1638 2068 praesenseritis
1664 2008 1814 2048 com-

211 2098 519 2154 motionem
562 2097 759 2159 maris,
798 2093 852 2148 in
899 2090 1039 2147 vado
1070 2089 1276 2146 luditis.
1318 2089 1435 2158 ipsa
1487 2086 1652 2143 ardea
1694 2100 1813 2156 qua:

213 2189 506 2260 paludibus
536 2189 804 2242 inhaerere
825 2184 1144 2248 consuevit,
1193 2192 1350 2238 notas
1395 2180 1600 2236 deserit
1631 2177 1812 2243 sedes,

216 2281 532 2351 imbresque
556 2279 857 2334 formidans
883 2293 1047 2348 supra
1079 2276 1252 2331 nubes
1280 2274 1462 2340 volat;
1507 2281 1567 2328 ut
1602 2270 1816 2343 procel-

216 2371 302 2428 las
332 2372 553 2426 nubium
577 2372 782 2427 sentire
803 2387 909 2426 non
939 2368 1130 2440 possit.
1165 2366 1594 2424 Consideremus
1636 2365 1816 2420 diver-

215 2479 310 2522 sas
337 2467 585 2521 volucres
611 2465 777 2519 maris
796 2507 810 2528 ,
836 2461 1293 2536 quemadmodum
1329 2461 1648 2516 imminente
1686 2473 1817 2514 ven-

218 2568 397 2615 torum
421 2569 568 2615 motu
593 2558 660 2614 ad
692 2559 890 2614 tutiora
915 2569 971 2614 et
994 2567 1124 2612 tunc
1152 2556 1413 2626 temporis
1437 2553 1682 2610 dulciora
1711 2551 1814 2608 sibi

217 2663 411 2725 stagna
439 2669 500 2710 se
528 2654 849 2720 conferant,
890 2663 1056 2723 atque
1100 2652 1154 2705 in
1197 2649 1516 2705 abscondito
1546 2642 1814 2702 terrarum

220 2746 349 2802 sinu
372 2747 590 2815 cognita
617 2743 720 2799 sibi
747 2743 1002 2798 alimenta
1028 2743 1318 2797 rimentur.

303 2836 393 2892 44.
434 2836 737 2891 Nocturnas
762 2847 944 2890 autem
967 2849 1221 2890 anserum
1263 2832 1385 2904 quis
1438 2847 1544 2888 non
1591 2829 1817 2886 miretur

228 2930 508 2992 excubias,
533 2931 622 2999 qui
657 2929 870 2998 vigilias
887 2943 1013 2984 suas
1048 2930 1210 2983 etiam
1255 2939 1446 2983 cantus
1499 2926 1818 2982 assiduitate

228 3022 538 3077 testantur?
566 3021 809 3092 Denique
856 3035 924 3077 eo
974 3020 1135 3076 etiam
1188 3020 1430 3074 Romana
1483 3019 1744 3089 Capitolia
1787 3034 1817 3073 a

227 3112 556 3169 Galluhoste
569 3113 1084 3168 servaruntJlerito
1113 3112 1219 3166 illis
1240 3111 1433 3177 debes,
1458 3111 1650 3174 Roma,
1674 3109 1818 3180 quod

1913 1893 2014 1948 bus
2038 1894 2215 1948 victus
2241 1910 2273 1950 e
2305 1895 2499 1961 terris;
2529 1906 2586 1951 et
2616 1896 2738 1952 ideo
2771 1899 2968 1967 pedum
3003 1914 3228 1956 munere
3281 1900 3517 1958 fuleiun-

1914 1993 2021 2052 tur,
2051 1987 2176 2056 quia
2214 1985 2523 2056 bujusmodi
2553 1987 2619 2042 ad
2651 2003 2831 2043 escnm
2870 1993 3220 2060 quaerendam
3268 1993 3514 2066 indigent

1912 2080 2243 2137 ministerio.
2280 2080 2469 2153 itaque
2501 2082 2625 2138 alia:
2649 2083 2900 2140 volucres
2933 2087 3200 2156 unguibus
3236 2098 3521 2147 armantur

1913 2173 1981 2229 ad
2025 2189 2280 2245 raptum,
2332 2185 2390 2230 ttt
2441 2177 2732 2247 accipitres
2777 2188 2831 2232 et
2873 2179 3069 2250 aquilae
3109 2195 3230 2250 qua:
3275 2182 3518 2253 rapinam

1913 2271 2221 2326 venationis
2265 2282 2524 2327 exercent
2559 2289 2573 2327 :
2616 2272 2742 2327 alia:
2787 2272 2873 2328 vel
2916 2274 2983 2330 ad
3027 2274 3383 2332 incedendum
3432 2277 3521 2334 vel

1913 2361 1982 2418 ad
2002 2363 2180 2419 cibum
2208 2363 2312 2418 sibi
2347 2361 2649 2436 parandum
2689 2380 2788 2422 usu
2837 2365 3251 2439 ministerioque
3299 2378 3524 2426 utuntur

1914 2456 2292 2512 accommodo.

1987 2548 2078 2605 47.
2128 2549 2303 2606 Unum
2336 2559 2514 2607 autem
2558 2567 2756 2608 nomen
2800 2553 3019 2621 aviunt,
3057 2553 3154 2611 sed
3185 2570 3386 2626 genera
3440 2555 3526 2612 di-

1917 2660 2109 2712 versa;
2141 2661 2261 2716 qua:
2288 2645 2410 2716 quis
2434 2647 2604 2718 possit
2627 2650 2892 2704 memoria
2919 2658 3013 2705 aut
3033 2651 3346 2722 cognitione
3367 2665 3523 2706 com-

1917 2737 2304 2810 prehendere?
2334 2738 2470 2795 Sunt
2496 2740 2680 2810 itaque
2709 2756 2837 2797 aves
2865 2756 2984 2812 quae
3015 2757 3178 2799 carne
3202 2754 3521 2801 vescuntur.

1919 2830 2044 2889 ldeo
2071 2832 2156 2888 bis
2184 2848 2389 2902 ungues
2414 2834 2594 2904 asperi
2619 2875 2635 2902 ,
2668 2845 2948 2890 curvatum
2987 2845 3150 2909 atque
3187 2849 3404 2894 acutum
3432 2854 3521 2906 os,

1920 2925 2073 2981 velox
2100 2926 2352 2990 volatus;
2383 2927 2640 2996 quoniam
2673 2937 2832 2997 raptu
2854 2927 3060 2994 vivunt;
3089 2940 3146 2984 ut
3177 2932 3392 3000 possint
3433 2931 3486 2986 fa
3506 2958 3521 2970 -

1921 3018 2022 3073 cile
2045 3019 2322 3088 corripere
2345 3019 2582 3088 prmdam
2614 3035 2775 3090 quant
2807 3030 3126 3090 sequuntur,
3161 3037 3390 3093 propere
3434 3024 3522 3080 vel

1922 3124 2018 3166 ore
2039 3110 2124 3164 vel
2152 3110 2419 3180 unguibus
2445 3111 2772 3170 eviscerare.
2807 3110 2942 3166 Sunt
2965 3111 3130 3167 etiam
3175 3127 3304 3168 aves
3337 3155 3352 3180 ,
3397 3129 3523 3185 quae

223 3219 445 3276 regnas.
493 3204 580 3260 Dii
615 3207 688 3258 tui
721 3204 1093 3271 dormiebant,
1145 3213 1202 3259 et
1243 3202 1535 3274 vigilabant
1575 3217 1818 3258 anseres.
1848 3212 1894 3276 ρ
1928 3213 2142 3270 reperto
2174 3210 2470 3272 pascuntur
2499 3201 2710 3258 semine
2739 3219 2752 3254 :
2782 3202 2902 3258 alia:
2928 3202 3148 3260 diverso
3192 3213 3249 3260 et
3295 3205 3523 3264 fortuito

222 3295 352 3352 ldeo
380 3297 489 3350 illis
527 3295 716 3352 diebus
737 3297 1046 3369 98anseri
1075 3296 1374 3363 sacrificas,
1404 3313 1510 3351 non
1557 3295 1698 3352 Juvi.
1724 3298 1826 3350 (Je-

222 3389 360 3446 dunt
387 3391 538 3445 enim
564 3389 640 3445 dii
666 3393 828 3446 vestri
875 3391 1163 3446 anseribus
1191 3432 1206 3457 ,
1236 3405 1265 3444 a
1291 3389 1485 3459 quibus
1539 3403 1600 3445 se
1649 3389 1826 3444 sciunt

223 3498 346 3541 esse
369 3482 648 3550 defensos,
672 3499 742 3539 ne
771 3493 825 3539 et
850 3483 952 3554 ipsi
977 3483 1046 3538 ab
1073 3483 1229 3539 hoste
1255 3493 1604 3554 caperentur.

815 3598 1044 3677 CAPUT
1081 3616 1219 3675 xw.

225 3735 356 3794 Aves
409 3753 528 3792 cunt
583 3737 806 3808 piscibus
859 3735 1140 3805 multiplici
1180 3733 1484 3805 cognatione
1535 3733 1824 3806 conjungi;

226 3873 243 3900 ι
300 3831 474 3885 nullas
502 3840 670 3885 tamen
697 3829 885 3901 pedum
906 3830 1082 3900 officio
1118 3843 1314 3882 carere.
1347 3825 1426 3883 De
1463 3827 1618 3882 variis
1657 3827 1826 3882 varia-

303 3941 420 3980 rum
449 3925 620 3977 avium
643 3923 905 3994 generibus
929 3937 988 3975 ac
1015 3919 1342 3987 di/I'ercntiis.

304 4036 399 4091 45.
441 4036 671 4092 Pulchre
709 4048 890 4090 autem
929 4043 1049 4105 pust
1095 4032 1524 4104 descriptionem
1571 4031 1823 4103 piscium,

232 4127 304 4186 de
327 4130 393 4184 iis
423 4128 612 4183 avibus
637 4142 758 4198 quae
785 4134 1018 4180 assuetae
1046 4135 1172 4180 sunt
1201 4125 1384 4195 aquis;
1410 4138 1590 4179 sermo
1612 4138 1830 4178 succes-

233 4224 307 4281 sit
336 4239 352 4289 ;
381 4221 504 4294 quia
527 4232 580 4277 et
611 4221 740 4291 ipsa:
767 4218 1020 4274 similiter
1039 4233 1140 4272 usu
1166 4215 1385 4272 natandi
1415 4224 1470 4272 et
1488 4231 1713 4272 munere
1737 4215 1830 4272 dc-

233 4317 525 4374 lectantur.
562 4313 713 4372 Unde
743 4313 910 4384 prima
939 4312 1190 4384 cognatio
1219 4310 1434 4367 videtur
1477 4311 1665 4368 avibus
1710 4310 1830 4368 istis

234 4423 360 4468 esse
419 4424 542 4466 cum
598 4406 874 4477 piscibus;
922 4405 1174 4476 quoniam
1229 4402 1452 4460 natandi
1520 4404 1830 4460 communia

235 4502 485 4574 quwdam
521 4500 777 4556 videntur
805 4499 1017 4568 utrique
1038 4498 1224 4569 generi
1249 4511 1371 4553 esse
1391 4496 1690 4552 consortia.
1732 4495 1826 4553 Se-

1925 3297 2066 3352 cibo.
2103 3296 2196 3350 Est
2235 3295 2394 3351 etiam
2417 3295 2706 3350 diversitas
2727 3296 3068 3367 copularum,
3097 3312 3322 3368 quarunt
3349 3299 3527 3370 gratia

1925 3398 2113 3444 carent
2134 3387 2184 3453 ι’,
2217 3404 2336 3458 qua:
2364 3388 2652 3444 intendunt
2677 3391 2902 3459 rapinis.
2928 3389 3062 3445 Nam
3103 3402 3324 3461 propter
3347 3392 3523 3448 avidi-

1926 3487 2088 3536 tatem
2114 3479 2415 3551 prmdandi,
2439 3480 2520 3535 vel
2547 3487 2770 3550 proltter
2801 3481 3021 3538 insidias
3037 3483 3378 3552 explorandi,
3409 3484 3524 3557 99

1925 3584 2026 3625 nec
2056 3570 2187 3640 ipsis
2211 3571 2351 3624 inter
2367 3584 2427 3626 se
2454 3573 2712 3626 convenit
2742 3587 2757 3637 ;
2783 3580 2835 3628 et
2869 3573 2991 3628 ideo
3011 3572 3288 3630 declinant
3315 3577 3398 3630 sui
3429 3591 3525 3632 co-

1926 3662 2129 3733 pulam.
2155 3661 2368 3734 Refugit
2383 3663 2526 3719 enim
2542 3664 2766 3718 avaritia
2783 3666 3118 3721 consortium
3141 3668 3521 3736 plurimorum.

1927 3754 2132 3812 Deinde
2153 3757 2464 3826 conjunctio
2496 3758 2851 3827 plurimorum
2885 3759 3042 3815 facile
3083 3761 3195 3831 ipsa
3230 3778 3290 3818 se
3327 3765 3528 3834 prode-

1926 3858 2029 3904 ret.
2057 3848 2150 3906 His
2177 3864 2307 3920 ergo
2349 3849 2541 3904 avibus
2570 3850 2702 3906 nihil
2751 3862 2834 3907 est
2876 3853 3274 3922 copulatur-ium
3325 3863 3526 3926 prater

1921 3939 2106 4010 jugale
2126 3939 2486 3995 consortium.
2524 3939 2668 4010 Ergo
2712 3942 2906 4011 aquilis
2949 3943 3405 4016 accipitribusque
3437 3946 3528 4004 hic

1928 4046 2061 4088 usus
2085 4041 2170 4088 est
2197 4031 2344 4087 vitat.
2377 4030 2580 4087 Contra
2604 4048 2732 4089 vero
2756 4035 3066 4104 palumbes,
3098 4052 3284 4108 grues,
3327 4043 3524 4110 sturni,

1929 4125 2081 4181 corvi
2109 4134 2270 4197 atque
2290 4126 2561 4196 cornices,
2611 4125 2773 4182 etiam
2807 4127 2948 4184 turdi
2984 4128 3219 4201 gaudent
3267 4131 3530 4202 plurimo-

1930 4233 2052 4275 rum
2081 4223 2442 4276 connexione.

2005 4313 2096 4369 48.
2141 4313 2257 4369 Alia
2297 4323 2513 4386 quoqtre
2555 4314 2736 4372 avium
2795 4332 2994 4387 genera
3039 4329 3061 4358 ε
3104 4319 3364 4376 enchoria
3408 4337 3530 4392 qua:

1933 4417 2153 4464 manent
2181 4408 2232 4463 in
2262 4408 2397 4464 locis
2425 4423 2643 4480 semper
2672 4427 2685 4466 :
2717 4409 2821 4466 alia
2849 4411 3142 4468 adventitia
3175 4429 3296 4485 quae
3327 4413 3530 4471 obeunt

1935 4504 2184 4574 regiones
2208 4503 2366 4571 alias,
2397 4514 2451 4560 et
2481 4514 2699 4574 peracta
2737 4506 2930 4578 hyeme
2974 4517 3322 4566 revertuntur
3351 4530 3364 4563 :
3408 4519 3536 4566 sunt

235 4595 410 4652 cunda
437 4609 653 4666 quoque
679 4592 931 4663 cognatio
958 4579 1213 4646 omnibus
1258 4591 1448 4646 avibus
1485 4599 1542 4646 et
1592 4589 1830 4660 piscibus
1856 4613 1913 4674 Ι)
1934 4595 2039 4651 alia
2070 4611 2192 4667 qute
2218 4597 2414 4667 hyeme
2437 4595 2685 4660 redeunt,
2712 4605 2900 4653 a-state
2933 4599 3346 4669 peregrinantur
3371 4615 3400 4655 a
3439 4615 3539 4657 no-

237 4696 323 4745 est
345 4705 361 4756 ;
382 4704 449 4743 eo
472 4687 615 4760 qttud
643 4684 870 4742 volantis
892 4700 1023 4741 usus
1052 4685 1263 4757 species
1290 4685 1361 4740 sit
1390 4685 1645 4740 natantis.
1679 4683 1833 4741 Sicut

237 4784 382 4840 enim
419 4797 613 4853 aquam
646 4781 884 4836 natando
922 4780 1086 4852 piscis
1127 4778 1352 4845 incidit,
1393 4778 1468 4833 ita
1508 4778 1624 4834 avis
1649 4793 1830 4833 aerem

236 4878 420 4934 volatu
468 4875 634 4932 celeri
675 4886 845 4932 secat.
899 4877 1078 4946 Atque
1109 4873 1323 4945 utrique
1351 4875 1538 4943 generi
1584 4872 1836 4928 similiter

238 4969 426 5026 caudae
459 4968 697 5039 suppetit
716 4969 1034 5038 alarumque
1067 4965 1388 5037 remigium;
1443 4976 1502 5020 ut
1553 4965 1730 5035 pisces
1766 4964 1834 5020 ad

239 5063 421 5136 priora
462 5077 522 5118 se
563 5062 665 5118 alis
709 5062 1012 5134 suhrigant,
1053 5070 1220 5130 atque
1246 5060 1312 5115 ad
1344 5059 1602 5115 ulteriora
1645 5074 1838 5130 proce-

242 5156 405 5221 dant,
431 5154 618 5210 cauda:
662 5171 880 5226 quoque
924 5153 1298 5226 gubernaculo
1321 5154 1407 5208 vel
1439 5168 1548 5224 quo
1579 5153 1748 5209 velint
1776 5167 1836 5209 se

242 5251 402 5310 facile
421 5261 760 5320 convertant,
789 5252 876 5308 vel
906 5251 1106 5323 impetu
1133 5249 1366 5322 quodam
1397 5264 1428 5306 e
1459 5249 1685 5320 regione
1734 5249 1838 5305 iter

318 5466 344 5495 η
372 5454 446 5510 ha
469 5452 600 5511 edit.
632 5451 758 5507 Era.
785 5460 842 5508 et
859 5465 975 5520 seq.
1018 5465 1139 5505 cum
1170 5449 1350 5519 paucis
1388 5463 1518 5504 mss.
1553 5447 1703 5520 Edit.
1743 5464 1841 5504 au-

247 5536 352 5587 tem
379 5526 504 5583 Ant.
538 5535 594 5582 et
621 5539 749 5579 mss.
785 5523 935 5577 multi
961 5523 1212 5592 bonique,
1245 5537 1360 5592 qua:
1385 5523 1644 5574 maritimo
1673 5519 1842 5575 delec-

249 5610 418 5656 tamur
441 5597 723 5670 profundo.
760 5593 966 5670 Verum
985 5597 1029 5650 si
1058 5595 1221 5670 lectio
1280 5593 1409 5670 hzec
1433 5594 1672 5670 placeat,
1705 5592 1842 5670 scri-

191 5715 196 5720 -
248 5665 482 5730 bendunt
507 5665 607 5726 erit
641 5685 733 5737 per
761 5667 1127 5736 parenthesim
1167 5665 1442 5739 (quomodo
1468 5666 1621 5718 etiam
1643 5665 1836 5735 fulica,

248 5762 356 5818 quae
382 5736 981 5818 maritimodelectamur
1002 5736 1280 5818 propitiae)
1307 5749 1358 5791 et
1383 5752 1514 5818 qua:
1541 5745 1840 5818 sequuntur

248 5807 313 5876 ad
343 5831 559 5889 mergos
579 5809 885 5872 relerenda.
920 5807 1048 5866 Mss.
1076 5807 1184 5866 duo
1213 5807 1421 5879 legunt;
1457 5807 1719 5864 maritimo
1749 5807 1841 5865 de-

1935 4688 2052 4754 his;
2085 4688 2201 4744 sive
2228 4687 2373 4760 quod
2416 4687 2520 4743 alia
2565 4687 2778 4760 byemis
2807 4698 3049 4762 tempore
3077 4691 3143 4747 ad
3185 4695 3446 4751 calidiora
3475 4710 3536 4751 se

1931 4782 2250 4846 conferant;
2285 4783 2402 4837 sive
2426 4780 2571 4852 quod
2601 4781 2859 4854 pleraque
2889 4799 3078 4841 rursus
3109 4793 3354 4844 mstatem
3389 4789 3439 4844 in
3469 4789 3537 4846 iis

1935 4875 2070 4930 locis
2099 4873 2340 4944 exigant,
2375 4888 2498 4943 quae
2528 4873 2828 4930 antmniora
2862 4887 3156 4936 noverunt.
3183 4877 3352 4936 Turdi
3385 4879 3541 4936 deui-

1937 4982 2043 5038 que
2070 4966 2315 5021 autumni
2341 4965 2471 5034 line,
2499 4965 2713 5039 byemis
2745 4968 3006 5035 coulinio,
3029 4972 3183 5042 quasi
3207 4982 3394 5028 exacta
3437 4988 3542 5028 res-

1938 5069 2048 5117 tate
2070 5077 2128 5116 se
2159 5061 2424 5117 referunt.
2453 5061 2661 5132 Quibus
2707 5078 2807 5120 nos
2850 5064 3165 5136 inhospitali
3205 5067 3542 5123 immanitate

1939 5154 2199 5211 molimur
2223 5154 2474 5223 insidias,
2501 5169 2556 5212 et
2578 5155 2797 5214 diverso
2825 5174 3024 5228 genere
3045 5173 3186 5215 nunc
3226 5159 3388 5213 inllda
3414 5157 3544 5215 sede

1940 5247 2214 5320 decipere,
2245 5264 2386 5307 nunc
2409 5250 2560 5308 visco
2585 5265 2684 5308 eos
2714 5251 2924 5320 fallere,
2963 5265 3106 5308 nunc
3151 5249 3361 5321 laqueis
3417 5265 3548 5324 cap-

1944 5448 2146 5522 leclalre
2169 5451 2448 5522 profundo.

2017 5520 2044 5559 δ
2073 5522 2148 5576 lta
2181 5519 2312 5578 mss.
2341 5521 2616 5585 undecim,
2665 5530 2723 5578 et
2767 5521 2900 5578 edit.
2943 5519 3187 5591 quaedam
3227 5520 3398 5578 Paris.
3432 5525 3549 5582 Alia

1944 5603 2074 5668 quot
2115 5596 2204 5649 alii
2252 5610 2380 5650 mss.
2429 5602 2511 5668 et_
2532 5594 2752 5660 reliquae
2791 5593 2922 5668 edit.
2951 5602 3178 5668 ,_carent
3219 5591 3378 5662 ferae,
3411 5615 3548 5668 qua.

1944 5663 2300 5739 Coan._curent
2322 5669 2433 5739 fere
2479 5665 2661 5739 Rertt_.,
2686 5673 2865 5739 carent
2891 5660 3070 5739 facile,
3093 5671 3197 5739 etc.

2024 5748 2046 5775 ο
2079 5729 2364 5808 Erro/toria,
2392 5736 2580 5795 Graece
2604 5735 2859 5805 ἐγχώρια,
2891 5729 3032 5786 aves
3057 5729 3322 5804 indigena:
3349 5745 3407 5793 et
3452 5755 3550 5798 no.

1945 5815 2164 5867 strates.
3451 5829 3458 5836 ’
