4150 6358
607 285 710 356 sit

1967 277 2212 346 “NCT!
2247 275 2578 344 Διιθιιοδιι

3877 277 3974 334 ξξέ

608 411 724 456 tare
768 395 1170 454 contendimus.
1213 393 1450 452 Ciconite
1495 393 1702 452 reditus
1755 395 2016 458 vexillum
2063 395 2208 448 veris
2235 405 2288 476 Α
2313 393 2458 452 bene
2481 393 2720 452 civitatis
2755 403 2858 450 est.
2895 393 2988 452 Sic
3013 395 3084 450 ab
3105 394 3268 452 initio
3291 393 3324 440 ι
3347 403 3655 466 acceptam
3683 409 3716 449 a
3745 405 3966 450 natura.
4049 431 4051 470 ξ

611 491 1036 548 attollit.Grues
1071 489 1192 562 quia
1241 487 1346 546 alta
1407 495 1618 562 petunt,
1667 497 1854 544 amant
1899 485 2214 558 frequenter

613 585 972 658 peregrinari.

683 679 776 736 49.
815 677 950 734 Alite
969 692 1097 734 aves
1124 675 1192 732 ad
1219 692 1436 734 manum
1465 691 1526 732 se
1549 673 1866 746 subjiciunt,
1908 681 1964 728 et
2007 685 2218 732 mensa

614 769 770 828 herili
803 779 1162 838 assuescunt,
1201 777 1452 842 tactuque
1481 767 1826 824 mulcentur:
1861 765 1982 824 alia
2031 763 2218 824 formi-

612 866 774 922 dant:
804 867 924 922 alia:
956 865 1147 922 ii~dem
1175 865 1372 938 quibus
1405 864 1656 918 homines
1691 859 1982 924 domiciliis
2029 857 2218 916 delec-

611 967 796 1016 tantur
825 978 838 1014 :
869 959 992 1020 alite
1013 967 1280 1016 secretam
1305 958 1358 1014 in
1381 955 1616 1014 desertis
1641 957 1804 1008 vitam
1823 954 2074 1023 diligunt,
2097 967 2218 1022 quin

611 1052 924 1124 requirendi
961 1053 1066 1114 sibi
1099 1052 1274 1108 victus
1315 1049 1692 1108 difﬁcultatem
1735 1046 2002 1106 libertatis
2035 1059 2220 1102 amore

609 1153 990 1218 compensant.
1017 1145 1154 1202 Alite
1182 1142 1408 1200 vocibus
1437 1149 1648 1198 tantum
1673 1147 1920 1210 strepunt
1945 1153 1961 1192 :
1985 1137 2105 1204 aliae
2129 1149 2220 1192 ca-

613 1255 749 1294 noro
786 1237 1065 1293 delectant
1100 1235 1362 1304 suaviquc
1411 1231 1800 1288 modulamine.
1849 1229 2108 1300 Quaedam
2151 1241 2220 1286 ex

613 1341 830 1400 natura,
861 1327 985 1382 alia:
1014 1343 1082 1380 ex
1113 1325 1458 1382 institutione
1479 1323 1822 1382 diversarum
1855 1337 2046 1378 vocum
2067 1320 2222 1380 oblo-

613 1431 858 1494 quuntur
873 1418 1194 1474 discrimina
1219 1433 1234 1484 ;
1259 1425 1320 1472 ut
1333 1415 1604 1474 hominem
1627 1423 1786 1488 putes
1809 1415 2070 1480 locutum,
2091 1427 2218 1470 cum

617 1515 796 1570 locuta
825 1515 896 1567 sit
925 1511 1061 1567 avis.
1090 1511 1260 1580 Quam
1307 1509 1482 1566 dulcis
1511 1509 1888 1576 merularum,
1927 1522 2088 1580 quam
2125 1523 2222 1564 cx-

617 1621 808 1684 pressa
835 1620 938 1660 vox
961 1604 1178 1676 psittaci
1201 1613 1282 1658 est
1304 1605 1316 1660 !
1351 1603 1488 1660 Sunt
1509 1603 1669 1658 etiam
1691 1601 1814 1658 alia:
1837 1601 2142 1672 simplices,
2159 1607 2220 1656 ut

617 1697 887 1754 columbae
915 1716 930 1753 :
961 1697 1084 1752 aliae
1106 1705 1322 1764 astutw,
1365 1704 1422 1754 ut
1459 1695 1706 1766 perdices
1737 1711 1750 1748 :
1801 1693 1974 1766 gallus
2010 1692 2222 1764 jactan-

2317 487 2567 558 esenipln
2611 487 2790 544 avium
2831 487 3072 558 politiam
3129 487 3398 546 homines
3443 501 3728 548 exercere
3785 501 3968 554 crepe-

2319 589 2482 646 runt;
2511 589 2566 636 ιιι
2593 579 2896 636 communis
2931 591 3078 638 esset
3123 581 3306 650 labor,
3339 582 3678 638 communis
3705 581 3966 650 dignitas.

2319 691 2416 746 per
2459 677 2606 730 vices
2647 673 2840 746 singuli
2883 675 3072 746 partiri
3105 691 3272 736 curas
3307 675 3608 732 discerent
3637 717 3654 739 ,
3701 674 3966 745 obsequia

2321 767 2658 839 imperiaque
2683 765 3028 836 dividerent,
3061 785 3222 824 nemo
3267 779 3426 826 esset
3469 769 3724 824 honoris
3757 783 3966 834 exsors,

2321 859 2502 916 nullus
2529 857 2784 914 immunis
2807 857 3034 916 laboris.
3059 860 3160 918 Hic
3183 859 3762 934 cratpulcherriinus
3785 873 3964 915 rerum

2321 961 2516 1016 status,
2539 967 2640 1006 nec
2663 951 3019 1030 insolescebat
3037 953 3324 1024 quisquam
3349 961 3632 1024 perpetua
3667 959 3964 1023 potestate,

2323 1061 2424 1104 nec
2449 1048 2708 1104 diuturno
2733 1049 2958 1108 servitio
2981 1047 3368 1120 lrangebatur;
3397 1048 3534 1118 quia
3579 1056 3642 1100 et
3671 1047 3810 1102 sine
3841 1045 3966 1100 invi-

2321 1140 2406 1196 dia
2435 1149 2554 1198 erat
2579 1142 2770 1200 ordine
2797 1143 3038 1200 muneris
3063 1150 3120 1200 et
3137 1142 3404 1213 temporis
3435 1141 3860 1198 moderatione
3875 1139 3962 1194 de-

2323 1233 2434 1292 lata
2467 1237 2736 1306 pronuntio
2759 1255 2776 1305 ;
2799 1247 2852 1294 et
2879 1237 3220 1292 tolerabilior
3265 1235 3566 1292 videbatur
3597 1247 3622 1276 ο
3649 1251 3796 1306 «μω
3825 1249 3962 1290 coni-

2323 1327 2472 1382 muni
2503 1327 2734 1384 cadebat
2773 1337 2922 1386 sorte
2961 1328 3226 1384 custodia.
3275 1327 3450 1384 Nemo
3491 1327 3760 1384 audebat
3803 1327 3958 1382 alieni

2323 1424 2548 1480 servitio
2581 1439 2866 1494 premere,
2907 1425 3064 1496 cujus
3093 1424 3194 1480 sibi
3227 1421 3546 1480 successuri
3595 1423 3654 1477 in
3689 1423 3954 1478 honori-in

2325 1525 2508 1572 mutua
2547 1515 2726 1574 forent
2777 1517 3058 1574 subeunda
3091 1516 3308 1572 I'astidia
3345 1533 3360 1572 :
3395 1517 3612 1572 nemini
3651 1516 3828 1576 labor
3847 1531 3958 1586 gra-

2323 1609 2424 1671 vis,
2455 1623 2618 1678 quem
2643 1609 2878 1678 dignitas
2911 1617 3162 1666 secutura
3185 1609 3478 1664 reicvaret.
3509 1607 3626 1664 Sed
3659 1618 3952 1678 postquam

2323 1702 2638 1760 dominandi
2675 1705 2847 1762 libido
2885 1705 3166 1762 1vindicare
3203 1705 3376 1774 coepit
3420 1702 3716 1758 indebitas
3747 1745 3764 1766 ,
3799 1713 3854 1758 et
3885 1705 3952 1758 i-

619 1793 750 1858 tior,
775 1805 944 1864 pavus
971 1788 1291 1862 speciosior.
1337 1789 1475 1846 Sunt
1503 1789 1664 1846 etiam
1701 1786 1826 1844 vitae
1853 1787 1906 1842 in
1933 1785 2124 1842 avibus
2167 1793 2220 1840 et
2255 1806 2298 1872 Β
2323 1799 2514 1870 dapis;
2537 1799 2682 1854 nolle
2699 1799 2976 1870 deponere
2989 1807 3286 1870 potestates
3311 1813 3330 1856 ι
3357 1807 3732 1868 posteaquam
3749 1795 3950 1852 militia

621 1902 850 1960 operum
883 1884 1266 1948 diversitates;
1317 1893 1374 1942 tit
1427 1881 1548 1946 alim
1599 1889 1782 1936 ament
1839 1881 1892 1934 in
1933 1892 2224 1934 commune

623 1978 934 2044 consulere,
965 1986 1020 2031 et
1044 1973 1256 2031 collatis
1290 1975 1493 2030 viribus
1521 1973 1666 2028 velut
1694 1969 1984 2044 quamdam
2031 1982 2226 2026 curare

533 2105 548 2118 ο
623 2071 1133 2144 rempublicam,et
1165 2081 1434 2142 tamquam
1486 2067 1588 2122 sub
1641 2081 1766 2136 rege
1817 2065 2050 2120 vivere:
2105 2062 2226 2118 alia:

621 2168 722 2222 sibi
738 2181 965 2238 quaeque
990 2163 1320 2236 prospicere,
1349 2162 1636 2234 imperium
1663 2173 1942 2228 recusare,
1967 2165 2044 2224 et,
2069 2157 2116 2212 si
2138 2170 2228 2212 ca-

625 2263 864 2338 piantur,
890 2261 1112 2336 indigno
1144 2260 1314 2320 velint
1338 2257 1491 2318 exire
1517 2255 1768 2312 servitio.

1227 2393 1458 2452 CAPUT
1497 2392 1616 2448 XV.

629 2517 708 2574 De
737 2516 966 2588 gruibus,
993 2525 1146 2586 atque
1172 2527 1350 2567 earum
1386 2509 1654 2582 vigilantia
1699 2509 1754 2563 in
1800 2504 2084 2574 custodiis,
2137 2519 2230 2568 nec

703 2627 804 2664 non
833 2611 895 2664 de
923 2607 1107 2664 ordine
1131 2605 1193 2660 ab
1216 2605 1401 2661 iisdem
1427 2605 1560 2658 inter
1587 2601 1862 2664 velandum
1905 2609 2123 2654 seruato.
2161 2595 2230 2652 Et

703 2705 801 2760 hac
830 2703 1096 2759 occasione
1114 2703 1178 2757 de
1201 2703 1386 2772 priscw
1400 2698 1693 2771 reipublica:
1711 2707 1868 2766 statu,
1889 2698 2232 2768 humanaeque

704 2817 918 2858 mcurue
945 2817 1114 2856 causis
1125 2839 1137 2852 .

703 2917 796 2976 50.
839 2917 920 2974 Ab
950 2915 1016 2972 iis
1062 2915 1225 2986 igitur
1255 2911 1566 2974 ordiamur.
1611 2924 1732 2982 qua:
1767 2916 1954 2968 nostro
2009 2905 2128 2966 usui
2171 2919 2237 2962 se

631 3013 986 3074 imitationem
1017 3007 1302 3066 dederunt.
1341 3004 1398 3074 in
1443 3004 1550 3064 illis
1593 3003 1738 3060 cuitu
1772 3001 1960 3074 politis
1983 2999 2232 3072 qutedam

629 3116 685 3172 et
713 3105 902 3174 militia
930 3101 1192 3160 naturalis
1215 3145 1232 3170 ,
1277 3103 1330 3156 in
1379 3097 1536 3154 nobis
1585 3103 1776 3158 coacta
1803 3107 1968 3166 atque
1993 3093 2228 3150 servilis.

628 3203 800 3274 Quam
831 3202 1040 3271 injusso
1062 3211 1116 3256 et
1137 3195 1446 3254 voluntario
1471 3209 1570 3252 usu
1593 3206 1756 3266 grues
1797 3191 1852 3246 in
1889 3199 2054 3246 nocte
2081 3187 2234 3244 solli-
2259 3206 2304 3272 ο
2339 3193 2578 3250 invenias
2599 3191 2900 3259 hominum,
2927 3193 3022 3264 qui
3049 3203 3246 3263 sponte
3281 3191 3524 3262 deponat
3549 3193 3858 3264 imperium,
3879 3199 3920 3246 et

625 3301 786 3356 citam
801 3303 1053 3354 excreent
1081 3290 1386 3348 custodiam
1412 3289 1425 3344 ι
1462 3287 1759 3358 Dispositos
1786 3283 1976 3354 vigiles
2005 3295 2231 3338 cernas:

619 3401 674 3446 et
721 3390 936 3452 caeteris
964 3387 1311 3444 consortibus
1331 3379 1780 3452 quiescentibus,
1829 3374 1951 3430 alia:
1998 3373 2233 3428 circum-

625 3491 756 3544 eunt
803 3489 858 3536 et
901 3479 1191 3546 explorant
1217 3518 1231 3542 ,
1263 3492 1332 3532 ne
1359 3491 1460 3544 qua
1493 3489 1559 3528 ex
1589 3480 1741 3544 parte
1773 3467 1984 3524 insidia:
2007 3467 2232 3526 tendan-

629 3587 738 3643 tur,
771 3584 933 3650 atque
969 3588 1186 3628 omnem
1215 3570 1464 3626 deferunt
1488 3566 1717 3636 impigro
1747 3564 1830 3618 sui
1871 3562 2060 3632 vigore
2096 3569 2236 3616 tute-

628 3671 758 3728 lam.
801 3669 932 3724 Post
975 3665 1068 3722 ubi
1107 3663 1414 3736 vigiliarum
1453 3659 1616 3716 fuerit
1669 3667 1882 3725 tempus
1929 3653 2232 3724 impletum,

629 3761 910 3834 perfuncta
961 3773 1186 3816 munere
1215 3757 1269 3812 in
1295 3769 1546 3818 somnum
1587 3767 1648 3808 se
1671 3750 1950 3822 praemisso
1979 3749 2236 3818 clangore

635 3855 794 3932 100
813 3855 1125 3926 Cuntpnnit;
1165 3859 1224 3908 ut
1263 3847 1466 3906 excitet
1485 3844 1868 3904 dormientem.
1923 3841 2008 3896 cui
2061 3840 2233 3908 vicem

628 3950 868 4008 muneris
900 3947 1160 4008 traditura
1198 3953 1301 4004 est.
1339 3943 1412 4000 At
1435 3940 1527 3996 illa
1549 3937 1740 3994 volens
1761 3933 1984 4006 suscipit
2006 3939 2230 4000 Sortem,

629 4060 730 4099 nec
779 4059 884 4100 usu
923 4050 1112 4098 nostro
1155 4038 1320 4094 invita
1361 4044 1417 4092 et
1449 4031 1655 4106 pigrior
1682 4043 1878 4092 somno
1907 4023 2184 4088 renuntiat
2218 4040 2230 4078 :

629 4136 724 4192 sed
751 4134 980 4206 impigre
1004 4132 1117 4188 suis
1137 4130 1422 4186 excutitur
1455 4124 1662 4192 stratis,
1685 4123 1860 4180 vicem
1891 4117 2230 4188 exsequitur,

629 4237 684 4284 et
710 4243 868 4298 quam
893 4225 1104 4294 accepit
1127 4215 1358 4293 gratiam
1408 4219 1524 4288 pari
1553 4232 1684 4273 cura
1716 4223 1880 4285 atque
1921 4211 2104 4270 cilicio
2147 4225 2236 4268 rc-

631 4329 945 4392 prmscntat.
977 4318 1107 4376 Ideo
1137 4317 1281 4372 nulla
1313 4312 1576 4374 desertio,
1605 4309 1732 4380 quia
1753 4309 1974 4366 devotio
2013 4315 2230 4372 natura-

633 4413 698 4470 lis
733 4411 892 4474 :ideo
919 4418 1030 4466 tutu
1061 4406 1332 4472 custodia,
1368 4405 1494 4478 quia
1525 4402 1772 4464 voluntas
1799 4401 1990 4458 libera.

705 4504 793 4560 5t.
840 4505 988 4560 Iinnc
1013 4502 1178 4568 etiam
1202 4501 1448 4564 volantes
1473 4496 1720 4556 ordinem
1751 4502 1974 4558 servant
1999 4533 2013 4560 ,
2041 4499 2098 4548 et
2133 4491 2234 4548 hac

2327 1907 2436 1950 non
2463 1891 2550 1962 jus
2573 1905 2864 1948 commune
2885 1894 3046 1964 empit
3075 1907 3220 1958 esse,
3269 1891 3366 1946 sed
3411 1889 3700 1946 servitus:
3741 1901 3949 1960 postea-
4040 1889 4048 1958 ε

2327 2001 2488 2078 quam
2521 1985 2792 2078 nonordo
2811 1985 2986 2078 tactus
3005 1981 3506 2078 estsuscipiendze
3523 1982 3834 2078 potentiae,
3857 1979 3940 2036 sed
4041 1969 4051 2078 ﬂ

2329 2077 2566 2200 studium
2597 2077 2956 2146 vindicandas,
2977 2077 3146 2146 capit
3163 2077 3326 2132 etiam
3349 2075 3468 2144 ipsa
3493 2073 3718 2128 laboris
3749 2072 3940 2128 {anuis

2367 2171 2514 2200 ..κζ-ιι
2545 2171 2798 2200 ...ρει-.-.ι
2827 2187 2842 2200 .
2869 2179 2920 2200 ,ιι
2965 2183 3084 2200 η...-
3117 2183 3222 2200 ειη..
3253 2177 3333 2200 Au
3373 2167 3690 2200 ιηιιηηοιιὶ.
3741 2167 3856 2200 ..ἰη-
3877 2165 3940 2200 In-

2327 2168 2516 2228 durius
2545 2171 2800 2228 sustineri
2827 2187 2842 2236 ;
2869 2179 2924 2226 et
2963 2183 3084 2241 qua
3115 2183 3224 2224 non
3253 2177 3338 2222 est
3373 2167 3718 2232 voluntaria,
3741 2167 3856 2222 cito
3875 2165 3940 2218 lo-

2331 2279 2454 2318 rum
2479 2263 2738 2334 relinquit
2759 2262 3006 2318 incuriae.
3033 2260 3298 2320 Homines
3325 2275 3486 2330 quam
3515 2259 3686 2314 inviti
3719 2259 3938 2315 subeunt

2335 2355 2638 2426 vigiliarum
2671 2355 2879 2420 inania,
2903 2369 3066 2427 quam
3087 2370 3232 2426 aegre
3263 2353 3644 2425 unusquisque
3671 2353 3732 2409 in
3759 2351 3936 2408 astris

2333 2450 2630 2518 periculum
2653 2447 2882 2506 sortitus
2901 2449 3154 2514 excubat,
3183 2449 3328 2519 quod
3363 2447 3626 2502 tuendum
3647 2447 3758 2503 sibi
3787 2443 3932 2516 regali

2335 2543 2700 2614 pratceptione
2725 2543 3084 2600 committitur
3107 2543 3120 2597 l
3145 2541 3473 2612 Proponitur
3497 2557 3668 2613 pinna
3689 2541 3928 2600 desidia;

2333 2645 2388 2694 et
2415 2643 2594 2694 tamen
2629 2636 2956 2707 plerumque
2983 2635 3200 2706 obrepit
3237 2635 3452 2692 incuria
3471 2675 3488 2699 ,
3517 2651 3634 2690 non
3665 2641 3930 2714 servantur

2334 2729 2604 2786 excubiat.
2639 2728 2950 2786 Necessitas
2975 2731 3122 2786 enim
3165 2744 3286 2800 qua:
3315 2728 3490 2784 invito
3519 2728 3764 2798 imponit
3793 2727 3930 2782 obse-

2333 2821 2546 2892 quium,
2580 2819 2740 2880 alTert
2773 2821 3092 2893 plerumque
3127 2819 3431 2876 fastidium.
3473 2819 3626 2876 Nihil
3673 2831 3762 2876 est
3805 2820 3924 2875 enim

2337 2921 2446 2970 tam
2467 2912 2650 2979 facile,
2681 2914 2810 2984 quin
2842 2913 3036 2972 habeat
3063 2907 3466 2978 difﬁcultatem,
3493 2912 3647 2983 quod
3673 2911 3924 2968 [scissis-

2337 3009 2498 3064 vilus.
2533 3008 2674 3078 Ergo
2703 3017 2756 3062 et
2781 3007 2926 3079 jugis
2949 3007 3104 3064 labor
3129 3008 3329 3063 avertit
3357 3005 3612 3064 aﬂ‘ectutn
3639 3047 3656 3076 ,
3687 3017 3748 3064 et
3769 3007 3922 3064 conti-

2339 3115 2442 3156 nua
2491 3109 2546 3154 et
2585 3099 2842 3156 diuturna
2875 3099 3117 3170 potentia
3157 3099 3330 3170 gignit
3369 3099 3744 3156 insolentiam.
3775 3101 3919 3168 thll

2335 3285 2565 3342 ducatus
2607 3287 2692 3342 sui
2741 3284 2900 3342 cedat
2939 3285 3182 3357 insigne,
3239 3283 3440 3356 ﬁatque
3479 3285 3672 3340 solens
3715 3299 3916 3340 numero

2335 3389 2642 3450 postremus
2689 3395 2758 3436 ex
2797 3380 3012 3450 primo?
3071 3379 3180 3436 Nos
3228 3387 3408 3434 autem
3473 3393 3584 3434 non
3627 3380 3822 3434 'solum
3865 3376 3918 3431 de

2336 3475 2532 3544 primo,
2587 3472 2682 3534 sed
2709 3473 2872 3530 etiam
2909 3472 2980 3530 de
3023 3471 3204 3528 medio
3235 3486 3382 3540 sape
3423 3470 3804 3526 contendimus
3825 3512 3840 3536 ,
3875 3477 3916 3524 et

2341 3567 2548 3637 primos
2572 3566 2874 3622 discnbitus
2899 3565 2953 3621 in
2984 3566 3239 3624 convivio
3269 3563 3608 3622 vindicamus
3645 3583 3660 3619 :
3693 3579 3756 3619 ac
3787 3563 3828 3618 si
3847 3577 3914 3617 se

2335 3659 2442 3714 mel
2473 3657 2712 3714 delatum
2739 3659 2924 3726 fuerit,
2955 3657 3205 3714 volumus
3255 3672 3377 3713 esse
3421 3666 3760 3726 perpetuum.
3813 3655 3914 3710 Ideo

2333 3753 2476 3810 inter
2521 3769 2682 3824 grues
2713 3753 3085 3826 :rquanimitas
3109 3753 3160 3808 in
3187 3749 3462 3806 laboribus
3503 3757 3622 3816 est,
3671 3747 3914 3804 humilitas

2336 3850 2388 3903 in
2443 3847 2817 3919 potestatibus.
2871 3845 3246 3901 Admonentnr
3277 3851 3334 3898 ut
3360 3851 3655 3899 exerceant
3683 3841 3910 3897 custodia:

2333 3942 2481 3998 vices
2511 3983 2526 4008 ,
2551 3957 2656 3997 non
2711 3940 3069 3996 admonentur
3095 3939 3248 4012 ιοι
3289 3945 3348 3992 ut
3383 3935 3453 3992 de
3481 3945 3749 4004 potestate
3783 3935 3910 3988 decc.

2333 4037 2506 4102 dant;
2561 4035 2688 4105 quia
2727 4034 2798 4088 ibi
2853 4031 3114 4088 naturalis
3135 4033 3287 4102 quieS
3309 4029 3482 4086 somni
3512 4023 3906 4100 interpellantis,

2333 4126 2422 4184 hic
2469 4125 2784 4184 voluntaria:
2815 4124 3116 4182 sedulitatis
3133 4123 3304 4196 gratia
3333 4121 3639 4194 praistnnda
3661 4135 3761 4179 est.

2935 4259 3162 4316 CAPUT
3195 4257 3334 4314 XVI.

2335 4378 2606 4450 Quomodo
2659 4375 2873 4434 ciconia
2919 4376 3316 4450 proﬁciscantur
3337 4412 3354 4440 ,
3384 4381 3534 4444 atque
3571 4387 3606 4432 a
3655 4367 3910 4426 cornicibus

2403 4474 2734 4534 deducantur
2789 4487 2851 4528 ac
2895 4470 3258 4544 defenduntur.
3325 4466 3597 4534 Laudatur
3643 4465 3908 4524 earumdem

637 4599 1006 4658 moderatione
1031 4565 1250 4652 omnem
1281 4593 1521 4650 laborem
1561 4589 1832 4658 allevant;
1881 4595 1938 4650 ut
1965 4601 2060 4657 per
2085 4585 2228 4640 vices

2403 4569 2671 4626 cornicum
2689 4563 3022 4638 hospitalitas
3041 4603 3058 4630 ,
3087 4571 3136 4622 et
3167 4565 3396 4624 liuutaua
3437 4559 3818 4632 reprehenditur
3841 4571 3910 4610 ιω·

635 4690 925 4763 fungautur
975 4689 1171 4752 ductus
1213 4686 1298 4744 sui
1339 4698 1584 4742 munere.
1627 4680 1890 4746 Princedit
1933 4680 2076 4736 enim
2129 4695 2232 4734 una

637 4796 861 4840 caeteras
885 4784 1187 4854 prastituto
1207 4779 1310 4836 sibi
1333 4786 1600 4848 tempore,
1625 4784 1680 4834 et
1704 4774 1856 4846 quasi
1879 4783 1904 4818 ξι
1927 4782 2054 4830 ante
2079 4773 2234 4843 signa

637 4873 1184 4946 praecurritzdeinde
1209 4871 1578 4942 convertitur,
1633 4877 1689 4926 et
1737 4867 1987 4936 sequenti
2030 4877 2234 4930 sortem

635 4970 868 5036 ducendi
895 4968 1124 5048 agminis
1154 4966 1318 5024 cedit.
1349 4963 1488 5032 Quid
1515 4962 1621 5036 hoc
1649 4960 1951 5033 pulchrius,
1985 4969 2042 5026 et
2087 4959 2236 5016 labo-

633 5081 750 5126 rem
773 5065 1026 5124 omnilnis
1047 5073 1100 5120 et
1123 5061 1386 5118 honorem
1410 5071 1532 5116 esse
1558 5071 1924 5118 communem,
1959 5069 2060 5110 nec
2103 5067 2255 5124 pau-.

635 5161 714 5228 cis
739 5157 979 5238 arrogari
1009 5155 1330 5230 potentiam,
1355 5151 1452 5216 sed
1477 5151 1706 5224 quadam
1735 5150 1790 5212 in
1819 5161 2012 5210 omnes
2047 5145 2240 5202 volun-.-

637 5256 774 5320 taria
797 5263 944 5320 sorte
975 5248 1297 5326 transcribi?

709 5347 799 5404 52.
841 5345 1094 5417 Antiquae
1131 5343 1235 5396 hoc
1263 5338 1578 5411 reipublicae
1611 5351 1830 5404 munus,
1868 5343 1924 5392 et
1955 5335 2130 5390 instar
2163 5333 2236 5388 li-

711 5545 734 5572 α
759 5533 1065 5590 Gronovius
1089 5531 1166 5588 ait
1194 5527 1566 5591 scribendum,
1590 5531 1708 5580 ante
1725 5522 1876 5596 signa
1897 5517 2226 5596 procurrit...

640 5589 974 5674 Antiqureltic
998 5589 1293 5674 reipublicae
1315 5603 1525 5664 mimus,
1553 5589 1600 5652 et
1621 5589 1795 5674 instilth
1811 5589 1989 5674 libera:
2005 5589 2232 5674 ciuitatis

639 5659 870 5735 ἑξέζὲθὸ
907 5659 964 5731 id
1002 5659 1148 5732 nuila
1180 5675 1338 5740 ullius
1368 5687 1472 5728 ms.
1497 5659 1824 5742 auctorimta
1849 5659 2229 5742 conﬁrmatur.

643 5747 785 5810 Vict.
818 5761 955 5806 unus
983 5762 1046 5816 ac
1066 5743 1232 5814 φυτιι.
1283 5736 1380 5816 per
1415 5755 1556 5816 corr.
1609 5736 1812 5802 habent
1854 5736 2230 5804 antesignani.

644 5823 799 5881 Gem.
828 5813 1000 5876 etiam
1018 5813 1115 5886 per
1143 5813 1310 5880 corr.)
1341 5813 1697 5885 antesignanis.

2405 4661 2672 4740 augentia.
2722 4658 2956 4724 Tandem
2993 4658 3312 4720 ciconiarum
3353 4656 3532 4730 pietati
3591 4655 3648 4718 in
3703 4663 3906 4728 parentes

2413 4765 2590 4816 nostra
2609 4755 2848 4825 impietas
2878 4753 3180 4824 opponitur.

2409 4871 2499 4928 55.
2539 4867 2794 4926 Ciconias
2819 4867 3004 4924 ferunt
3041 4865 3278 4930 collecto
3315 4861 3588 4935 proﬁcisci
3619 4861 3849 4932 agmine,
3871 4857 3908 4914 si

2337 4977 2444 5032 quo
2497 4960 2828 5032 pergendum
2881 4966 3116 5028 putant,
3169 4966 3226 5014 et
3259 4955 3424 5012 simul
3473 4953 3746 5024 plerisque
3789 4951 3906 5007 circa

2339 5054 2620 5116 Orientem
2643 5052 2782 5112 locis
2803 5051 2984 5110 invehi
3007 5094 3024 5118 ,
3053 5061 3110 5108 et
3135 5047 3296 5120 quasi
3319 5059 3526 5106 tessera
3553 5047 3766 5102 militari
3793 5044 3910 5116 pari-

2343 5158 2425 5204 ter
2445 5161 2634 5206 omues
2659 5145 2891 5204 moveri.
2927 5143 3238 5200 Exercitum
3265 5140 3464 5202 credas
3487 5154 3614 5195 cum
3635 5139 3794 5209 signis
3817 5137 3908 5192 suis

2343 5257 2590 5312 pergere.
2619 5241 2700 5300 sic
2727 5254 2921 5302 omnes
2953 5237 3134 5298 viandi
3155 5234 3566 5303 eomitnndique
3587 5243 3644 5290 et
3665 5227 3906 5303 priuandi

2339 5336 2587 5392 ordinem
2635 5345 2877 5390 servant.
2929 5313 3188 5386 Cornices
3233 5337 3414 5384 autem
3458 5324 3902 5382 dcducunteasac

2409 5517 2438 5558 δ
2467 5517 2594 5574 Mss.
2617 5515 2826 5586 aliquot
2851 5513 3094 5580 antiquati
3129 5525 3328 5570 manus
3347 5551 3364 5574 ,
3394 5515 3681 5578 (temptans,
3727 5515 3898 5570 Mrtua,

2337 5591 2589 5660 exeruplo.
2615 5585 2790 5648 milites
2817 5585 3152 5660 politiam._...
3181 5592 3458 5649 stupes-aut.

2419 5646 2444 5702 ά
2471 5646 2608 5720 Tres
2635 5646 2788 5742 mss.
2818 5646 2938 5716 non
2975 5657 3140 5718 mala
3171 5646 3346 5722 notat,
3385 5665 3501 5726 qua
3531 5646 3900 5706 communicabat

2341 5742 2528 5792 sortem
2554 5731 2820 5790 custodia.
