4150 6358
153 275 268 333 229
644 288 645 291 ‘
1449 267 1950 340 HEXAEMI'LRON.
1990 276 2121 334 LIB.
2169 273 2230 332 ν.
3389 275 3496 338 350

152 393 442 462 dirigunt,
503 401 561 447 et
603 393 763 449 velut
809 390 1131 465 quibusdam
1179 391 1374 460 turmis
1425 391 1796 466 stipatrieihus
1825 400 1869 458 Α
1902 391 2141 459 oportuit
2187 390 2388 459 judicio
2429 391 2732 462 prmdieari.
2768 389 2976 446 Habent
3016 389 3179 445 etiam
3213 387 3500 442 universu-

155 492 631 555 proSrqnuntur;
683 485 827 540 adeo
888 495 945 538 nt
1015 483 1329 554 adjutucnta
1373 482 1621 556 quaedam
1682 483 1840 540 bcl-_
1908 499 2025 536 rum
2061 481 2352 553 suffragia;
2396 502 2514 537 nam
2550 482 2834 538 retrilmtio
2871 482 3255 536 bent-liciarum
3296 483 3503 534 ἀντιπε-

158 577 408 631 lantibus
434 577 711 631 adversus
746 578 996 631 inimicas
1022 592 1150 631 aves
1178 576 1430 630 conferre
1461 575 1794 642 credantur,
1902 575 2151 650 λάργησις
2191 581 2530 641 immittatur;
2564 577 2813 653 πέλαργος
2843 576 2985 631 enim
3035 572 3240 629 ciconia
3285 572 3501 628 dicitur.

157 679 214 724 et
259 669 506 740 propriis
562 671 833 742 periculis
866 669 1009 726 bella
1049 669 1224 724 aliena
1280 669 1579 737 suscipere.
1635 668 1800 738 Cuius
1905 667 2092 723 Virtus
2134 670 2311 738 itaque
2366 671 2433 724 ab
2471 669 2555 725 bis
2613 688 2806 725 nomen
2848 668 3094 739 accepit,
3141 684 3263 724 cum
3313 664 3508 724 relatio

159 759 243 816 rei
277 761 550 816 indicium
585 770 674 817 est
695 804 710 827 ,
741 764 868 833 quia
905 762 1066 816 nulla:
1096 777 1192 832 per
1219 760 1561 824 intervallum
1583 757 1801 832 aliquod
1910 762 2204 833 gratiarum
2235 759 2462 816 ciconia:
2494 763 2757 818 vocabulo
2781 771 3141 832 nuncupatur.
3443 751 3451 756 ’

165 855 438 957 temporis
488 855 744 957 residere
787 856 839 910 in
873 855 936 909 iis
984 853 1121 909 locis
1166 853 1632 957 reperiuntur-net
1677 851 1802 921 quia
2483 897 2711 957 CAPUT
2753 900 2892 956 xv"

163 963 293 1002 cum
339 947 673 1004 vulneribus
726 957 1067 1003 revertentes
1096 945 1380 1001 manifesta
1419 943 1649 1015 quadam
1679 957 1805 996 san-

1908 1015 1986 1078 De
2013 1018 2312 1074 hirundinis
2340 1018 2610 1076 sedulitate
2632 1060 2648 1088 ,
2678 1018 2934 1074 industria
2972 1029 3020 1078 et
3060 1019 3247 1089 pietate
3264 1017 3320 1074 in
3350 1017 3511 1084 ﬁlios.

164 1041 352 1112 guinis
381 1040 468 1096 sui
499 1056 640 1096 voce
669 1039 1300 1112 caeterisqucloqnuntur
1326 1035 1536 1094 iudiciis
1561 1035 1804 1108 gravium

166 1149 231 1190 se
261 1138 640 1190 certaminum
696 1134 930 1190 subiisse
981 1107 1314 1188 conflictum.
1349 1129 1482 1198 Quis
1514 1107 1676 1200 igitur
1700 1128 1805 1184 illis
1980 1108 2060 1165 De
2088 1121 2394 1184 Ρααρεηαίε
2430 1110 2596 1180 illm“
2621 1127 2722 1181 qua
2759 1109 2978 1166 ἰοῑηίηίδ
3023 1112 3075 1165 in
3105 1121 3326 1182 θθθδιαιε
3357 1107 3514 1178 Ροείίί

1979 1205 2325 1272 impatientia,
2360 1202 2661 1271 improbitas
2683 1210 2727 1256 et
2753 1203 3044 1269 desperatio
3065 1212 3378 1275 arguuntur.

171 1241 397 1298 pinnam
447 1227 789 1283 desertionis
833 1225 1070 1281 indixit?
1098 1224 1230 1291 Quis
1272 1222 1550 1278 derelicta:
1600 1221 1807 1277 militiae

172 1320 450 1393 supplicia
496 1320 846 1390 pnescripsit
889 1317 1284 1385 formidolosa;
1330 1326 1388 1371 ut
1427 1315 1573 1372 nulla
1623 1331 1810 1388 prose-

173 1414 418 1487 quendis
453 1414 830 1486 hospitalibus
853 1412 1046 1468 turmis
1076 1426 1198 1468 sese
1223 1411 1544 1467 subtrahere
1568 1413 1766 1466 nitatur
1791 1427 1804 1464 :

178 1510 282 1566 sed
331 1511 596 1565 certatim
651 1507 1230 1580 omneS‘deductionis
1272 1523 1496 1562 munere
1523 1505 1812 1578 ofﬁcioque

183 1601 493 1670 fungantur
514 1601 540 1653 ἳ

262 1690 360 1746 54.
409 1694 641 1749 Discant
671 1691 920 1748 homines
962 1691 1247 1762 hospitalia
1297 1705 1515 1747 servare
1562 1689 1723 1761 jura,
1759 1697 1813 1746 et

1983 1317 2073 1374 56.
2113 1317 2387 1382 Habemus
2437 1316 2660 1373 aviaria:
2700 1314 2905 1372 sobolis
2931 1330 3058 1385 erga
3095 1316 3274 1370 cultus
3308 1314 3520 1385 patrios

1911 1411 2128 1481 pietatis
2156 1410 2464 1480 exemplum
2496 1423 2510 1464 :
2535 1408 2867 1477 accipiamus
2896 1423 3037 1473 nunc
3065 1416 3326 1463 materna:
3356 1407 3519 1462 sedus

1912 1506 2082 1562 litatis
2109 1507 2159 1562 in
2195 1506 2335 1562 ﬁlios
2356 1503 2563 1577 grande
2594 1502 3002 1560 documentum.
3035 1501 3280 1560 Hirnndo
3307 1501 3514 1557 minus~

1912 1600 2032 1656 cula
2065 1615 2318 1670 corpore,
2352 1598 2448 1656 sed
2481 1597 2696 1669 egregie
2728 1597 2814 1667 pio
2838 1595 3089 1653 sublimis
3112 1594 3336 1664 ati'ectu,
3395 1608 3520 1664 quin

1918 1693 2100 1764 indiga
2129 1709 2310 1754 rerum
2334 1692 2578 1748 omnium
2611 1689 2960 1761 pretiosiores
2981 1703 3118 1744 auro
3147 1688 3304 1743 nidos
3325 1688 3520 1752 struit;

188 1801 259 1840 ex
290 1785 488 1840 avibus
523 1797 856 1857 cognoscant
910 1783 1039 1855 quid
1073 1785 1349 1856 religionis
1398 1782 1698 1855 hospitibus
1740 1782 1809 1836 sit
1840 1819 1887 1888 ﬂ
1917 1787 2045 1856 quia
2079 1787 2359 1858 sapienter
2386 1784 2652 1842 nidilicat.
2678 1783 2845 1839 Nidus
2865 1784 3010 1839 enim
3041 1782 3323 1852 sapientia:
3346 1783 3525 1850 potior

188 1879 586 1945 deferendum,
621 1896 740 1950 qua:
770 1879 1028 1950 obsequia
1077 1876 1380 1949 deputanda
1404 1919 1418 1944 ,
1450 1876 1647 1948 quibus
1683 1891 1806 1929 eor-

189 1974 344 2027 nices
378 1974 548 2026 etiam
583 1972 823 2044 pericula
877 1986 974 2026 sua
1023 1984 1223 2040 negare
1273 1985 1380 2024 non
1431 1969 1667 2022 soleant.
1717 1966 1812 2022 His

191 2066 357 2137 igitur
383 2083 485 2128 nos
512 2067 710 2135 junuas
740 2065 1046 2122 claudimus
1070 2105 1086 2131 ,
1128 2063 1326 2136 quibus
1355 2078 1480 2118 aves
1507 2063 1668 2118 etiam
1692 2061 1809 2116 ani-

192 2175 317 2214 mas
346 2175 477 2213 suas
513 2160 839 2226 eonferunt;
885 2169 938 2216 et
967 2174 1105 2230 quos
1153 2159 1262 2213 illae
1313 2157 1590 2214 consortio
1631 2171 1818 2228 prosc-

194 2262 446 2323 quuntur
475 2251 812 2307 discriminis
836 2293 852 2319 ,
886 2267 982 2308 eos
1007 2252 1130 2306 tecti
1158 2252 1512 2322 prohibemus
1544 2249 1814 2322 hospitio;

160 2359 246 2404 et
275 2365 518 2418 quorum
569 2349 679 2404 illa:
716 2347 856 2404 bella
904 2348 1230 2419 suscipiunt,
1268 2347 1352 2400 his
1398 2361 1495 2401 nos
1524 2346 1668 2401 bella
1715 2346 1821 2400 frc—

187 2453 429 2512 quenter
465 2440 787 2497 inferimus.
821 2440 1072 2505 Mentior,
1106 2440 1149 2493 si
1173 2456 1276 2492 non
1306 2439 1676 2495 Sodontitanis
1707 2439 1821 2498 limc

191 2533 294 2589 fuit
324 2550 492 2589 causa
521 2535 782 2606 supplicii
810 2554 820 2588 :
855 2542 948 2588 aut
982 2531 1270 2604 ASgyptius
1314 2529 1467 2586 furor
1498 2531 1644 2604 genti
1688 2531 1817 2585 hos-

193 2632 324 2700 pitae
371 2630 502 2685 dum
560 2629 769 2686 bellum
817 2640 1047 2684 conatur
1099 2628 1336 2694 inferre,
1383 2626 1821 2708 inliqspitalimtis

196 2739 392 2796 pinnas
415 2722 608 2777 infidae
635 2723 918 2794 naufragio
944 2722 1117 2790 plebis
1151 2720 1408 2776 exsolvit.

277 2814 370 2870 55.
413 2817 595 2880 Quam
623 2831 753 2870 vero
782 2813 1181 2869 rationabilium
1230 2828 1334 2867 non
1377 2811 1604 2868 excedat
1651 2812 1822 2882 pieta-

208 2916 322 2962 tem
359 2922 424 2961 ac
455 2907 799 2977 prudentiam
827 2909 942 2961 avis
974 2905 1135 2976 bujus
1162 2905 1447 2961 clementia
1472 2905 1822 2959 consideran-

207 2999 372 3064 dum,
405 3015 574 3071 quam
619 3016 717 3056 nec
747 3009 868 3071 post
896 2999 1202 3067 exemplum
1232 2997 1446 3068 quidem
1481 2996 1824 3052 irrationabi-

209 3094 348 3149 lium
381 3092 671 3164 quisquam
714 3103 957 3148 uestrum
989 3089 1188 3145 imitari
1232 3092 1487 3160 potuerit.
1516 3089 1645 3143 Nam
1681 3098 1704 3124 ³
1730 3089 1824 3144 de-

1914 1886 2000 1933 est
2021 1894 2174 1935 auro.
2207 1878 2347 1946 Quid
2387 1879 2534 1936 enim
2565 1877 2865 1946 sapientius
2891 1918 2906 1942 ,
2939 1892 3099 1947 quam
3126 1884 3261 1930 utet
3301 1875 3518 1930 volandi

1915 1985 2048 2041 vaga
2090 1971 2342 2028 libertate
2375 1971 2649 2040 potiatur,
2675 1978 2729 2026 ct
2762 1968 3043 2024 hominum
3079 1967 3372 2023 domiciliis
3402 1981 3526 2036 par-

1918 2065 2072 2125 vnlos
2111 2080 2239 2122 suos
2261 2075 2316 2119 et
2346 2075 2491 2122 tecto
2528 2064 2913 2131 commendet,
2947 2061 3041 2119 ubi
3065 2062 3306 2118 sobolem
3340 2062 3522 2118 nullus

1921 2157 2161 2218 incurset
2188 2159 2210 2214 ἲ
2237 2158 2372 2218 Nam
2412 2170 2464 2216 et
2509 2157 2640 2216 illud
2681 2167 2766 2214 est
2817 2157 3138 2225 pulchrum;
3171 2166 3229 2212 ut
3268 2172 3297 2214 a
3349 2157 3526 2228 primo

1922 2261 2043 2315 ortu
2075 2251 2252 2322 pullos
2279 2266 2408 2310 suos
2440 2251 2693 2310 humanae
2723 2267 2823 2308 usu
2845 2249 3284 2307 conversationis
3309 2265 3527 2306 assues-

1921 2355 2028 2414 cat.
2053 2355 2107 2402 et
2131 2353 2350 2415 praestet
2369 2346 2438 2402 ab
2469 2346 2804 2402 inimicarnm
2828 2346 3005 2402 avium
3029 2345 3242 2405 insidiis
3267 2347 3516 2402 tutiores.

1922 2439 2057 2494 Tum
2089 2438 2219 2500 illud
2263 2439 2586 2510 prteclirum
2610 2482 2626 2506 ,
2659 2455 2764 2511 qua
2792 2442 2966 2511 gratia.
3002 2440 3197 2496 domos
3246 2440 3350 2495 sibi
3402 2439 3525 2495 sine

1857 2598 1863 2603 _
1922 2533 2036 2588 ullo
2074 2534 2324 2604 adjutore
2353 2545 2623 2606 tamquam
2663 2537 2794 2592 artis
2825 2537 3000 2606 perita
3027 2545 3338 2606 componat.
3372 2534 3532 2607 Legit

1923 2626 2066 2682 enim
2117 2626 2356 2684 festucas
2404 2642 2529 2690 ore.
2559 2642 2761 2697 easque
2789 2629 2902 2684 luto
2936 2628 3125 2696 illinit,
3161 2638 3219 2683 ut
3257 2628 3528 2698 congluti-

1923 2735 2056 2780 nare
2087 2723 2276 2790 possit.
2312 2721 2418 2778 Sed
2449 2722 2574 2792 quia
2604 2722 2774 2781 lutum
2821 2723 3050 2793 pedibus
3077 2738 3182 2778 non
3222 2731 3405 2794 potest
3431 2724 3531 2778 de-

1925 2811 2109 2878 ferre,
2154 2815 2524 2872 summitatem
2574 2830 2873 2885 pennarum
2931 2831 3086 2886 aqua:
3146 2814 3421 2881 infundit;
3473 2823 3533 2871 ut

1926 2903 2081 2962 facile
2109 2904 2192 2966 his
2217 2907 2392 2975 pulvis
2418 2906 2696 2964 adita-reat
2715 2950 2728 2972 ,
2759 2917 2808 2966 et
2843 2907 2936 2964 fiat
2957 2908 3115 2964 limus
3139 2923 3248 2978 quo
3272 2908 3528 2977 paulatim

1927 2996 2162 3056 festucas
2216 2999 2301 3054 vel
2339 2998 2574 3056 minutos
2621 3003 2870 3056 surculos
2903 2999 3010 3056 sibi
3061 3000 3324 3070 colligat,
3362 3009 3530 3068 atque

1925 3089 2208 3148 adhaerere
2265 3088 2474 3150 faciat:
2517 3105 2585 3147 eo
2630 3106 2830 3160 genere
2885 3091 2993 3147 nidi
3053 3092 3217 3146 totius
3270 3091 3531 3148 fabricam

206 3186 372 3257 positi
412 3187 588 3255 patris
632 3195 778 3240 artus
823 3201 918 3253 pt'r
958 3185 1260 3254 longazvutn
1296 3182 1588 3237 senectutis
1622 3182 1825 3251 pluma-
1853 3218 1899 3282 Ο
1929 3182 2132 3248 struit;
2166 3192 2223 3238 ut
2251 3183 2404 3251 quasi
2431 3183 2722 3252 pavimenti
2755 3183 2869 3240 solo
2909 3183 3035 3252 pulli
3059 3184 3180 3251 ejus
3216 3186 3354 3243 intra
3385 3182 3535 3242 tvdes

204 3296 325 3334 rum
355 3280 602 3350 tegmine
617 3281 941 3347 alarumque
971 3278 1196 3348 remigio
1217 3275 1448 3332 nudatus
1470 3277 1826 3330 circumstans

207 3376 434 3431 soboles
467 3374 664 3443 pennis
695 3374 928 3444 propriis
962 3372 1127 3427 fovet.
1161 3371 1230 3426 Et
1259 3369 1384 3440 quid
1413 3369 1586 3424 dicam
1612 3413 1628 3438 ,
1657 3369 1826 3425 colla-

211 3467 331 3524 titio
379 3468 507 3524 cibo
540 3468 733 3540 pascit,
767 3466 986 3537 quando
1017 3467 1177 3520 etiam
1207 3465 1323 3535 ipsa
1358 3473 1574 3535 reparat
1619 3474 1824 3520 natura:

211 3554 500 3627 diSpeudia
531 3601 546 3623 ,
584 3571 644 3614 ut
689 3559 813 3613 hinc
845 3567 1007 3627 atque
1047 3557 1174 3613 inde
1228 3556 1581 3611 sublevantes
1634 3571 1821 3611 senem

213 3650 393 3708 fulcro
416 3653 626 3708 alarum
659 3668 878 3706 suarum
910 3651 974 3705 ad
1010 3650 1298 3704 velandum
1333 3659 1663 3718 exerceant,
1694 3660 1746 3706 et
1768 3651 1821 3706 in

213 3746 478 3813 pristinos
521 3763 648 3800 usus
675 3745 897 3799 desueta
925 3745 1034 3813 jam
1064 3751 1324 3798 revocent
1353 3743 1421 3814 pii
1457 3744 1627 3813 patris
1659 3758 1820 3798 mem-

214 3835 359 3890 bra?
404 3837 538 3906 Quis
578 3848 824 3892 nostrum
859 3836 1040 3890 levare
1071 3852 1272 3907 tegrum
1325 3853 1432 3890 non
1465 3837 1702 3891 fastidiat
1731 3853 1824 3907 pa-

216 3932 401 3986 trem?
433 3932 567 4001 Quis
609 3931 808 3986 tessum
859 3946 1048 3986 senem
1088 3932 1203 3984 suis
1257 3931 1497 3985 humeris
1549 3933 1822 3999 imponat,

213 4023 363 4095 quod
394 4023 450 4080 in
490 4025 603 4094 ipsa
636 4024 862 4078 historia
892 4022 981 4078 vix
1009 4021 1279 4082 credibile
1309 4021 1576 4082 habetur?
1606 4023 1739 4090 Quis
1768 4031 1827 4079 ut

215 4120 340 4190 pius
387 4119 491 4184 sit,
543 4136 648 4176 non
688 4119 792 4174 hoc
847 4119 1079 4173 servulis
1108 4116 1332 4180 mandet
1366 4117 1732 4187 obsequium?
1760 4119 1830 4170 At

212 4228 349 4268 vero
377 4211 574 4268 avibus
602 4228 707 4266 non
737 4222 821 4266 est
842 4226 1026 4282 grave,
1050 4209 1195 4283 quod
1217 4209 1438 4280 pietatis
1460 4218 1544 4264 est
1574 4209 1788 4282 plenum
1812 4225 1825 4262 :

213 4315 423 4362 nonest
441 4321 760 4372 onerosmn,
793 4305 947 4380 102
967 4303 1109 4372 quod
1133 4303 1360 4358 solvitur
1393 4316 1596 4357 natura‘
1617 4299 1821 4362 debito.

206 4397 323 4455 Non
357 4399 620 4456 reensaut
651 4414 780 4455 aves
814 4414 1034 4470 pascere
1064 4410 1294 4469 patrem,
1328 4395 1469 4468 quod
1497 4397 1659 4451 etiam
1689 4410 1825 4468 prte—

211 4493 417 4566 scripta
481 4493 806 4549 necessitate
863 4493 963 4548 sub
1006 4499 1216 4547 terrore
1267 4506 1546 4568 poenarum
1580 4490 1826 4560 plerique

1929 3289 2058 3329 suas
2105 3275 2222 3329 sine
2253 3274 2557 3331 offensione
2607 3286 2892 3331 versentur
2917 3321 2930 3344 ,
2961 3293 3062 3336 nec
3099 3277 3291 3348 pedem
3335 3277 3532 3347 aliquis

1928 3369 2220 3428 interserat
2251 3388 2346 3442 per
2364 3372 2589 3431 rimulas
2619 3382 2952 3431 texturam]
2971 3417 2984 3441 ,
3019 3386 3110 3432 aut
3138 3377 3340 3432 teneris
3367 3375 3534 3447 frigus

1928 3463 2148 3533 irrepat.

1999 3557 2087 3611 57.
2128 3557 2234 3614 Sed
2287 3559 2389 3615 hoc
2445 3559 2724 3618 industria:
2771 3561 3010 3622 officium
3042 3578 3212 3634 prepe
3241 3579 3532 3622 commune

1926 3651 2112 3710 multis
2138 3653 2331 3712 avibus
2359 3673 2371 3710 :
2401 3654 2536 3710 illud
2569 3671 2698 3714 vero
2728 3659 3033 3728 singulare.
3073 3661 3124 3716 in
3147 3676 3254 3724 quo
3277 3670 3362 3718 est
3394 3677 3531 3730 pra:-

1924 3745 2068 3802 clara
2102 3763 2227 3804 cura
2263 3749 2500 3818 pietatis,
2531 3759 2586 3808 et
2617 3751 2901 3820 prudentis
2931 3753 3242 3810 intellectus
3269 3763 3326 3810 ct
3345 3755 3534 3826 cogni-

1925 3840 2088 3898 tionis
2122 3842 2332 3913 insigne
2356 3885 2371 3906 .
2419 3855 2528 3898 tum
2581 3845 2828 3916 quaedam
2861 3847 3090 3902 medica:
3118 3847 3251 3902 artis
3300 3847 3535 3919 peritia;

1925 3935 2069 4005 quod
2092 3935 2138 3992 si
2167 3952 2272 4006 qua
2301 3937 2431 4006 pulli
2459 3937 2577 4006 ejus
2605 3936 2807 3996 fuerint
2832 3939 3077 3996 caecitate
3096 3939 3315 3995 snﬂossi
3345 3939 3534 3996 oculos

1927 4027 2043 4084 sive
2063 4031 2398 4096 compuncti,
2425 4028 2590 4086 habet
2617 4030 2890 4100 quoddam
2918 4030 3169 4088 medendi
3199 4047 3400 4102 genus,
3425 4047 3535 4102 quo

1929 4121 2103 4190 possit
2130 4136 2320 4178 eorum
2348 4121 2552 4176 lumina
2582 4122 2886 4191 intercepto
2918 4122 3038 4182 usui
3078 4122 3396 4184 reformare.
3430 4124 3537 4182 Ne-

1931 4226 2022 4266 mo
2068 4212 2230 4283 igitur
2272 4213 2342 4280 de
2386 4213 2567 4284 inopia
2604 4225 2886 4285 queratur,
2939 4218 3082 4285 quod
3124 4231 3321 4276 vacuas
3369 4231 3536 4288 pecu-

1929 4305 2034 4361 nite
2087 4307 2334 4377 proprias
2382 4307 2530 4368 aedes
2586 4309 2888 4379 reliquerit.
2945 4309 3242 4380 Pauperior
3304 4320 3389 4368 est
3453 4310 3536 4370 lii-

1928 4401 2140 4469 rundo,
2186 4401 2342 4475 103
2391 4417 2515 4472 qum
2555 4417 2726 4462 Vacua
2778 4403 2905 4462 teris
2945 4403 3187 4464 abundat
3242 4404 3531 4464 industria.

1928 4493 2204 4561 Ediﬁcat,
2224 4511 2324 4554 nec
2352 4496 2616 4564 impendit
2647 4513 2660 4550 :
2689 4506 2826 4554 tecta
2856 4497 3086 4563 attollit,
3115 4505 3172 4554 et
3193 4497 3324 4556 nihil
3356 4497 3535 4554 aufert

216 4585 512 4642 hominum
543 4594 878 4646 reensarunt.
916 4584 1057 4639 Aves
1089 4601 1194 4638 non
1222 4585 1444 4653 scripta.
1467 4582 1560 4637 80d
1592 4592 1713 4655 ιιειιε
1740 4585 1821 4636 lC!
1854 4609 1906 4672 ι)
1932 4590 2214 4660 proximo;
2247 4605 2349 4650 nec
2375 4589 2671 4660 indigentia
2701 4599 2756 4646 et
2786 4599 3100 4662 paupertate
3129 4589 3194 4644 ad
3230 4591 3533 4650 nocendum

216 4677 461 4751 stringit.
486 4679 628 4734 Aves
651 4677 715 4732 ad
745 4677 846 4732 hoc
875 4692 1068 4733 munus
1093 4674 1122 4714 ἲ)
1149 4677 1296 4731 nulla
1330 4688 1597 4748 pra-cepta
1626 4691 1826 4732 conve-

218 4772 399 4841 niunt,
453 4774 551 4828 sed
598 4773 783 4844 gratiae
833 4772 1090 4826 naturalis
1122 4773 1317 4826 olticia.
1371 4773 1510 4825 Aves
1550 4785 1654 4824 non
1704 4785 1828 4824 eru-

220 4866 452 4924 bescunt
485 4867 763 4924 reverendi
806 4868 952 4922 senis
999 4864 1241 4920 membra
1286 4877 1534 4935 portare;
1566 4872 1650 4917 est
1679 4861 1823 4918 enim

221 4978 444 5020 vecmra
501 4963 716 5036 pietatis
742 5005 756 5030 ,
789 4961 931 5034 quod
960 4976 1025 5020 eo
1054 4975 1221 5034 usque
1255 4959 1522 5028 frequenti
1567 4957 1827 5013 testifica-

222 5057 366 5113 tione
400 5055 714 5127 percrebuit
741 5098 754 5118 .
793 5068 851 5112 ut
879 5044 1134 5126 congruae
1163 5052 1468 5108 mercedem
1502 5066 1825 5106 remunera-

222 5149 380 5206 tionis
417 5149 706 5220 inVanerit.
738 5148 871 5203 Nam
901 5149 1268 5204 Rotnauorum
1300 5160 1398 5200 usu
1423 5145 1505 5215 pia
1529 5145 1645 5200 avis
1666 5154 1842 5200 voca-'

221 5250 322 5299 tur.
349 5247 433 5302 Et
477 5246 620 5318 quod
662 5243 750 5298 vix
803 5245 891 5298 nni
941 5242 1252 5314 imperatori
1309 5240 1557 5296 c0ttSu|t0
1603 5251 1826 5296 senatus

224 5337 467 5396 delatum
512 5339 708 5394 dicitur
730 5378 749 5407 ,
777 5336 882 5393 hoc
910 5341 1029 5392 ista:
1055 5351 1184 5391 aves
1215 5334 1271 5389 in
1304 5348 1590 5389 commune
1613 5347 1828 5389 merue-

227 5443 366 5490 runt.
407 5431 616 5487 Habt-nt
640 5447 773 5502 ergo
807 5445 936 5485 aves
978 5430 1096 5484 ista:
1117 5429 1340 5484 decreta
1365 5437 1576 5496 patrum
1606 5423 1672 5480 ad
1705 5439 1828 5495 pro-

229 5529 354 5596 priae
392 5528 602 5598 insigne
623 5526 947 5584 clementiae.
968 5525 1094 5580 Pius
1115 5525 1257 5582 enim
1281 5522 1421 5578 filios
1439 5529 1651 5594 patrum
1679 5520 1830 5592 prius

301 5655 325 5686 ιι
356 5645 614 5719 Βεροιϋὶ,
637 5642 692 5698 id
715 5650 819 5700 est.
837 5639 1131 5719 desperati.
1153 5638 1306 5709 iusta
1335 5635 1470 5719 ιιιιιιι
1490 5633 1707 5691 Eneid.
1735 5648 1825 5689 ιιι

253 5734 258 5737 ‘
349 5717 468 5789 Ille,
493 5732 549 5775 ut
564 5722 778 5788 depositi
799 5718 1051 5786 protonat
1069 5717 1165 5769 fata
1183 5718 1422 5783 parentis.

304 5810 328 5851 δ
356 5809 504 5870 Edit.
529 5819 585 5869 et
605 5807 846 5867 nonnulli
869 5821 1028 5876 mss.,
1059 5804 1204 5863 nullo
1228 5814 1482 5877 praecepto
1502 5801 1824 5867 convniant,

1926 4685 2049 4742 aliis
2067 4684 2455 4753 compellitur;
2488 4699 2588 4740 nec
2617 4683 2845 4754 in-gravi
2881 4683 3118 4744 filiorum
3159 4683 3536 4742 imbecillitate

1929 4778 2206 4848 desperat.
2250 4777 2357 4838 Nos
2385 4792 2518 4834 vero
2541 4788 2598 4832 et
2637 4784 2929 4848 paupertas
2969 4777 3176 4841 allicit,
3231 4784 3291 4832 et
3338 4776 3538 4845 inopia:

1931 4872 2236 4930 necessitas
2270 4877 2473 4938 vexat,
2525 4877 2582 4926 et
2631 4871 2922 4941 plerosque
2964 4867 3259 4940 indigentia
3289 4869 3432 4938 cogit
3481 4867 3536 4928 iu

1930 4966 2211 5037 ﬂagitium.
2249 4965 2477 5035 impellit
2505 4966 2556 5023 in
2589 4967 2816 5022 crimen.
2854 4965 3010 5022 Lucri
3032 4978 3252 5034 quoque
3279 4959 3532 5022 studium

1929 5057 2148 5114 fraudes
2171 5075 2450 5115 versamus
2473 5059 2769 5129 ingenium,
2799 5069 3046 5128 optamus
3072 5055 3348 5122 allectum,
3371 5062 3547 5119 atque.

1930 5153 1985 5208 in
2011 5153 2346 5226 gravissimis
2378 5151 2724 5223 paSsiOnibus
2753 5167 2907 5223 spem
2952 5150 3278 5220 deponimus
3301 5189 3316 5211 ,
3349 5143 3534 5201 fricti-

1932 5263 2041 5319 quo
2079 5248 2261 5306 animo
2285 5246 2636 5312 resolvimur,
2667 5243 2954 5316 improvidi
2976 5250 3032 5297 et
3050 5241 3254 5302 inertes
3271 5238 3534 5306 iacemus;

1932 5354 2057 5396 cum
2081 5339 2152 5395 de
2179 5339 2356 5394 divina
2391 5339 2740 5394 miseratione
2768 5349 2898 5392 tunc
2942 5329 3266 5402 Sperandum
3305 5325 3537 5394 amplius

1933 5433 2038 5502 sit,
2068 5448 2192 5490 cum
2217 5431 2464 5506 pra-sidia
2497 5431 2730 5488 humana
2753 5424 3073 5486 defecerint.

1936 5636 2249 5714 sed__grotite
2280 5631 2747 5714 ηιιιιιναιίε-οθὶσίο.
2780 5627 2910 5682 Mss.
2941 5619 3122 5698 plures
3155 5615 3498 5706 potioresque
3519 5661 3535 5685 ,

1938 5703 2082 5762 ηυιιᾱ
2104 5711 2382 5782 pii-receptu.
2394 5746 2405 5760 .
2419 5744 2454 5759 ..
2481 5703 2667 5773 oﬁcia.
