4150 6358
615 305 720 364 251

1195 414 1424 472 CAPUT
1450 412 1638 471 XVIII.

623 535 862 595 Amorem
894 533 945 587 in
967 532 1103 602 ﬁlios
1127 547 1158 586 a
1182 532 1466 586 cornicibus
1496 530 1725 585 homines
1750 529 1953 583 edoceri
1979 569 1993 591 ,
2018 543 2218 582 eorum-

694 645 792 700 que
831 626 1065 682 damnari
1104 626 1432 697 impietatem.
1475 623 1757 695 Accipitres
1805 633 1852 677 et
1895 622 2096 691 aquilas
2140 621 2221 673 in-

699 724 981 780 clementia:
1008 723 1297 793 neutiquam
1338 720 1688 787 accttsandos;
1719 719 1809 774 sed
1854 719 2065 789 fulicam
2108 735 2221 789 qua:

695 819 987 875 abdicatura
1010 818 1199 890 aquila:
1219 815 1422 887 pullum
1463 815 1647 882 nutrit,
1678 812 2154 869 commendandam.

693 958 783 1016 58.
829 957 1048 1014 Discant
1079 955 1327 1011 homines
1355 967 1542 1008 amare
1567 951 1709 1006 ﬁlios
1729 965 1794 1006 ex
1823 965 1921 1004 usu
1947 958 2002 1004 et
2023 947 2223 1018 pietate

624 1053 925 1118 cornicum,
955 1066 1077 1122 qua:
1100 1049 1262 1105 etiam
1287 1048 1533 1102 volantes
1565 1044 1706 1099 ﬁlios
1743 1043 2000 1098 comitatu
2033 1039 2222 1096 sedulo

624 1152 1060 1216 prosequuntur;
1089 1148 1145 1196 et
1170 1139 1416 1195 sollicita:
1443 1152 1510 1191 ne
1555 1136 1727 1191 teneri
1757 1135 1894 1189 forte
1933 1131 2220 1196 deﬁciant,

620 1237 800 1294 cibum
831 1241 1150 1306 suggerunt,
1177 1246 1240 1286 ac
1263 1230 1497 1301 plurimo
1522 1228 1784 1296 temporis
1809 1224 2081 1280 nutriendi
2104 1224 2223 1278 offi-

620 1333 705 1388 cia
730 1346 838 1386 non
881 1330 1212 1398 relinquunt.
1244 1325 1315 1381 At
1367 1339 1496 1380 vero
1549 1324 1764 1379 femina:
1808 1322 1978 1377 nostri
2007 1321 2224 1390 generis

621 1425 736 1480 cito
765 1422 1045 1478 ablactant
1073 1420 1234 1475 etiam
1267 1419 1392 1474 illos
1415 1432 1553 1489 quos
1572 1417 1800 1487 diligunt
1834 1434 1847 1469 :
1875 1426 1966 1471 aut
1991 1416 2038 1471 si
2063 1415 2226 1470 ditio-

622 1532 717 1574 res
791 1525 957 1582 sunt,
1007 1514 1213 1570 lactare
1266 1513 1569 1568 fastidiunt.
1605 1521 1632 1550 ιι
1673 1511 2026 1583 Pauperiores
2092 1524 2226 1565 vero

625 1610 890 1681 abjiciunt
939 1608 1233 1680 parvulos,
1267 1616 1324 1664 et
1379 1615 1701 1678 exponunt,
1749 1616 1805 1662 et
1852 1604 2225 1676 deprehensos

626 1704 920 1773 abnegant.
949 1701 1086 1772 Ipsae
1112 1715 1327 1770 quoque
1356 1698 1573 1761 divites.
1603 1715 1671 1754 ne
1719 1712 1812 1769 per
1841 1697 2024 1768 plures
2066 1710 2223 1750 suum

627 1795 1016 1868 patrimonium
1067 1793 1373 1860 dividatur,
1427 1793 1478 1847 in
1528 1803 1682 1847 utero
1732 1783 1993 1864 pronrios
2031 1799 2227 1844 necant

627 1888 771 1946 fetus
795 1929 809 1954 .
843 1898 900 1944 et
948 1886 1363 1958 parricidalibus
1413 1888 1590 1941 succis
1619 1886 1672 1939 in
1706 1886 1823 1953 ipso
1849 1882 2072 1955 genitali
2105 1884 2228 1936 alvo

627 1985 854 2056 pignora
898 1983 982 2038 sui
1013 1983 1217 2038 ventris
1262 1981 1642 2052 exstinguunt,
1678 1981 1936 2050 priusque
1984 1979 2228 2033 aufertur

627 2080 738 2134 vita
768 2119 783 2145 ,
816 2093 976 2148 quam
1022 2077 1291 2132 tradatur.
1318 2075 1451 2144 Quis
1499 2075 1686 2130 docuit
1734 2074 1837 2129 uisi
1883 2075 2046 2127 homo
2091 2071 2232 2127 ﬁlios

628 2173 917 2230 abdicari?
947 2173 1079 2242 Quis
1131 2172 1333 2244 reperit
1378 2181 1486 2224 tam
1530 2168 1757 2224 immitia
1808 2181 2020 2238 patrum
2064 2165 2230 2234 jura?

626 2266 762 2336 Quis
789 2266 930 2321 inter
953 2276 1160 2320 natura:
1193 2265 1433 2318 fraterna
1464 2260 1739 2315 consortia
1768 2259 1965 2314 iratres
1994 2256 2231 2324 impares

625 2359 796 2418 fecit?
844 2360 1015 2417 Unius
1065 2360 1251 2416 divitis
1316 2358 1411 2413 ﬁlii
1465 2357 1682 2412 diversa
1728 2367 1878 2410 sorte
1924 2353 2229 2410 caeduntur.

625 2452 784 2510 Alius
815 2454 983 2507 totius
1006 2463 1250 2522 paterna:
1279 2450 1445 2505 sortis
1465 2447 1888 2515 ascriptionibus
1906 2447 2228 2502 inundatur:

627 2546 768 2601 alius
816 2545 1093 2615 epulenta:
1125 2543 1460 2598 haereditatis
1496 2540 1686 2611 patria:
1715 2540 1966 2611 deplorat
2002 2538 2234 2594 exhaus-

629 2647 741 2695 tam
770 2648 933 2706 atque
959 2637 1172 2707 inopem
1197 2636 1525 2706 portionem.
1542 2633 1808 2704 Numquid
1837 2642 2028 2688 natura
2049 2631 2236 2686 divisit

633 2732 828 2789 merita
861 2730 1097 2786 ﬁliorum
1123 2731 1147 2785 ?
1173 2729 1252 2785 Ex
1290 2728 1407 2800 pari
1433 2728 1685 2784 omnibus
1731 2727 1919 2782 tribuit
1947 2768 1963 2793 ,
1991 2725 2135 2797 quod
2165 2725 2230 2782 ad

630 2824 890 2884 nascendi
929 2834 1091 2895 atque
1134 2823 1352 2880 vivendi
1383 2824 1594 2894 possint
1619 2821 1822 2878 habere
1851 2821 2229 2878 substantiam.

631 2919 752 2994 Ipsa
799 2935 896 2976 vos
951 2919 1148 2976 doceat
1195 2934 1303 2975 non
1352 2918 1665 2975 discernere
1701 2916 2068 2987 patrintuuio,
2099 2929 2234 2985 quos

630 3015 792 3072 titulo
819 3013 1197 3086 germanitatis
1226 3013 1506 3084 atquastis.
1533 3010 1746 3068 Etenim
1777 3012 1974 3082 quibus
2006 3008 2236 3065 dedistis

629 3111 996 3168 communiter
1041 3123 1164 3165 esse
1213 3105 1358 3180 quod
1391 3107 1500 3162 nati
1547 3116 1709 3173 sunt,
1750 3120 1856 3160 non
1888 3103 2100 3160 debetis
2125 3102 2230 3165 his,

1958 294 2202 354 SANCTI
2243 294 2567 354 AMBROSII

2241 418 2290 478 Α
2320 429 2486 468 unum
2517 429 2581 469 ex
2613 411 2776 486 pullis
2801 410 3033 469 duobus.
3058 412 3218 480 Quod
3251 413 3430 488 aliqui
3464 414 3586 472 ﬁeri
3621 423 3971 487 putaverunt

3860 300 3975 356 9.32

2323 505 2767 576 gentinandorum
2820 507 3208 563 alimentorum
3257 508 3508 564 fastidio.
3573 509 3686 566 Sed
3749 511 3804 564 id
3856 527 3971 566 non

2323 598 2561 653 arbitror
2609 599 2766 654 facile
2811 599 3144 656 credendum
3172 643 3186 666 ,
3220 603 3538 672 prmsertim
3572 618 3708 660 cum
3745 604 3969 676 Moyses

2324 700 2529 746 tantum
2570 693 2935 748 testimonium
2969 694 3188 763 pietatis
3234 695 3289 751 in
3326 696 3512 766 pullos
3541 712 3680 753 suos
3712 696 3848 754 huic
3870 699 3970 753 de-

2326 784 2468 840 derit
2489 785 2596 851 avi,
2625 795 2683 840 ut
2704 785 2912 842 diceret
2937 787 3113 846 :Sicut
3140 789 3319 857 aquila
3335 792 3570 862 protegit
3598 791 3796 845 nidum
3814 808 3966 846 sum

2323 878 2352 922 δ
2385 888 2430 936 et
2451 898 2606 949 super
2635 883 2806 953 pullos
2829 898 2948 937 suos
2975 865 3188 952 confidit
3233 893 3282 938 et
3330 885 3595 954 expandit
3629 886 3757 940 alas
3800 902 3966 950 uas;

2324 985 2372 1030 et
2402 976 2692 1046 adsumpsit
2716 993 2798 1031 eos
2823 1021 2837 1042 ,
2870 987 2916 1030 et
2937 979 3157 1046 suscepit
3185 994 3343 1049 super
3368 979 3627 1050 scapulas
3657 996 3821 1035 suas.
3854 979 3962 1034 Do-

2325 1070 2493 1124 minus
2527 1071 2669 1125 solus
2701 1070 2919 1127 ducebat
2949 1089 3034 1126 eos
3075 1069 3251 1143 (Deut.
3291 1089 3464 1138 χχιιι,
3501 1073 3627 1145 if).
3659 1075 3962 1144 Quomodo

2325 1178 2458 1234 ergo
2483 1163 2747 1233 expandit
2772 1165 2909 1231 alas,
2939 1169 2982 1220 si
3014 1165 3275 1221 occiderit
3301 1169 3538 1222 alterum
3568 1169 3596 1220 ?
3629 1167 3804 1225 Unde
3837 1181 3961 1239 puto

2327 1271 2434 1310 non
2483 1255 2707 1310 avaritia
2755 1256 3026 1310 nutriendi
3066 1272 3185 1312 eam
3236 1257 3630 1314 inclementem
3658 1258 3832 1322 ﬁeri,
3866 1261 3958 1315 sed

2327 1347 2895 1418 examinejudicandi.
2923 1348 3151 1420 Semper
3173 1348 3316 1403 enim
3339 1349 3511 1405 fertur
3539 1352 3801 1420 probare
3826 1367 3958 1420 quos

2327 1443 2550 1513 genuit;
2583 1457 2649 1497 ne
2679 1443 2894 1513 generis
2921 1444 3002 1498 sui
3059 1444 3199 1499 inter
3251 1458 3448 1500 omnes
3490 1460 3629 1501 aves
3672 1447 3958 1518 quoddam

2329 1535 2511 1604 regale
2540 1533 2808 1606 fastigium
2833 1535 3115 1606 degeneris
3141 1548 3326 1606 partus
3355 1536 3692 1596 deformitas
3730 1541 3957 1596 decolo-

2329 1638 2434 1682 ret.
2469 1625 2654 1698 Itaque
2711 1630 2975 1684 asseritur
3008 1628 3168 1700 quod
3197 1630 3374 1700 pullos
3420 1647 3555 1688 suos
3594 1632 3777 1688 radiis
3822 1634 3952 1688 solis

2329 1718 2580 1788 objiciat,
2630 1730 2790 1790 atque
2822 1720 2873 1774 in
2903 1723 3046 1776 aeris
3085 1721 3262 1776 tnedio
3289 1723 3548 1793 parvulos
3588 1740 3787 1795 ungue
3831 1740 3949 1779 sus.

2257 1821 2306 1882 Β
2334 1813 2562 1884 pendat;
2596 1828 2658 1868 ac
2688 1814 2732 1868 si
2763 1815 2883 1884 quis
2914 1830 3235 1885 repercusso
3260 1817 3391 1871 solis
3423 1817 3638 1874 lumine
3665 1859 3682 1883 ,
3720 1819 3949 1888 intrepi-

2331 1907 2457 1962 dam
2484 1908 2764 1962 oculorum
2793 1907 2959 1963 aciem
2992 1908 3257 1966 inoffenso
3299 1911 3484 1965 tuendi
3530 1911 3733 1983 vigore
3764 1929 3950 1970 serra-

2329 2002 2472 2056 verit
2495 2045 2509 2064 ,
2542 2003 2587 2056 is
2617 2002 2882 2073 probatur
2910 2045 2923 2067 ,
2966 2003 3109 2073 quod
3147 2005 3430 2059 veritatem
3479 2013 3700 2060 natura:
3749 2007 3944 2062 sinceri

2330 2096 2552 2148 obtutus
2584 2096 2889 2148 constantia
2917 2095 3373 2151 demonStraverit
3405 2113 3418 2149 :
3444 2096 3530 2151 sin
3571 2113 3713 2153 vero
3743 2098 3940 2153 lumina

2329 2201 2431 2241 sua
2462 2187 2799 2264 praestrictus
2832 2187 2983 2241 radio
3013 2189 3144 2242 solis
3176 2189 3449 2245 inﬂexerit
3471 2232 3486 2258 ,
3513 2193 3674 2260 quasi
3706 2191 3942 2254 degener

2329 2288 2386 2335 et
2433 2289 2579 2334 tanta
2618 2278 2876 2350 indignus
2903 2291 3128 2351 parente
3159 2281 3440 2351 rejicitur;
3491 2297 3598 2338 nec
3641 2285 3940 2338 :eStitrtatur

2330 2373 2659 2429 educatione
2709 2375 2937 2445 dignus,
2985 2376 3074 2446 qui
3120 2374 3219 2430 fuit
3267 2376 3519 2448 indiguus
3569 2380 3932 2449 susceptione.

2332 2465 2450 2522 Non
2473 2481 2603 2536 ergo
2631 2482 2755 2522 eum
2781 2465 3079 2523 acerbitate
3106 2479 3342 2534 naturze,
3364 2467 3461 2524 sed
3483 2467 3687 2540 jndicii
3723 2468 3934 2540 integri-

2332 2568 2445 2615 tate
2471 2561 2824 2627 condemnat;
2855 2575 2956 2616 nec
2985 2562 3138 2631 quasi
3181 2576 3338 2616 suum
3363 2560 3618 2630 abdicat,
3659 2563 3764 2619 sed
3792 2564 3928 2633 quasi

2332 2656 2569 2712 alienum
2599 2666 2833 2714 recusat.

2407 2751 2500 2806 6|.
2545 2751 2692 2807 lianc
2741 2761 2920 2808 tamen
2948 2794 2962 2818 ,
2993 2760 3050 2806 ut
3091 2750 3412 2822 quibusdam
3461 2751 3719 2817 videtur,
3753 2752 3925 2824 regalis

2333 2846 2451 2901 avis
2489 2845 2891 2902 inclementiam
2947 2846 3173 2917 plebi-ia:
3218 2845 3335 2902 avis
3363 2857 3590 2902 excusat
3630 2847 3918 2902 clementia.

2335 2938 2464 2994 Avis
2493 2941 2637 2994 enim
2661 2941 2746 2994 cui
2798 2940 2956 2994 fulica
2995 2957 3190 2996 nomen
3223 2949 3338 3005 est,
3379 2957 3500 3012 qum
3532 2957 3712 3011 graece
3749 2942 3924 2997 dicitur

2335 3039 2459 3108 φηνὴ
2484 3074 2498 3098 ,
2556 3041 2865 3103 susceptum
2891 3034 3036 3088 illum
3070 3076 3084 3100 ,
3136 3035 3248 3090 sive
3279 3034 3588 3090 abdicatum
3620 3077 3636 3101 ,
3685 3039 3803 3092 sive
3836 3049 3919 3090 non

2336 3127 2576 3198 agnitum
2612 3127 2807 3196 aquila:
2854 3126 3060 3196 pullum
3105 3143 3227 3183 cum
3283 3143 3380 3200 sua
3428 3130 3581 3198 prole
3630 3129 3917 3191 connectit;

630 3213 690 3262 ut
733 3205 783 3260 id
813 3203 1176 3261 communiter
1217 3202 1452 3259 habeant
1489 3201 1542 3257 itt
1569 3199 1715 3271 quod
1743 3215 1774 3256 a
1806 3208 1998 3254 natura
2027 3195 2230 3253 substi-

2338 3226 2500 3288 atque
2550 3217 2933 3274 intermiscens
2969 3218 3084 3273 suis
3107 3263 3120 3286 ,
3155 3220 3344 3274 eodem
3373 3236 3482 3290 quo
3511 3223 3768 3291 proprios
3802 3221 3920 3276 fetas

631 3301 733 3356 tuti
759 3306 900 3364 sunt,
941 3297 1204 3354 invidere.

707 3391 800 3447 59.
843 3391 1145 3460 Accipitres
1188 3387 1437 3444 feruntur
1487 3387 1539 3442 in
1598 3401 1665 3442 eo
1709 3385 1900 3440 duram
1947 3382 2235 3439 adversum

635 3487 889 3560 proprios
934 3486 1074 3541 fetus
1121 3485 1322 3539 habere
1351 3483 1791 3543 inclementiam,
1832 3478 1974 3550 quod
2024 3477 2114 3532 ubi
2141 3490 2238 3532 eos

639 3580 976 3637 adverterint
997 3586 1207 3634 tentare
1235 3577 1447 3632 volatus
1469 3574 1800 3646 primordia,
1833 3573 1975 3628 nidis
2015 3571 2238 3641 ejiciuttt

638 3676 782 3740 suis,
805 3673 1174 3745 continuoque
1210 3669 1522 3736 elituinant;
1554 3685 1616 3724 ac
1664 3667 1711 3724 si
1762 3673 2076 3732 morentur,
2111 3677 2239 3733 pro-

637 3771 858 3843 pulsant
906 3767 1096 3840 pennis
1136 3774 1300 3837 atque
1339 3764 1714 3836 praecipitant,
1763 3760 2052 3815 verberant
2098 3757 2234 3824 alis,

637 3873 944 3935 coguntque
973 3860 1175 3918 audere
1201 3857 1346 3931 quod
1377 3857 1649 3928 trepidant
1680 3872 1696 3922 ;
1726 3869 1828 3910 nec
1856 3852 2020 3908 ullum
2048 3861 2238 3922 postea

637 3957 891 4016 deferunt
913 3957 998 4013 bis
1027 3970 1222 4012 munus
1257 3954 1548 4010 alimoniaz.
1583 3949 1721 4021 Quid
1749 3949 1946 4004 mirum
1980 3955 2160 4001 tamen
2191 3942 2236 3998 si

636 4069 829 4126 rapere
865 4053 1067 4109 assueti
1105 4049 1315 4107 nutrire
1353 4045 1670 4103 fastidiunt?
1693 4042 2118 4100 Consideremus
2168 4035 2236 4092 ad

637 4146 744 4204 hoc
777 4133 1018 4204 eos'esse
1043 4151 1350 4215 generatos,
1381 4150 1438 4196 ut
1462 4141 1628 4197 etiam
1677 4152 1806 4194 aves
1837 4137 1905 4192 ad
1932 4132 2233 4190 cavendum

639 4239 874 4296 formido
923 4248 1208 4305 exerceat;
1243 4253 1310 4292 ne
1353 4237 1553 4306 passim
1602 4248 1766 4290 curas
1814 4232 2092 4293 relaxent,
2141 4225 2237 4283 sed

640 4331 878 4404 pericula
909 4330 1252 4401 praedonibus
1279 4327 1599 4383 declinanda
1648 4324 2000 4394 prospiciunt.
2031 4321 2237 4378 Deinde

640 4443 762 4484 cum
794 4427 878 4481 his
901 4434 1090 4481 natura
1121 4423 1352 4494 quadam
1382 4419 1660 4492 praedandi
1693 4431 1888 4472 munus
1915 4416 2233 4480 inoleverit,

641 4521 811 4590 magis
837 4534 866 4572 a
887 4528 1074 4573 tenero
1100 4517 1278 4588 pullos
1289 4527 1418 4569 suos
1442 4513 1724 4566 instituere
1749 4509 2000 4564 videntur
2013 4507 2079 4562 ad
2101 4522 2236 4577 prae-

2339 3319 2598 3366 ntaternaz
2642 3310 2947 3366 sedulitatis
2994 3311 3174 3367 ofﬁcio
3214 3322 3268 3368 et
3318 3313 3432 3382 pari
3483 3314 3918 3372 nutrimentorum

2337 3406 2842 3462 subministratione
2877 3407 3049 3476 pascit
3077 3417 3132 3463 et
3164 3408 3352 3462 nutrit.
3387 3406 3534 3479 Ergo
3565 3415 3696 3483 φηνὴ
3741 3411 3920 3464 alienos

2338 3502 2544 3556 nutrit:
2573 3516 2670 3554 nos
2696 3516 2826 3556 vero
2858 3512 3072 3556 nostros
3118 3501 3308 3555 immiti
3353 3500 3680 3558 crudelitate
3727 3501 3920 3573 projici-

2340 3608 2479 3649 mus.
2525 3593 2717 3664 Aquila
2751 3609 2888 3648 vero
2909 3593 2954 3648 si
2985 3594 3202 3664 projicit
3227 3634 3244 3661 ,
3277 3611 3384 3650 non
3416 3596 3571 3666 quasi
3599 3611 3758 3652 suum
3783 3595 3921 3666 proji-

2338 3688 2434 3756 cit,
2467 3687 2563 3743 sed
2589 3688 2740 3760 quasi
2766 3687 3092 3759 degenerem
3119 3704 3227 3743 non
3251 3690 3592 3758 recognoscit
3616 3704 3770 3755 :nos,
3800 3685 3919 3760 quod

2340 3781 2494 3853 pejus
2525 3790 2644 3850 est,
2681 3796 2818 3854 quos
2846 3791 3063 3837 nostros
3091 3783 3536 3853 recognoscimus
3558 3824 3573 3850 ,
3608 3782 3917 3839 abdicantus.

2937 3916 3165 3974 CAPUT
3205 3915 3346 3972 XIX.

2341 4029 2626 4086 Laudatur
2651 4031 2714 4086 ob
2750 4031 3051 4086 viduitatem
3081 4042 3247 4087 turtur
3271 4075 3286 4100 ,
3323 4043 3370 4087 et
3395 4033 3493 4088 hoc
3528 4034 3739 4091 nomine
3766 4033 3918 4091 malie-

2523 4110 2539 4122 ⁸
2631 4128 2775 4184 ribus
2799 4130 3133 4202 anteponitur
3153 4131 3307 4184 etiam
3334 4130 3655 4185 citristianis.

2411 4244 2501 4300 62.
2534 4244 2642 4302 Sed
2665 4245 2948 4302 veniamus
2970 4246 3035 4301 ad
3061 4254 3349 4312 turturem,
3373 4262 3537 4315 quam
3567 4249 3656 4302 lex
3677 4247 3775 4303 Dei
3801 4246 3919 4301 velut

2339 4347 2504 4394 castae
2526 4337 2718 4395 hostiae
2741 4356 2938 4396 munus
2960 4342 3120 4412 elegit
3143 4340 3327 4414 (Leuit.
3349 4356 3445 4407 XII,
3464 4340 3547 4413 8).
3575 4341 3919 4414 Deniquecutn

2343 4444 2364 4469 ε
2397 4431 2658 4488 Dominus
2680 4434 3179 4502 circutncideretur,
3194 4435 3373 4491 oblata
3397 4446 3512 4501 est;
3545 4437 3672 4508 quia
3691 4443 3920 4506 scriptum

2339 4536 2421 4580 est
2451 4525 2504 4580 in
2532 4526 2651 4597 lege
2683 4527 2916 4598 Domini,
2949 4537 3007 4582 ut
3035 4530 3224 4583 darent
3254 4528 3489 4584 hostiam
3526 4544 3625 4599 par
3657 4539 3918 4588 turturum.

639 4613 786 4678 dam,
810 4626 970 4682 quam
998 4618 1181 4681 pastus
1209 4596 1460 4664 abdicare
1473 4603 1828 4675 compendiis.
1856 4600 2230 4676 IMCavent

2338 4627 2431 4674 aut
2475 4596 2611 4675 duos
2661 4620 2837 4691 pullos
2881 4596 3254 4677 columbarum
3289 4596 3671 4692 (Luam—24).
3709 4620 3816 4676 Hoc
3856 4625 3922 4674 est

639 4722 709 4763 ne
730 4706 784 4762 in
821 4717 1004 4761 tenera
1036 4711 1196 4760 aetate
1226 4702 1533 4774 pigrescant
1555 4741 1569 4766 ,
1597 4714 1666 4753 tte
1691 4696 1975 4753 solvantur
2002 4695 2232 4758 deliciis.

638 4814 709 4855 ne
736 4803 1073 4854 marcescant
1097 4798 1209 4853 otio
1226 4837 1242 4863 ,
1270 4809 1340 4850 ne
1367 4793 1580 4848 discant
1601 4792 1780 4847 cibum
1811 4793 1980 4862 magis
2010 4803 2237 4859 exSpec-

639 4901 756 4947 tare
771 4906 931 4960 quam
954 4903 1218 4959 quaerere.
1245 4903 1313 4943 ue
1331 4895 1535 4941 natura:
1552 4901 1663 4942 sua:
1676 4883 1951 4955 deponant
1968 4884 2231 4954 vigorem.

637 4982 1011 5042 lntermittunt
1040 4980 1218 5037 studia
1252 4977 1561 5044 nutriendi;
1606 4985 1666 5033 ut
1713 4976 1766 5032 itt
1811 4993 1940 5033 usus
1990 4974 2234 5048 rapiendi

635 5080 838 5138 audere
867 5075 1216 5143 compellant.

707 5173 780 5231 60
844 5169 1038 5242 Aquila
1076 5182 1288 5240 quoque
1348 5165 1583 5238 plurimo
1635 5166 1887 5220 sermone
1941 5169 2236 5233 usurpatur

635 5269 780 5344 quod
809 5280 941 5324 suos
969 5264 1184 5320 abdicet
1221 5261 1393 5331 fetus,
1441 5260 1535 5316 sed
1559 5275 1666 5315 non
1698 5269 2010 5328 utrumque,
2043 5272 2234 5316 Verum

709 5415 734 5442 α
760 5402 888 5458 Mss.
943 5407 1205 5468 quatuor,
1252 5393 1464 5461 Pauper
1523 5392 1752 5463 queritur
1801 5394 1938 5463 quod
1994 5394 2226 5463 pecunia:

709 5477 861 5520 tim-im
884 5473 1027 5520 sedes
1057 5470 1337 5520 retiaaertt.
1371 5465 1714 5520 Pauoeriores
1735 5480 1870 5520 vero.
1902 5478 2007 5520 etc.

637 5477 861 5546 prapriaz
884 5473 1027 5530 sedes
1057 5471 1337 5539 reliquerit.
1371 5471 1714 5534 Pauperiores
1735 5480 1870 5524 vero.
1902 5478 2007 5520 etc.

642 5613 647 5614 γ
708 5545 737 5585 ι’
767 5547 922 5601 Rom.
948 5545 1080 5599 edit.
1105 5585 1120 5605 ,
1148 5550 1196 5596 et
1221 5555 1376 5614 super
1403 5539 1574 5609 pullos
1597 5551 1716 5590 suos
1745 5537 2056 5607 concupivit.
2087 5537 2221 5594 Cod.

639 5613 790 5684 Vat.,
929 5614 1168 5673 considit.

716 5699 739 5728 ο
771 5681 1167 5747 Geruncodex.
1201 5684 1454 5740 Dominus
1484 5682 1538 5736 in
1561 5681 1747 5752 tentp!o
1769 5682 2044 5751 offerretur
2074 5721 2088 5748 ,
2116 5691 2226 5737 etc.

713 5758 742 5796 ἀ
783 5760 926 5814 Edtt.
955 5759 1225 5813 nonnullae
1255 5759 1424 5813 Paris.
1445 5799 1461 5824 ,
1495 5763 1766 5828 pertwsum
1787 5755 2038 5828 thalamos
2067 5762 2114 5806 et
2139 5769 2233 5807 n0-

641 5847 758 5890 meu
782 5831 930 5888 habet
949 5831 1214 5904 conjugii;
1245 5830 1430 5888 ultima
1447 5824 1538 5899 ,...
1565 5825 1702 5900 quod
1723 5842 1908 5883 nomen
1930 5824 2076 5882 habet
2105 5840 2232 5882 con-

2339 4713 2482 4769 enim
2520 4729 2707 4768 verum
2740 4713 2941 4771 Christi
2977 4715 3308 4774 sacrificium
3340 4713 3600 4785 pttdicitia
3624 4714 3918 4785 corporalis,

2339 4807 2578 4877 etgratia
2621 4807 2882 4878 spiritalis
2905 4851 2917 4864 .
2947 4809 3206 4864 Pudicitia
3223 4810 3289 4865 ad
3315 4819 3579 4866 turturem
3609 4809 3854 4872 refertur.
3868 4804 3920 4860 ad

2338 4901 2848 4974 colutnbantgratia.
2877 4903 3072 4960 Fertur
3099 4907 3491 4961 etenitnturtur
3512 4905 3601 4960 ubi
3615 4905 3807 4974 jugalis
3821 4916 3920 4975 pro-

2339 4995 2440 5064 prii
2462 4995 2623 5053 luerit
2645 4997 2941 5053 amissione
2977 4997 3132 5071 105
3147 4998 3357 5054 viduata
3385 4996 3434 5063 ἀ,
3454 5009 3747 5068 pertaesum
3775 4998 3919 5051 thala-

2344 5101 2463 5143 mos
2494 5130 2510 5157 ,
2565 5096 2623 5145 et
2659 5105 2857 5145 nomen
2898 5090 3100 5146 habere
3153 5089 3387 5162 conjugii
3418 5107 3433 5155 ;
3464 5105 3532 5145 eo
3560 5089 3709 5160 quod
3745 5092 3919 5159 primus

2343 5195 2498 5235 amor
2529 5181 2782 5238 fefellerit
2807 5198 2927 5237 eam
2950 5183 3135 5251 dilecti
3161 5193 3334 5238 morte
3351 5181 3671 5252 deceptam,
3695 5180 3920 5252 quoniam

2345 5283 2400 5330 et
2431 5275 2667 5332 inﬁdelis
2697 5276 2764 5332 ad
2795 5278 3213 5348 perpetuitatem
3247 5259 3367 5344 fuit,
3399 5284 3454 5332 et
3479 5289 3701 5330 amarus
3740 5275 3802 5329 ad
3821 5286 3922 5344 gra-

2323 5407 2485 5481 jugii.
2512 5407 2635 5465 Vet.
2651 5422 2864 5479 omnes,
2889 5423 2934 5466 et
2957 5429 3141 5468 nomen
3164 5411 3348 5466 habere
3369 5410 3621 5485 conjugii.
3650 5409 3775 5465 Mss.
3798 5409 3915 5485 )fict.

2339 5500 2474 5560 unus
2503 5494 2560 5541 et
2589 5486 2766 5550 Colb.,
2797 5497 3014 5560 pertwsa
3063 5485 3336 5560 thalamos.
3370 5481 3493 5560 etc}.
3527 5483 3684 5560 C(Btl:
3713 5481 3914 5560 ac‘V'ict.

2336 5559 2474 5613 alter
2499 5567 2767 5630 pet-tierunt
2796 5553 3220 5630 usumtltalamt',
3247 5553 3682 5630 _etc.Melius_alti
3703 5556 3794 5630 qui
3824 5561 3911 5606 vet.

2337 5630 2469 5686 edit.
2499 5624 2881 5686 consentiunt.
2932 5629 3030 5683 Est
3069 5629 3212 5682 enim
3246 5625 3349 5682 hoc
3379 5626 3499 5696 loco
3539 5624 3773 5696 elltpsis,
3815 5638 3914 5694 qua:

2339 5702 2582 5772 suppleri
2633 5713 2810 5770 p0test
2867 5705 2919 5758 in
2966 5702 3108 5755 hunc
3136 5697 3354 5754 modum
3384 5715 3400 5750 ;
3431 5695 3634 5752 Ferunt
3682 5707 3911 5754 turturem

2340 5790 2565 5832 exosum
2613 5773 2884 5846 negotium
2916 5773 3114 5829 habere
3142 5772 3434 5836 thalamos,
3468 5779 3573 5824 etc.
