4150 6358
182 347 294 408 255

1458 329 1962 389 HEXAEMERON.
2005 332 2136 390 LIB.
2177 335 2244 391 γ.

3397 339 3508 400 254

185 465 320 520 tiam
345 503 361 527 ,
387 456 484 530 qui
515 455 639 526 plus
666 451 870 508 doloris
899 466 965 508 ex
1007 457 1204 517 morte,
1229 463 1392 520 quam
1419 446 1702 504 suavitatis
1729 462 1797 503 ex
1826 450 1880 510 Α
1975 465 2095 519 erga
2128 451 2310 519 illum,
2364 453 2418 507 in
2463 457 2845 512 constructione
2892 457 3161 528 favorum,
3206 459 3508 515 collectione

188 553 462 614 charitate
493 546 864 619 generaverit.
895 545 1080 616 Itaque
1119 545 1318 599 iterare
1361 541 1800 612 conjunctioncm

189 653 454 709 recusat,
488 655 593 696 nec
622 639 850 709 pudoris
874 639 994 708 jura
1033 647 1123 692 aut
1153 635 1465 705 complaciti
1496 634 1597 689 viri
1631 632 1804 687 resol-

189 739 272 795 vit
304 737 513 795 fmdera
545 775 560 801 ,
589 733 672 788 illi
718 732 819 788 soli
859 747 1010 787 suam
1050 731 1366 786 cbaritalem
1413 733 1692 791 reservat,
1727 724 1803 780 illi

197 829 448 888 custodit
478 841 682 883 nomen
714 825 921 881 uxoris.
954 824 1174 887 Discite,
1199 821 1476 884 mulieres,
1509 827 1708 888 quanta
1733 816 1805 872 sit

202 922 494 979 viduitatis
520 920 719 991 gratia,
748 932 869 988 qua:
897 916 1061 973 etiam
1088 915 1142 970 in
1170 913 1358 969 avibus
1386 911 1729 983 praedicatur.

275 1015 368 1072 65.
410 1013 546 1082 Quis
575 1012 740 1083 igitur
782 1010 880 1066 has
909 1010 1058 1082 leges
1083 1007 1280 1064 turturi
1319 1005 1510 1063 dedit?
1537 1005 1593 1061 Si
1627 1002 1804 1059 homi-

195 1125 321 1166 nem
352 1122 576 1180 qutero,
612 1122 719 1162 non
747 1104 984 1160 invenio.
1017 1103 1191 1158 Homo
1221 1102 1367 1157 enim
1387 1099 1569 1156 mullus
1599 1106 1682 1154 est
1706 1111 1805 1152 auo

107 1267 114 1272 ν
196 1217 330 1266 sus,
384 1199 607 1270 quando
655 1214 755 1254 nec
787 1197 985 1254 Paulus
1029 1210 1194 1252 ausus
1242 1203 1326 1250 est
1372 1194 1520 1264 leges
1563 1188 1809 1246 tenenda:

188 1296 475 1353 viduitatis
507 1293 886 1366 praescribere.
921 1292 1166 1360 Denique
1194 1289 1310 1360 ipse
1335 1287 1412 1342 ait
1449 1304 1463 1342 :
1516 1285 1650 1339 Volo
1689 1299 1808 1354 ergo

182 1390 428 1463 juniores
456 1387 649 1442 nubere
674 1428 688 1452 ,
721 1386 860 1452 ﬁlios
879 1400 1151 1454 procreare
1171 1422 1188 1448 ,
1212 1391 1399 1435 matres
1424 1377 1651 1448 familias
1679 1391 1808 1441 esse,

192 1481 751 1536 nullam'occasiouem
788 1479 913 1532 dare
955 1477 1253 1532 adversario
1299 1473 1356 1547 (l
1403 1473 1538 1527 Tim.
1592 1486 1645 1540 v,
1693 1469 1806 1540 li).

198 1577 272 1632 Et
298 1576 432 1630 alibi
459 1593 472 1629 :
501 1574 707 1628 Bonum
738 1582 811 1628 est
854 1572 959 1628 illis
1003 1573 1047 1626 si
1090 1571 1164 1626 sic
1197 1578 1529 1641 permaneant
1553 1584 1571 1621 :
1601 1565 1735 1636 quod
1767 1564 1811 1618 si

198 1685 254 1723 se
280 1686 383 1722 non
413 1668 710 1732 continent,
737 1666 952 1720 nubant.
986 1663 1179 1718 Melius
1197 1673 1269 1718 est
1289 1664 1423 1718 enim
1449 1662 1634 1716 nubere
1655 1675 1811 1728 quant

207 1760 290 1814 uri
317 1759 358 1830 (1
390 1757 513 1816 Cor.
545 1775 651 1820 vn,
687 1758 765 1830 8).
795 1759 954 1827 Optat
983 1757 1180 1812 Paulus
1213 1757 1264 1810 in
1295 1755 1640 1820 mulieribus,
1665 1751 1806 1823 quod

1978 541 2173 607 mellis,
2204 559 2295 596 nec
2321 561 2423 599 non
2445 549 2556 618 ejus
2586 549 2804 602 utilitate
2824 591 2838 614 ,
2868 557 2970 604 etc.

1977 633 2066 687 66.
2111 633 2261 689 Nunc
2301 651 2398 706 age
2421 678 2433 700 ,
2467 655 2588 708 quae
2618 657 2746 696 aves
2780 643 2923 698 velut
2959 643 3248 713 quamdam
3288 660 3507 715 rempu-

1907 723 2098 779 blicam
2132 740 2322 782 curare
2349 729 2634 784 videantur
2657 735 2973 802 expediam,
3007 744 3170 807 atque
3191 735 3316 792 vitae
3346 737 3508 807 hujus

1905 827 2118 873 atatem
2149 833 2310 890 agere
2335 823 2435 876 sub
2465 823 2692 893 legibus.
2731 827 2827 883 llic
2853 829 2995 883 enim
3027 831 3337 901 reipublicae
3379 846 3509 887 usus

1906 920 2008 980 est,
2038 911 2184 982 leges
2214 914 2464 970 erunibus
2490 931 2610 972 esse
2637 934 2952 978 communes
2971 964 2984 987 ,
3033 934 3193 996 atque
3227 926 3511 982 observari

1908 1020 2002 1061 eas
2051 1005 2341 1063 devotione
2393 1011 2688 1066 communi.
2733 1011 2856 1068 Uno
2911 1030 3101 1070 omnes
3155 1016 3327 1073 teneri
3386 1018 3507 1071 vin-

1909 1097 2032 1151 culo
2057 1113 2069 1150 :
2096 1112 2200 1152 non
2243 1098 2398 1155 alteri
2436 1101 2524 1170 jus
2553 1117 2704 1169 esse,
2750 1105 2892 1174 quod
2939 1107 3079 1161 alius
3115 1109 3217 1165 sibi
3245 1111 3511 1182 intelligat

1910 1205 2018 1244 non
2050 1190 2244 1257 licere;
2275 1193 2370 1247 sed
2397 1195 2540 1263 quod
2565 1195 2725 1251 liceat
2746 1239 2759 1262 ,
2796 1196 2959 1254 licere
2980 1200 3263 1268 omnibus;
3288 1214 3341 1258 et
3361 1203 3506 1274 quod

1914 1296 2018 1337 non
2042 1281 2202 1339 liceat
2221 1325 2237 1351 ,
2267 1285 2519 1341 omnibus
2547 1301 2652 1342 non
2683 1287 2870 1344 licere.
2907 1289 3043 1345 Esse
3073 1293 3238 1348 etiam
3266 1309 3512 1349 commu-

1915 1390 2036 1428 nem
2051 1371 2077 1410 ά
2094 1377 2448 1432 reverentiam
2465 1388 2699 1450 patrum,
2716 1395 2945 1449 quorum
2960 1383 3188 1438 consilio
3209 1388 3510 1456 respublica

1913 1469 2277 1538 gubernetur,
2322 1487 2609 1529 commune
2652 1475 2904 1530 omnibus
2946 1476 3096 1531 urbis
3134 1477 3507 1545 domicilium.

1913 1577 2200 1618 commune
2223 1566 2651 1620 conversationis
2670 1565 2933 1634 ollieium,
2953 1585 3114 1623 unmu
3135 1572 3511 1642 precseriptum

1914 1655 2189 1718 omnibus,
2221 1673 2384 1712 unum
2416 1673 2540 1714 esse
2565 1660 2876 1715 consilium.

1987 1748 2075 1802 67.
2102 1749 2290 1819 Magna
2314 1749 2452 1817 hazc,
2481 1752 2574 1806 sed
2601 1762 2804 1822 quanto
2826 1753 2878 1806 in
2901 1754 3091 1824 apibus
3115 1757 3512 1826 praestantiora,

207 1852 264 1906 in
299 1852 600 1907 turturibus
626 1859 954 1923 perseverat.
982 1849 1050 1904 Et
1087 1849 1213 1904 alibi
1237 1848 1482 1918 juniores
1525 1849 1770 1902 hortatur
1794 1887 1810 1912 ,
1844 1849 1891 1908 B
1917 1855 2036 1908 quin
2079 1840 2208 1895 Solae
2257 1841 2308 1895 in
2356 1842 2503 1896 omni
2539 1859 2737 1913 genere
2776 1845 3129 1902 animantium
3169 1863 3514 1904 communem

209 1955 272 2003 ut
319 1946 558 2012 nubant;
603 1947 727 2017 quia
771 1944 1024 1999 mulieres
1069 1953 1271 1998 nostra:
1300 1949 1571 1996 turturum
1603 1937 1811 2011 pudici-

203 2039 334 2094 tiam
365 2039 600 2109 implere
629 2039 714 2094 vix
741 2049 985 2110 possunt.
1010 2036 1156 2108 Ergo
1181 2037 1486 2091 turturibus
1510 2035 1650 2090 Deus
1671 2033 1815 2087 hunc

200 2131 407 2188 infudit
434 2131 688 2188 affectum
711 2174 727 2200 ,
772 2133 913 2188 hanc
951 2130 1202 2187 virtutem
1234 2128 1584 2186 continentiae
1628 2127 1810 2193 dedit,

195 2223 289 2293 qui
319 2223 472 2280 solus
511 2233 694 2294 potest
735 2224 1088 2296 praescribere
1102 2222 1249 2295 quod
1278 2237 1476 2278 omnes
1495 2229 1812 2292 sequantur.

202 2324 230 2355 ει
251 2314 457 2372 Turtur
484 2331 597 2373 non
629 2316 800 2372 uritur
830 2315 963 2372 flore
982 2314 1300 2388 iuventutis,
1321 2328 1430 2369 non
1460 2322 1694 2369 tentatur
1720 2327 1813 2367 oc-

198 2409 439 2466 casionis
469 2410 730 2470 illecebra
764 2429 777 2465 :
807 2419 982 2467 turtur
1010 2409 1186 2467 nescit
1217 2408 1443 2480 primam
1483 2407 1645 2463 fidem
1693 2405 1818 2462 irri-

206 2511 318 2557 tam
351 2501 539 2560 facere
564 2521 582 2572 ;
613 2505 736 2576 quia
767 2505 913 2560 novit
941 2502 1316 2561 castimoniam
1343 2516 1568 2559 servare
1589 2500 1617 2540 ι’
1641 2503 1816 2572 prima

204 2597 468 2654 connubii
495 2609 648 2656 sorte
674 2598 1022 2671 promissam.

815 2737 1044 2796 CAPUT
1084 2737 1205 2794 XX.

221 2841 485 2917 Vultures,
541 2867 655 2921 ante
700 2851 810 2906 sine
853 2853 1012 2906 maris
1055 2852 1244 2924 cOpula
1286 2850 1492 2924 gignere
1533 2851 1816 2916 dicuntur,

447 2943 670 3020 virginei
706 2955 884 3016 partus
916 2943 1310 3010 possibilitatem
1331 2955 1580 2998 astruere.

272 3051 366 3108 64.
411 3053 669 3112 Diximus
695 3056 762 3111 de
793 3056 1054 3112 viduitate
1083 3055 1292 3122 avium,
1325 3071 1556 3126 eamque
1600 3054 1668 3110 ab
1715 3053 1822 3108 illis

204 3143 445 3214 primum
471 3160 728 3204 exortam
758 3162 877 3204 esse
908 3149 1162 3204 virtutem
1196 3165 1210 3204 :
1237 3163 1381 3203 nunc
1405 3147 1474 3203 de
1501 3145 1820 3217 integritate

1916 1934 2165 1990 omnibus
2222 1935 2467 1992 sobolem
2516 1938 2745 2001 habent,
2807 1955 2967 1994 unam
3023 1956 3215 1998 omnes
3273 1943 3520 2000 incolunt

1917 2027 2292 2095 mansionem,
2344 2031 2502 2084 unius
2553 2030 2743 2100 patriae
2794 2031 3123 2089 clauduntur
3177 2035 3398 2102 limine,
3461 2039 3516 2093 in

1915 2136 2204 2178 commune
2232 2125 2483 2180 omnibus
2507 2124 2659 2180 labor
2681 2167 2694 2190 ,
2718 2129 3024 2183 communis
3055 2129 3241 2199 cibus,
3272 2147 3519 2187 commu-

1917 2213 2004 2270 nis
2031 2215 2305 2285 operatio,
2331 2219 2634 2272 communis
2662 2234 2792 2274 usus
2820 2227 2873 2274 et
2897 2220 3104 2276 fructus
3131 2232 3244 2288 est,
3273 2239 3521 2280 commu-

1917 2306 2003 2361 nis
2035 2307 2264 2362 volatus.
2311 2307 2450 2376 Quid
2483 2309 2674 2378 plura?
2706 2310 3024 2368 Communis
3067 2316 3319 2371 omnibus
3351 2332 3520 2388 gene-

1918 2398 2089 2465 ratio,
2121 2401 2402 2471 integritas
2431 2417 2647 2474 quoque
2675 2405 2922 2475 corporis
2953 2406 3234 2476 virginalis
3270 2412 3521 2468 erunibus

1919 2493 2222 2548 communis
2267 2501 2323 2549 et
2352 2503 2565 2564 partus;
2615 2497 2872 2566 quoniam
2923 2514 3100 2570 neque
3144 2501 3287 2558 inter
3313 2517 3376 2558 se
3410 2505 3523 2559 ullo

1917 2587 2207 2643 concubitu
2241 2587 2568 2657 miscentur,
2620 2606 2720 2646 nec
2749 2590 2972 2649 libidine
2998 2595 3373 2661 resolvuntur,
3423 2614 3525 2654 nec

1920 2691 2106 2754 partus
2131 2683 2446 2754 quatiuntur
2469 2683 2779 2751 doloribus,
2811 2695 2861 2741 et
2911 2687 3090 2743 subito
3116 2691 3410 2746 maximum
3430 2705 3438 2716 '
3461 2695 3523 2746 li-

1920 2774 2116 2829 liorum
2159 2789 2392 2830 examen
2431 2775 2716 2841 emittunt,
2763 2791 2794 2831 e
2826 2777 2966 2834 loliis
2994 2789 3050 2836 et
3079 2779 3263 2838 herbis
3292 2798 3392 2839 ore
3421 2799 3524 2840 suo

1921 2868 2130 2939 prolem
2164 2869 2429 2940 legentes.

1994 2959 2084 3016 68.
2125 2960 2259 3031 Ipsa:
2285 2960 2390 3015 sibi
2437 2975 2621 3031 regem
2658 2961 2944 3030 ordinant,
2987 2965 3116 3034 ipsze
3147 2966 3251 3022 sibi
3295 2971 3526 3040 populus

1923 3060 2137 3116 creant;
2168 3061 2223 3107 et
2253 3053 2381 3106 licet
2412 3053 2597 3120 positze
2625 3053 2728 3106 sub
2760 3069 2886 3123 rege
2910 3095 2924 3118 ,
2954 3066 3079 3111 sunt
3108 3066 3286 3114 tamen
3317 3061 3521 3117 liberae.

1924 3144 2058 3200 Nam
2087 3155 2143 3200 et
2181 3145 2594 3216 prtcrogativam
2621 3145 2814 3216 judicii
2858 3159 3072 3214 tenent,
3113 3160 3170 3205 et
3209 3152 3329 3207 fidae
3361 3154 3529 3209 devo-

209 3235 495 3306 dicamus,
544 3258 664 3313 qua:
709 3241 760 3295 in
807 3241 1050 3312 pluribus
1095 3240 1316 3312 quidem
1363 3240 1550 3294 avibus
1595 3237 1665 3292 ita
1697 3252 1822 3292 esse
1851 3238 1895 3302 C
1929 3239 2092 3292 tionis
2121 3235 2403 3304 allectum;
2454 3238 2577 3309 quia
2622 3248 2678 3294 et
2712 3249 2983 3312 tamquam
3026 3258 3054 3296 a
3083 3259 3143 3300 se
3173 3246 3525 3306 substitutum

210 3340 596 3398 asseveratur,
629 3343 686 3387 ut
719 3334 891 3403 possit
919 3333 1084 3387 etiam
1111 3331 1164 3387 in
1192 3331 1496 3386 vulturibus
1520 3329 1826 3400 deprchen-

218 3421 295 3477 di.
328 3422 775 3495 Negautur-enim
811 3426 1048 3480 vultures
1093 3425 1370 3496 indulgere
1411 3423 1725 3489 concubitu,
1772 3433 1826 3478 et

217 3517 488 3589 conjugali
518 3519 750 3591 quodam
774 3535 870 3574 usu
901 3519 1261 3590 uuptialisque
1284 3519 1494 3589 copulae
1521 3528 1669 3573 sorte
1700 3517 1829 3571 mis-

218 3610 356 3677 ceri,
371 3621 532 3683 atque
546 3612 617 3667 ita
642 3612 756 3667 sine
775 3612 886 3666 ullo
909 3611 1266 3667 masculorum
1281 3612 1572 3681 concipere
1589 3610 1824 3676 semine,

214 3711 270 3757 et
308 3704 428 3761 sine
477 3707 859 3777 conjunctione
899 3723 1194 3778 generare,
1252 3714 1516 3776 natosque
1563 3722 1630 3760 cx
1663 3703 1824 3760 hisin

221 3797 446 3854 multam
473 3809 688 3856 aetatem
721 3800 1060 3868 lougmvitate
1083 3799 1412 3872 procedere;
1456 3808 1513 3853 ut
1541 3813 1710 3870 usque
1754 3796 1822 3853 ad

218 3897 438 3945 centum
453 3907 627 3948 annos
643 3891 762 3946 vita:
787 3907 974 3946 eorum
990 3893 1160 3947 series
1181 3891 1527 3962 producatur,
1549 3905 1648 3946 nec
1670 3890 1826 3947 facile

220 3996 317 4037 eos
339 3986 557 4054 angusti
587 3984 685 4038 arvi
713 3983 833 4038 linis
861 3984 1114 4053 excipiat.
1753 3996 1757 4000 '

291 4075 380 4132 65.
423 4077 565 4147 Quid
595 4078 770 4144 aiunt,
797 4082 886 4148 qui
915 4078 1093 4134 solent
1123 4087 1304 4134 nostra
1333 4079 1513 4134 ridere
1542 4077 1824 4149 mysteria,

225 4184 350 4228 cum
384 4175 613 4231 audiunt
637 4172 779 4244 quod
824 4173 974 4244 virgo
1002 4176 1312 4245 generavit,
1343 4183 1399 4230 et
1439 4174 1826 4245 impossibilem

226 4262 506 4338 innuptae,
538 4267 693 4338 cujus
743 4266 1003 4338 pudorem
1035 4269 1180 4323 nulla
1223 4269 1320 4323 viri
1362 4269 1699 4324 consuetudo
1742 4279 1826 4324 te-

217 4369 517 4425 merasset,
562 4358 876 4415 existimant
921 4361 1174 4428 partum?
1222 4357 1562 4430 lmpossibile
1613 4367 1829 4429 putatur

219 4447 270 4503 in
311 4450 406 4507 Dei
446 4452 654 4519 Matre,
699 4450 842 4521 quod
877 4450 929 4505 in
960 4450 1262 4506 vulturibus
1304 4451 1561 4522 possibile
1591 4467 1696 4507 non
1727 4467 1824 4508 ne-

217 4543 405 4609 gatur?
426 4543 564 4599 Avis
588 4543 705 4598 sine
733 4544 975 4599 masculo
1005 4544 1178 4614 parit,
1208 4552 1265 4599 et
1291 4544 1468 4599 nullus
1499 4544 1702 4600 refellit
1729 4561 1743 4604 ς
1771 4555 1827 4600 et

1930 3333 2187 3404 diligunt,
2219 3341 2275 3388 et
2302 3341 2452 3388 tanto
2478 3333 2748 3390 honorant
2769 3339 3041 3394 esarnine.
3068 3339 3185 3397 Rex
3213 3355 3394 3399 autem
3420 3363 3527 3404 Illln

1929 3437 2078 3482 sorte
2108 3425 2354 3492 ducitur;
2387 3429 2514 3497 quia
2564 3427 2617 3482 in
2651 3437 2801 3484 sorte
2845 3443 3074 3487 eventus
3103 3445 3219 3502 est,
3250 3451 3357 3492 non
3383 3440 3530 3507 judi-

1929 3522 2103 3589 cium,
2151 3531 2204 3578 et
2248 3537 2392 3593 swpe
2424 3521 2783 3578 irrationabili
2831 3538 2959 3580 casu
3009 3528 3175 3584 sortis
3213 3531 3530 3591 melioribus

1931 3618 2150 3673 ultimus
2179 3616 2408 3689 quisque
2431 3617 2718 3688 praefertur
2751 3635 2764 3672 :
2799 3635 2976 3690 neque
3003 3622 3266 3691 imperitae
3288 3626 3531 3682 multitu-

1929 3708 2072 3764 dinis
2104 3708 2310 3779 vulgari
2341 3708 2579 3764 clamore
2609 3711 2876 3780 signatur,
2906 3726 3028 3781 qua:
3061 3728 3167 3768 non
3195 3717 3386 3772 merita
3417 3721 3528 3774 vir-

1930 3803 2062 3857 tutis
2083 3801 2362 3873 expendit,
2393 3816 2494 3857 nec
2525 3801 2754 3872 publicae
2787 3802 3034 3857 utilitatis
3059 3807 3427 3864 emolumenta
3455 3813 3530 3866 ri-

1930 3905 2134 3963 matur,
2165 3894 2260 3949 sed
2293 3893 2613 3950 mobilitatis
2644 3901 2797 3947 nutat
2821 3895 3030 3950 incerto
3061 3913 3073 3948 :
3106 3913 3283 3968 neque
3311 3903 3530 3969 privile-

1929 3988 2018 4060 gio
2043 3985 2409 4042 successionis
2433 3993 2488 4040 et
2503 3985 2734 4056 generis
2757 3985 3036 4052 regalibus
3065 3989 3276 4046 thronis
3299 3992 3524 4062 insidet;

1931 4081 2200 4153 siquidem
2233 4079 2452 4150 ignarus
2482 4080 2712 4150 publica!
2738 4085 3196 4152 conversationis,
3225 4097 3415 4145 cautus
3442 4102 3527 4146 at-

1931 4192 2036 4248 que
2056 4174 2302 4232 eruditus
2337 4188 2460 4230 esse
2491 4189 2596 4229 non
2629 4174 2847 4244 poterit.
2887 4174 3041 4232 Adde
3067 4177 3413 4238 adulationes
3442 4195 3530 4239 at-

1930 4284 2036 4341 que
2060 4267 2306 4332 delicias,
2327 4281 2447 4336 qua:
2466 4266 2666 4321 teneris
2696 4267 2900 4323 inclitae
2916 4269 3166 4325 aetatibus
3193 4273 3275 4328 vel
3303 4288 3430 4330 aere
3450 4277 3530 4332 in-

1931 4359 2147 4432 genium
2192 4372 2458 4414 enervare
2507 4369 2940 4425 consueverunt;
2993 4367 3106 4416 tum
3157 4363 3528 4426 institutiones

1933 4450 2236 4522 Spadonum
2261 4491 2276 4517 ,
2335 4465 2565 4520 quorum
2609 4449 2853 4521 plerique
2891 4467 2992 4508 suo
3031 4453 3204 4524 magis
3255 4462 3483 4528 qutestui
3512 4504 3528 4530 ,

1932 4559 2093 4615 quam
2125 4543 2244 4598 usui
2289 4542 2502 4613 publico
2541 4542 2782 4596 aninunn
2825 4545 2968 4615 regis
3006 4546 3288 4603 inclinant.
3322 4552 3530 4621 Apibus

223 4635 348 4704 quia
380 4637 716 4707 desponsata
743 4637 858 4693 viro
903 4637 1066 4693 Maria
1108 4638 1258 4708 virgo
1287 4639 1533 4708 peperit,
1566 4649 1588 4678 ο
1639 4637 1826 4708 pudori
1855 4636 1905 4696 D
1933 4645 2113 4692 autem
2138 4651 2234 4691 rex
2263 4643 2468 4690 naturae
2495 4634 2655 4689 claris
2683 4634 2945 4690 formatur
2976 4636 3308 4708 insignibus;
3337 4652 3395 4697 ut
3416 4661 3531 4699 ma-

224 4726 339 4797 ejus
362 4731 578 4789 faciunt
595 4731 970 4802 quaestionem.
994 4729 1184 4786 Nonne
1203 4731 1535 4786 advertimus
1555 4729 1697 4800 quod
1724 4730 1824 4785 Do-

225 4820 401 4880 minus
455 4840 520 4880 ex
565 4823 681 4894 ipsa
712 4834 900 4880 natura
926 4824 1155 4895 plurima
1183 4823 1430 4895 exempla
1461 4833 1587 4879 ante
1614 4823 1828 4893 ιιι-αιτιιὶ-

228 4912 336 4982 sit,
381 4915 588 4989 quibus
615 4927 880 4987 susceptas
919 4917 1304 4973 incarnationis
1332 4916 1586 4972 decorem
1636 4916 1829 4987 proba-

231 5014 350 5079 ret,
380 5019 436 5068 et
469 5018 738 5066 astrueret
767 5008 1088 5066 veritatem?

739 5153 898 5226 me
937 5151 1167 5210 CAPUT
1217 5151 1364 5210 χχι.

1934 4732 2222 4805 gnitudine
2263 4730 2510 4800 corporis
2550 4737 2772 4798 prtestet
2800 4739 2855 4784 et
2875 4731 3096 4802 specie;
3141 4741 3254 4789 tum
3297 4739 3439 4807 quod
3476 4741 3528 4795 in

1936 4840 2064 4896 rege
2117 4822 2446 4894 praecipuum
2503 4829 2606 4886 est,
2655 4835 2866 4876 morum
2909 4826 3343 4886 mansuetudine.
3396 4830 3528 4888 Nam

1937 4919 2039 4974 etsi
2073 4916 2236 4971 habet
2265 4913 2538 4980 aculeum,
2573 4921 2752 4969 tamen
2801 4929 2869 4970 eo
2898 4930 3005 4971 non
3042 4917 3211 4973 utitur
3259 4920 3326 4975 ad
3360 4927 3534 4979 vindi-

1939 5009 2190 5067 Candum.
2224 5007 2362 5063 Sunt
2400 5006 2543 5062 enim
2574 5006 2723 5077 leges
2754 5018 2960 5064 natura:
2991 5025 3098 5064 non
3129 5012 3346 5082 scriptae
3384 5016 3532 5073 litte-

1939 5103 2038 5166 ris,
2069 5100 2164 5157 sed
2193 5101 2470 5170 impressae
2512 5099 2786 5165 moribus;
2815 5110 2874 5154 ut
2902 5100 3140 5158 leniores
3178 5102 3289 5158 sint
3333 5107 3397 5159 ad
3435 5124 3524 5174 pu.

1937 5193 2217 5261 niendum,
2265 5193 2354 5262 qui
2405 5189 2639 5245 maxima
2699 5192 2851 5263 107
2909 5201 3178 5262 potestate
3226 5195 3527 5262 poriuntur.

235 5282 315 5342 De
347 5289 530 5345 aribus
567 5288 659 5344 sub
697 5287 921 5358 quadam
960 5288 1258 5358 reipublicre
1311 5291 1481 5360 [arma
1520 5289 1832 5343 constitutis.

312 5378 405 5438 Ubi
431 5383 690 5454 pracipue
711 5381 774 5436 de
788 5383 967 5454 apibus
984 5427 997 5450 ,
1021 5382 1183 5453 deque
1203 5399 1380 5438 earum
1405 5381 1630 5435 mirabili
1651 5391 1835 5435 natura

244 5513 260 5546 ;
313 5475 365 5530 in
402 5476 569 5550 prolis
608 5476 963 5548 generatione,
1007 5476 1057 5529 in
1099 5477 1233 5548 regis
1266 5474 1589 5528 institutione
1625 5490 1686 5538 ac
1733 5473 1836 5542 ﬁde

1941 5287 2046 5344 Sed
2073 5294 2129 5342 et
2155 5299 2286 5355 apes
2333 5283 2438 5338 illa:
2476 5299 2596 5355 quae
2631 5299 2740 5338 non
2791 5284 3290 5357 obtemperaverint
3322 5287 3532 5356 legibus

1939 5380 2082 5450 regis
2125 5375 2406 5450 pcenitenti
2445 5375 2901 5430 condemnatione
2933 5391 2992 5432 se
3019 5376 3313 5440 mulctant;
3350 5387 3406 5431 ut
3435 5380 3538 5438 im-

1941 5472 2242 5530 moriantur
2268 5469 2440 5524 aculei
2467 5467 2551 5524 sui
2579 5468 2826 5522 vulnere.
2857 5466 3012 5533 Quod
3035 5468 3324 5522 Persarum
3359 5477 3547 5543 populi

1950 5634 2140 5690 Melius
2170 5647 2328 5698 mss.,
2359 5629 2546 5700 pudori
2569 5630 2702 5699 ejus.

322 5647 346 5676 υ
385 5639 514 5694 Mss.
543 5637 770 5706 aliquot,
799 5635 994 5691 Turtur
1020 5654 1121 5692 non
1143 5637 1308 5692 utitur
1327 5637 1476 5705 ﬂore,
1507 5645 1614 5691 etc.
1950 5635 2140 5690 Melius
2170 5647 2328 5698 mss.,
2359 5635 2546 5700 pudori
2569 5635 2702 5699 ejus.
2807 5694 2818 5706 .
3338 5699 3348 5710 .

322 5708 348 5748 δ
374 5712 500 5764 Mss.
534 5710 738 5764 aliuuot
767 5719 822 5764 et
850 5708 982 5764 edit.
1016 5717 1122 5764 vet.
1149 5750 1165 5764 .
1207 5708 1375 5764 prima
1423 5706 1661 5762 conuubii
1709 5715 1846 5760 sorte
2024 5703 2051 5743 ἀ
2089 5703 2346 5760 Nonnulli
2383 5715 2540 5764 mss.,
2570 5707 2905 5751 reverentiam
2933 5708 3198 5752 natorum.
3229 5695 3417 5755 Melius
3454 5707 3549 5762 alii

249 5711 260 5768 ὲ
320 5708 348 5748 δ
374 5712 500 5766 Mss.
534 5710 738 5780 aliquot
767 5719 822 5764 et
850 5708 982 5764 edit.
1016 5717 1122 5764 vet.
1149 5750 1165 5776 ,
1207 5708 1375 5780 prima
1423 5706 1661 5762 conuubii
1709 5715 1846 5760 sorte
1989 5706 2051 5780 nd
2089 5706 2346 5760 Nonnulli
2383 5715 2563 5780 mss.,“

255 5769 640 5855 pratermissa.'
1151 5769 1162 5776 ’
1207 5769 1218 5780 ’
1633 5848 1642 5855 _
1811 5847 1821 5855 ί
1954 5778 2286 5855 ίιιὶίιυοι,ηθι
2323 5781 2435 5828 vet.
2481 5771 2994 5855 editrwsenatorurn.
3039 5769 3234 5824 Plures
3277 5777 3453 5827 tatnen
3486 5794 3550 5836 ac

322 5865 344 5897 ο
375 5855 776 5929 Εᾱὶιηοωηοε,
809 5850 1024 5924 pudoris
1048 5856 1182 5925 ejus.
1209 5850 1452 5908 Latinius
1473 5892 1486 5919 ,
1535 5848 1747 5926 pudoris
1777 5847 1842 5902 ei.
1959 5840 2113 5910 lloin.
2145 5840 2276 5903 edit.
2302 5853 2360 5900 ut
2386 5856 2488 5899 nos
2517 5840 2570 5895 in
2601 5844 2770 5892 textu.

763 5948 1040 6012 Ps'rnoa.
1100 5946 1271 6009 XIV.
3021 5931 3062 5998 8
