4150 6358
599 331 707 388 259

597 449 681 503 Ius

602 513 780 602 movi,
825 534 976 599 ﬁdem
1032 527 1225 586 servavi
1265 543 1284 582 :
1323 522 1459 596 quod
1509 521 1764 591 reliquum
1809 526 1883 572 est
1908 559 1924 584 ,
1979 513 2204 583 reposita

605 641 681 690 est
719 627 845 684 mihi
895 639 1086 682 corona
1121 619 1343 696 justitiaz
1362 616 1428 691 (II
1456 615 1593 670 Tim.
1615 628 1695 680 tv,
1718 613 1751 668 7
1780 621 1827 666 et
1863 611 1942 681 8).
1983 605 2206 663 Intravit

603 722 768 797 igitur
796 720 854 776 in
893 717 1106 774 thecam
1159 726 1310 769 suam
1346 707 1500 781 quasi
1532 706 1705 762 bonus
1745 701 1970 775 plnenix
1993 741 2008 768 ,
2040 711 2203 770 quam

607 817 753 872 bono
777 809 1003 885 replevit
1023 807 1192 866 odore
1213 803 1482 876 martyrii.

675 908 767 966 8L
792 882 1144 976 Interrogabo
1175 909 1265 957 te:
1293 907 1354 954 tu
1383 903 1566 952 autem
1591 887 1860 962 responde
1881 886 2038 952 mihi,
2064 882 2206 941 unde

600 1003 844 1060 vultures
878 1007 1111 1056 mortem
1139 993 1422 1052 hominum
1450 988 1619 1058 signis
1645 984 1967 1058 quibusdam
1998 997 2210 1037 annun-

602 1097 737 1152 tiare
758 1090 1178 1154 consueverint,
1197 1100 1304 1158 quo
1332 1081 1533 1138 indicio
1561 1077 1740 1136 edocti
1765 1086 1926 1148 atque
1957 1072 2210 1130 instructi

603 1193 744 1258 sint;
778 1198 835 1244 ut
872 1203 995 1244 cum
1030 1182 1234 1240 bellum
1283 1174 1634 1250 lacrymabile
1675 1176 1816 1228 Inter
1860 1185 1920 1226 se
1966 1167 2209 1224 adversa:

602 1286 752 1342 acies
794 1283 1104 1345 instruunt,
1137 1273 1310 1332 multo
1338 1269 1612 1344 praedictae
1639 1266 1887 1322 volucres
1915 1271 2211 1335 sequantur

601 1379 841 1451 agmine,
879 1385 935 1431 et
979 1387 1047 1429 eo
1079 1367 1388 1441 signiﬁcent
1429 1363 1554 1436 quia
1597 1358 1885 1417 multitudo
1930 1357 2209 1412 hominum

603 1462 798 1531 casura
840 1471 912 1527 sit
939 1469 1083 1524 bello
1104 1507 1119 1532 ,
1144 1465 1322 1521 futura
1350 1461 1530 1534 prtcda
1565 1456 1899 1514 vulturibus?
1923 1454 2076 1524 Quod
2108 1453 2212 1509 uti-

611 1581 722 1639 que
744 1580 808 1621 ex
835 1562 1019 1635 specie
1045 1554 1420 1614 iustructionis
1436 1552 1683 1609 humana:
1703 1548 1934 1623 quadam
1961 1547 2214 1602 videntur

612 1659 828 1716 ratione
856 1654 1133 1725 colligere.

685 1748 777 1808 82.
803 1747 986 1818 Usque
1013 1744 1081 1800 ad
1111 1744 1372 1799 locustam
1400 1752 1613 1812 quoque
1642 1736 1811 1809 gratia
1835 1733 2016 1791 divina
2047 1746 2213 1803 pene-

1929 303 2174 363 SANCTI
2211 298 2538 360 AMBROSII

693 488 706 509 ,
727 443 817 516 qui
843 444 917 495 ait
947 458 959 493 :
987 437 1250 494 Certamen
1276 432 1464 487 bonum
1485 428 1691 492 certari,
1718 441 1926 480 cursum
1949 435 2192 477 cunsum-
2223 421 2276 481 Α
2301 425 2463 472 tatem
2512 412 2759 516 lusciniae
2807 422 2912 516 non
2947 407 3134 514 .possit
3180 405 3414 473 imitari,
3460 404 3734 460 imitatur
3769 412 3961 460 tamen

3859 289 3967 346 2‘0

2307 526 2427 568 eam
2461 506 2748 564 sedulitate
2777 503 3011 577 pietatis.

2380 600 2469 658 86.
2502 599 2706 655 Noctua
2745 597 2859 665 ipsa
2891 593 3344 665 quemadmodum
3383 592 3601 664 magnis
3631 601 3703 647 et
3733 590 3958 663 glaucis

2308 695 2591 751 oculorum
2643 690 2864 762 pupillis
2910 698 3298 744 nocturnarum
3366 685 3746 742 tenebrarum
3822 684 3956 740 uli—

2307 799 2525 862 gantem
2557 802 2662 842 non
2703 785 2868 841 sentit
2905 783 3221 848 horrorem;
3249 791 3302 837 et
3329 797 3438 853 quo
3461 781 3630 836 fuerit
3662 794 3792 835 nox
3854 778 3951 833 oh—

2309 881 2540 947 scurior,
2565 895 2632 936 eo
2661 889 2848 935 contra
2875 891 3031 932 usum
3054 876 3237 932 avium
3261 883 3594 932 exterarum
3622 873 3947 928 inoffensos

2311 983 2529 1032 exercet
2563 973 2796 1029 volatus.
2839 971 3044 1027 Exorto
3093 977 3271 1025 autem
3317 968 3442 1034 die,
3491 978 3546 1025 et
3585 968 3944 1024 circumfuso

2310 1067 2602 1140 splendore
2631 1066 2782 1130 solis,
2820 1064 2971 1120 visus
3008 1063 3126 1134 ejus
3148 1063 3436 1119 hebetatur
3457 1103 3472 1126 ,
3495 1062 3654 1134 quasi
3705 1063 3942 1133 quibus-

2311 1162 2434 1217 dam
2461 1171 2600 1216 erret
2635 1159 2686 1214 in
2728 1157 2987 1214 tenebris.
3015 1157 3133 1224 Quo
3175 1155 3377 1211 indicio
3406 1155 3490 1211 sui
3521 1155 3788 1211 declarat
3822 1169 3939 1209 esse

2312 1255 2522 1325 aliquos
2546 1295 2560 1319 ,
2592 1252 2682 1324 qui
2713 1267 2834 1307 cum
2875 1250 3064 1307 oculos
3111 1248 3346 1305 habeant
3376 1249 3444 1304 ad
3469 1248 3788 1305 videndum
3813 1291 3828 1313 ,
3864 1250 3935 1302 vi-

2313 1349 2444 1404 dere
2485 1363 2589 1403 non
2622 1348 2863 1412 soleant,
2896 1354 2952 1401 et
2981 1346 3128 1400 visus
3171 1345 3254 1405 sui
3298 1343 3480 1400 ofﬁcio
3529 1345 3664 1400 solis
3698 1345 3934 1415 fungar.-

2314 1450 2401 1496 tur
2426 1442 2479 1496 in
2509 1440 2768 1497 tenebris.
2805 1440 2880 1494 De
2901 1439 3084 1494 cordis
3112 1438 3282 1493 oculis
3312 1438 3530 1510 loquor,
3558 1454 3703 1510 quos
3728 1440 3932 1494 habent

2314 1536 2588 1606 sapientes
2633 1532 2843 1599 mundi,
2874 1543 2931 1589 et
2977 1547 3082 1587 non
3128 1531 3333 1598 vident,
3359 1532 3412 1586 in
3461 1532 3583 1586 luce
3624 1533 3765 1589 nihil
3816 1549 3930 1588 rer-

2314 1635 2475 1693 nunt,
2507 1626 2559 1681 in
2590 1626 2830 1682 tenebris
2850 1625 3151 1690 ambulant,
3185 1624 3312 1680 dum
3336 1624 3744 1682 dmmoniorum
3781 1637 3926 1682 tene-

2315 1720 2472 1776 brosa
2499 1719 2786 1785 rimantur,
2817 1727 2871 1774 et
2903 1718 3025 1774 coeli
3067 1718 3175 1773 alta
3211 1734 3270 1774 se
3321 1717 3507 1775 videre
3542 1718 3803 1785 credunt,
3840 1720 3925 1774 de-

614 1843 809 1909 travit,
837 1811 958 1913 quae
995 1828 1117 1895 cum
1150 1836 1364 1907 agmine
1399 1811 1646 1890 conferto
1679 1830 1916 1904 regionis
1951 1827 2214 1898 cujusque

2321 1815 2619 1868 scribentes
2652 1812 2804 1866 radio
2849 1811 3106 1866 mundum
3136 1853 3150 1877 ,
3198 1827 3508 1868 mensuram
3561 1814 3713 1869 acris
3759 1815 3922 1883 ip:ius

612 1935 963 2008 occupaverit
1014 1929 1378 1993 latitudinem,
1410 1926 1632 1982 innoxio
1669 1924 1902 1996 primum
1931 1931 1957 1959 α
1990 1919 2214 1977 feriatur

612 2018 947 2097 habitaculo,
976 2041 1076 2084 nec
1104 2024 1312 2080 fructus
1333 2018 1648 2091 inhospitali
1679 2015 1994 2072 incursione
2019 2013 2214 2082 depas-

609 2128 774 2193 citur,
831 2122 934 2180 nisi
987 2120 1187 2178 divinte
1234 2118 1446 2190 signum
1489 2110 1873 2185 praeceptionis
1919 2104 2210 2177 acceperit.

608 2217 828 2276 Etenim
854 2215 993 2271 sicut
1013 2213 1067 2268 in
1088 2209 1278 2268 Exodo
1299 2207 1528 2280 legimus
1544 2202 1741 2275 (Exod.
1765 2216 1824 2268 x,
1847 2199 1964 2270 {2),
1985 2213 2048 2254 ea
2079 2212 2214 2268 qun-

613 2327 721 2386 que
747 2309 984 2368 coelestis
1009 2306 1272 2362 ultionem
1301 2296 1622 2358 oﬂ'ensionis
1635 2293 1954 2364 exsequitur
1983 2291 2083 2362 pia:
2110 2288 2212 2345 mi-

613 2406 786 2462 nistra
814 2401 1087 2458 vindictae.

685 2499 770 2555 85.
803 2496 958 2552 Hanc
995 2505 1212 2564 quoque
1254 2487 1370 2544 avis
1396 2485 1620 2542 devorat
1659 2482 1913 2546 σελευκὶς,
1942 2479 2020 2548 sic
2055 2478 2211 2549 111

610 2591 756 2649 enim
796 2588 990 2644 Graeco
1026 2585 1140 2639 avis
1169 2583 1285 2638 haec
1320 2585 1663 2647 nuncupatur
1690 2573 1908 2628 nomine
1929 2614 1944 2637 ,
1977 2571 2099 2624 data
2146 2566 2214 2622 ad

611 2677 917 2738 remedium
946 2675 1212 2732 malorum
1255 2685 1374 2743 qua:
1405 2669 1612 2724 locusta
1642 2663 1924 2720 consuevit
1963 2660 2164 2716 inferre
2195 2674 2209 2712 :

612 2774 700 2830 cui
743 2780 958 2828 creator
994 2765 1374 2838 inexplebilem
1415 2761 1565 2819 dedit
1589 2757 1883 2816 devorandi
1924 2765 2209 2818 naturam;

612 2871 676 2922 ut
703 2860 994 2919 insatiabili
1017 2868 1172 2932 pastu
1199 2857 1410 2930 plagam
1431 2868 1592 2926 quam
1614 2866 1777 2923 supra
1804 2848 2059 2914 diximus,
2087 2859 2214 2918 pos-

614 2959 689 3016 sit
702 2955 1068 3027 exstinguere.

1178 3061 1408 3122 CAPUT
1446 3058 1637 3117 XXIV.

2317 1908 2652 1979 colligentes.
2680 1907 2847 1963 Porro
2873 1921 3052 1962 autem
3077 1925 3106 1962 a
3135 1907 3240 1962 ﬁde
3267 1908 3430 1975 devii,
3463 1919 3747 1979 perpetua:
3770 1909 3922 1965 ozrci-

2316 2005 2442 2059 tatis
2471 2002 2709 2058 tenebris
2739 2001 3109 2073 implicantur,
3131 2000 3392 2057 habentes
3421 2002 3471 2057 in
3501 2004 3755 2073 proximo
3782 2004 3918 2057 diem

2315 2093 2517 2150 Christi
2544 2105 2598 2150 ct
2623 2094 2800 2149 lumen
2828 2093 3086 2150 Ecclesia:
3107 2136 3121 2160 ,
3151 2104 3205 2149 et
3235 2093 3369 2149 nihil
3397 2094 3647 2151 videntes
3677 2097 3921 2166 aperiunt

2315 2203 2377 2244 os
2407 2188 2559 2260 quasi
2603 2187 2836 2243 scientes
2873 2189 3052 2242 omnia
3080 2230 3096 2255 ,
3124 2187 3268 2243 acuti
3297 2187 3364 2243 ad
3396 2205 3531 2243 vana
3554 2231 3568 2254 ,
3599 2189 3830 2246 hebetes
3857 2189 3914 2242 ad

2316 2291 2553 2348 aeterna,
2587 2291 2642 2338 et
2688 2281 2861 2352 longa:
2891 2280 3269 2352 disputationis
3304 2294 3324 2320 ο
3351 2284 3597 2337 anfractu
3631 2284 3917 2354 pI’Odl'n'CS

2315 2377 2544 2433 inscitiae
2573 2377 2808 2448 proprize
2836 2377 3152 2433 caecitatem.
3181 2375 3366 2448 Itaque
3389 2375 3514 2431 dum
3541 2377 3772 2447 copiunt
3801 2376 3916 2432 sub-

2317 2469 2500 2526 tilihus
2525 2452 2740 2525 cvnlare
2771 2468 3113 2525 sermonibus
3133 2511 3148 2536 ,
3179 2469 3332 2540 quasi
3377 2479 3593 2526 noctua:
3625 2469 3681 2525 in
3720 2469 3915 2524 lumine

2319 2571 2680 2620 evanuerunt.
3727 2567 3732 2572 ’

2388 2657 2478 2712 87.
2510 2656 2834 2726 Vcspertilio
2870 2656 3069 2712 animal
3111 2656 3349 2729 ignobile
3392 2672 3422 2710 a
3446 2671 3676 2726 vespere
3725 2671 3905 2711 nomen

2317 2752 2547 2820 accepit.
2585 2750 2682 2804 Est
2711 2731 2888 2806 autem
2932 2749 3198 2816 volatilis,
3227 2749 3526 2820 eademque
3557 2751 3866 2821 quadrupes
3894 2792 3907 2815 ,

2317 2851 2373 2899 et
2399 2842 2650 2899 dentibus
2677 2844 2866 2909 utitur,
2898 2858 3036 2914 quos
3067 2843 3119 2898 in
3153 2843 3276 2896 aliis
3321 2843 3512 2897 avibus
3543 2845 3786 2914 reperire
3814 2859 3908 2896 nott

2315 2935 2513 2994 soleas.
2549 2936 2694 2992 Parit
2718 2947 2777 2992 ut
2801 2936 3192 3008 quadrupedia,
3224 2953 3331 2992 non
3353 2940 3510 3010 112
3531 2952 3655 3004 ova,
3680 2941 3774 2994 sed
3803 2937 3905 3006 pul-

2315 3031 2397 3087 los
2421 3031 2685 3088 viventes.
2720 3029 2922 3086 Volitat
2954 3031 3009 3085 in
3043 3046 3168 3086 aere
3211 3029 3395 3084 avium
3427 3045 3580 3086 more
3620 3046 3634 3096 ;
3665 3031 3760 3086 sed
3799 3045 3905 3084 crc-

2316 3125 2541 3194 pusculo
2566 3125 2878 3195 vespertino
2904 3120 2931 3160 ἀ
2961 3124 3241 3180 consuevit
3269 3121 3492 3178 oll‘undi.
3512 3123 3724 3189 Volitat
3743 3133 3903 3178 autem

610 3210 693 3270 De
721 3207 986 3266 nocturnis
1006 3206 1182 3261 avibus
1206 3221 1224 3271 ;
1250 3204 1306 3258 in
1332 3201 1513 3272 primis
1546 3199 1609 3254 de
1649 3196 1883 3299 (ascia-ite
1917 3191 2210 3299 incubanti:
2239 3233 2286 3299 Ο
2317 3232 2424 3273 non
2455 3217 2635 3288 aliquo
2664 3231 2986 3288 pennarum,
3011 3215 3106 3271 sed
3150 3216 3481 3272 membranae
3510 3231 3625 3270 sua:
3664 3215 3790 3270 fulta
3824 3231 3901 3270 rc-

680 3315 833 3362 cantu
862 3320 880 3360 :
910 3304 971 3357 de
1012 3309 1221 3364 noctua,
1253 3296 1608 3368 uespertilione
1639 3301 1685 3346 et
1713 3289 1894 3364 gallo;
1923 3287 2059 3342 unde
2085 3303 2211 3341 non-

677 3401 824 3457 nulla
846 3398 913 3452 ad
940 3405 1140 3452 nostros
1160 3408 1324 3448 mores
1349 3385 1822 3445 accommodantur.

686 3517 777 3572 ει.
810 3514 918 3571 Sed
936 3511 1063 3584 quid
1089 3511 1194 3565 hoc
1215 3509 1332 3564 est?
1351 3507 1485 3562 Dum
1508 3517 1814 3560 sermonem
1841 3500 2213 3571 producimus,

609 3623 742 3667 ecce
772 3606 865 3664 tibi
906 3607 1017 3675 jam
1049 3610 1105 3659 et
1147 3609 1429 3656 nocturnae
1462 3612 1590 3652 aves
1616 3593 2028 3658 circumvolant,
2062 3600 2117 3647 et
2161 3593 2214 3646 in

619 3719 690 3762 eo
729 3703 847 3772 ipso
895 3699 948 3754 in
980 3711 1088 3768 quo
1127 3691 1422 3750 ﬁniendum
1452 3702 1753 3746 sermonem
1787 3687 2100 3753 admonent,
2132 3688 2216 3739 sui

622 3809 842 3868 quoque
870 3786 1251 3848 assumendum
1281 3779 1856 3840 commemorationem
1884 3778 2210 3849 producunt.

615 3888 894 3961 Repetunt
953 3884 1182 3941 diversa:
1239 3892 1366 3936 aves
1412 3874 1613 3932 aviaria
1677 3887 1804 3939 sua,
1845 3885 1979 3943 quas
2025 3885 2217 3942 chper

611 3991 773 4040 nocte
796 3978 941 4050 cogit
968 3973 1234 4033 decedere
1258 4014 1274 4039 ,
1299 3978 1356 4027 et
1380 3983 1440 4026 se
1465 3967 1518 4024 in
1549 3962 1784 4022 latibulis
1813 3963 1927 4019 suis
1956 3962 2162 4018 abdunt
2197 4004 2214 4030 ,

595 4063 816 4133 canoro
846 4084 1097 4128 occasum
1127 4066 1234 4123 diei
1273 4061 1514 4122 carmine
1540 4068 1971 4132 prosequentes;
2006 4072 2074 4112 ne
2114 4059 2218 4111 im-

614 4182 810 4225 munes
855 4165 1054 4220 abeant
1093 4161 1426 4232 gratiarum,
1470 4155 1666 4227 quibus
1713 4163 2013 4210 creatorem
2059 4165 2216 4207 suum

619 4261 800 4318 omnis
828 4265 1076 4314 creatura
1107 4252 1398 4310 collaudat.

691 4357 782 4414 85.
817 4353 990 4410 Habet
1018 4351 1180 4407 etiam
1224 4363 1328 4404 nox
1359 4345 1601 4402 carmina
1627 4358 1754 4408 sua,
1786 4343 1986 4415 quibus
2010 4341 2220 4412 vigilias

614 4450 897 4507 hominum
935 4446 1177 4501 mulcere
1201 4440 1532 4505 ‘consuevit;
1567 4437 1733 4492 habet
1761 4445 1818 4492 et
1864 4443 2062 4491 noctua
2089 4450 2220 4490 suos

619 4549 832 4599 cantus.
861 4536 1000 4606 Quid
1041 4543 1220 4590 autem
1255 4532 1324 4588 de
1351 4529 1578 4587 luscinia
1610 4528 1786 4584 dicam
1807 4570 1822 4597 ,
1848 4543 1971 4600 quae
1997 4525 2220 4599 pervigil

2321 3309 2507 3381 migio,
2539 3324 2645 3380 quo
2686 3323 2948 3380 suspensa
2974 3307 3122 3363 velut
3148 3323 3450 3379 pennarum
3482 3308 3664 3362 volatu
3692 3308 3904 3362 (ircum-

2318 3403 2491 3460 fertur
2511 3411 2673 3474 atque
2701 3412 2725 3441 θ
2750 3410 3054 3474 vegetatur.
3083 3402 3249 3457 liabet
3291 3411 3348 3458 et
3387 3401 3513 3457 illud
3545 3401 3650 3456 hoc
3680 3402 3782 3456 vile
3805 3402 3904 3454 ani-

2319 3498 2449 3564 mal,
2474 3496 2617 3568 quod
2641 3496 2746 3552 sibi
2767 3495 2998 3552 invicem
3021 3493 3320 3560 adhaerent,
3343 3503 3398 3550 et
3423 3496 3576 3565 quasi
3607 3494 3660 3550 in
3689 3495 3899 3564 Speciem

2321 3590 2601 3664 botryonis
2647 3607 2711 3646 ex
2742 3589 2924 3661 aliquo
2951 3593 3072 3646 loco
3117 3588 3395 3661 pendent:
3429 3605 3494 3646 ac
3539 3589 3585 3646 si
3637 3606 3696 3645 se
3736 3589 3898 3643 ultima

2319 3700 2544 3756 quaeque
2573 3683 2854 3749 laxaverit,
2884 3699 3074 3738 onmes
3104 3683 3468 3738 resolvuntur.
3501 3681 3660 3749 Quod
3701 3682 3755 3737 ﬁt
3782 3697 3895 3752 quo-

2321 3781 2442 3836 dam
2477 3795 2700 3835 munere
2744 3777 3042 3845 charitatis,
3078 3793 3196 3850 qua:
3235 3777 3462 3834 difﬁcile
3502 3778 3556 3832 in
3611 3776 3897 3833 hominibus

2322 3872 2482 3942 hujus
2507 3871 2689 3927 tnundi
2719 3873 3007 3942 reperitur.

2391 3965 2481 4021 88.
2515 3965 2610 4020 Est
2639 3965 2799 4020 etiam
2830 3963 2950 4034 galli
2981 3972 3172 4020 cantus
3203 3963 3386 4019 suavis
3418 3963 3469 4018 in
3500 3963 3790 4030 noctibus;
3816 3973 3898 4016 nec

2322 4060 2494 4114 solum
2519 4058 2720 4122 suavis,
2753 4056 2845 4112 sed
2872 4058 3032 4111 etiam
3056 4056 3228 4122 utilis,
3257 4058 3346 4128 qui
3378 4056 3527 4126 quasi
3557 4056 3732 4110 bonus
3761 4055 3897 4110 colla-

2321 4152 2522 4208 bitator
2565 4160 2620 4206 et
2647 4150 3007 4205 dormientem
3052 4150 3276 4216 excitat,
3309 4158 3364 4204 et
3409 4148 3700 4204 sollicitum
3740 4146 3897 4203 admo-

2325 4253 2435 4309 net,
2467 4251 2522 4299 et
2548 4243 2781 4299 viantem
2814 4243 3039 4309 solatur,
3073 4257 3386 4312 processum
3416 4241 3593 4296 noctis
3623 4257 3816 4297 canora
3839 4240 3898 4293 si-

2322 4337 2667 4408 gniﬁcatione
2710 4345 3036 4408 protestans.
3070 4335 3182 4391 lloc
3215 4333 3234 4373 τ
3265 4344 3490 4391 canente
3520 4336 3658 4392 latro
3688 4351 3807 4391 suas
3830 4348 3899 4389 re-

2325 4431 2521 4502 linquit
2566 4429 2959 4494 insidias;hoc
3006 4430 3121 4500 ipse
3169 4428 3361 4484 lucifer
3404 4429 3676 4485 excitatus
3705 4431 3897 4495 oritur,

2325 4524 2630 4595 coelumque
2679 4523 2983 4589 illuminat;
3015 4523 3117 4580 hoc
3148 4533 3379 4579 canente
3408 4526 3722 4580 mmsiitiam
3757 4524 3899 4590 trepi-

619 4645 806 4692 custos
830 4647 952 4689 cum
979 4645 1080 4687 ova
1109 4626 1343 4699 quodam
1372 4625 1493 4681 sinu
1520 4623 1767 4694 corporis
1811 4631 1865 4678 et
1890 4621 2107 4689 gremio
2135 4619 2219 4675 fu-
2246 4635 2300 4695 D
2325 4621 2425 4676 dus
2469 4629 2628 4674 nauta
2659 4620 2876 4690 deponit
2906 4661 2920 4685 ,
2947 4619 3232 4691 omnisque
3261 4619 3456 4675 crebro
3481 4620 3802 4690 vespertinis
3821 4619 3898 4675 fla-

617 4737 751 4792 vet,
778 4728 1082 4782 insomnem
1114 4721 1288 4792 longa:
1319 4718 1492 4774 noctis
1514 4717 1754 4772 laborem
1781 4714 2064 4771 cantilenae
2090 4728 2216 4767 sua-

620 4821 786 4876 vitate
807 4818 1032 4882 solatur;
1065 4822 1123 4868 ut
1144 4811 1274 4867 mihi
1299 4809 1546 4866 videatur
1575 4813 1689 4864 hinc
1710 4822 1917 4864 summa
1948 4807 2066 4876 ejus
2097 4820 2219 4861 esse

615 4913 871 4979 intentio,
909 4923 1018 4982 quo
1063 4908 1236 4978 possit
1278 4920 1384 4978 non
1426 4904 1604 4959 minus
1644 4902 1894 4957 dulcibus
1934 4899 2166 4956 modulis
2204 4941 2219 4966 ,

618 5021 782 5080 quam
827 5005 939 5060 fotu
984 4997 1231 5070 corporis
1264 4996 1505 5052 animare
1551 5009 1649 5049 ova
1691 5009 1810 5064 qua:
1841 4993 2040 5048 foveat.
2074 4991 2222 5046 Hanc

620 5104 830 5161 imitata
857 5095 1034 5155 tenuis
1061 5094 1152 5150 illa
1179 5091 1400 5152 mulier.
1432 5089 1524 5146 sed
1547 5088 1761 5158 pudica,
1795 5089 1849 5143 in
1869 5085 1897 5126 ι)
1923 5102 2077 5142 usum
2108 5101 2224 5142 mo-

615 5194 687 5252 lae
713 5190 945 5265 lapidem
972 5184 1199 5245 brachio
1225 5181 1468 5248 trahens,
1492 5190 1552 5236 ut
1582 5180 1754 5251 possit
1781 5178 2100 5234 alimentum
2128 5192 2222 5249 pa-

611 5291 700 5346 nis
745 5287 859 5344 suis
890 5281 1129 5356 parvulis
1156 5293 1264 5333 non
1290 5275 1482 5332 deesse
1503 5316 1517 5340 ,
1543 5283 1810 5328 nocturno
1844 5280 2008 5328 cantu
2050 5286 2222 5328 mms-

618 5390 732 5438 tum
763 5374 1100 5452 paupertatis
1131 5369 1336 5427 mulcet
1355 5366 1628 5425 allectum.
1663 5363 1733 5421 Et
1757 5363 2010 5437 quamvis
2035 5365 2222 5421 suavi-

685 5573 713 5602 ι
734 5561 878 5618 Edit.
933 5558 1114 5628 fertur.
1150 5552 1302 5628 Mss.,
1336 5549 1577 5628 feriatur.

681 5633 712 5674 δ
735 5634 865 5688 Mss.
908 5618 1166 5700 quinque,
1194 5618 1452 5700 inlusam.
1483 5618 1760 5689 Totidem,
1787 5626 1844 5677 et
1891 5618 2025 5677 edit.
2057 5618 2209 5678 Cost.

610 5716 669 5766 et
696 5698 943 5778 quazdatri
973 5698 1173 5778 Paris,
1198 5698 1484 5778 incussum.

683 5764 730 5818 θ’
748 5770 968 5832 Amerb.
987 5781 1043 5828 et
1071 5772 1307 5836 Erasm.,
1331 5767 1572 5837 anfractu
1594 5764 1890 5838 prudentes,
1919 5765 2071 5823 inscii
2092 5780 2212 5837 pro-

601 5853 735 5928 pria:
758 5841 998 5906 inscitiae.
1024 5840 1344 5910 chitatem,
1382 5847 1488 5897 etc.

2327 4714 2469 4769 tibus
2519 4713 2749 4769 excitata
2797 4722 3091 4783 tempestas
3136 4722 3190 4768 et
3236 4713 3468 4783 procella
3518 4714 3789 4779 mitescit;
3821 4715 3902 4769 hoc

2327 4814 2556 4861 cmente
2581 4805 2802 4860 devotus
2823 4805 3045 4862 allectus
3071 4805 3328 4862 exsilitad
3346 4805 3697 4876 precandum,
3715 4805 3899 4877 legendi

2329 4915 2540 4970 quoque
2570 4912 2764 4952 munus
2794 4899 3059 4953 instaurat
3083 4915 3098 4963 ;
3126 4901 3226 4955 hoc
3253 4907 3527 4967 postremo
3548 4911 3778 4954 canente
3806 4899 3901 4970 ipsa

2334 4991 2586 5048 Ecclesia:
2616 5003 2766 5061 petra
2795 4992 3005 5062 culpam
3038 5006 3189 5047 suam
3218 4991 3393 5057 diluit,
3422 5008 3583 5062 quam
3612 4993 3898 5064 priusquam

2325 5085 2499 5156 gallus
2545 5096 2809 5150 cantaret,
2838 5084 3086 5156 negando
3135 5091 3500 5139 contraxerat.
3551 5083 3714 5138 Istius
3763 5095 3901 5140 cantu

2327 5193 2451 5249 spes
2479 5180 2728 5234 omnibus
2753 5178 2912 5243 redit,
2941 5177 3102 5248 aegris
3133 5178 3344 5232 levatur
3375 5176 3797 5240 incommodum,
3821 5172 3902 5228 mi-

2327 5271 2508 5326 nuitur
2531 5271 2687 5326 dolor
2713 5272 3014 5337 vulnerum,
3050 5270 3279 5326 febrium
3304 5269 3583 5340 ﬂagrantia
3611 5269 3898 5337 mitigatur,

2325 5364 2619 5423 revertitur
2649 5365 2781 5422 ﬁdes
2827 5365 3023 5437 lapsis,
3052 5364 3211 5421 Jesus
3238 5363 3534 5420 titubantes
3572 5363 3808 5434 reSpicit,
3833 5373 3900 5416 cr-

2391 5544 2419 5586 ἀ
2463 5549 2593 5605 Mss.
2622 5547 2850 5620 aliquot,
2876 5549 3137 5604 consuevit
3169 5546 3384 5616 oﬂ'endi.
3408 5616 3441 5620 η
3635 5553 3662 5573 ’

2325 5696 2337 5713 ἱ
2395 5621 2591 5748 vigor?
2625 5616 2783 5692 edii.,
2809 5631 3046 5693 vagatur.
3080 5622 3159 5678 Ex
3181 5621 3307 5676 Bas.
3326 5616 3714 5689 scllicet,apud
3739 5631 3896 5688 quem,

2325 5716 2475 5748 επιπο
2496 5719 2536 5748 να
2571 5717 2633 5748 ει.

2325 5700 2337 5713 ’
2477 5700 2528 5748 )⁷
2620 5735 2633 5748 .

2315 5700 2640 5823 επιῖτὲὸαιξῖέι·
2665 5765 2826 5822 sodes
2858 5765 3002 5822 hunc
3028 5765 3205 5824 locum
3235 5779 3360 5823 cum
3387 5761 3589 5835 hymno
3615 5759 3725 5819 diei
3747 5760 3899 5818 domi-

2318 5839 2458 5896 nica:
2487 5838 2555 5895 ad
2577 5838 2811 5897 Laudes.
