4150 6358
223 385 329 442 941

1485 374 1989 433 IIEXAEMERON.
2031 377 2160 434 LIB.
2207 379 2292 439 Vl.

3425 378 3538 434 242

228 511 415 560 rantes
441 497 690 572 corrigit.
722 497 962 570 Denique
1004 496 1241 567 respexit
1280 494 1499 552 Petrum
1523 536 1538 562 ,
1570 505 1623 552 et
1653 495 1835 551 statim
1864 495 1913 556 Α
1943 495 2092 550 cidit.
2111 496 2476 553 Exsultavitet
2495 494 2666 554 ludas
2686 495 2741 553 in
2762 495 3013 554 mercede
3040 496 3364 569 proditionis
3391 512 3535 564 suae,

225 612 385 654 error
413 594 678 650 abscessit
709 609 722 646 :
757 593 908 662 pulsa
942 597 1026 647 est
1050 590 1292 661 negatio,
1321 598 1504 645 secuta
1540 588 1826 645 confessio.

225 688 385 761 Quod
405 703 514 743 non
543 686 768 742 fortuito
793 684 1077 754 accidisse,
1108 683 1204 740 sed
1235 699 1300 739 ex
1321 683 1588 739 sententia
1620 681 1831 737 Domini

227 785 392 840 lectio
417 781 600 836 docet.
631 779 721 836 Sic
741 781 882 836 enim
913 779 1172 850 scriptum
1203 787 1319 845 est,
1348 777 1473 850 quia
1511 777 1648 832 dixit
1673 775 1831 832 .lesus

228 877 296 933 ad
331 876 613 933 Simonem
647 890 660 929 :
694 873 814 928 Non
840 873 1065 928 cantabit
1097 872 1290 946 gallus,
1319 872 1618 944 priusquam
1645 887 1725 926 me
1758 879 1833 927 ter

229 970 448 1040 abneges
471 966 687 1038 (Matth.
714 981 863 1034 xxvx,
897 965 1013 1038 54).
1049 965 1197 1021 Bene
1225 965 1376 1021 fortis
1404 964 1457 1019 in
1479 963 1569 1020 die
1592 963 1782 1020 Petrus
1814 1004 1830 1030 ,

230 1070 391 1118 nocte
423 1059 707 1125 turbatur;
732 1067 788 1115 et
813 1066 941 1115 ante
967 1057 1094 1130 galli
1121 1069 1336 1115 cautum
1367 1058 1584 1127 labitur,
1619 1065 1674 1113 et
1699 1057 1833 1113 labi-

228 1169 318 1215 tur
337 1156 528 1223 tertio;
556 1166 612 1211 ut
638 1155 779 1212 scias
811 1171 918 1212 non
945 1156 1248 1212 inconsulta
1275 1154 1538 1212 eﬂusione
1567 1154 1835 1211 sermonis

225 1264 348 1307 esse
382 1248 692 1320 prolapsum
713 1289 730 1316 ,
758 1247 854 1302 sed
895 1247 1091 1302 mentis
1120 1260 1337 1318 quoque
1355 1254 1379 1281 τι
1402 1245 1696 1301 mutatione
1719 1254 1832 1301 tur-

224 1343 435 1398 batum.
467 1339 614 1396 Idem
644 1347 825 1395 tamen
852 1341 992 1410 {post
1017 1339 1145 1410 galli
1183 1346 1399 1393 cantum
1428 1339 1487 1392 lit
1513 1336 1706 1392 fortior
1727 1378 1744 1404 ,
1781 1345 1836 1393 et

221 1436 334 1507 iam
369 1433 570 1504 dignus
599 1448 760 1504 quem
791 1431 1043 1488 Christus
1075 1431 1301 1501 aspiciat
1332 1447 1346 1486 :
1373 1428 1514 1485 oculi
1543 1430 1685 1485 enim
1730 1429 1836 1485 Do-

225 1529 361 1585 mini
408 1542 575 1598 super
599 1527 796 1597 justos.
819 1525 1052 1598 Agnovit
1078 1523 1291 1581 venisse
1342 1522 1676 1590 remedium,
1711 1531 1835 1594 post
1865 1512 1870 1514 ⁷

227 1622 372 1695 quod
398 1621 510 1691 jam
541 1635 727 1676 errare
751 1635 859 1676 non
901 1626 1087 1692 posset
1116 1636 1130 1673 :
1164 1629 1218 1674 et
1259 1619 1312 1674 in
1337 1618 1590 1674 virtutem
1635 1617 1704 1673 ab
1739 1633 1830 1674 er-

230 1731 357 1772 rore
383 1723 644 1782 mutatus,
676 1714 1016 1772 amarissime
1043 1714 1216 1779 ﬂevit;
1251 1723 1307 1771 ut
1327 1713 1577 1784 lacrymis
1599 1713 1712 1770 suis
1738 1712 1833 1770 de-

229 1808 366 1867 leret
386 1823 628 1866 errorem
640 1849 653 1864 .

804 1923 1031 1982 CAPUT
1082 1922 1249 1980 XXV.

228 2061 332 2118 Piu
388 2063 630 2118 Auctoris
689 2062 936 2133 precatio.
991 2060 1364 2135 Lacrymarum
1433 2061 1829 2118 commendatio.

300 2155 546 2210 Dimissio
568 2155 865 2210 auditorum
889 2155 958 2209 ad
980 2155 1326 2225 refectionem.
1348 2151 1581 2225 Denique
1596 2151 1663 2207 ad
1688 2170 1832 2225 mys-

305 2251 436 2302 teria
460 2248 720 2303 Doutinici
742 2249 969 2320 corporis
999 2248 1246 2302 invitatio.

300 2363 390 2420 89.
407 2363 636 2435 Resttice
653 2379 751 2421 nos
768 2380 1004 2436 quoque,
1033 2363 1260 2420 Domine
1277 2362 1427 2432 Jesu,
1452 2372 1510 2419 ut
1526 2373 1692 2420 etnos
1706 2380 1832 2438 pro-

228 2458 342 2530 pria
369 2472 692 2530 recognosca
703 2475 819 2514 mus
842 2467 1041 2521 errata.
1059 2458 1333 2513 solvamus
1360 2459 1461 2528 piis
1483 2457 1697 2514 ﬂetibus
1719 2460 1833 2516 cul-

229 2567 699 2622 patn,ymereamur
729 2552 1121 2623 indulgentiam
1150 2561 1520 2623 peccatorum.
1553 2550 1682 2608 ldeo
1703 2566 1832 2607 con-

223 2643 370 2698 sulto
390 2659 699 2701 sermonem
735 2645 1126 2716 protraximus;
1156 2652 1214 2699 ut
1242 2643 1398 2700 nobis
1425 2658 1640 2715 quoque
1659 2644 1835 2715 gallus

223 2746 490 2806 cantaret,
514 2749 569 2796 et
599 2740 946 2812 loquentibus
974 2739 1310 2808 subveniret,
1339 2755 1446 2810 quo
1466 2740 1513 2795 si
1533 2737 1677 2810 quod
1705 2737 1837 2795 deli-

225 2840 375 2887 cmtn
401 2832 739 2903 obrepsisset
769 2834 819 2888 in
851 2835 1037 2900 verbo,
1057 2832 1294 2905 culpam,
1315 2831 1556 2900 Christe,
1577 2832 1830 2891 donares.

230 2921 333 2988 Da,
363 2939 572 2992 quaeso,
602 2924 867 2995 lacrymas
893 2925 1061 2993 Petri,
1090 2927 1218 2981 nolo
1239 2925 1483 2996 laetitiam
1509 2925 1834 2995 peccatoris.

229 3014 526 3071 Fleveruut
572 3016 808 3081 Hebraei,
849 3026 904 3072 et
951 3032 1047 3087 per
1074 3032 1224 3073 mare
1259 3027 1387 3073 sunt
1433 3017 1836 3074 dehiscentibus

229 3107 391 3162 undis
420 3107 654 3164 liberati.
684 3109 920 3166 Lzetatus
954 3119 1039 3166 est
1068 3110 1278 3166 Pharao
1306 3109 1448 3181 quod
1478 3110 1736 3166 Hebraeos
1758 3120 1838 3166 te-

1936 587 2032 642 sed
2076 587 2245 658 ipsius
2291 605 2353 646 se
2389 590 2544 663 113
2592 591 2865 648 mercedis
2909 591 3101 664 laqueo
3156 591 3538 662 strangulavit.

1937 678 2112 734 Flevit
2140 695 2382 737 errorem
2426 697 2584 738 suum
2630 681 2843 752 Petrus,
2872 691 2930 740 et
2967 682 3166 740 meruit
3194 693 3252 738 ut
3304 683 3536 739 aliorum

1935 771 2180 828 aboleret
2202 788 2439 830 errores.

2007 865 2098 920 90.
2131 867 2237 922 Sed
2263 866 2375 938 jam
2420 877 2630 941 tempus
2676 879 2761 926 est
2787 885 2894 942 quo
2921 868 3078 926 linire
3127 883 3436 926 sermonem
3477 877 3536 925 et

1936 957 2191 1013 claudere
2241 957 2538 1016 debeamus
2582 977 2598 1016 :
2653 971 2866 1033 tempus
2915 972 2998 1018 est
3049 978 3157 1034 quo
3210 962 3406 1018 melius
3449 969 3546 1017 aut

1936 1058 2180 1122 tacetur,
2211 1063 2305 1110 aut
2349 1053 2511 1111 ﬂetur
2543 1072 2557 1110 :
2591 1065 2806 1126 tempus
2853 1066 2940 1112 est
2968 1072 3078 1127 quo
3106 1057 3418 1113 celebratur
3459 1055 3546 1112 in-

1936 1146 2211 1219 dulgentia
2242 1158 2612 1219 peccatorum.
2638 1147 2809 1205 Nobis
2828 1163 3044 1220 quoque
3081 1149 3253 1219 gallus
3289 1151 3393 1206 iste
3427 1163 3548 1220 my-

1936 1242 2104 1297 sticus
2143 1241 2198 1297 in
2241 1230 2411 1298 sacris
2436 1251 2652 1309 cantet;
2682 1241 2940 1314 quoniam
2961 1242 3072 1313 jam
3103 1241 3249 1298 Petri
3280 1243 3450 1315 gallus
3479 1242 3539 1298 in

1939 1343 2126 1412 nostro
2175 1351 2427 1393 sermone
2473 1337 2734 1393 cantavit.
2784 1335 2940 1392 Fleat
2984 1351 3084 1405 pro
3131 1336 3287 1392 nobis
3314 1337 3534 1402 Petrus,

1937 1428 2030 1499 qui
2074 1443 2172 1499 pro
2199 1443 2260 1484 se
2287 1429 2428 1486 bene
2453 1429 2600 1486 ﬂevit
2629 1439 2684 1486 et
2710 1429 2766 1485 in
2813 1445 2912 1485 nos
2938 1427 3025 1500 pia
3052 1426 3256 1485 Christi
3283 1445 3375 1484 ora
3406 1443 3544 1484 con-

1937 1531 2130 1578 vertat.
2160 1523 2503 1594 Approperet
2524 1522 2656 1580 Jesu
2683 1521 2891 1580 domini
2917 1523 3119 1594 passio,
3146 1538 3266 1594 quze
3294 1521 3542 1593 quotidie

1937 1613 2133 1670 delicta
2163 1623 2349 1672 nostra
2389 1615 2662 1673 condonat
2681 1657 2697 1686 ,
2729 1624 2786 1674 et
2809 1629 3008 1672 munus
3042 1613 3380 1671 remissionis
3409 1626 3546 1684 Ope-

1936 1717 2108 1764 ratur.

2007 1802 2098 1857 9t.
2139 1801 2324 1858 Bonus
2354 1803 2612 1860 Dominus
2663 1802 2939 1861 dimittere
2959 1803 3174 1876 jejunos
3225 1817 3337 1858 non
3388 1801 3545 1868 vult.

1860 1902 1909 1963 Β
1936 1909 2004 1950 ne
2035 1895 2160 1966 quis
2209 1894 2435 1952 deﬁciat
2462 1897 2516 1952 in
2544 1897 2652 1953 via.
2678 1897 2734 1955 Si
2764 1897 2854 1954 ille
2880 1898 3052 1966 dicit,
3093 1895 3346 1952 Misereor
3375 1893 3544 1969 115

1944 1990 2100 2063 hujus
2145 1990 2312 2046 turba:
2331 2008 2352 2058 ;
2377 1992 2499 2061 quia
2541 1993 2772 2047 triduum
2798 2002 2874 2048 est
2896 1993 3036 2064 quod
3061 2001 3389 2064 perseuerant
3435 2007 3545 2046 me-

1941 2099 2090 2153 cum,
2125 2093 2175 2138 et
2213 2101 2318 2139 non
2364 2085 2548 2140 habent
2582 2101 2787 2154 escam,
2830 2095 2878 2142 et
2921 2087 3177 2142 dimittere
3206 2101 3291 2141 eos
3327 2085 3544 2159 jejuno:

1941 2179 2061 2234 nolo
2085 2221 2102 2248 ,
2140 2196 2205 2235 ne
2231 2179 2475 2250 deﬁciant
2496 2180 2550 2235 in
2587 2181 2668 2235 via
2693 2179 2949 2253 (Matth,
2975 2195 3066 2247 xv,
3095 2179 3165 2236 32
3185 2177 3236 2251 );
3267 2178 3424 2250 cujus
3463 2178 3550 2234 in-

1941 2281 2086 2330 tenta
2113 2275 2356 2331 sermoni
2382 2274 2549 2331 Maria
2579 2284 2870 2346 apparatus
2899 2274 3183 2331 recusabat
3209 2277 3498 2345 epularum
3524 2291 3542 2332 :

1940 2377 2145 2438 quanto
2192 2368 2364 2440 magis
2412 2383 2512 2426 nos
2557 2368 2906 2426 considerare
2951 2368 3250 2435 debemus,
3276 2369 3401 2440 quia
3431 2382 3547 2425 non

1935 2459 2090 2515 multi
2121 2471 2285 2528 sunt,
2312 2461 2404 2532 qui
2430 2460 2484 2516 in
2511 2462 2681 2518 verbo
2712 2461 2808 2518 Dei
2841 2461 3049 2528 vivunt,
3079 2469 3136 2517 et
3162 2459 3286 2516 ideo
3316 2459 3549 2517 refectio

1935 2555 2186 2626 corporis
2231 2555 2601 2612 desideratur!
2629 2554 2793 2613 Certe
2840 2556 2987 2612 illius
3031 2555 3195 2613 tridui
3245 2553 3542 2612 nostruml-

1938 2645 2043 2704 hoc
2072 2647 2336 2719 postridie
2363 2649 2690 2705 laboriosius
2719 2657 2826 2706 est.

2014 2739 2105 2794 92.
2147 2739 2218 2795 Et
2261 2739 2385 2797 ideo
2433 2742 2525 2812 qui
2571 2754 2694 2796 cum
2721 2739 2913 2796 avibus
2941 2738 3196 2806 lusimus,
3229 2753 3355 2795 cum
3397 2737 3546 2811 gallo

1938 2831 2306 2900 cantavimus,
2352 2832 2464 2904 jam
2499 2833 2713 2889 Domini
2755 2847 3016 2889 canamus
3058 2832 3350 2905 mysteria,
3379 2840 3435 2888 et
3475 2831 3546 2888 ad

1938 2941 2140 2999 corpus
2166 2927 2297 2984 Jesu
2327 2928 2653 2985 conveniant
2671 2927 2866 2998 aquilae
2895 2935 3243 2999 peccatorum
3266 2925 3545 2984 ablutione

1939 3029 2251 3086 renovatae;
2273 3020 2386 3092 jam
2416 3021 2561 3077 enim
2596 3032 2749 3077 cetus
2776 3020 2867 3076 ille
2898 3036 3128 3092 magnus
3158 3035 3347 3077 verum
3386 3019 3545 3077 nobis

1938 3113 2129 3171 Jonam
2158 3114 2392 3172 reddidit
2423 3132 2438 3170 :
2461 3124 2518 3171 et
2545 3115 2879 3186 gratulemur
2900 3113 3046 3186 quod
3073 3113 3246 3170 factus
3273 3121 3358 3169 est
3385 3112 3545 3170 nobis

229 3199 397 3256 nebat
425 3191 664 3257 inclusos
689 3242 705 3269 ,
732 3211 788 3257 et
817 3201 954 3257 mari
983 3217 1195 3259 mersus
1224 3217 1346 3260 cum
1377 3202 1576 3274 populo
1605 3217 1704 3258 suo
1739 3217 1832 3260 oc-
1859 3219 1909 3286 ρ
1941 3223 2169 3280 vespere
2196 3207 2315 3266 dies
2343 3208 2596 3281 quintus;
2631 3207 2724 3264 ﬂat
2752 3206 2910 3264 nobis
2938 3221 3098 3264 mane
3126 3206 3244 3263 dies
3266 3213 3476 3263 sextus.

232 3405 262 3459 ὁ
300 3342 333 3459 ἐι
359 3335 491 3392 Mss.
521 3337 731 3410 aliquot
755 3348 808 3395 et
841 3338 976 3394 edit.
1005 3339 1128 3395 Am.
1162 3355 1227 3396 ac
1252 3338 1397 3407 Pet.,
1428 3341 1694 3396 nutatione
1721 3351 1833 3398 tur-

265 3423 295 3459 a
321 3424 427 3459 um.

265 3423 427 3460 amm.

307 3476 332 3515 ι»
365 3477 458 3535 Sic
487 3481 620 3538 edit.
643 3497 855 3552 omnes,
879 3493 935 3538 et
955 3483 1200 3540 nonnulli
1226 3497 1360 3539 mss.
1383 3483 1455 3540 At
1479 3481 1643 3540 Carn.
1668 3481 1836 3540 Corb.

231 3547 335 3602 Th.
362 3565 425 3606 ac
450 3552 585 3624 Reg.
635 3567 748 3627 post
795 3547 980 3626 pridie.
1024 3555 1140 3626 Big.
1194 3564 1248 3611 et
1292 3555 1487 3623 Gem.,
1537 3557 1842 3628 postridui.,

1939 3346 2150 3417 Germ.,
2173 3345 2357 3419 Colb.,
2383 3361 2506 3402 cum
2529 3345 2696 3415 Vict.,
2725 3346 2938 3402 duobus
2957 3334 3302 3419 postriduum.
3331 3344 3415 3419 lng
3442 3343 3544 3402 hac

1943 3427 2125 3476 autem
2155 3418 2466 3491 diversitate
2495 3427 2657 3491 atque
2697 3417 3029 3478 obscuritate
3057 3419 3321 3490 Optimum
3367 3417 3544 3475 visum

1947 3501 2032 3548 est
2061 3506 2168 3548 non
2197 3489 2455 3548 recedere
2481 3489 2552 3548 ab
2571 3489 2709 3549 edit.

230 3681 3524 3724 W

1422 3781 1770 3876 LIBER
1844 3791 2340 3881 SEXTUS.
3124 3734 3141 3748 ’

1129 3970 1280 4040 DE
1385 3969 1794 4043 OPEBE
1899 3970 2278 4048 SEXTI
2379 3974 2670 4056 DIEI.

565 4123 792 4182 CAPUT
832 4121 1116 4180 PRIMUM.
1161 4123 1180 4196 (
1209 4123 1400 4179 Sermo
1426 4122 1562 4194 IX.)

244 4258 424 4317 Ultimi
464 4262 631 4337 hujus
665 4261 920 4316 sermonis
949 4260 1224 4330 difﬁcultas
1264 4258 1500 4330 exemplo
1543 4261 1846 4316 certantium

309 4355 366 4408 in
402 4355 542 4410 ludis
576 4353 794 4425 publicis
835 4351 1156 4422 explicatur;
1179 4360 1330 4422 atque
1358 4367 1391 4404 a
1419 4367 1592 4405 rerum
1611 4393 1625 4417 ,
1649 4352 1714 4406 de
1731 4353 1849 4424 qui-

311 4447 403 4502 bus
450 4450 658 4522 agitur,
679 4445 1011 4521 jucunditate
1048 4445 1367 4514 utilitateque
1403 4445 1707 4500 conciliatur
1765 4455 1847 4501 at-

313 4541 487 4597 tentia.

315 4679 369 4736 1.
407 4679 608 4736 Sextus
649 4679 752 4734 iste
793 4685 877 4735 est
903 4677 1056 4746 dies,
1095 4693 1202 4750 quo
1249 4677 1536 4734 mundana:
1583 4689 1851 4739 creaturae

1951 4126 2338 4196 Opprobriutn,
2382 4139 2438 4186 et
2479 4128 2726 4186 vincendi
2773 4127 3055 4200 praemium
3089 4145 3102 4183 :
3132 4135 3336 4200 quanto
3377 4127 3552 4200 magis

1954 4215 2007 4273 in
2037 4217 2142 4275 hoc
2186 4228 2336 4277 tanto
2362 4235 2535 4294 agone
2560 4223 2863 4294 sapientize,
2918 4229 3070 4278 tanto
3094 4237 3202 4278 non
3253 4235 3550 4294 paucorum

1950 4310 2049 4366 sed
2099 4313 2473 4370 universorum
2520 4315 2760 4386 judicio,
2809 4330 2932 4371 cum
2993 4313 3156 4371 hodie
3197 4313 3354 4371 nobis
3398 4314 3553 4372 velut

1950 4402 2197 4472 quaedam
2245 4407 2557 4463 certaminis
2603 4421 2806 4463 corona
2833 4407 3120 4479 procedat,
3147 4407 3324 4478 major
3348 4407 3551 4464 sollici-

1949 4494 2081 4550 tudo
2125 4498 2305 4568 angit;
2344 4514 2412 4555 ne
2441 4507 2495 4556 et
2543 4500 2886 4571 superiorum
2927 4498 3265 4556 eﬂ'undamus
3308 4499 3552 4558 laborem

1954 4587 2204 4660 dierum,
2254 4602 2310 4649 et
2363 4595 2646 4664 praesentis
2700 4595 2988 4651 subeamus
3035 4595 3318 4666 pudorem.
3363 4593 3554 4666 Neque

1958 4684 2102 4740 enim
2144 4685 2332 4742 eadem
2384 4686 2600 4744 dicendi
2649 4688 2925 4756 conditio,
2956 4704 3077 4760 quae
3118 4687 3346 4745 canendi
3390 4697 3556 4760 atque

249 4771 398 4843 origo
441 4772 824 4838 cuncluditnr;
876 4781 930 4827 et
977 4771 1098 4827 ideo
1147 4773 1307 4826 etiam
1357 4775 1627 4829 sermonis
1670 4776 1843 4832 nostri
1870 4765 2220 4844 Dluctandi;
2248 4793 2370 4834 cum
2398 4778 2452 4836 in
2491 4780 2602 4836 illis
2627 4780 2785 4837 ludus
2811 4780 3143 4849 oﬂensionis,
3170 4782 3221 4835 in
3249 4781 3352 4836 isto
3371 4779 3555 4851 lapsus

250 4879 406 4935 quem
437 4869 505 4925 de
534 4879 562 4907 τι
593 4883 772 4924 rerum
801 4866 1046 4924 exordiis
1070 4867 1467 4934 assumpsimus
1491 4907 1506 4932 ,
1539 4867 1664 4924 linis
1690 4884 1850 4940 para-

253 4965 354 5014 tur.
386 4960 485 5028 Qui
530 4961 636 5020 etsi
664 4977 759 5032 per
801 4960 1038 5031 quinque
1063 4958 1174 5030 jam
1205 4958 1323 5014 dies
1354 4974 1459 5013 non
1483 4959 1744 5017 mediocri
1772 4962 1850 5017 la-

252 5049 379 5108 bore
409 5055 565 5112 nobis
595 5052 959 5125 processerit;
993 5060 1172 5108 tamen
1207 5050 1470 5108 hodierno
1499 5051 1610 5120 die,
1643 5054 1851 5124 majore

255 5158 500 5206 curarum
531 5150 799 5206 accrescit
845 5147 1087 5214 ftenore,
1115 5147 1243 5219 quia
1270 5147 1325 5201 in
1374 5145 1479 5202 hoc
1507 5157 1563 5202 et
1598 5141 1849 5218 superioé-

256 5253 373 5296 rum
419 5242 628 5300 dierum
675 5241 976 5314 periculum
1001 5250 1120 5309 est,
1148 5249 1203 5296 et
1244 5241 1408 5295 totius
1435 5254 1645 5295 summa
1675 5250 1851 5296 certa-

259 5335 433 5392 minis.
465 5339 682 5396 Etenim
729 5337 774 5393 si
806 5337 862 5392 in
903 5335 1101 5391 ﬁdibus
1127 5343 1221 5390 aut
1248 5334 1499 5390 cantibus
1534 5344 1592 5390 et
1621 5333 1851 5390 athleta-

261 5443 376 5486 rum
401 5432 841 5490 contentionibus
861 5430 1071 5487 crebris
1099 5430 1226 5488 licet
1246 5442 1302 5486 et
1327 5429 1579 5487 maximis
1606 5431 1849 5499 ludicris,

263 5532 438 5584 tamen
459 5530 767 5602 superiores
790 5529 906 5584 dies
931 5529 1048 5584 sine
1076 5528 1190 5584 ullo
1244 5543 1461 5585 coronae
1485 5528 1856 5600 transiguntur

266 5618 580 5694 dispendio,
613 5634 922 5696 postremus
966 5631 1144 5678 autem
1190 5623 1310 5680 dies
1338 5621 1502 5680 habet
1527 5632 1728 5680 sortem
1758 5637 1854 5678 co-

267 5725 432 5781 ronae,
460 5717 642 5790 inquo
669 5725 725 5774 et
751 5714 1080 5772 decernendi
1102 5716 1400 5787 periculum
1421 5726 1527 5784 est,
1550 5725 1606 5774 et
1628 5715 1856 5774 cedendi

343 5853 368 5881 δ
391 5850 524 5909 Tres
546 5867 680 5908 mss.
707 5852 771 5907 de
794 5851 991 5906 dierum
1019 5851 1264 5908 exordiis.

1952 4870 2026 4925 sit
2050 4870 2260 4926 mortis.
2293 4871 2406 4928 lllic
2431 4873 2476 4928 si
2509 4887 2721 4945 pecces,
2752 4876 3111 4946 spectantium
3143 4872 3417 4929 fastidium
3441 4881 3550 4932 est:

1951 4960 2041 5020 hic
2069 4961 2325 5020 damnum
2353 4973 2436 5021 est
2460 4966 2818 5024 audientium.

2024 5055 2081 5110 2.
2115 5059 2369 5116 Assistite
2418 5060 2582 5133 igitur
2604 5063 2736 5120 mihi
2766 5076 3037 5136 tamquam
3062 5079 3278 5121 corona:
3302 5063 3548 5136 judices.

1955 5156 2010 5204 et
2036 5147 2381 5220 ingredimini
2407 5168 2620 5210 mecum
2653 5156 2706 5210 in
2746 5154 2851 5212 hoc
2878 5170 3129 5225 magnum
3152 5163 3208 5210 et
3235 5153 3553 5210 admirabile

1956 5242 2122 5299 totius
2148 5243 2377 5302 visibilis
2419 5247 2688 5306 theatrum
2731 5258 3015 5306 creaturas.
3046 5249 3256 5304 Etenim
3286 5248 3335 5302 si
3377 5247 3424 5302 is
3464 5245 3557 5314 qui

1957 5339 2208 5411 explorat
2251 5357 2518 5398 novorum
2543 5344 2810 5401 adventus
2836 5343 3108 5413 hospitum
3127 5383 3144 5410 ,
3179 5349 3290 5395 toto
3319 5354 3414 5396 eos
3440 5338 3554 5396 cir-

1957 5434 2238 5491 cumducit
2268 5437 2418 5494 urbis
2443 5439 2646 5494 ambitu
2668 5477 2686 5504 ,
2719 5436 3096 5509 praestantiora
3121 5445 3354 5505 qumque
3393 5447 3560 5505 opera

1958 5526 2362 5595 demonstrans,
2391 5545 2499 5585 non
2527 5529 2856 5586 mediocrem
2882 5528 3026 5582 locat
3053 5523 3284 5597 gratiam
3315 5545 3329 5580 :
3361 5535 3564 5598 quanto

1960 5623 2136 5708 magis
2161 5624 2281 5680 sine
2306 5622 2526 5679 fastidio
2549 5625 2799 5694 accipere
2821 5617 3060 5684 debetis,
3083 5615 3231 5689 quod
3259 5617 3412 5676 velut
3429 5634 3568 5691 qua-

1961 5713 2089 5770 dam
2121 5716 2392 5773 sermonis
2419 5729 2580 5771 manu
2600 5713 2630 5753 h
2662 5728 2758 5783 per
2784 5713 2928 5768 hanc
2954 5721 3306 5784 communem
3335 5725 3436 5769 vos
3464 5710 3574 5768 cir-

341 5912 368 5951 ¹³
394 5921 522 5981 Mss.
558 5925 750 5991 Carn.,
799 5921 988 5992 Corb.,
1035 5921 1140 5978 Th.
1189 5937 1252 5980 ac
1297 5921 1498 5993 Regius
1521 5962 1537 5991 ,
1570 5939 1659 5993 per
1700 5923 1832 5977 hanc
1881 5915 2284 5978 communionem
2306 5928 2393 5969 vos
2417 5912 2740 5968 circumduce
2763 5912 2818 5967 in
2847 5909 3092 5984 patriam.
