4150 6358
589 322 698 394 an;

1917 303 2520 384 SANCTIAMBROSH

3791 311 3894 370 ω

593 437 860 494 (ξιιιιίᾱιιρο
891 437 1049 512 114Ι
1069 436 1394 508 patriam,et
1423 431 1756 506 singularum
1785 428 2191 502 rcrumspecies
2219 431 2270 490 Α
2297 435 2390 478 aut
2435 423 2754 497 spondylis:
2807 433 2898 480 aut
2943 425 3194 498 poculum
3241 425 3446 482 bibitur
3491 425 3638 502 quod
3681 426 3894 483 diverso

597 541 650 586 et
675 546 872 602 genera
903 533 1238 598 demonstro,
1269 543 1336 586 ex
1365 527 1616 584 omnibus
1657 527 1914 599 Colligere
1940 524 2188 594 cupiens,

593 633 797 696 quanto
840 623 992 680 vobis
1030 631 1243 678 creator
1280 623 1658 678 universorum
1703 621 1932 692 gratiam
1979 617 2194 674 uberio-

593 707 742 784 rem,
788 733 945 788 quam
1008 717 1278 773 universis
1328 715 1634 772 donaverit.
1665 715 1834 772 Vobis
1879 715 2042 788 igitur
2079 712 2194 768 haec

593 825 791 865 corona
839 812 1198 884 proponitur,
1225 825 1324 866 vos
1361 811 1522 866 hodie
1564 810 1724 882 cupio
1769 819 1952 864 vestro
1991 805 2196 880 judicio

593 917 873 960 coronare.
906 901 1020 959 Non
1050 905 1194 960 enim
1243 919 1342 960 nos
1377 903 1706 958 athletarum
1753 902 1913 958 modo
1949 917 2196 956 marcen-

593 995 665 1050 tia
698 1005 842 1051 serta
887 995 1236 1070 deposcimus
1265 1037 1280 1064 ,
1313 995 1408 1052 sed
1453 995 1627 1050 viride
1659 1004 1854 1050 vestrae
1898 993 2198 1050 sanctitatis

595 1101 831 1144 exat‘nen
859 1105 873 1156 ;
903 1103 1011 1160 quo
1052 1087 1362 1144 decernatis
1389 1103 1487 1160 per
1514 1104 1702 1142 ()llilies
1730 1085 1948 1158 quidem
1985 1094 2198 1142 creatu-

593 1199 683 1238 ras
709 1183 1103 1254 providentiam
1135 1192 1421 1254 penetrare
1451 1179 1711 1246 divinum,
1734 1181 1826 1238 sed
1849 1196 1967 1235 cum
1987 1179 2200 1236 creteris

593 1263 746 1330 vobis
797 1290 1086 1332 commune
1133 1290 1411 1346 corporea:
1467 1273 1770 1348 fragilitatis
1819 1288 1938 1328 esse
1977 1287 2200 1329 consur-

593 1369 727 1424 tium
751 1409 766 1436 ,
799 1383 909 1440 prin
935 1368 1147 1424 castoris
1177 1355 1355 1421 tanien
1385 1382 1483 1422 vos
1512 1367 1676 1422 animi
1704 1367 1897 1422 virtute
1926 1374 2196 1432 constare,

595 1475 718 1534 quae
739 1461 854 1515 sola
882 1461 1014 1516 nihil
1045 1461 1200 1517 habet
1225 1449 1512 1516 commune
1541 1449 1664 1516 cum
1693 1449 1936 1536 cieteris.

1223 1557 1556 1658 CAPUTlL

599 1709 682 1765 Ad
726 1710 1048 1766 tractandum
1093 1713 1156 1766 de
1195 1711 1474 1768 bestiarum
1504 1719 1690 1766 natura
1720 1710 2018 1766 Ambrosius
2059 1725 2206 1764 acce-

2292 515 2475 572 colorc
2505 527 2668 586 atque
2697 515 2866 573 odore
2897 517 2950 572 in
2977 515 3186 574 alienos
3219 529 3461 574 mutetur
3489 533 3718 588 sapores
3745 534 3760 572 :
3787 533 3896 573 ma-

2293 609 2470 666 ritima
2523 609 2790 676 terrenis,
2821 620 3038 667 terrena
3079 611 3364 666 maritimis
3407 611 3736 668 farciuntur.
3787 611 3896 668 Hoc

2293 715 2377 760 est
2405 705 2806 776 reprehendere
2853 705 3248 778 providentiam
3273 703 3554 762 Creatoris
3575 748 3591 772 ,
3617 705 3710 776 qui
3741 705 3894 762 nobis

2295 799 2360 854 ad
2391 799 2590 855 victum
2637 800 2816 855 omnia
2846 799 3094 866 donavit,
3125 799 3269 872 quod
3295 815 3400 855 non
3445 799 3538 855 illa
3571 797 3850 856 miscuerit
3879 817 3894 856 :

2295 893 2388 948 sed
2413 893 2525 948 lucc
2551 893 2727 950 dulcia
2751 893 2928 966 primo
2950 893 3223 960 videntur,
3245 903 3300 950 et
3323 903 3508 964 postea
3535 895 3670 948 fiunt
3690 907 3891 949 amara.

2297 986 2416 1056 Quo
2447 987 2591 1044 enim
2639 990 2910 1060 copiosior
2957 987 3116 1044 fuerit
3157 987 3421 1057 luxuries,
3451 1004 3518 1044 eo
3547 989 3896 1060 perniciosior

2301 1083 2712 1152 intemperantia
2743 1093 2846 1138 est.
2883 1081 3110 1138 Elismus
3153 1091 3336 1138 autem
3385 1097 3570 1137 amara
3615 1083 3892 1152 apposuit,

2300 1175 2395 1232 sed
2431 1187 2613 1246 postea
2637 1175 2774 1231 facta
2797 1185 2924 1232 sunt
2945 1177 3144 1232 dulcia.
3177 1177 3417 1248 Denique
3443 1177 3688 1248 quiante
3711 1177 3764 1231 in
3807 1175 3893 1231 illo

2299 1269 2422 1324 cibo
2470 1267 2696 1324 mortem
2747 1269 3047 1340 putabant,
3083 1277 3272 1340 postea
3317 1267 3370 1324 in
3405 1283 3472 1324 eo
3517 1267 3806 1325 suavitatis
3847 1275 3898 1324 et

2301 1361 2424 1418 vittc
2453 1362 2682 1433 gratiam
2713 1373 2836 1418 sunt
2867 1361 3074 1434 adepti.

2377 1455 2430 1509 6.
2473 1454 2656 1526 Neque
2687 1470 2876 1510 rursus
2919 1455 3189 1512 formidini
3231 1465 3346 1521 est,
3375 1469 3444 1511 ne
3485 1454 3680 1528 plures
3725 1453 3902 1511 videar

2305 1547 2590 1616 invitasse,
2625 1563 2785 1620 quam
2817 1565 3035 1620 possum
3067 1565 3314 1622 pascere,
3342 1557 3396 1605 et
3435 1549 3590 1604 vobis
3621 1563 3792 1618 panes
3815 1547 3904 1603 dc-

2307 1639 2491 1696 ficiant
2523 1643 2810 1698 verborum
2845 1657 3124 1710 meorum;
3157 1643 3278 1714 quia
3311 1651 3366 1698 et
3403 1641 3633 1697 Elisteus
3663 1643 3768 1698 etsi
3801 1655 3904 1697 me-

2309 1735 2416 1790 rito
2457 1735 2794 1792 inimitabilis
2824 1737 2982 1792 nobis
3023 1735 3320 1792 imitandus
3355 1737 3488 1800 fide,
3521 1753 3628 1791 non
3665 1735 3903 1791 conside-

673 1805 752 1860 dit
798 1822 818 1860 :
867 1805 1192 1878 Scripturom
1238 1807 1540 1878 simpliciter
1593 1805 1946 1877 accipiendam
1991 1807 2136 1860 docet
2180 1821 2198 1860 :

2307 1827 2448 1882 ravit
2475 1839 2706 1897 quamos
2736 1843 2904 1900 panes
2933 1831 3182 1894 haberet,
3209 1829 3307 1884 sed
3347 1843 3484 1900 quos
3517 1827 3745 1884 haberet
3779 1827 3904 1883 divi-

673 1901 894 1958 instituit
921 1903 1000 1956 sui
1033 1918 1146 1956 cum
1183 1919 1409 1974 paupere
1455 1903 1668 1958 conviva
1713 1901 2154 1973 comparationem
2182 1915 2202 1955 :
2243 1903 2252 1910 '

670 1997 904 2051 curiosas
939 1997 1246 2067 quaestiones
1283 1995 1554 2069 fugiendas
1601 2005 1771 2050 monet
1785 2009 1807 2060 ;
1843 2009 2054 2064 eamque
2091 2009 2200 2048 rem

674 2088 876 2161 Moysis
904 2089 1132 2161 eaanplo
1159 2089 1454 2160 conﬁrmat.

670 2205 726 2262 5.
759 2203 912 2260 Nunc
952 2221 1051 2278 age
1073 2248 1087 2272 ,
1117 2215 1339 2262 naturas
1369 2205 1666 2262 bestiarum
1709 2203 1982 2270 dicamus,
2013 2212 2069 2259 et
2103 2202 2200 2258 bo-

595 2301 766 2357 minis'
791 2299 1220 2372 generationem.
1254 2297 1431 2357 Audio
1455 2299 1600 2354 enim
1629 2295 1947 2368 jamdudum
1992 2296 2200 2368 aliquos

598 2391 943 2450 inSusurrare
973 2377 1220 2451 dicentes
1253 2412 1267 2450 :
1301 2393 1568 2460 Quamdiu
1609 2391 1786 2448 aliena
1817 2389 2104 2458 discimus,
2147 2399 2198 2447 et

599 2483 783 2544 uestra
815 2489 1133 2545 nescimus?
1160 2487 1426 2557 Quamdiu
1460 2483 1527 2554 de
1573 2487 1797 2558 reliquis
1837 2485 2203 2542 animantibus

599 2567 861 2638 docemur
885 2583 1190 2649 scientiam,
1216 2591 1272 2637 et
1297 2581 1663 2652 nosmetipsos
1695 2577 2042 2652 ignoramus?
2069 2577 2202 2634 illud

603 2673 749 2754 dicat
797 2675 942 2744 quod
993 2675 1123 2736 mihi
1177 2679 1389 2746 prosit,
1422 2673 1564 2729 unde
1613 2689 1698 2729 me
1729 2673 1903 2745 ipsum
1937 2673 2198 2730 noverim.

605 2753 863 2854 Et'jusia
911 2773 1039 2822 esta
1093 2767 1409 2838 conquestio
1439 2759 1579 2822 :‘scd
1631 2765 1765 2821 ordo
1800 2765 2095 2822 servandus
2121 2775 2206 2822 est

606 2853 770 2929 quem
811 2857 1090 2932 Scriptura
1137 2857 1453 2926 contexuit;
1487 2859 1648 2915 simul
1693 2860 1815 2930 quia
1861 2875 1969 2914 non
2015 2857 2204 2930 possu-

606 2943 730 3008 mus
763 2951 968 3024 plenius
1013 2937 1116 3008 nos
1137 2939 1499 3026 eugitoscere,
1529 2951 1642 3008 nisi
1663 2953 1812 3024 prius
1842 2947 1966 3026 qum
1989 2947 2057 3008 sit
2085 2969 2198 3008 om-

607 3045 756 3102 itiutn
787 3057 975 3101 natura
1002 3045 1352 3102 animantium
1382 3039 1819 3118 cognoverimus.
1863 3063 1872 3070 ·
2021 3043 2028 3050 ’

611 3137 620 3147 ’
676 3137 730 3194 4.
765 3137 1060 3206 Producat,
1093 3141 1265 3213 inquit
1287 3133 1469 3202 Herm
1493 3127 1726 3194 animam.
1747 3139 1994 3194 viventem
2024 3155 2204 3195 secun-

2307 1918 2440 1976 dere
2469 1922 2722 1977 omnibus
2749 1921 2952 1988 voluit,
2983 1933 3040 1978 et
3065 1919 3314 1978 sufﬁcere
3353 1921 3608 1976 omnibus
3627 1920 3898 1992 judicavit.

2303 2013 2468 2084 (Ibid.
2482 2057 2496 2081 ,
2521 2013 2635 2088 42).
2663 2013 2687 2052 ἀ
2709 2015 2893 2088 Itaque
2915 2015 3100 2072 decem
3123 2029 3292 2088 panes
3317 2014 3652 2072 hordeaceus
3669 2013 3902 2070 dividere

2303 2107 2360 2164 in
2393 2109 2608 2182 plebem
2629 2109 2792 2182 jussit
2841 2110 3110 2166 ministro.
3147 2109 3214 2166 Et
3241 2109 3378 2164 dixit
3409 2108 3660 2190 minister
3691 2127 3706 2164 :
3737 2107 3898 2180 Quid,

2303 2199 2438 2254 dabo
2464 2199 2638 2254 hocin
2669 2209 2946 2272 conspectu
2979 2211 3181 2256 centum
3210 2199 3474 2256 uirorum?
3500 2201 3565 2255 Et
3591 2199 3898 2272 respondit,

2303 2291 2387 2346 Da
2413 2303 2461 2347 et
2491 2295 2820 2360 manducent,
2851 2294 3098 2365 quoniam
3127 2292 3237 2348 Iure
3259 2293 3385 2349 dicit
3423 2291 3680 2346 Dominus
3709 2309 3728 2346 :
3761 2291 3900 2345 Han-

2305 2387 2562 2443 ducobunt
2591 2397 2638 2442 et
2682 2387 2968 2458 relinquent
3007 2389 3024 2460 (
3051 2385 3212 2454 Ibid.,
3245 2383 3316 2442 45
3340 2387 3380 2458 ).
3427 2385 3588 2442 Fides
3619 2385 3780 2456 igitur
3815 2399 3898 2440 ve-

2305 2491 2416 2538 stra
2447 2483 2607 2539 faciet
2633 2483 2908 2538 abundare
2931 2483 3186 2554 pauperis
3215 2483 3409 2553 lingua:
3437 2481 3768 2537 convivium.
3799 2479 3898 2536 Nec

2305 2591 2532 2642 vereor,
2567 2591 2635 2631 ne
2660 2573 2864 2647 jejnnia
2905 2591 3001 2630 vos
3031 2573 3312 2631 edaciores
3359 2571 3591 2638 faciant;
3621 2573 3897 2644 quominus

2305 2668 2530 2740 repleti,
2580 2679 2634 2723 et
2688 2669 2989 2724 esurientes
3036 2683 3100 2724 ac
3145 2667 3299 2723 vacui
3349 2665 3737 2734 revertamini,
3783 2665 3896 2738 quia

2307 2765 2567 2832 scriptum
2601 2771 2686 2819 est
2719 2781 2730 2816 :
2763 2761 3048 2833 Conﬁrmat
3067 2765 3240 2838 justas
3267 2761 3522 2817 Dominus
3541 2804 3558 2830 ,
3581 2772 3629 2816 et
3657 2763 3712 2817 in
3735 2761 3896 2816 diebus

2305 2856 2463 2928 fontis
2512 2855 2882 2911 sotarabuntur
2933 2855 3321 2929 (Ps.'xxxv1,
3361 2855 3426 2910 Π
3467 2865 3514 2909 et
3569 2855 3704 2927 79).
3747 2854 3896 2910 Multo

2309 2949 2586 3021 pulchrius
2635 2959 2719 3006 est
2763 2933 3099 3006 hordeaceus
3167 2963 3334 3022 panes
3387 2965 3493 3004 non
3549 2949 3894 3016 erubescere.

2307 3053 2363 3101 et
2404 3059 2674 3116 apponere
2717 3043 2857 3115 quod
2897 3045 3100 3100 habeas
3126 3087 3140 3110 ,
3193 3059 3356 3116 quam
3417 3057 3638 3114 negare.
3685 3043 3896 3099 Elisaeus

2308 3137 2399 3210 qui
2439 3137 2536 3193 sibi
2581 3135 2712 3192 nihil
2746 3137 2999 3208 reliquit,
3051 3135 3264 3208 pupulis
3303 3135 3612 3191 abundavit.
3688 3135 3898 3190 Elisuans

605 3231 728 3288 dum
775 3219 965 3304 penus,
1014 3231 1401 3306 quadrupedes,
1452 3237 1514 3288 et'
1543 3242 1818 3304 serpentes,
1853 3241 1902 3288 et
1945 3231 1973 3272 δ
2018 3233 2204 3288 bestias
2231 3223 2275 3287 C
2310 3247 2440 3304 ergo
2489 3231 2820 3287 hordeaceus
2867 3219 3170 3302 panesnon
3213 3231 3434 3286 erubuit
3465 3245 3778 3301 apponere;
3809 3241 3898 3284 nos

605 3333 787 3393 teri-az,
819 3337 864 3388 et
909 3343 1097 3398 pecora
1129 3327 1412 3386 secundum
1455 3343 1615 3400 genus
1641 3367 1654 3390 .
1683 3335 1732 3382 et
1761 3327 1932 3396 omnia
1973 3327 2204 3396 reptilia.

611 3421 684 3474 Et
709 3421 827 3493 fecit
855 3420 997 3476 Deus
1026 3423 1208 3476 bestias
1235 3432 1407 3489 teme,
1431 3431 1478 3476 et
1501 3423 1674 3478 omnia
1703 3437 1888 3492 pecora
1917 3421 1984 3475 ad
2009 3439 2168 3494 genus
2188 3463 2204 3489 ,

609 3523 659 3569 et
700 3515 872 3569 omnia
901 3517 1132 3586 repentia
1159 3525 1308 3570 terra:
1345 3515 1414 3568 ad
1441 3533 1619 3586 genus.
1651 3513 1720 3568 Et
1768 3501 1890 3569 vidit
1919 3515 2058 3570 Deus
2090 3515 2210 3586 quia

611 3609 765 3670 bona,
799 3618 846 3661 et
869 3607 1001 3662 dixit
1032 3607 1173 3663 Deus
1204 3625 1222 3663 :
1250 3605 1528 3662 Faciamus
1557 3608 1812 3662 hominem
1842 3607 2018 3680 (Gem,
2047 3625 2086 3675 ι,
2111 3607 2205 3676 24,

607 3689 706 3766 “25,
733 3691 1018 3771 '26).Hoc
1043 3695 1181 3756 loco
1225 3693 1331 3755 non
1371 3693 1568 3770 ignoro
1613 3693 1875 3770 quosdam
1917 3691 2206 3755 bestiarum

612 3803 669 3850 et
689 3808 945 3866 pecorum
967 3801 1022 3848 et
1042 3793 1376 3864 serpentium
1402 3804 1561 3849 terrm
1573 3794 1785 3864 species
1806 3791 1912 3860 alio
1935 3787 2206 3866 retuliSSc;

619 3886 774 3960 115
817 3896 873 3942 ut
899 3887 1014 3943 htec
1060 3887 1128 3942 ad
1175 3887 1539 3942 immunitates
1569 3887 1854 3941 criminum
1879 3926 1894 3952 ,
1924 3885 2208 3942 stultitiam

609 3991 975 4052 peccatorum,
1009 3982 1302 4054 nequitiam
1340 3973 1728 4054 cogitationum
1770 3969 2034 4037 referrent
2063 3969 2079 4036 Ξ
2109 3973 2210 4054 ego

610 4085 790 4168 autem
832 4077 1103 4168 simplices
1149 4087 1367 4160 naturas
1399 4075 1822 4160 uniuscujusque
1869 4075 2085 4166 generis
2113 4090 2207 4132 ac-

611 4141 770 4172 -ltl
839 4141 870 4168 -t
923 4141 952 4172 ιτ
1541 4155 1548 4162 -
1624 4141 1662 4158 ἰ
1733 4141 1768 4162 ν-
1871 4141 1916 4168 't.

612 4169 777 4242 ﬁrm-

613 4233 622 4266 ¹
651 4247 656 4264 ³
785 4259 890 4352 Nec
922 4259 1114 4344 vereor
1143 4280 1209 4319 ne
1239 4265 1357 4348 quis
1384 4279 1470 4319 me
1497 4265 1751 4356 pauperis
1780 4264 2022 4356 convivae
2065 4279 2208 4336 prat-

615 4337 1337 4440 sumptioniconferendum
1387 4337 1569 4434 punit,
1603 4349 1692 4436 qui
1740 4341 1919 4440 st'udio
1966 4358 2212 4418 humani-

619 4431 754 4534 tatis
782 4431 1095 4528 'eomplurcs
1144 4431 1330 4522 roget,
1361 4431 1461 4502 nec
1503 4445 1585 4502 his
1614 4431 1902 4534 quidquam
1945 4447 2048 4504 nisi
2077 4449 2210 4528 viles

615 4517 928 4626 et'uslttatos
955 4527 1188 4614 apponat
1214 4517 1407 4608 vcibos,
1435 4549 1491 4595 et
1522 4537 1668 4618 tenui
1718 4517 1917 4596 nt'ensa‘.
1961 4523 2212 4612 pauperis

2310 3325 2683 3382 erubescimus
2749 3324 3023 3396 simplices
3067 3324 3370 3396 intelligere
3425 3331 3739 3388 creaturas,
3789 3333 3897 3391 qua:

2309 3419 2651 3490 simplicibus
2695 3427 2752 3474 et
2798 3420 2910 3474 suis
2951 3419 3298 3475 declarantur
3342 3418 3654 3474 vocabulis!
3699 3416 3898 3472 Citium

2311 3513 2572 3602 legimus,
2609 3513 2806 3569 cretum
2852 3513 3180 3585 accipiamus
3213 3531 3226 3569 :
3278 3523 3477 3570 terram
3509 3512 3740 3584 legimus
3761 3553 3778 3578 ,
3803 3519 3902 3566 ter-

2310 3623 2425 3663 ram
2455 3607 2818 3678 intelligamus
2847 3607 3178 3678 frugiferam.

2385 3691 2436 3753 7.
2479 3697 2617 3766 Quid
2661 3699 2790 3754 mihi
2821 3715 3072 3771 quaerere
3109 3713 3231 3771 qua:
3275 3699 3345 3754 sit
3371 3697 3488 3770 ejus
3519 3712 3775 3754 mensura
3801 3697 3900 3752 eir-

2311 3792 2521 3858 cuitus,
2552 3807 2710 3864 quam
2758 3804 3051 3864 geometra:
3099 3805 3316 3848 centum
3365 3793 3636 3863 octoginta
3675 3791 3901 3846 millibus

2312 3884 2606 3941 stadiorum
2637 3885 3074 3940 mstintaverunt?
3104 3883 3358 3939 Libenter
3387 3882 3560 3938 fateor
3583 3897 3672 3940 me
3699 3882 3900 3938 nescire

2313 3973 2466 4047 quod
2488 3977 2694 4043 nescio,
2743 3973 2852 4032 imo
2885 3967 3036 4047 quod
3084 3977 3224 4032 scire
3259 3975 3390 4029 nihil
3425 3974 3689 4045 proderit.
3721 3975 3900 4031 Melius

2312 4079 2393 4126 est
2422 4085 2623 4140 genera
2650 4079 2916 4126 terrarum
2945 4069 3084 4126 scire
3112 4083 3272 4140 quam
3301 4071 3496 4139 spatia,
3527 4085 3646 4140 quat
3677 4069 3900 4126 circum-

2311 4163 2434 4220 fuso
2461 4165 2616 4229 mari,
2647 4147 2950 4234 interiectis
2985 4163 3144 4236 116
3169 4161 3528 4220 Barbarorum
3557 4163 3868 4234 regionibus
3887 4201 3900 4226 ,

2312 4257 2512 4314 suﬂ'usa
2541 4267 2702 4330 atque
2727 4259 2866 4318 invia
2901 4259 3190 4329 paludibus
3229 4259 3424 4326 humo,
3455 4258 3900 4330 quemadmodum

2313 4371 2602 4428 possumus
2649 4355 3152 4428 comprehendere?
3194 4355 3340 4428 quod
3387 4356 3728 4428 impossibile
3791 4367 3902 4410 esse

2314 4449 2625 4506 hominibus
2656 4451 2935 4521 Scriptura
2967 4450 3323 4516 demonstrat,
3347 4449 3564 4506 dicente
3595 4449 3710 4506 Deo
3738 4466 3752 4504 :
3785 4447 3904 4516 Quis

2315 4561 2520 4599 mensus
2547 4554 2618 4600 est
2648 4559 2802 4598 manu
2846 4560 3031 4615 aquam
3053 4587 3067 4611 ,
3099 4553 3146 4599 et
3173 4545 3354 4598 corium
3383 4543 3556 4612 palmo
3576 4585 3590 4610 ,
3625 4553 3672 4596 et
3711 4543 3903 4596 uniuer-

617 4619 877 4722 appa'ralu
922 4631 1039 4720 plus
1096 4619 1538 4714 reprehensionis
1587 4633 1828 4722 incurrat
1855 4623 1943 4690 lex
1993 4619 2208 4691 hstidi'o
2234 4647 2289 4708 Ῑ)
2313 4652 2423 4692 sam
2462 4645 2648 4691 terram
2675 4636 2852 4690 clausa
2878 4635 3073 4690 manu?
3101 4635 3228 4704 Quis
3258 4636 3430 4690 statuit
3453 4643 3646 4690 montes
3669 4635 3726 4690 in
3756 4633 3900 4720 libra,

615 4711 992 4802 convivarum,
1022 4711 1182 4806 quam
1212 4727 1419 4798 fgratire
1463 4711 1668 4784 referat
1714 4715 1781 4784 ex
1833 4727 2208 4800 hospitalitatis

617 4815 834 4872 affectu.
865 4811 976 4874 Nec
1015 4818 1158 4873 enim
1193 4817 1443 4874 Elisaaum
1478 4811 1819 4894 amici'quasi
1848 4813 2047 4876 malum
2079 4815 2208 4878 con-

563 4979 570 4984 .
614 4895 790 4964 vivam
815 4910 1046 4978 agrestia
1066 4920 1422 4982 opponentem
1443 4891 1586 4988 olera
1616 4891 1916 4970 refutarunt
1937 4914 2027 4996 (IV
2055 4915 2205 4990 Reg.,

613 5016 666 5082 1,
696 5002 766 5086 '59
865 5013 885 5038 ο
921 5002 1108 5059 Simile
1140 5004 1291 5059 vanis
1330 4999 1680 5064 ielationibus
1706 5009 2030 5086 exquisitum
2075 5009 2207 5072 illud

615 5099 668 5154 'el
695 5095 1005 5151 accuratum
1030 5095 1250 5167 upipare
1279 5096 1584 5152 convivium
1612 5109 1718 5164 est,
1743 5099 1794 5154 in
1825 5115 1932 5172 quo
1963 5099 2207 5174 pbasiani

610 5177 706 5246 aut
737 5177 959 5266 turiuris
990 5177 1202 5257 species
1222 5185 1512 5266 apponitur
1536 5231 1550 5258 ,
1585 5199 1639 5245 ct
1683 5177 1826 5246 intus
1853 5193 2032 5264 pullus
2059 5175 2207 5251 man-

611 5263 871 5346 ducaiui',
901 5287 996 5336 aut
1043 5263 1519 5351 pullushinferturi,
1551 5291 1606 5338 et
1634 5275 1829 5358 ostreis
1859 5263 1957 5340 est
2004 5285 2203 5354 fartus,

611 5493 624 5506 _
647 5493 663 5506 _
687 5432 713 5460 ι
742 5420 887 5506 Edit.
911 5432 1104 5506 omnes
1123 5460 1139 5487 ,
1167 5419 1399 5490 quaestio.
1447 5419 1572 5484 Mss.
1625 5421 1848 5488 rectius,
1883 5427 2199 5494 conquestio.

693 5501 778 5550 est
791 5534 806 5550 .
839 5501 1079 5550 querela.

609 5493 666 5574 id
693 5501 806 5562 est,
839 5491 1079 5568 querela.
1992 5491 2002 5494 ’

683 5562 710 5600 b
741 5563 814 5618 Ita
861 5577 992 5618 mss.
1042 5563 1222 5634 plures
1268 5563 1628 5634 potioreSque.
1673 5563 1779 5622 Alii
1823 5581 1944 5622 cum
1994 5566 2126 5622 edit.
2151 5578 2199 5623 et

613 5635 798 5690 bestias
839 5643 990 5688 tsi-rte
1033 5635 1334 5690 iecundum'
1365 5647 1644 5706 genus,"et
1688 5647 1884 5707 pecora"
1916 5641 2197 5694 secundum

611 5711 790 5780 genus,
825 5717 870 5758 et
897 5707 1126 5780 repentia
1153 5717 1304 5764 terra.t
1325 5707 1394 5780 ad
1423 5725 1602 5780 genus.
1635 5707 1793 5764 Rom.
1838 5711 1996 5777 cdit.,
2019 5727 2202 5766 secun-

611 5779 735 5831 dum
743 5792 942 5903 lgenus.
975 5777 1099 5833 lluzc
1123 5781 1284 5834 etiam
1312 5777 1459 5835 addit
1485 5782 1629 5846 sola,
1658 5789 1704 5836 et
1743 5781 1934 5851 factum
1959 5791 2034 5838 est
2067 5784 2161 5839 sic.

688 5859 709 5887 ο
789 5863 901 5903 om.
926 5847 1082 5903 cdit..
1109 5851 1266 5903 uariis
1291 5851 1647 5903 relationibus.
1679 5853 1797 5903 Vel.
1845 5868 1908 5903 ac
1955 5854 2161 5903 nlerinu

688 5847 901 5918 ﬁlium.
926 5847 1082 5914 cdit.,
1109 5851 1266 5926 uariis
1291 5851 1647 5932 relationibus.
1679 5847 1797 5910 Yet.
1845 5868 1908 5910 ac
1955 5854 2200 5932 plerique

2315 4741 2360 4788 et
2384 4747 2538 4804 rupes
2567 4733 2619 4784 in
2647 4740 2858 4794 statera,
2882 4742 2931 4786 et
2959 4747 3170 4785 nemora
3193 4731 3244 4784 in
3272 4731 3398 4802 iugo
3425 4730 3623 4804 (Esai.,
3657 4747 3751 4793 XL,
3773 4713 3838 4800 i2

2313 4835 2369 4880 et
2395 4824 2532 4882 inira
2562 4842 2574 4879 :
2609 4825 2710 4893 Qui
2755 4836 2886 4882 tenet
2929 4841 3114 4898 gyrum
3161 4835 3338 4892 terrw,
3367 4836 3410 4879 et
3450 4825 3737 4896 habitantes
3766 4826 3818 4878 in
3849 4839 3902 4877 eo

2312 4917 2446 4972 sicut
2479 4917 2698 4974 locustas
2726 4933 2743 4972 :
2772 4919 2860 4990 qui
2895 4919 3071 4980 statuit
3099 4918 3282 4974 caelum
3317 4927 3372 4972 ut
3413 4933 3668 4972 cameram
3701 4916 3902 4988 (Ibid,

2313 5009 2384 5064 ‘22
2405 5007 2445 5083 ).
2479 5010 2611 5078 Quis
2641 5009 2801 5079 igitur
2830 4993 3093 5086 aequalem
3134 5010 3232 5064 sibi
3261 5007 3382 5064 cum
3424 5009 3538 5064 Deo
3585 5019 3902 5092 potestatem

2311 5110 2368 5178 et
2397 5103 2675 5160 scientiam
2723 5103 2918 5174 audeat
2942 5102 3250 5172 vindicare;
3281 5115 3338 5158 ut
3391 5118 3512 5182 qua:
3563 5103 3708 5158 Deus
3738 5103 3898 5174 maje-

2311 5197 2469 5270 statis
2518 5210 2630 5253 suae
2669 5211 2791 5252 esse
2821 5181 3042 5268 preprio
3087 5198 3316 5270 signavit
3364 5198 3618 5264 oraculo,
3653 5198 3772 5254 lucc
3807 5195 3900 5254 sibi

2309 5287 2474 5368 homo
2500 5289 2566 5346 ad
2589 5273 2950 5376 cognitionem
2979 5269 3269 5364 suppetere
3299 5269 3458 5364 posse
3487 5279 3820 5372 prmsumat?

2308 5441 2466 5492 mss.,
2498 5427 2640 5482 uanis
2661 5429 3008 5483 relationibus.
3033 5427 3100 5484 At
3121 5429 3279 5492 Ben..
3304 5429 3429 5484 Car.
3449 5437 3502 5482 et
3523 5428 3735 5492 Germ,
3765 5429 3900 5484 uanis

2306 5499 2722 5570 refutatianibus.
2741 5501 2870 5558 Ben.
2891 5503 3032 5560 inter
3053 5501 3241 5564 lineas,
3264 5501 3318 5556 id
3331 5509 3422 5564 est.
3443 5501 3802 5562 relationibus.
3829 5500 3900 5558 lbi

2308 5571 2601 5626 tamcn'vov
2627 5571 2876 5627 refutatio
2901 5571 3169 5628 fastidium
3186 5571 3484 5640 significare
3510 5573 3756 5638 videtur;
3783 5589 3900 5626 nam

2306 5642 2542 5714 refutare
2567 5645 2834 5698 interdum
2859 5644 2998 5698 idem
3029 5645 3110 5699 ρει
3132 5659 3194 5699 ac
3225 5645 3465 5699 fastidire
3491 5646 3576 5696 vel
3609 5659 3890 5714 respuere.

2375 5712 2404 5752 *⁵
2432 5716 2560 5770 Mss.
2593 5731 2782 5770 omnes
2807 5725 2863 5771 et
2909 5716 3038 5771 ed'rt.
3075 5725 3186 5771 vet.
3215 5727 3526 5771 constanter
3559 5712 3776 5785 legunt.
3808 5715 3896 5770 deo

2306 5801 2416 5842 cem
2467 5803 2644 5854 panes.
2678 5787 2839 5844 Rom.
2895 5787 3024 5845 edit.
3079 5803 3200 5845 cum
3250 5786 3391 5842 LXX
3418 5786 3622 5857 lnterp.
3648 5802 3714 5844 ac
3745 5786 3895 5857 Vulg.

2307 5858 2488 5930 uiginti
2510 5873 2685 5930 pones.
3119 5867 3124 5870 ‘
3257 5867 3260 5870 '
3425 5885 3430 5888 -
3811 5873 3818 5876 '
