4150 6358
301 291 422 356 845

1587 300 2084 368 ΙΙΕΧΑΕΜΕΙΚΟΝ.
2129 301 2257 358 ΜΒ.
2304 302 2389 359 Vl.

3533 308 3639 385 et:

381 417 442 474 8.
487 417 660 478 Certe
686 419 898 492 Moyses
944 416 1194 478 eruditus
1237 426 1356 476 erat
1401 417 1457 475 in
1487 417 1635 474 omni
1670 418 1935 488 sapientia
1965 423 2012 490 Α
2042 417 2197 472 allisa
2226 421 2384 476 terris
2427 421 2608 478 videas
2638 435 2777 490 esse,
2812 437 2970 496 quam
3002 423 3481 500 libera.Siquidetn
3509 444 3630 498 cum

303 505 716 582 Egyptiorum
747 529 762 573 :
796 511 892 568 sed
935 511 1057 583 quia
1085 511 1332 583 spiritum
1376 511 1471 567 Dei
1515 511 1750 582 accepit,
1781 513 1936 582 quasi

304 603 584 660 minister
617 607 713 661 Dei
754 605 970 660 inanem
1000 605 1146 660 illam
1179 615 1233 661 et
1257 604 1653 675 usurpatoriam
1684 603 1934 658 Philoso-

305 693 466 766 phia:
517 696 830 753 doctrinam
879 697 1120 753 veritatis
1150 696 1345 753 rationi
1400 695 1713 766 posthabuit
1743 713 1756 752 :
1790 704 1844 750 et
1871 709 1934 750 ea

306 785 625 859 descripsit
655 790 784 845 mihi
815 806 935 859 qua!
965 801 1171 846 nostra:
1202 789 1319 860 Spei
1352 789 1700 845 accmnmoda
1725 788 1936 859 judica-

305 885 415 951 vit,
450 888 608 958 quod
631 898 830 945 terram
859 887 1049 943 fecerit
1081 888 1242 952 Deus,
1273 886 1416 956 quod
1445 886 1765 956 produxerit
1791 892 1930 939 terra

305 978 475 1051 juxta
510 982 608 1038 Dei
659 981 1052 1052 omnipotentis
1097 979 1420 1050 imperium,
1449 979 1932 1049 uperationemque

304 1073 532 1130 domini
564 1075 695 1132 Jcsu
742 1076 973 1145 virgulta
1015 1075 1084 1130 de
1114 1073 1303 1138 terris,
1335 1083 1388 1128 et
1433 1088 1648 1128 omnem
1694 1071 1929 1126 animant

302 1167 594 1226 viventem
626 1169 928 1228 secundum
956 1184 1150 1240 genus.
1180 1168 1249 1222 At
1274 1182 1382 1222 non
1405 1167 1494 1222 ille
1521 1168 1727 1237 putavit
1750 1165 1935 1220 dicen-

300 1258 442 1316 dum
469 1301 484 1327 ,
514 1270 779 1333 quantum
805 1260 874 1317 de
919 1261 1096 1331 spatio
1125 1261 1265 1315 aeris
1315 1267 1542 1328 occupet
1588 1259 1779 1314 umbra
1827 1267 1934 1313 ter-

300 1367 420 1420 ras,
454 1370 584 1410 cum
615 1357 697 1410 sol
732 1353 987 1410 recedita
1020 1354 1179 1410 nobis
1201 1396 1216 1419 ,
1250 1353 1503 1422 diemque
1547 1350 1771 1406 abducit
1797 1347 1932 1404 infe-

299 1444 458 1502 riora
493 1445 616 1502 axis
644 1446 957 1502 illuminans
983 1462 1000 1510 ;
1030 1456 1084 1500 et
1115 1454 1140 1481 ει
1173 1442 1626 1514 quemadmtnlutn
1657 1428 1712 1498 in
1756 1441 1933 1513 regio-

300 1550 435 1600 nem
469 1539 686 1594 umbra:
711 1537 898 1593 mundi
925 1537 1087 1608 hujus
1117 1535 1362 1592 incidens
1392 1534 1532 1589 lunas
1557 1534 1746 1605 globus
1767 1533 1931 1601 eclip-

299 1629 411 1688 εἰει)
462 1630 633 1694 iaciat
661 1648 677 1696 ;
709 1632 961 1702 quoniam
994 1647 1113 1700 quzc
1161 1630 1294 1685 nihil
1321 1629 1386 1684 ad
1427 1644 1559 1693 nos,
1587 1629 1742 1699 quasi
1793 1626 1928 1682 nihil

303 1719 604 1791 profutura
635 1723 918 1793 pratteiiit.
956 1723 1102 1777 Vidit
1128 1723 1271 1778 enim
1301 1723 1352 1776 iu
1381 1731 1570 1776 sancto
1593 1720 1795 1791 Spiritu
1820 1735 1924 1776 non

2041 515 2283 582 erigendi
2313 529 2371 569 sc
2399 532 2503 571 non
2538 517 2770 574 habeant
2794 519 3126 585 facultatem,
3158 518 3225 574 de
3257 530 3400 574 terra
3427 521 3627 575 vietum

2039 608 2337 676 requirunt,
2369 620 2425 664 et
2453 613 2656 667 ventris
2688 614 2741 668 in
2773 630 2929 685 quem
2963 613 3341 677 deﬂectuntur,
3377 614 3519 668 solas
3548 629 3634 668 sc-

2036 710 2274 772 quuntur
2325 704 2646 773 voluptates.
2676 706 2842 772 Cave,
2873 722 2906 760 ο
2936 706 3098 762 homo
3124 709 3137 762 !
3174 706 3441 778 pecudum
3474 720 3627 762 more

2036 796 2270 848 curvari.
2295 794 2438 850 Cave
2462 813 2527 850 ne
2552 798 2604 851 in
2636 797 2814 852 alvum
2836 808 2886 854 te
2915 814 3020 856 non
3049 810 3156 856 tam
3180 815 3431 870 corpore,
3465 814 3626 870 quam

2035 885 2326 954 cupiditate
2357 885 2635 943 deﬂectas.
2668 889 2896 959 Respice
2920 893 3164 961 corporis
3197 893 3269 947 tui
3301 894 3549 958 formam,
3578 899 3634 946 et

2035 977 2270 1049 speciem
2327 992 2716 1048 congruentem
2769 982 2900 1036 celsi
2946 985 3143 1054 vigoris
3172 1000 3408 1039 assume.
3447 981 3472 1020 ἀ
3504 983 3635 1040 Sine

2035 1071 2147 1125 sola
2179 1071 2430 1124 animalia
2461 1087 2626 1142 prona
2647 1083 2950 1143 pascantur.
2979 1076 3087 1131 Cur
3112 1089 3162 1132 te
3191 1079 3241 1131 in
3271 1077 3480 1132 edendo
3495 1086 3634 1130 ster-

2036 1160 2119 1216 nis
2151 1162 2285 1232 ipse,
2318 1178 2474 1232 quem
2506 1173 2695 1219 uatttra
2729 1182 2832 1218 non
2864 1167 3095 1222 stravit?
3121 1169 3229 1224 Cur
3252 1186 3316 1225 eo
3346 1169 3636 1225 delectaris

2035 1257 2088 1312 in
2127 1272 2234 1327 quo
2270 1267 2478 1313 natura:
2523 1258 2716 1329 injuria
2771 1261 2898 1314 est?
2925 1260 3033 1315 Cur
3060 1273 3246 1316 noctes
3271 1275 3322 1318 et
3363 1265 3476 1319 dies
3506 1263 3632 1317 cibo

2034 1349 2293 1415 intentus,
2327 1365 2580 1420 pecorum
2625 1366 2775 1407 more
2808 1363 3018 1408 terrena
3049 1352 3396 1422 depasccris'?
3428 1355 3537 1410 Cur
3571 1354 3633 1410 il-

2037 1443 2266 1498 lecebris
2295 1444 2666 1514 corporalibus
2723 1444 2956 1508 deditus,
3015 1445 3188 1514 ipsum
3221 1451 3273 1498 te
3304 1445 3618 1512 inhonorus,

2034 1537 2162 1592 dum
2195 1538 2364 1592 ventri
2389 1549 2550 1608 atque
2579 1537 2695 1609 ejus
2737 1537 3078 1608 passionibus
3109 1537 3387 1592 deservis?
3415 1536 3523 1591 Cur
3554 1538 3634 1592 in-

2035 1629 2310 1684 tellectum
2339 1629 2430 1685 tibi
2459 1630 2677 1695 adimis,
2708 1645 2866 1699 quem
2923 1629 3014 1683 tibi
3071 1631 3300 1684 Creator
3353 1628 3635 1682 attribuit?

2031 1724 2140 1778 Cur
2164 1725 2502 1795 tejumentis
2529 1739 2836 1795 comparas,
2864 1741 2892 1778 a
2925 1725 3118 1795 quibus
3167 1733 3219 1778 te
3269 1723 3442 1779 voluit
3491 1723 3631 1777 flens

299 1814 436 1872 illas
459 1816 976 1888 marcescentisjam
999 1817 1282 1886 sapientim
1308 1815 1570 1870 vanitates
1593 1813 1919 1885 sequendas,
1955 1819 1999 1880 Β
2028 1818 2300 1887 segregari
2319 1816 2505 1872 dicens
2529 1835 2539 1870 :
2567 1815 2742 1870 Nolite
2769 1818 2882 1885 ﬁeri
2903 1817 3033 1870 sicut
3060 1832 3217 1886 equus
3238 1825 3285 1869 ct
3305 1813 3499 1879 mulus,
3516 1814 3632 1884 qui-

299 1920 430 1978 que:
464 1908 629 1964 rebus
674 1908 1145 1978 iucxplicabilibus
1190 1917 1427 1964 mentem
1476 1917 1718 1964 nostram
1759 1923 1921 1962 occu-

300 2011 467 2073 pant,
504 2003 805 2075 luduntque
831 2019 1077 2074 operam,
1110 2003 1204 2059 sed
1234 2018 1298 2059 ea
1331 2002 1508 2074 potius
1535 2001 1916 2071 desci-ibeuda,

299 2113 430 2170 quae
457 2098 525 2158 ad
554 2099 772 2158 virtutis
801 2106 1114 2170 spectarent
1144 2097 1469 2168 profectum.

934 2229 1162 2288 CAPUT
1202 2231 1290 2287 Ill.

303 2352 679 2426 Animantibus
710 2353 925 2408 inditam
957 2354 1053 2408 Dei
1096 2355 1242 2409 verba
1272 2354 1619 2425 generationis
1670 2353 1828 2426 legent
1867 2354 1919 2408 in

376 2450 669 2520 ppecierum
712 2447 1120 2514 successionibus
1162 2464 1508 2518 perseverare.
1561 2447 1778 2502 Minime
1831 2464 1920 2502 ne-

381 2525 610 2614 gantiam
645 2550 842 2614 natura
869 2557 1046 2595 eorum
1082 2556 1196 2610 qua:
1216 2543 1389 2611 genita
1414 2550 1570 2606 sunt,
1603 2541 1865 2594 veritatem
1901 2557 1919 2594 :

377 2644 434 2704 at
463 2635 658 2688 homini
688 2634 967 2688 bellninam
993 2635 1185 2689 imitari
1218 2635 1377 2688 vitam
1398 2676 1413 2701 ,
1444 2634 1760 2704 flagitiosum
1790 2651 1916 2688 esse.

378 2725 605 2783 Demum
631 2728 866 2802 sequitur
889 2728 1133 2782 vitiorum
1160 2729 1504 2806 quorumdam
1535 2729 1686 2783 certis
1715 2731 1918 2783 anima-

380 2819 516 2890 libus
539 2820 880 2891 familiarium
905 2829 1060 2890 atque
1079 2819 1210 2873 adeo
1242 2821 1606 2891 fugiendorum
1642 2822 1917 2891 expositio.

381 2929 442 2991 9.
498 2931 870 2990 lnbtereamus
917 2933 1120 3025 igitur‘
1157 2934 1487 3004 propheticis
1557 2936 1761 3003 dictis,
1820 2953 1921 2995 nec

304 3024 554 3097 Spiritus
583 3025 756 3082 sancti
787 3025 945 3098 quasi
980 3024 1413 3097 viliadcspeetni
1443 3028 1739 3085 habeamus
1780 3029 1918 3086 allo.

303 3121 458 3194 quia.
514 3117 871 3186 l’t'oducat,b
914 3118 1123 3188 inquit,
1175 3128 1316 3175 terra
1369 3120 1602 3177 animam
1651 3121 1918 3178 viventem

2029 1913 2122 1967 bus
2147 1928 2248 1966 non
2279 1921 2354 1965 est
2378 1911 2662 1966 intellectus
2691 1909 2807 1981 (Ps.
2840 1927 2987 1974 sim,
3019 1907 3115 1980 9)?
3145 1914 3252 1964 Aut
3289 1909 3335 1963 si
3367 1918 3418 1963 te
3443 1907 3623 1964 edaci-

2029 2014 2112 2058 tas
2137 2004 2261 2074 equi
2291 2004 2813 2073 intemperantiaque
2842 2003 3095 2069 delectat,
3135 2011 3187 2056 ct
3241 2002 3528 2056 adhinnire
3558 1998 3624 2053 ad

2023 2097 2254 2156 feminas
2307 2096 2569 2166 voluptati
2585 2107 2688 2164 est,
2715 2096 2949 2151 delectet
2978 2097 3030 2151 iit
3056 2096 3208 2152 freno
3237 2094 3483 2152 maxillas
3512 2104 3630 2149 tuas

2019 2205 2286 2260 camoquc
2317 2189 2638 2259 constringi.
2675 2189 2730 2246 Si
2754 2188 3047 2244 crudelitas
3090 2197 3141 2244 te
3170 2189 3359 2258 pascit,
3391 2188 3624 2242 ferarum

2024 2285 2142 2344 lucc
2164 2284 2344 2340 rabies
2369 2291 2473 2350 est,
2521 2298 2640 2353 qua:
2694 2291 2913 2353 propter
2943 2282 3204 2337 saevitiam
3256 2280 3624 2347 trucidantur;

2021 2376 2146 2434 vide
2176 2391 2241 2431 nc
2273 2375 2327 2431 in
2351 2385 2402 2432 te
2425 2389 2638 2446 quoque
2669 2373 3004 2430 crudelitatis
3033 2383 3138 2430 tua:
3167 2382 3406 2430 vertatur
3428 2374 3622 2429 imma-

2023 2469 2184 2526 nitas.

2096 2562 2182 2616 ll.
2214 2561 2372 2631 Piger
2391 2561 2596 2627 asinus,
2615 2572 2638 2599 ο
2661 2569 2718 2618 et
2742 2561 3023 2632 expositus
3045 2561 3112 2615 ad
3146 2559 3405 2632 praedam,
3431 2574 3625 2616 sensu-

2019 2670 2126 2726 que
2147 2655 2354 2710 tardior
2375 2655 2503 2726 quid
2534 2655 2679 2710 aliud
2701 2655 2883 2722 ducet,
2907 2654 3012 2710 nisi
3041 2669 3140 2711 nos
3169 2654 3468 2712 vivaciores
3499 2669 3624 2710 esse

2019 2750 2242 2815 debere,
2274 2766 2375 2806 nec
2424 2751 2629 2806 desidia
2678 2750 2922 2821 corporis
2969 2750 3242 2821 animique
3291 2749 3621 2821 pigrescere,

2020 2846 2317 2915 confugere
2343 2845 2410 2902 ad
2443 2845 2626 2911 ﬁdem,
2659 2862 2778 2915 quzc
2809 2860 2974 2900 onera
3004 2845 3188 2915 gravia
3212 2843 3447 2899 allevare
3484 2859 3616 2899 con-

2021 2940 2260 2996 sueverit
2277 2940 2300 2992 ?

2096 3030 2184 3085 l2.
2220 3029 2579 3086 Fraudulenta
2602 3030 2792 3098 vulpes
2821 3028 2991 3084 foveis
3031 3045 3090 3085 se
3127 3028 3475 3102 latibulisque
3525 3029 3620 3086 de-

2023 3141 2298 3198 mergens,
2343 3142 2523 3181 nonne
2554 3125 2753 3180 indicio
2805 3135 2888 3179 est
2931 3123 3328 3179 infructuosum
3357 3139 3478 3180 esse
3505 3128 3622 3179 ani-

301 3227 569 3286 pecorum
601 3223 655 3270 et
686 3213 982 3270 bestiarum
1005 3224 1060 3270 et
1083 3214 1376 3284 reptilium.
1402 3215 1542 3280 Quid
1569 3226 1590 3255 ο
1626 3231 1918 3287 argumen-
1941 3205 1988 3270 C
2020 3221 2151 3289 mal,
2201 3219 2435 3292 odioque
2479 3221 2699 3290 dignum
2755 3229 2975 3289 propter
3022 3218 3290 3288 rapinam,
3361 3217 3618 3288 despectu

301 3314 491 3370 tamur
515 3305 655 3364 alia.
695 3304 786 3360 ubi
832 3305 1114 3371 evidenter
1154 3316 1527 3362 creaturarum
1575 3309 1914 3365 terrestrium

299 3407 499 3458 natura
528 3397 822 3456 formatur?
847 3401 1024 3456 Currit
1055 3400 1199 3456 enim
1225 3401 1279 3457 in
1311 3403 1700 3460 constitutione
1728 3404 1913 3460 mundi

301 3505 405 3564 per
453 3507 674 3550 omnem
705 3503 1010 3549 creaturam
1061 3493 1157 3550 Dei
1215 3493 1490 3562 Verbum;
1522 3506 1579 3552 ut
1620 3497 1800 3554 subito
1847 3500 1914 3555 de

297 3583 468 3648 terris
497 3583 681 3642 omnia
721 3600 842 3656 quae
882 3586 1072 3642 statuit
1101 3587 1282 3654 Deus,
1315 3587 1671 3646 animantium
1708 3605 1911 3661 genera

299 3675 706 3747 producantur,
736 3687 792 3734 et
821 3677 874 3736 in
907 3677 1142 3738 futurum
1175 3680 1293 3752 lege
1317 3681 1635 3751 praescripta
1662 3724 1676 3748 ,
1703 3696 1913 3740 secun-

299 3767 432 3824 dum
462 3785 634 3841 genus
662 3769 764 3825 sibi
795 3811 810 3836 ,
859 3771 1377 3844 similitudinemque
1422 3773 1677 3832 universa
1724 3790 1912 3834 succe-

295 3860 456 3928 dant,
487 3870 545 3918 ut
573 3861 660 3918 leo
689 3862 900 3918 leonem
931 3872 1178 3934 generet,
1215 3864 1367 3936 tigris
1396 3865 1669 3937 tigridetn,
1696 3867 1793 3924 bos
1816 3867 1912 3924 bo-

291 3969 423 4020 vem
445 3993 462 4019 ,
493 3968 700 4025 cygnus
727 3969 956 4026 cygnum
977 3994 994 4021 ,
1023 3957 1199 4026 aquila
1245 3958 1499 4030 aquilam.
1531 3959 1708 4018 Semel
1758 3976 1900 4032 prae-

293 4053 525 4117 ceptum
581 4044 632 4100 in
682 4055 1004 4115 perpetuum
1034 4045 1258 4104 inolevit
1291 4059 1516 4108 uaturee.
1551 4050 1619 4104 Et
1648 4049 1768 4106 ideo
1810 4053 1911 4107 nti-

289 4134 516 4214 liisterii
562 4135 646 4191 sui
695 4135 1013 4208 obsequium
1083 4137 1326 4208 praebere
1373 4148 1518 4204 terra
1578 4157 1685 4196 non
1753 4145 1906 4216 117

290 4219 543 4300 desinit;
577 4239 635 4286 ut
667 4229 858 4299 prisca:
887 4229 1242 4286 animantium
1272 4231 1480 4302 species
1506 4233 1790 4306 reparabiti
1817 4252 1910 4306 ge-

293 4324 451 4390 neris
480 4324 828 4382 successione
862 4324 912 4378 in
939 4339 1106 4380 novas
1129 4321 1450 4395 reparentur
1474 4335 1680 4382 :etates.

375 4423 464 4480 10.
506 4420 613 4476 Sed
643 4421 726 4477 vis
750 4420 817 4476 ad
849 4435 1004 4476 usum
1048 4420 1282 4480 hominis
1312 4421 1559 4479 derivare
1579 4439 1701 4494 qua:
1724 4424 1903 4496 genita

203 4543 213 4554 -
297 4512 472 4572 sunt?
513 4511 635 4568 Noli
676 4512 982 4599 veritatem‘
1009 4512 1301 4583 unicuique
1326 4515 1510 4584 generi
1547 4527 1751 4571 natura:
1781 4531 1907 4586 pro-

2020 3322 2244 3385 propter
2267 3313 2656 3376 inﬁrmitatem,
2689 3321 2740 3366 et
2767 3311 2889 3366 ideo
2933 3326 3045 3366 sure
3100 3309 3374 3365 incautum
3425 3311 3617 3367 salutis

2017 3401 2144 3460 dum
2179 3403 2463 3460 insidiatur
2485 3401 2703 3457 alienze?

2090 3498 2177 3553 15.
2212 3497 2492 3553 Perdicem
2522 3495 2540 3534 τ
2571 3504 2804 3552 astutam
2833 3510 2950 3566 qua:
2997 3495 3175 3551 aliena
3226 3509 3322 3551 ova
3371 3495 3614 3568 diripiat,

2015 3587 2118 3644 hoc
2144 3599 2247 3655 est,
2273 3587 2510 3659 perdieis
2541 3587 2786 3652 alterius,
2811 3598 2864 3642 et
2893 3602 3121 3659 corpore
3148 3585 3328 3643 foveat
3347 3603 3446 3643 suo
3472 3605 3485 3642 :
3511 3589 3607 3645 sed

2015 3681 2218 3735 fraudis
2237 3696 2350 3734 suae
2392 3679 2624 3734 fructum
2669 3678 2870 3733 habere
2919 3693 3028 3733 non
3075 3693 3272 3749 posse;
3316 3679 3438 3750 quia
3477 3693 3602 3734 cum

2013 3772 2463 3842 eduxeritpullos
2490 3787 2641 3834 suos,
2674 3771 2876 3828 amittit
2902 3787 3034 3836 eos;
3090 3770 3216 3841 quia
3271 3770 3361 3825 ubi
3413 3785 3606 3827 vocem

2013 3866 2131 3936 ejus
2155 3864 2425 3921 audierint
2451 3880 2571 3934 quae
2594 3879 2692 3918 uva
2717 3864 3018 3935 generavit,
3052 3864 3242 3918 relicta
3268 3878 3331 3919 ea
3361 3862 3426 3918 ad
3459 3863 3607 3918 illam

2011 3972 2073 4012 se
2097 3956 2323 4012 naturali
2351 3955 2582 4028 quodam
2601 3971 2824 4011 munere
2839 3963 2894 4011 et
2911 3971 3097 4012 amore
3112 3954 3422 4020 conterunt,
3446 3970 3609 4026 quam

2011 4066 2194 4107 veram
2220 4050 2320 4105 sibi
2354 4061 2577 4106 matrem
2618 4065 2848 4106 ovorum
2867 4049 3213 4122 generatione
3231 4050 3607 4120 cognoverint;

2010 4143 2375 4214 significantes
2407 4141 2544 4198 hanc
2572 4143 2796 4198 nutricis
2821 4142 2962 4212 fungi
2995 4143 3194 4209 officio,
3225 4143 3370 4200 illam
3403 4159 3601 4214 paren-

2011 4236 2102 4292 tis.
2136 4236 2322 4307 ltaquc
2347 4237 2614 4291 incassum
2641 4235 2890 4306 pr0prios
2921 4235 3096 4294 fundit
3126 4235 3439 4302 labores,ac
3461 4236 3610 4293 frau-

2010 4327 2097 4386 dis
2136 4344 2249 4382 sua:
2312 4327 2486 4397 pretio
2521 4327 2833 4383 mulctatur.
2864 4325 3016 4384 Unde
3045 4337 3100 4384 et
3146 4326 3450 4400 Hieremias
3478 4330 3554 4385 ait
3588 4346 3602 4384 :

2010 4421 2262 4476 Clamavit
2318 4422 2523 4492 perdix,
2573 4429 2619 4475 et
2667 4422 2990 4492 congregavit
3059 4437 3175 4492 qua:
3249 4438 3351 4476 non
3414 4423 3608 4494 peperit

2007 4514 2209 4587 (Hicin,
2233 4532 2360 4583 xvu,
2399 4515 2508 4586 ll),
2540 4515 2592 4570 id
2623 4523 2725 4578 est,
2755 4529 2853 4568 ova
2883 4515 3251 4584 congregavit,
3273 4521 3329 4570 et
3353 4513 3611 4571 clamavit
3676 4550 3692 4560 ~

297 4608 437 4681 pris:
466 4605 759 4677 denegare,
791 4614 846 4662 et
873 4606 1045 4662 multo
1065 4607 1236 4677 magis
1262 4621 1324 4662 ea
1347 4607 1414 4662 ad
1444 4609 1670 4678 gratiam
1692 4610 1904 4681 aptabis
1935 4600 1982 4660 Ι)
2007 4609 2160 4677 quasi
2188 4622 2356 4663 ovans
2385 4624 2496 4662 sua:
2549 4606 2753 4662 fraudis
2781 4605 3000 4661 ellectu.
3045 4606 3151 4662 Sed
3182 4606 3317 4661 ludit
3347 4621 3568 4676 operam
3592 4623 3605 4674 ;

299 4700 614 4760 humanam.
662 4699 900 4755 Primum
962 4702 1085 4770 quia
1139 4702 1320 4758 omnia
1371 4717 1568 4770 genera
1618 4719 1897 4773 pecorum,

301 4795 712 4861 bestiarum,ac
737 4793 958 4865 piscium
1007 4795 1058 4850 in
1100 4795 1276 4858 alvum
1332 4805 1520 4855 natura
1572 4799 1897 4868 prostravit;

302 4897 364 4952 ut
387 4889 490 4944 alia
522 4895 710 4944 ventre
755 4895 970 4958 repaut,
1001 4887 1105 4941 alia
1136 4902 1259 4960 qua:
1291 4887 1517 4958 pedibus
1542 4890 1897 4957 sustinentur,

303 4981 552 5040 demersa
579 4983 750 5051 magis
777 4980 1113 5052 quadrupedi
1140 4980 1388 5051 corporis
1431 4996 1641 5052 gressu,
1670 4992 1725 5040 et
1747 4982 1900 5040 velut

377 5129 403 5196 ἦ
431 5119 794 5196 Mss._aliquot
812 5130 910 5196 ,ιιι
941 5120 1098 5176 Rom.
1127 5121 1282 5196 edit.,
1313 5122 1368 5177 in
1413 5124 1671 5196 regionem
1715 5127 1906 5181 umbrw

304 5193 459 5263 hujus
484 5192 732 5247 incidens.
773 5193 876 5265 Alii
901 5204 952 5247 et
999 5201 1108 5248 vet.
1140 5193 1302 5259 cdiL,
1335 5197 1388 5249 in
1428 5192 1686 5265 regionem
1725 5199 1905 5252 mundi

303 5267 465 5330 huius
485 5265 758 5340 incedens,
786 5264 909 5340 vel,
932 5265 1182 5319 incidens.
1213 5267 1345 5340 Car.
1367 5277 1422 5322 et
1457 5264 1614 5333 Ben.,
1646 5271 1698 5323 in
1740 5271 1910 5340 regio—

304 5336 642 5459 nemdumbra:
665 5337 844 5402 mundi
867 5337 1044 5411 hujus,
1077 5339 1302 5408 primus,
1329 5339 1579 5407 incidens,
1609 5336 1898 5408 secundus,

304 5425 413 5459 mce
453 5425 558 5459 ens.

301 5425 383 5462 υιι·
388 5425 447 5459 ea
453 5425 539 5462 ens
547 5450 558 5462 .

375 5477 401 5517 δ
434 5477 594 5552 Rom.
649 5479 779 5534 edit.
828 5479 942 5533 sola
976 5498 989 5533 :
1021 5479 1288 5536 Producat
1312 5523 1327 5547 ,
1360 5483 1560 5552 inquit,
1609 5493 1745 5538 terra
1791 5486 1905 5538 ani—

302 5566 441 5606 mam
470 5551 720 5634 uiuentem
765 5553 1046 5606 secundum
1091 5569 1288 5623 genus,
1320 5551 1504 5623 pecora
1533 5563 1580 5609 et
1631 5556 1815 5610 bestias
1860 5564 1907 5610 et

302 5631 537 5684 repentia
569 5631 716 5676 terra?
738 5665 751 5684 ,
776 5633 883 5676 etc.

361 5640 537 5692 penna
569 5640 716 5676 terrm
738 5665 751 5684 ,
776 5640 883 5676 etc.

379 5705 400 5731 ε
438 5692 512 5760 Ita
543 5710 674 5767 mss.
724 5694 967 5767 melioris
1011 5704 1152 5749 notze
1197 5705 1360 5767 atque
1404 5695 1537 5752 edit.
1590 5697 1747 5754 Rom.
1804 5698 1907 5753 Alii

304 5779 442 5819 vero
485 5763 696 5840 ιιιειιοιιξΔ
730 5763 957 5819 itumcro
987 5808 1000 5831 ,
1035 5778 1192 5840 atque
1246 5763 1378 5824 edit.
1408 5778 1544 5836 vct.,
1578 5767 1716 5838 Quid
1752 5787 1908 5840 argu-

307 5845 480 5890 Ineuta
511 5835 749 5890 moralia.
1110 5835 1137 5867 δ

2010 4703 2131 4774 quia
2160 4706 2405 4772 impenso
2436 4703 2619 4756 labore
2640 4701 2730 4756 alii
2761 4700 2964 4767 educit,
3003 4715 3138 4770 quos
3170 4701 3281 4769 ipsa
3333 4700 3606 4756 diuturna:

2014 4797 2175 4872 118
2223 4795 2335 4851 fotu
2367 4794 2667 4850 sedulitatis
2689 4793 3031 4850 animaverit.
3065 4793 3230 4863 llujus
3264 4794 3502 4849 imitator
3527 4803 3608 4848 est

2008 4890 2401 4959 dialiolus,qui
2423 4889 2804 4960 generationes
2858 4887 3122 4944 creatoris
3168 4887 3359 4942 αξιοικηὶ
3409 4902 3606 4958 rapere

2007 4982 2320 5048 cuntendit;
2367 4991 2422 5038 et
2471 4983 2516 5038 si
2557 4996 2694 5052 quos
2745 4981 3064 5052 insipientes
3094 4989 3150 5035 et
3178 4994 3373 5036 sensus
3404 4979 3608 5052 proprii

2081 5125 2107 5164 ἀ
2150 5127 2292 5182 Edit.
2325 5137 2380 5183 et
2409 5127 2562 5197 pauci
2589 5143 2720 5182 mss.
2752 5126 2814 5183 Si
2845 5127 2956 5180 sola
2983 5127 3230 5181 animalia
3259 5142 3424 5192 prona
3477 5137 3604 5192 pas-

2009 5210 2214 5254 cuntur.
2247 5201 2349 5254 Alii
2375 5202 2555 5271 plures
2584 5213 2645 5253 ac
2669 5199 2945 5271 meliores,
2978 5200 3086 5271 sine
3116 5215 3216 5270 qua
3236 5197 3421 5271 sola.._.
3477 5209 3600 5262 pas-

2007 5284 2211 5340 cuntur,
2237 5267 2480 5342 quidam,
2514 5281 2809 5340 pascantur.
2842 5269 3096 5325 Omnium
3128 5267 3339 5338 'optime
3379 5267 3508 5321 Ben.
3541 5276 3598 5323 et

2007 5343 2195 5402 Germ.
2230 5353 2286 5398 ut
2313 5359 2410 5399 nos
2438 5343 2490 5397 in
2523 5351 2689 5396 textu.

2085 5427 2106 5453 ο
2147 5415 2327 5472 Codex
2357 5416 2474 5469 Vat.
2506 5429 2661 5478 unus,
2695 5421 2741 5467 et
2766 5410 3027 5483 expositus
3054 5409 3123 5462 ad
3147 5407 3392 5479 pondera.
3437 5406 3594 5465 honr.

2007 5487 2138 5542 cdit.
2169 5499 2214 5542 et
2243 5488 2310 5540 ad
2340 5503 2467 5540 onus
2494 5487 2772 5555 expositus.

2089 5558 2105 5597 ί
2151 5559 2307 5614 Rom.
2337 5558 2494 5617 edit.,
2519 5549 2744 5608 astutam
2770 5551 3172 5618 nouinttts,qua!,
3198 5556 3299 5602 etc.
3321 5549 3601 5606 Manifesta

2011 5630 2228 5700 quidem
2259 5631 2345 5682 hic
2365 5629 2587 5696 ellypsis
2603 5635 2828 5700 est_,_qu_:c
2845 5621 3082 5700 suppleri
3109 5627 3283 5700 potest
3303 5624 3595 5700 perverba,

2013 5691 2269 5766 nouimus,
2297 5691 2491 5769 (erant;
2528 5707 2618 5769 aut
2648 5691 2787 5748 aliud
2819 5691 2993 5769 sim-ilo
3029 5706 3160 5769 ξιιφε
3186 5692 3436 5769 aucturis
3457 5705 3600 5769 lex-

2018 5780 2131 5824 tttttt
2165 5783 2219 5824 ιιι
2251 5759 2306 5828 iii
2335 5768 2570 5836 antiquis
2603 5780 2732 5820 mss.
2760 5771 2814 5816 et
2844 5759 2974 5814 edit.
3034 5761 3326 5830 invenitur,
3383 5767 3608 5821 exhibe-

2016 5857 2156 5902 mus.
