4150 6358
492 317 603 376 247

1824 306 2075 370 SANCTI
2101 306 2441 386 anenosn

3687 305 3794 364 ειε

498 445 747 496 carentes
769 437 952 510 vigore
979 435 1221 509 potuerit
1245 449 1602 508 congregare,
1632 434 1824 491 fovens
1847 447 1945 490 eos
1974 431 2095 486 ille—
2120 431 2175 491 Α
2200 427 2409 484 fervent
2437 427 2645 484 semitie
2671 425 2932 484 comitatu
2991 424 3279 493 viantium,
3306 434 3363 484 et
3390 439 3514 497 qua:
3540 439 3796 499 compre-

497 532 678 587 cebris
720 531 1114 600 corporalibus,
1147 529 1238 585 ubi
1267 529 1500 600 primum
1531 545 1635 584 vox
1660 526 1862 584 Christi
1895 540 2095 598 parvu-

499 623 569 679 lis
593 621 751 678 fuerit
780 623 977 685 infusa.
1009 621 1293 678 discedunt
1322 634 1485 692 atque
1503 621 1571 678 ad
1586 637 1706 677 eam
1732 635 1791 676 se
1814 619 2102 675 conterunt

501 725 754 782 matrem,
785 732 908 786 qua:
948 715 1125 786 pullos
1149 730 1277 770 suos
1304 716 1447 771 sicut
1493 715 1608 770 avis
1638 723 1886 768 materno
1917 724 2103 766 amore

504 809 906 878 ceuiplectitur.
957 807 1316 878 Congregavit
1357 809 1498 862 enim
1555 806 1803 862 diabolus
1847 804 2099 876 gentiles,

502 916 642 972 quos
673 918 778 957 non
813 910 1089 958 creaverat
1114 917 1127 954 :
1156 899 1251 955 sed
1279 900 1370 955 ubi
1397 900 1448 954 in
1479 897 1773 970 Evangelio
1791 911 1890 952 suo
1912 910 2101 952 vocem

501 997 749 1053 Christus
777 997 978 1062 emisit,
1025 996 1091 1050 ad
1119 1011 1241 1051 eum
1269 1010 1330 1050 se
1361 994 1698 1064 potissimum
1731 989 2100 1056 contulerunt,

501 1109 638 1162 quos
662 1092 762 1148 sub
792 1092 982 1148 umbra
1007 1091 1210 1146 alarum
1247 1090 1594 1158 suarumipse
1615 1085 1876 1156 suscepit,
1896 1093 1950 1140 et
1974 1099 2103 1138 ma-

501 1187 573 1243 tri
603 1186 749 1242 dedit
777 1186 1035 1242 Ecclesia:
1063 1183 1400 1240 nutriendos.

578 1279 664 1332 M.
689 1276 801 1333 Leo
832 1286 857 1313 τι
881 1285 1085 1331 natura:
1114 1289 1228 1330 sua:
1251 1271 1518 1344 superbus
1549 1270 1748 1326 ferocia
1771 1268 1994 1324 aliarum
2025 1267 2100 1322 fe-

505 1384 689 1423 rarum
719 1367 1014 1440 generibus
1063 1367 1297 1422 miscere
1329 1380 1388 1421 se
1413 1363 1582 1420 nescit
1613 1362 1746 1418 :sed
1799 1361 1953 1432 quasi
2004 1375 2100 1416 rex

503 1459 726 1531 quidam
779 1459 1136 1530 plurimorum
1208 1457 1532 1527 dedignatur
1584 1454 1941 1511 consortium.
1998 1451 2100 1520 Qui

506 1555 670 1608 etiam
704 1553 882 1609 cibum
927 1552 1132 1609 fastidit
1182 1551 1519 1616 hesternum,
1575 1561 1629 1606 et
1657 1550 1800 1621 ipsas
1829 1563 1942 1603 sure
1962 1562 2102 1602 esca:

503 1649 764 1720 reliquias
789 1658 1086 1703 aversatur.
1115 1646 1247 1714 Qure
1275 1655 1455 1702 autem
1483 1659 1542 1700 se
1559 1644 1609 1698 ei
1635 1644 1840 1698 sociare
1864 1641 1973 1696 fera
2006 1656 2103 1694 au-

509 1742 656 1808 deat,
709 1741 864 1812 cujus
907 1741 1027 1796 voci
1073 1736 1254 1796 tantus
1291 1738 1611 1795 naturaliter
1633 1737 1772 1792 inest
1802 1747 2012 1800 terror;
2047 1742 2106 1788 ut

2204 521 2365 576 bendi
2391 529 2619 592 angusto
2645 535 2741 576 ore
2767 535 2873 575 non
2895 528 3144 595 possunt,
3178 518 3418 575 humeris
3438 516 3661 590 grandia
3685 515 3796 572 fru-

2203 627 2384 673 menta
2417 615 2723 671 truduntur.
2780 614 3002 682 Spectat
3056 613 3170 669 haec
3217 613 3468 668 dominus
3493 612 3706 680 messis,
3732 620 3790 668 et

2203 709 2481 766 erubescit
2535 718 2640 765 tam
2707 722 2866 780 parca
2935 708 3037 779 piae
3087 707 3366 764 industriae
3409 722 3609 780 negare
3654 721 3800 762 com-

2202 802 2420 874 pendia.

2276 896 2363 950 17.
2415 893 2555 963 Quid
2601 904 2780 951 autem
2833 893 2901 950 de
2927 894 3150 951 canibus
3178 894 3391 966 loquar,
3424 893 3621 967 quibus
3649 894 3784 951 insi-

2204 999 2316 1046 tum
2357 1000 2440 1045 est
2466 999 2654 1044 natura
2681 988 2915 1060 quadam
2944 987 3148 1045 referre
3177 989 3427 1060 gratiam,
3459 997 3516 1045 et
3540 989 3799 1045 sollicitas

2204 1083 2464 1140 excubias
2493 1098 2592 1156 pro
2631 1083 2976 1138 dominorum
3018 1082 3192 1138 salute
3239 1082 3617 1152 praetendere?
3643 1081 3796 1139 Unde

2203 1177 2270 1232 ad
2327 1175 2674 1231 iuunemores
2726 1174 2996 1240 beneﬁcii,
3047 1184 3101 1232 et
3149 1175 3368 1232 desides
3393 1185 3556 1245 atque
3577 1177 3795 1248 ignavos

2201 1268 2397 1324 clamat
2410 1269 2688 1333 Scriptura
2709 1285 2722 1321 :
2740 1265 2905 1323 Canes
2927 1268 3076 1336 muti,
3095 1269 3372 1324 nescientes
3389 1270 3580 1324 latrare
3594 1269 3792 1340 (Επεὶ,

2205 1377 2316 1427 LVI,
2359 1359 2468 1430 l0).
2501 1360 2638 1417 Sunt
2663 1374 2794 1430 ergo
2822 1373 2986 1415 canes
3033 1360 3122 1430 qui
3151 1359 3405 1415 noverint
3454 1359 3653 1416 latrare
3695 1374 3794 1431 pro

2205 1455 2460 1519 dominis,
2512 1455 2762 1509 noverint
2804 1468 2899 1510 sua
2944 1463 3088 1510 tecta
3130 1453 3442 1511 defendere.
3474 1453 3630 1512 Unde
3655 1465 3712 1512 et
3741 1464 3798 1512 tu

2206 1549 2355 1604 disce
2405 1564 2592 1605 vocem
2645 1559 2789 1603 tuam
2842 1563 3099 1605 exercere
3153 1563 3254 1620 pro
3305 1548 3546 1615 Christo,
3577 1547 3793 1620 quando

2208 1643 2352 1700 ovile
2401 1641 2659 1698 Ecclesiae
2702 1641 2979 1697 incursant
3029 1641 3140 1712 lupi
3180 1655 3395 1714 graves.
3433 1641 3591 1697 Disce
3619 1643 3673 1697 in
3703 1656 3805 1697 ore

2210 1745 2302 1790 tuo
2331 1736 2557 1791 verbum
2604 1743 2821 1801 tenere;
2852 1749 2920 1791 ne
2957 1735 3108 1805 quasi
3163 1745 3346 1791 mutus
3372 1735 3526 1791 canis
3549 1734 3808 1792 commis-

508 1833 678 1887 multa
705 1833 1056 1888 animantium
1089 1847 1208 1904 qua:
1235 1848 1333 1904 per
1361 1832 1693 1886 celeritatem
1747 1839 1970 1899 possent
2009 1826 2111 1881 im-
2139 1825 2188 1886 Β
2215 1843 2330 1882 sam
2358 1828 2454 1884 tibi
2486 1827 2609 1882 ﬁdei
2634 1826 2934 1882 custodiam
2965 1825 3196 1898 quodam
3250 1827 3711 1899 praevaricationis
3738 1827 3811 1884 si-

506 1933 693 1995 petum
736 1923 854 1995 ejus
893 1923 1143 1988 evadere,
1171 1923 1428 1993 rugientis
1455 1922 1571 1992 ejus
1597 1923 1774 1976 sonitu
1799 1921 1947 1975 velut
1974 1933 2107 1988 qua-

509 2016 636 2072 dam
673 2018 724 2071 vi
776 2018 998 2072 attonita
1029 2029 1190 2088 atque
1222 2017 1327 2071 icta
1360 2014 1658 2071 deﬁciant?

582 2110 674 2165 l5.
722 2108 856 2164 Nam
879 2109 948 2165 de
974 2109 1128 2180 pardi
1159 2110 1339 2178 Specie
1369 2125 1467 2164 nee
1485 2108 1764 2176 Scriptura
1791 2105 1939 2160 siluit
1961 2104 2106 2175 quod

509 2202 772 2257 varietate
801 2202 1001 2258 coloris
1057 2211 1235 2256 motus
1293 2201 1473 2256 varios
1523 2201 1718 2255 animm
1748 2215 1861 2253 sua:
1892 2197 2104 2268 prodat.

510 2294 652 2350 Dicit
687 2297 833 2350 enim
887 2295 1230 2350 Hieremias:
1274 2293 1336 2348 Si
1367 2293 1582 2347 mutabit
1624 2292 1870 2364 {Ethiops
1925 2291 2109 2362 pellem

506 2403 677 2452 suam,
707 2397 756 2442 et
778 2387 977 2460 pardus
1003 2387 1298 2440 varietatem
1323 2401 1468 2438 suam
1491 2381 1664 2454 (Hier.
1700 2398 1815 2446 xm,
1839 2379 1956 2452 25).
1991 2379 2108 2436 Non

508 2481 684 2536 solum
707 2480 850 2535 enim
875 2479 943 2535 de
971 2483 1162 2550 tlgura,
1182 2477 1276 2533 sed
1307 2479 1468 2532 etiam
1497 2476 1564 2531 de
1589 2475 1884 2530 mobilitate
1913 2474 2111 2530 furoris

509 2575 652 2630 istud
703 2574 1005 2644 accipitur;
1041 2589 1105 2628 eo
1159 2571 1301 2642 quod
1353 2571 1655 2626 tenebrosis
1686 2569 2018 2640 et'inquietis
2046 2584 2109 2623 ac

513 2666 808 2721 mobilibus
835 2665 1011 2720 infida:
1055 2663 1254 2718 mentis
1297 2673 1457 2732 atque
1510 2661 1674 2716 animi
1722 2660 2108 2716 mutationibus

502 2732 862 2815 decoloratus
890 2759 1122 2830 populus
1143 2757 1457 2812 iud-acorum
1487 2755 1617 2811 boui
1679 2755 1936 2826 propositi
1987 2770 2111 2825 gra-

513 2855 644 2908 tiam
667 2853 778 2924 jam
803 2865 990 2909 tenere
1022 2867 1127 2907 nou
1180 2851 1374 2922 possit,
1413 2865 1512 2905 nec
1557 2849 1624 2905 ad
1671 2849 2108 2905 emendationem

514 2947 679 3002 ullam
707 2947 1210 3018 correctionemque
1242 2959 1508 3012 remeare,
1549 2943 1638 3016 qui
1666 2944 1836 3001 semel
1877 2942 2107 3001 ferinam

515 3039 751 3096 induerit
777 3039 1188 3096 immanitatem.
1207 3039 1217 3108 τ

1101 3225 1333 3284 CAPUT
1390 3226 1481 3283 IV.

514 3365 593 3421 De
635 3367 769 3420 mira
807 3365 984 3420 indole
1031 3365 1399 3419 nonnullorum
1433 3365 1736 3420 animalium
1785 3365 1839 3419 in
1885 3366 2111 3420 vitandis

591 3456 687 3509 sibi
717 3457 910 3522 noxiis,
933 3463 1086 3524 atque
1109 3454 1322 3509 utilibus
1353 3456 1754 3525 prosequendis;
1777 3464 1820 3509 et
1848 3455 1912 3508 de
1955 3467 2108 3510 natu-

587 3548 785 3602 ralibus
831 3546 1098 3602 virtutibus
1143 3564 1270 3618 quas
1317 3547 1369 3601 in
1419 3548 1525 3603 illis
1569 3547 1764 3602 imitari
1817 3563 1908 3602 nos
1952 3564 2108 3620 apor-

588 3649 709 3696 teat.

586 3779 674 3835 16.
708 3769 802 3836 Est
827 3787 1005 3836 tamen
1034 3779 1273 3836 etiamin
1301 3789 1489 3835 natura
1512 3779 1945 3852 quadrupedum,
1964 3781 2108 3852 quod

513 3874 712 3929 imitari
742 3888 841 3930 nos
872 3889 1053 3930 sermo
1073 3874 1395 3930 adhortetur
1417 3874 1784 3945 propheticus,
1803 3889 1910 3946 quo
1925 3890 2110 3930 exem-

504 3967 605 4038 plo
631 3983 921 4024 caveamus
960 3967 1249 4037 desidiam,
1277 3978 1332 4026 et
1356 3969 1644 4040 exiguitate
1675 3970 1761 4025 vel
1792 3969 2108 4025 inﬁrmitate

510 4064 808 4133 eorporisa
840 4063 1052 4119 virtutis
1103 4063 1288 4119 studio
1338 4079 1444 4118 non
1504 4063 1869 4131 reflectantur,
1931 4079 2108 4133 neque

516 4171 838 4211 revocemur
883 4158 952 4211 ab
994 4158 1158 4213 ullius
1208 4158 1470 4229 propositi
1539 4159 1929 4228 magnitudine.
1982 4156 2111 4213 Exi-

511 4263 614 4316 gua
651 4233 742 4304 est
783 4249 926 4304 enim
973 4252 1216 4318 formica,
1251 4267 1372 4322 quze
1412 4251 1616 4321 majora
1638 4254 1748 4307 suis
1791 4251 1953 4308 audet
1980 4252 2108 4308 viri-

511 4342 645 4406 bus;
673 4357 846 4413 ueque
874 4343 1097 4399 servitio
1123 4344 1190 4398 ad
1222 4344 1557 4414 operandum
1572 4346 1802 4416 cogitur,
1819 4345 1912 4401 sed
1941 4360 2105 4416 spon-

513 4444 686 4487 tanete
714 4435 994 4504 proposito
1049 4436 1448 4505 prospicientim
1500 4434 1678 4490 futura
1726 4437 2102 4494 alimentorum

511 4525 751 4580 subsidia
779 4527 880 4582 sibi
911 4530 1205 4598 prmslruit.
1229 4527 1396 4599 Cujus
1419 4539 1475 4583 ιιι
1505 4530 1734 4584 imiteris
1779 4529 2098 4588 industriam

2209 1921 2374 1976 lentio
2395 1920 2700 1975 deseruisse
2725 1918 2977 1975 videaris.
3003 1919 3152 1975 Talis
3177 1919 3328 1976 canis
3351 1921 3525 1976 viator
3543 1930 3601 1976 et
3619 1935 3804 1978 comes

2209 2013 2383 2084 angeli
2435 2023 2539 2079 est,
2581 2028 2742 2084 quem
2800 2011 3040 2082 Raphael
3098 2014 3151 2068 in
3181 2013 3319 2069 libro
3350 2013 3668 2087 prepbetieo
3691 2029 3800 2071 non

2209 2107 2382 2160 otiose
2432 2105 2536 2160 sibi
2582 2103 2692 2160 etb
2729 2103 2915 2160 Tobiae
2947 2103 3062 2160 ﬁlio
3117 2104 3517 2176 adiungendum
3572 2107 3808 2178 putavit,

2209 2199 2426 2270 quando
2457 2199 2696 2269 perrexit
2719 2207 2776 2252 ut
2796 2197 3142 2254 Asmodteum
3189 2198 3420 2270 fugaret,
3452 2199 3697 2256 firmaret
3717 2215 3813 2256 co-

2212 2292 2388 2363 pulam
2443 2289 2780 2362 conjugalem
2810 2289 2962 2363 (Τοῦ.
3013 2306 3088 2358 vr,
3151 2290 3204 2357 Ι,
3237 2301 3284 2346 et
3331 2307 3408 2356 xl,
3448 2289 3527 2362 9).
3554 2291 3810 2349 Memoris

2211 2387 2351 2440 enim
2381 2383 2610 2440 allectus
2649 2384 2821 2455 gratia
2869 2383 3089 2455 pellitur
3140 2383 3491 2452 daemonium,
3545 2384 3816 2441 stabilitur

2210 2477 2549 2547 conjugium.
2575 2475 2734 2531 Muta:
2756 2475 2937 2546 itaque
2992 2476 3176 2546 specie
3224 2475 3411 2530 bestia:
3449 2485 3670 2532 sanctus
3709 2476 3816 2534 Ra—

2213 2569 2368 2639 pbael
2396 2568 2622 2640 angelus
2650 2567 2834 2623 Tobiae
2851 2567 3088 2638 juvenis,
3113 2583 3274 2638 quem
3305 2567 3565 2624 tuendum
3587 2585 3814 2641 recepe-

2211 2673 2316 2727 rat,
2353 2661 2416 2716 ad
2450 2662 2769 2718 relationem
2802 2662 2992 2732 gratiae
3039 2661 3325 2718 erudiebat
3365 2661 3638 2718 affectum.
3680 2663 3814 2734 Quis

2209 2759 2354 2812 enim
2393 2773 2500 2811 non
2524 2757 2818 2812 erubescat
2861 2755 3091 2827 gratiam
3131 2755 3272 2812 bene
3293 2755 3362 2812 de
3387 2770 3450 2812 se
3477 2757 3810 2814 merentibus

2214 2865 2321 2903 non
2353 2847 2581 2915 referre,
2613 2862 2736 2903 cum
2779 2846 2964 2902 videat
2992 2847 3155 2903 etiam
3195 2847 3396 2904 bestias
3427 2847 3674 2920 refugere
3700 2850 3814 2906 cri-

2213 2956 2336 2996 men
2365 2940 2594 3010 ingrati?
2618 2940 2684 2995 Et
2713 2939 2819 2994 illa:
2849 2939 3140 3010 impertita:
3169 2939 3441 2996 alimoniae
3457 2949 3676 2999 servant
3690 2957 3809 3000 me-

2213 3033 2462 3097 moriam,
2494 3041 2551 3087 tu
2581 3047 2689 3088 non
2729 3045 2918 3088 servas
2963 3031 3152 3087 salutis
3181 3033 3458 3104 acceptae?

2287 3125 2374 3180 18.
2423 3123 2556 3182 Ursa
2601 3123 2864 3180 insidians
2894 3123 3043 3192 licet,
3075 3133 3134 3180 nt
3161 3125 3438 3196 Scriptura
3464 3127 3540 3182 ait
3567 3125 3808 3200 (Tliren.,

2135 3212 2181 3276 C
2213 3233 2294 3285 nt,
2333 3215 2444 3288 10),
2473 3226 2556 3273 est
2592 3217 2736 3274 enim
2767 3215 2926 3288 plena
2973 3215 3177 3272 fraudis
3227 3215 3370 3284 fera;
3419 3226 3600 3273 tamen
3637 3217 3814 3276 fertur

2215 3311 2476 3367 informes
2507 3319 2662 3366 utero
2689 3319 2875 3380 partus
2897 3308 3210 3374 edere,sed
3223 3319 3380 3365 natos
3400 3309 3579 3382 lingua
3609 3311 3812 3382 tingere

2213 3415 2375 3477 atque
2401 3406 2453 3461 in
2481 3405 2721 3477 speciem
2748 3404 2831 3459 sui
2854 3401 3371 3474 similitudinemque
3398 3405 3650 3460 formare.
3689 3403 3810 3461 Non

2215 3502 2438 3558 miraris
2484 3502 2676 3556 infera
2698 3509 2807 3555 tam
2838 3499 2912 3570 pii
2950 3500 3062 3555 oris
3111 3498 3305 3568 ofﬁcia,
3349 3500 3505 3570 cujus
3560 3509 3811 3558 naturam

2216 3594 2387 3666 pietas
2415 3594 2719 3666 exprimit?
2748 3593 2886 3650 Ursa
2925 3594 3088 3666 igitur
3109 3603 3294 3664 partus
3314 3609 3442 3650 suos
3487 3595 3557 3651 ad
3599 3595 3684 3652 sui
3731 3588 3841 3653 ef?

2213 3688 2367 3760 ﬁngit
2415 3687 2852 3756 similitudinem,
2885 3698 2942 3744 tu
2971 3687 3114 3745 ﬁlios
3145 3697 3267 3744 tuos
3289 3688 3574 3746 instituere
3603 3689 3811 3748 similes

2214 3785 2287 3838 tui
2321 3799 2426 3838 non
2452 3783 2640 3854 potes?

2285 3876 2376 3932 19.
2418 3876 2554 3944 Quid
2585 3876 2729 3948 quod
2755 3877 2920 3933 etiam
2946 3875 3197 3933 medendi
3212 3876 3530 3932 industriam
3545 3891 3652 3933 non
3667 3893 3808 3949 prte-

2211 3969 2484 4026 termisit?
2509 3969 2786 4041 Siquidem
2819 3970 2972 4042 gravi
2998 3969 3191 4026 aﬂecta
3209 3969 3808 4038 emde,etconsauciata

2217 4062 2535 4118 vulneribus
2573 4063 2778 4120 mederi
2817 4064 2918 4120 sibi
2956 4064 3104 4120 novit
3137 4064 3320 4120 herbae
3369 4067 3454 4121 cui
3496 4082 3693 4123 nomen
3724 4077 3811 4124 est

2215 4167 2237 4194 ο
2274 4157 2482 4230 φλόμος,
2508 4165 2567 4211 ιιι
2592 4156 2766 4212 ϐιωθί
2799 4156 3099 4228 appellant,
3133 4157 3317 4213 ulcera
3344 4157 3642 4228 subiiciens
3678 4173 3804 4226 sua;

2211 4259 2269 4304 ut
2297 4250 2418 4304 solo
2433 4261 2690 4305 curentur
2703 4259 2926 4325 attactu.
2962 4251 3196 4321 Serpens
3217 4265 3430 4323 quoque
3462 4261 3617 4322 pastu
3665 4250 3806 4308 feni-

2211 4344 2320 4400 culi
2350 4344 2648 4400 crecitatem
2676 4344 3209 4416 repellitexeeptaui.
3271 4346 3452 4417 Itaque
3483 4347 3573 4403 ubi
3618 4346 3809 4406 oculos

2209 4435 2404 4492 obduci
2429 4437 2528 4492 sibi
2560 4435 2816 4504 senserit,
2847 4445 2974 4492 nota
3005 4437 3246 4492 remedia
3278 4440 3426 4507 petit,
3455 4453 3555 4495 nec
3591 4439 3808 4496 frauda-

2212 4539 2299 4585 tur
2327 4526 2541 4584 etl‘ectu.
2570 4528 2809 4584 Testudo
2843 4529 3140 4585 visceribus
3163 4539 3312 4601 pasta
3339 4533 3630 4603 serpentis,
3679 4547 3807 4590 cum
3905 4545 3912 4554 '

511 4617 788 4688 Scriptura
818 4631 1127 4676 commonet
1151 4630 1202 4676 te
1231 4619 1419 4675 dicens
1445 4639 1458 4676 :
1493 4617 1681 4691 Confer
1706 4632 1753 4677 te
1802 4622 1872 4676 ad
1895 4625 2101 4707 .formi-
2131 4613 2182 4675 D
2209 4638 2477 4680 venenum
2495 4621 2793 4677 adverterit
2815 4622 2916 4679 sibi
2942 4638 3186 4694 serpere,
3221 4624 3447 4694 origano
3479 4625 3804 4683 medicinam

506 4727 642 4776 cant,
671 4728 700 4764 ο
725 4711 890 4781 piger,
905 4723 952 4766 et
971 4713 1211 4768 contulere
1240 4714 1346 4767 vias
1363 4715 1494 4786 ejus,
1511 4723 1558 4768 et
1583 4724 1688 4768 esto
1710 4716 1801 4770 illa
1821 4715 2104 4778 sapientior

507 4801 719 4872 (Prov.,
751 4819 822 4868 vr,
853 4802 930 4873 6).
966 4803 1058 4858 Illa
1085 4807 1228 4858 enim
1285 4805 1486 4860 nullam
1519 4808 1784 4862 culturam
1833 4807 2100 4877 possidet,

506 4911 684 4967 neque
706 4912 830 4952 eum
859 4897 950 4967 qui
979 4912 1037 4952 se
1065 4907 1223 4969 cogat
1249 4899 1475 4963 habens,
1510 4916 1683 4969 neque
1734 4901 1836 4956 sub
1876 4899 2100 4958 domino

503 5005 693 5062 agens,
718 4989 1172 5060 quemadmodum
1203 5002 1469 5062 prteparat
1491 5007 1693 5058 escam,
1725 5009 1848 5064 quae
1893 4993 1963 5049 de
1996 4996 2100 5051 tuis

502 5083 779 5140 laboribus
805 5083 909 5139 sibi
939 5099 1170 5140 messem
1199 5085 1475 5151 recondit;
1501 5095 1557 5141 et
1580 5102 1700 5141 cum
1756 5095 1813 5142 tu
1857 5089 2098 5159 plerum-

501 5194 607 5250 que
660 5193 841 5249 egeas,
902 5177 992 5232 illa
1039 5193 1145 5232 non
1199 5178 1422 5246 indiget.
1482 5178 1638 5233 Nulla
1668 5190 1796 5235 sunt
1833 5183 1881 5238 ei
1912 5183 2094 5238 clausa

501 5271 720 5340 horrea,
749 5269 912 5326 nulla:
940 5270 1380 5341 impenetrabiles
1423 5271 1707 5333 ειιειοιίίιρ.
1760 5274 1892 5329 nulli
1925 5275 2097 5331 invio~

503 5362 692 5422 labiles
710 5365 910 5420 acervi.
928 5364 1151 5435 Spectat
1167 5365 1789 5439 119custos,furtaque
1806 5368 2096 5439 prohibere

505 5470 608 5511 non
639 5457 804 5514 audet
836 5475 848 5511 :
877 5456 1072 5528 aspicit
1094 5472 1190 5511 sua
1220 5459 1416 5512 damna
1451 5473 1748 5528 possessor,
1781 5475 1881 5516 nec
1923 5461 2097 5516 vindi-

501 5557 606 5604 cat.
657 5549 821 5621 Nigro
865 5560 1217 5608 conveCtatur
1244 5552 1460 5622 agmine
1491 5536 1668 5622 ιιι-ᾤδει
1704 5567 1800 5624 per
1829 5569 2053 5625 campos
2075 5599 2090 5625 ,

572 5717 598 5746 ει
638 5707 712 5764 Ita
742 5724 876 5782 mss.
920 5709 1033 5766 fere
1062 5727 1274 5768 omnes.
1330 5711 1458 5778 Alii,
1491 5719 1654 5782 atque
1675 5711 1830 5780 edit.,
1859 5711 1968 5768 Leo
1997 5731 2092 5770 na-

491 5787 758 5855 (artesae
776 5781 824 5834 vi
844 5781 1091 5855 superbus
1118 5786 1432 5855 ferocitatem
1455 5787 1538 5839 sui
1567 5781 1810 5852 aliarum,
1834 5794 1942 5842 etc.

565 5851 593 5902 ι)
631 5851 760 5908 Mss.
791 5852 1030 5924 quinque
1053 5851 1292 5914 melioris
1319 5857 1442 5926 :evi,
1468 5866 1515 5912 et
1566 5855 1741 5914 Tobis.
1795 5851 1905 5916 Alii
1953 5874 2090 5936 qua-

2204 4733 2316 4774 suae
2347 4717 2538 4773 salutis
2571 4724 2890 4774 exercetzet
2911 4731 3036 4772 eum
3059 4717 3130 4772 sit
3151 4717 3446 4774 volutabris
3473 4719 3802 4789 palustribus

2205 4824 2382 4866 mersa
2409 4827 2423 4876 ;
2451 4824 2646 4866 curare
2666 4823 2725 4865 se
2753 4819 2936 4866 tamen
2963 4808 3179 4880 proprio
3209 4811 3358 4865 novit
3382 4811 3650 4879 antidoto,
3683 4826 3804 4867 eer-

2204 4913 2368 4974 toque
2420 4903 2622 4958 auxilio
2661 4904 2910 4958 sanitatis
2957 4911 3254 4973 potestates
3302 4902 3594 4959 herbarum
3637 4905 3804 4962 etiam

2200 4995 2316 5066 ipsa
2340 4994 2483 5051 scire
2504 5009 2563 5051 se
2589 4995 2927 5065 comprobat.
2958 4994 3156 5051 Videas
3187 4996 3349 5050 etiam
3381 4996 3601 5067 vulpem
3630 4996 3808 5070 lacry-

2203 5087 2345 5142 mula
2378 5088 2536 5157 pinus
2567 5087 2871 5143 medentem
2895 5087 3017 5154 sibi,
3051 5096 3106 5143 et
3129 5087 3219 5143 tali
3242 5087 3487 5144 remedio
3511 5087 3806 5146 imminen-

2205 5179 2272 5235 tis
2299 5180 2491 5236 mortis
2521 5180 2691 5250 spatia
2717 5180 3102 5250 proferentem.
3261 5236 3276 5248 ,

2275 5273 2364 5330 20.
2408 5273 2618 5330 Clamat
2689 5275 2805 5345 ipse
2859 5273 3118 5329 Dominus
3171 5274 3225 5328 in
3275 5273 3562 5330 Hieremiae
3610 5275 3750 5332 libro
3783 5296 3802 5335 :

2206 5367 2398 5424 Turtur
2417 5379 2465 5424 et
2488 5368 2734 5431 hirundo,
2762 5369 2878 5441 agri
2899 5385 3131 5440 passeres
3155 5367 3508 5423 custodierunt
3525 5365 3551 5405 ἀ
3569 5380 3806 5438 tempora

2201 5464 2446 5518 introitus
2474 5463 2556 5516 sui
2581 5479 2599 5517 :
2621 5463 2844 5534 populus
2857 5472 3027 5516 autem
3048 5478 3189 5516 meus
3209 5478 3310 5516 non
3335 5463 3567 5532 cognovit
3585 5463 3794 5532 iudicia

2203 5555 2414 5612 Domini
2429 5555 2630 5627 (Hier.,
2650 5571 2802 5624 xvttt,
2819 5557 2899 5626 7).
2925 5555 3086 5612 Novit
3113 5554 3347 5610 hirundo
3364 5554 3580 5626 quando
3595 5555 3803 5622 veniat,

2199 5724 2344 5780 tuor,
2373 5726 2420 5771 et
2440 5715 2591 5780 Tobi.
2619 5726 2675 5772 et
2695 5718 2773 5773 sic
2795 5717 2846 5772 in
2874 5716 3252 5788 sequentibus.
3282 5713 3449 5784 LXX,
3491 5715 3684 5771 Τωϐὶτ.

2272 5799 2294 5862 (ξ
2325 5789 2537 5862 exspes,
2565 5789 2755 5845 Latine
2779 5788 3125 5862 verbasqum.
3467 5827 3472 5830 -

2269 5858 2297 5896 ά
2333 5858 2438 5918 Set
2465 5876 2622 5931 mss.,
2653 5871 2881 5934 tempora
2909 5858 3020 5917 nidi
3045 5859 3146 5918 sui.
