4150 6358
311 325 419 387 249

1540 337 2044 397 HEXAEMERON.
2083 340 2216 402 LIB.
2261 343 2349 403 Vl.

3493 357 3606 418 250

318 450 476 522 120
487 449 704 522 quando
725 450 887 509 etiam
915 460 1240 529 revertatur.
1258 453 1418 511 Novit
1439 457 1600 512 etiam
1625 463 1652 492 ι
1677 457 1760 527 pia
1783 459 1899 514 avis
1926 462 1978 520 Α
2005 461 2271 518 evadendi
2302 465 2468 522 ullum
2499 476 2794 540 suppetere
2815 469 2916 527 sibi
2933 484 3093 542 posse
3111 471 3436 542 subsidium,
3455 476 3607 533 tech-

309 543 633 600 anuuntiare
683 545 945 602 adventus
974 547 1057 602 sui
1086 550 1400 605 testimonio
1424 551 1569 606 veris
1618 550 1900 607 indicium.

315 635 476 694 Novit
525 638 688 694 etiam
712 638 934 695 formica
963 641 1250 712 explorare
1281 643 1594 700 serenitatis
1620 654 1901 717 tempora;

309 743 435 785 nam
466 745 590 786 cum
618 732 916 788 adverterit
955 734 1257 792 madidatos
1303 736 1477 792 imbre
1532 739 1736 793 fructus
1776 753 1904 794 suos

309 822 650 894 humescere,
677 827 1296 901 explorato’diligentius
1317 845 1444 886 aere
1487 831 1702 901 quando
1717 830 1902 902 jugem

311 920 485 990 possit
508 933 725 976 servare
755 923 1092 993 temperiem,
1125 939 1349 981 acervos
1387 936 1595 982 reserat
1644 942 1794 993 suos,
1849 935 1903 984 et

308 1010 380 1066 de
404 1012 648 1067 cavernis
680 1011 823 1068 foras
847 1016 958 1069 suis
989 1015 1231 1074 humeris
1259 1027 1537 1087 exportat;
1569 1030 1626 1075 ut
1647 1020 1762 1092 jugi
1787 1021 1902 1076 sole

311 1105 526 1176 propria
556 1106 824 1161 frumenta
852 1109 1146 1182 siccentur.
1181 1111 1420 1182 Denique
1453 1113 1592 1168 haud
1624 1129 1895 1185 quaquam

307 1199 414 1254 illis
439 1199 630 1255 diebus
660 1202 908 1257 omnibus
937 1206 1110 1273 rmnpi
1139 1205 1205 1260 de
1233 1206 1464 1261 nubibus
1507 1207 1706 1262 imbres
1752 1207 1901 1263 vide-

305 1290 401 1357 ris,
429 1291 532 1346 nisi
555 1307 676 1346 cum
707 1292 885 1364 fruges
914 1311 1039 1350 suas
1066 1296 1278 1353 horreis
1303 1299 1534 1369 propriis
1560 1299 1783 1355 formica
1813 1316 1901 1357 re-

303 1383 600 1438 vocaverit.
632 1384 803 1442 Boves
827 1386 1169 1458 impendente
1199 1390 1375 1461 pluvia
1422 1392 1488 1447 ad
1529 1395 1793 1464 praesepia
1841 1409 1901 1450 se

303 1486 492 1534 tenere
522 1489 806 1534 noverunt.
842 1479 1005 1538 Iidem
1036 1485 1122 1540 ubi
1170 1487 1400 1542 naturali
1434 1502 1597 1543 sensu
1647 1485 1900 1546 mutatio;

305 1587 430 1628 nem
455 1575 578 1629 caeli
608 1576 946 1648 collegerint,
980 1580 1124 1635 foras
1150 1591 1414 1651 Spectant,
1441 1592 1497 1640 et
1526 1583 1663 1638 ultra
1697 1599 1899 1654 pra-se-

304 1667 392 1736 pia
443 1669 684 1725 ccrvices
728 1674 1028 1730 extendunt
1055 1690 1182 1733 suas
1213 1694 1315 1733 una
1348 1695 1537 1735 omnes
1586 1683 1805 1749 specie;
1841 1691 1897 1737 ut

301 1760 520 1830 prodire
548 1778 606 1816 se
639 1764 780 1819 velle
805 1776 1086 1823 testentur.
1115 1770 1242 1825 Ovis
1287 1773 1388 1827 sub
1425 1773 1656 1829 adventu
1688 1774 1896 1846 hyemis

2005 569 2127 608 nam
2150 556 2456 626 lmjusmodi
2471 559 2660 619 fraude
2681 565 2922 620 molitur.
2945 565 3602 642 Ubilglsecontiguum

2004 647 2504 720 viderit,sph:eram
2523 657 2592 711 de
2620 659 2760 713 vitro
2777 660 2990 730 projicit
3015 679 3027 713 :
3055 672 3111 717 at.
3137 664 3226 718 illa
3253 665 3488 736 imagine
3518 666 3600 722 sui

2004 740 2227 809 luditur,
2275 753 2332 797 et
2382 747 2626 804 sobolem
2674 762 2847 821 putat,
2885 764 3104 810 revocat
3129 757 3410 827 impetum,
3445 759 3602 814 colli-

2003 848 2130 904 gere
2170 834 2336 890 fctum
2404 839 2742 898 desiderans.
2776 844 2982 902 llursus
3006 848 3152 905 inani
3174 852 3356 921 Specie
3388 861 3600 908 retenta

2004 927 2132 980 totis
2159 945 2219 982 se
2246 928 2312 984 ad
2341 933 2910 1002 comprehendendum
2929 943 3166 1010 equitem
3198 945 3403 1001 viribus
3429 943 3604 1001 fundit

2003 1029 2056 1076 et
2087 1021 2376 1080 iracundiae
2401 1025 2621 1084 stimulo
2651 1031 2888 1088 velocior
2931 1033 3156 1105 fugienti
3204 1038 3469 1096 imminet.
3505 1039 3602 1095 lllo

2001 1113 2196 1170 iterum
2228 1116 2456 1186 Splnerte
2475 1119 2691 1190 objectu
2720 1135 3035 1194 sequentem
3086 1131 3361 1197 retardat;
3397 1147 3496 1188 nec
3521 1140 3602 1187 ta-

2003 1225 2123 1264 tncn
2155 1210 2498 1268 sedulitatem
2524 1219 2715 1272 matris
2768 1220 3027 1274 memoria
3076 1222 3278 1277 fraudis
3305 1225 3550 1280 excludit
3583 1244 3595 1279 :

2001 1315 2207 1358 cassam
2265 1317 2442 1362 versat
2491 1308 2801 1380 imaginem,
2852 1319 2906 1366 et
2951 1314 3100 1381 quasi
3131 1314 3393 1370 laetatura
3455 1316 3599 1372 fetus

2004 1397 2226 1454 residet.
2283 1399 2374 1456 Sic
2447 1402 2662 1473 pietatis
2685 1419 2800 1459 suae
2827 1404 3008 1460 studio
3037 1404 3286 1478 decepta,
3309 1418 3364 1463 et
3394 1409 3599 1465 vindic-

2004 1497 2109 1543 tam
2134 1492 2331 1548 amittit
2362 1503 2416 1550 et
2443 1496 2706 1552 sobolem.

2073 1582 2164 1636 22.
2205 1586 2358 1652 Quod
2385 1587 2539 1643 nobis
2567 1589 2842 1660 Scriptura
2875 1590 3050 1658 affert,
3078 1609 3198 1664 (pta:
3221 1593 3390 1649 dicit:
3434 1592 3601 1662 Filii,

2001 1678 2197 1751 diligite
2226 1693 2395 1753 patres
2432 1694 2620 1740 uestros
2644 1702 2662 1740 :
2689 1696 2946 1756 parentes,
2973 1689 3130 1742 nolite
3169 1689 3237 1742 ad
3272 1689 3600 1744 iracundiam

2001 1789 2272 1842 provocare
2303 1777 2440 1840 ﬁlios
2474 1787 2664 1832 vestros
2710 1779 2956 1851 (Coloss.,
2995 1797 3072 1845 ttt,
3103 1781 3219 1852 ‘20).
3260 1781 3462 1837 Natura
3494 1782 3600 1839 hoc

300 1852 643 1923 inexplebilis
667 1857 730 1911 ad
762 1873 941 1915 escam
965 1861 1339 1920 insatiabiliter
1370 1865 1592 1922 herbam
1640 1871 1800 1938 rapit,
1830 1884 1896 1925 eo
1924 1860 1974 1920 B
1999 1866 2187 1924 bestiis
2207 1869 2452 1937 infundit,
2479 1872 2759 1942 utcatulos
2783 1873 3029 1943 preprios
3051 1882 3252 1941 ament,
3302 1875 3444 1929 fetus
3467 1889 3600 1932 suos

297 1947 440 2018 quod
469 1951 782 2018 prmsentiat
804 1951 831 1990 ι)
859 1955 1148 2022 asperitate
1172 1956 1382 2030 hyemis
1403 1959 1742 2028 defuturam;
1771 1970 1899 2018 utse

297 2042 450 2111 prius
474 2043 656 2098 herba:
680 2045 876 2112 pabulo
902 2046 1114 2115 farciat,
1145 2066 1306 2120 quam
1331 2053 1454 2124 gelu
1478 2053 1742 2110 adurente
1781 2071 1899 2111 om-

293 2133 379 2188 nis
404 2133 571 2190 herba
599 2136 837 2194 deliciat.
870 2139 1110 2198 Echinus
1135 2143 1238 2200 iste
1262 2154 1533 2214 terrenus,
1553 2165 1713 2220 quem
1735 2150 1897 2222 vulgo

295 2228 521 2283 ericiqu
565 2241 780 2297 vocant,
839 2234 886 2290 si
939 2236 1067 2306 quid
1130 2237 1445 2297 insidiarum
1506 2247 1891 2313 prmscnserit,

293 2320 466 2391 spinis
497 2323 609 2378 suis
657 2325 948 2395 clauditur,
990 2339 1152 2402 atque
1199 2332 1250 2387 in
1279 2348 1376 2388 sua
1406 2350 1466 2391 se
1490 2351 1638 2392 arma
1667 2339 1892 2410 colligit,

294 2425 354 2471 ut
373 2416 695 2491 quicumque
727 2437 849 2477 eum
873 2425 1298 2497 contingendum
1325 2432 1614 2501 putaverit,
1640 2434 1917 2488 vulnere-'

297 2514 405 2563 tur.
443 2508 697 2583 Idemque
741 2515 971 2574 echinus
1007 2519 1174 2576 futuri
1205 2523 1496 2592 providens
1517 2527 1760 2596 geminas
1788 2530 1890 2586 sibi

292 2606 593 2674 respirandi
616 2609 730 2665 vias
758 2613 965 2680 munit;
998 2625 1056 2670 ut
1105 2617 1324 2688 quando
1355 2619 1583 2676 Boream
1631 2623 1884 2680 ﬂaturum

291 2697 594 2769 collegerit,
639 2701 1132 2774 Septentrionalem
1179 2710 1698 2783 obstruat;quando
1749 2715 1889 2772 Noto

290 2795 607 2860 cognoverit
627 2795 832 2868 detergi
861 2801 1001 2855 aeris
1033 2802 1238 2868 nubila,
1279 2803 1348 2859 ad
1394 2806 1886 2878 SeptentriOnalem

290 2899 354 2940 se
393 2886 659 2955 conferat,
693 2901 750 2947 ut
779 2891 937 2949 ﬂatus
983 2895 1222 2953 declinet
1278 2899 1489 2969 obvios,
1523 2912 1579 2959 et
1606 2920 1637 2960 e
1665 2905 1888 2977 regione.

294 2977 598 3036 nocituros.

361 3071 454 3126 21.
491 3072 642 3129 Unde
671 3075 888 3148 dignam
927 3080 1158 3138 Domino
1185 3083 1401 3142 laudem
1435 3086 1706 3160 PrOpheta
1727 3091 1883 3147 detu-

285 3165 371 3232 lit,
399 3167 614 3225 dicens:
632 3170 800 3238 Quam
826 3177 1156 3247 magniﬁcam
1167 3190 1288 3233 sunt
1308 3197 1466 3252 apem
1491 3193 1599 3250 tua,
1628 3183 1886 3241 Domine!

1991 1959 2248 2030 diligant.
2279 1961 2534 2018 Nesciunt
2566 1964 2672 2020 itl:e.
2714 1965 2836 2019 odia
2877 1967 3179 2021 novercalis
3201 2009 3215 2032 ,
3253 1983 3352 2022 nec
3382 1976 3598 2025 mutato

2000 2053 2287 2109 concubitu
2314 2064 2563 2124 parentes
2593 2070 2624 2109 a
2653 2055 2840 2112 sobole
2864 2056 3251 2127 depravantur,
3277 2051 3452 2130 neque
3481 2074 3585 2115 no-

1998 2155 2197 2201 verunt
2226 2145 2484 2218 prarferre
2513 2147 2656 2203 filios
2690 2149 3010 2219 posterioris
3037 2151 3267 2220 copulae,
3295 2151 3599 2221 superioris

1996 2250 2179 2296 autem
2197 2240 2486 2312 negligere.
2506 2242 2712 2297 Norunt
2738 2243 2960 2312 pignora
2986 2257 3104 2309 sua,
3136 2243 3388 2299 nesciunt
3408 2243 3593 2300 chari-

1999 2333 2122 2388 tatis
2148 2333 2505 2390 diﬂ'erentiam
2533 2375 2548 2399 ,
2583 2335 2830 2390 odiorum
2863 2335 3132 2391 incentiva
3161 2377 3175 2401 ,
3221 2335 3590 2392 offensionum

1996 2425 2328 2482 discrimina.
2359 2427 2598 2495 Simplex
2634 2428 2868 2492 ferarum
2898 2438 3089 2484 natura
3115 2437 3221 2495 est,
3246 2430 3420 2486 nescit
3444 2431 3596 2487 veri-
3629 2424 3631 2426 ’

1997 2519 2120 2575 tatis
2149 2520 2469 2576 calumnias.
2495 2521 2586 2577 Sic
2607 2521 2750 2577 enim
2774 2521 2957 2576 omnia
2979 2522 3301 2588 temperavit
3331 2522 3494 2588 Deus,
3532 2531 3594 2580 ut

1994 2613 2189 2684 quibus
2213 2615 2389 2669 minus
2409 2614 2635 2670 rationis
2659 2614 2836 2680 daret,
2865 2614 2982 2684 plus
3010 2614 3317 2687 indulgeret
3337 2615 3587 2672 allectus.

1949 2694 1952 2699 ’
1992 2709 2121 2776 Quae
2151 2711 2262 2764 fera
2294 2725 2391 2780 pro
2411 2710 2603 2766 catulis
2633 2711 2744 2764 suis
2775 2726 2884 2765 non
2913 2710 3027 2780 ipsa
3059 2711 3397 2780 potissimum
3421 2725 3480 2766 se
3506 2710 3591 2766 of-

1992 2802 2128 2859 ferat
2153 2805 2352 2858 morti?
2381 2803 2512 2871 ουκ
2539 2802 2656 2858 fera
2682 2802 2825 2858 fetus
2846 2819 2974 2859 suos
3001 2804 3300 2859 innmueris
3328 2803 3454 2858 licet
3478 2803 3579 2857 ob—

1990 2911 2142 2952 sessa
2172 2895 2358 2952 cuneis
2388 2906 2719 2950 armatorum
2742 2937 2757 2961 ,
2787 2913 2892 2951 non
2919 2896 3032 2952 suis
3054 2895 3360 2952 visceribus
3390 2905 3536 2964 tegat
3555 2895 3582 2950 ?

1991 2987 2206 3058 lngruat
2232 2988 2355 3043 licet
2381 2988 2614 3042 telorum
2642 3003 2819 3058 seges,
2847 2987 3140 3044 illa-tamen
3173 2987 3430 3059 parvulos
3452 3002 3586 3046 suos

1990 3098 2146 3138 muro
2179 3083 2259 3137 sui
2296 3083 2542 3152 corporis
2567 3093 2750 3152 septos
2785 3082 3050 3137 immunes
3083 3092 3302 3152 przestat
3332 3082 3583 3151 periculi.

1988 3175 2126 3243 Quid
2171 3175 2304 3230 dicit
2359 3174 2522 3230 homo
2560 3176 2650 3246 qui
2699 3174 3014 3230 mandatum
3051 3175 3295 3244 negligit,
3331 3184 3583 3230 naturam

288 3259 480 3316 Omnia
500 3262 552 3317 in
569 3267 823 3336 sapientia
849 3269 1151 3341 (acinum,
1175 3273 1616 3345 ειιι,24),οιηηί;ι
1636 3289 1885 3350 penetral
1909 3255 1954 3317 C
1987 3268 2261 3324 oblitterat
2287 3269 2300 3322 !
2347 3267 2517 3323 Filius
2547 3277 2753 3338 patrem
2785 3266 3047 3336 despicit,
3083 3276 3234 3336 pater
3261 3266 3474 3322 abdicat
3521 3268 3584 3322 li-

281 3351 464 3410 divina
513 3357 796 3428 sapientia,
859 3360 1055 3432 implet
1095 3365 1276 3420 omnia
1312 3382 1325 3420 :
1356 3366 1516 3438 idque
1562 3369 1881 3441 locupletius

279 3461 348 3500 ex
379 3446 831 3508 irrationabilium
859 3455 1132 3522 sensibus,
1161 3474 1322 3529 quam
1354 3477 1418 3516 ex
1476 3463 1876 3532 rationabilimn

276 3537 643 3610 disputatione
685 3545 977 3618 colligitur.
1011 3549 1252 3609 Validius
1280 3563 1363 3610 est
1393 3557 1538 3612 cnim
1563 3568 1768 3615 naturae
1797 3571 1877 3619 te-

277 3632 613 3703 stimonium,
633 3653 791 3708 quam
805 3639 1065 3698 doctrinae
1091 3649 1596 3716 argumentum.Cui
1614 3653 1875 3710 animanti

278 3726 607 3797 incognitum
632 3739 715 3786 est
737 3736 1191 3804 quemadmodum
1214 3753 1366 3796 suam
1381 3753 1597 3799 tueatur
1609 3746 1837 3803 salutem
1856 3768 1870 3804 :

275 3817 321 3874 si
354 3820 528 3876 virtus
553 3826 812 3894 suppetit,
846 3828 1187 3897 resistendo;
1217 3832 1263 3888 si
1285 3836 1564 3904 velocitas,
1593 3837 1870 3909 fugiendo;

273 3913 321 3968 si
353 3915 572 3977 astutia,
611 3921 1006 3986 prmcavendo?
1026 3923 1156 3991 Quis
1183 3941 1276 3982 eas
1292 3944 1444 3984 usum
1472 3933 1723 3988 medendi
1743 3933 1870 3991 her-

272 4003 576 4076 harumque
605 4007 791 4064 docuit
826 4011 1030 4071 habere
1058 4017 1342 4072 notitiam?
1371 4020 1630 4078 Homines
1659 4040 1870 4093 smnus,

269 4107 488 4166 etszepe
509 4100 692 4169 specie
719 4099 1006 4159 herbarum
1040 4105 1298 4175 fallimur,
1332 4112 1718 4186 etplerumque
1735 4133 1871 4187 quas

269 4190 518 4247 Salubres
550 4203 823 4263 putamus,
857 4199 1051 4253 noxias
1081 4201 1405 4269 reperimus.
1454 4204 1681 4273 Quoties
1730 4209 1870 4264 inter

267 4282 455 4338 dulces
487 4285 675 4354 epulas
695 4286 848 4344 cibus
877 4289 1092 4347 letbalis
1113 4291 1353 4362 irrepsit,
1372 4305 1425 4351 et
1446 4296 1747 4367 iuteripsas
1768 4317 1867 4356 au-

267 4375 494 4432 licorum
524 4380 780 4436 excubias
821 4383 1215 4452 ministrorum,
1242 4388 1424 4445 vitalia
1453 4407 1639 4463 regum
1681 4393 1866 4452 feralis

265 4486 388 4527 esca
421 4473 756 4542 penetravit?
784 4477 939 4533 Ferre
969 4479 1087 4535 solo
1134 4492 1334 4539 nortmt
1386 4485 1552 4542 odore
1607 4490 1767 4544 noxia
1810 4499 1865 4546 et

267 4565 545 4634 profutura
577 4567 894 4627 discernere
929 4591 943 4628 :
977 4573 1128 4629 nullo
1153 4578 1376 4644 pra-vio,
1434 4579 1585 4634 nullo
1644 4598 1856 4653 prng-

1985 3363 2154 3430 lium;
2185 3370 2242 3418 et
2266 3362 2370 3418 hoc
2398 3371 2587 3434 putant
2618 3362 2706 3433 jus
2731 3375 2882 3426 esse,
2916 3361 3007 3418 ubi
3048 3361 3335 3416 damnatur
3391 3361 3576 3417 fecun-

1982 3457 2148 3514 ditas:
2178 3473 2236 3514 se
2267 3458 2446 3528 potius
2480 3465 2632 3526 pater
2659 3455 2898 3520 damnat,
2929 3455 3017 3525 qui
3050 3453 3178 3509 facit
3207 3454 3419 3509 irritum
3450 3468 3577 3512 esse

1980 3553 2124 3624 quod
2158 3551 2362 3622 genuit.
2410 3550 2479 3606 Et
2517 3550 2621 3606 hoc
2647 3559 2866 3620 putatur
2908 3547 3244 3604 auctoritatis
3289 3563 3432 3616 esse,
3481 3549 3574 3606 ubi

1979 3646 2279 3701 sterilitatis
2307 3653 2499 3700 natura
2528 3643 2837 3698 n'mlctatur.

2049 3739 2448 3794 25.15xsortem
2476 3736 2702 3793 rationis
2732 3750 2922 3790 canem
2952 3749 3074 3791 esse
3101 3749 3260 3790 nemo
3291 3733 3575 3792 dubitave-

1979 3833 2081 3899 rit;
2114 3842 2289 3887 tamen
2315 3832 2358 3886 si
2385 3846 2577 3886 sensus
2602 3829 2720 3901 ejus
2752 3828 2994 3897 vigorem
3018 3828 3352 3894 consideres,
3368 3843 3562 3886 censes

1975 3942 2096 3980 eum
2126 3924 2391 3981 sentiendi
2410 3909 2702 3994 sagacitate
2726 3925 2831 3977 vim
2861 3922 2962 3977 sibi
2989 3921 3216 3977 rationis
3237 3921 3568 3978 adsciscere.

1975 4017 2221 4086 Denique
2249 4018 2389 4088 quod
2419 4017 2570 4087 pauci
2606 4016 2657 4070 in
2687 4015 2984 4087 gymnasiis
3013 4014 3325 4081 constituti,
3367 4015 3458 4085 qui
3488 4026 3570 4071 to-

1974 4123 2079 4166 tam
2110 4111 2164 4165 in
2187 4110 2446 4166 discendo
2469 4111 2591 4164 vitm
2618 4110 3016 4180 loitgmvitatem
3047 4109 3424 4177 contriverint,
3477 4110 3564 4166 vix

1972 4216 2260 4278 potuerunt
2275 4220 2622 4278 cognoscere,
2643 4216 2698 4260 ut
2709 4204 3144 4276 syllogismorum
3159 4203 3566 4274 conjunctiones

1969 4309 2352 4367 contexerent,
2380 4300 2481 4356 hoc
2515 4299 2745 4356 naturali
2805 4299 2956 4354 canis
2984 4298 3288 4354 eruditione
3314 4314 3564 4370 compre-

1967 4393 2206 4450 hendere
2237 4393 2392 4449 facile
2435 4393 2629 4464 poterit
2668 4392 2947 4447 :estimari.
2987 4391 3120 4447 Nam
3153 4391 3238 4447 ubi
3269 4392 3563 4464 vestigium

1966 4488 2165 4559 leporis
2194 4488 2407 4543 cervive
2449 4487 2730 4557 repererit,
2773 4496 2936 4558 atque
2966 4486 3033 4541 ad
3063 4485 3443 4543 diverticulum
3471 4503 3560 4545 se-

1965 4583 2113 4637 mitre
2153 4581 2407 4648 venerit,
2451 4591 2504 4637 et
2539 4580 2811 4652 quoddam
2844 4581 3051 4636 viarum
3084 4582 3384 4650 compitum
3415 4582 3560 4654 quod

265 4668 472 4716 statore
499 4663 736 4732 Carpitur
759 4663 946 4733 herba,
976 4683 1076 4723 nec
1105 4667 1270 4725 laedit.
1305 4671 1497 4727 Melior
1517 4650 1659 4728 enim
1691 4650 1858 4746 magi-
1885 4650 1938 4711 D
1964 4687 2142 4747 partes
2173 4677 2226 4732 in
2256 4676 2514 4747 plurimas
2543 4675 2836 4740 scinditur;
2881 4676 3075 4730 obiens
3110 4675 3446 4747 singularum
3470 4691 3562 4732 se-

264 4759 374 4806 stra
403 4752 648 4810 veritatis
683 4765 874 4811 natura
904 4768 1008 4814 est.
1059 4759 1186 4816 llzec
1217 4761 1336 4818 sine
1364 4763 1524 4818 ullius
1547 4768 1858 4838 magisterio

263 4847 582 4903 suavitatem
610 4850 1074 4906 sanitatisnostris
1107 4853 1339 4910 infundit
1362 4857 1639 4924 sensibus,
1665 4860 1854 4916 eadem

263 4939 472 4997 doloris
499 4943 850 5000 acerbitatem
883 4944 1043 5002 docet
1067 4961 1190 5003 esse
1218 4946 1545 5019 fugiendam.
1585 4951 1719 5006 lliuc
1748 4953 1854 5009 vita

261 5032 494 5098 dulcior,
521 5034 647 5091 hinc
668 5052 815 5093 mors
843 5039 1101 5094 atitarior.
1131 5040 1254 5095 llzcc
1283 5041 1629 5098 cornmcndat
1668 5027 1854 5100 léaena:

261 5126 474 5180 catulos
513 5141 661 5196 suos,
693 5141 747 5185 et
775 5131 1040 5188 immitem
1071 5132 1239 5187 feram
1264 5144 1509 5190 materno
1551 5135 1726 5191 mollit
1772 5136 1853 5193 af-

261 5217 426 5273 fectu.
478 5220 606 5277 ﬂare
630 5222 836 5294 tigridis
870 5225 1180 5296 interpellat
1205 5226 1564 5293 ferocitatem,
1596 5239 1651 5285 et
1678 5230 1856 5286 immi-

259 5321 477 5370 nentem
509 5331 626 5371 eam
649 5318 848 5388 praedae
889 5318 1139 5375 reﬂectit.
1197 5320 1438 5392 Namque
1490 5322 1578 5379 ubi
1627 5340 1852 5381 vacuum

258 5418 426 5480 rapta:
451 5411 658 5466 sobolis
690 5413 869 5470 cubile
889 5418 1174 5485 repererit,
1209 5417 1351 5474 illico
1399 5419 1638 5490 vestigiis
1673 5431 1855 5492 rapto-

259 5500 333 5556 ris
353 5502 572 5560 insistit.
599 5504 670 5559 At
699 5505 788 5560 ille
817 5508 1063 5576 quamvis
1115 5524 1256 5580 equo
1304 5520 1489 5567 vectus
1521 5512 1719 5582 fugaci,
1772 5515 1852 5570 vi-

259 5594 391 5653 dens
438 5607 622 5655 tamen
651 5598 940 5657 velocitate
991 5601 1121 5659 ferte
1146 5617 1206 5660 se
1235 5619 1394 5677 posse
1445 5609 1720 5679 przeverti,
1753 5624 1852 5666 nec

327 5813 352 5884 ξι
378 5805 567 5884 l_d_est,
590 5809 818 5876 ciconia,
850 5809 917 5866 de
942 5824 1250 5884 quausupra
1297 5814 1336 5870 l.
1368 5832 1422 5884 v,
1447 5832 1498 5874 c.
1531 5819 1618 5875 16.

327 5874 355 5916 ι)
377 5877 518 5938 Edit.
550 5874 762 5953 omnes,
789 5874 846 5940 et
871 5874 1003 5941 mss.
1027 5874 1252 5957 aliquot,
1284 5874 1613 5958 asperitatem
1641 5894 1835 5966 hyemis

1963 4771 2216 4825 mitarum
2249 4770 2494 4836 exordia,
2516 4770 2708 4825 tacitus
2738 4784 2924 4825 secum
2954 4770 3069 4840 ipse
3093 4777 3416 4840 pertractat,
3447 4769 3563 4826 vel-

1961 4873 2018 4918 ut
2071 4863 2459 4936 syllogisticum
2490 4877 2677 4918 vocem
2715 4863 3011 4935 sagacitate
3047 4863 3334 4934 colligendi
3375 4863 3560 4922 odoris

1957 4960 2232 5012 emittens.
2284 4959 2389 5012 Aut
2427 4956 2479 5011 in
2510 4955 2652 5013 hanc
2683 4969 2912 5028 partem,
2947 4957 3138 5028 inquit,
3171 4957 3414 5026 deﬂexit,
3465 4968 3560 5015 aut

1957 5049 2011 5106 in
2043 5050 2231 5118 illam;
2275 5059 2367 5104 aut
2396 5061 2546 5106 certe
2586 5049 2643 5106 in
2672 5051 2814 5106 hunc
2856 5065 2918 5106 se
2946 5051 3248 5106 anfractum
3285 5051 3553 5106 contulit:

1962 5143 2057 5198 sed
2088 5158 2191 5199 nec
2222 5143 2403 5209 istam,
2436 5159 2536 5199 nec
2565 5143 2707 5199 illam
2737 5143 3013 5215 ingressus
3039 5152 3124 5200 est
3151 5144 3292 5199 viam
3321 5161 3333 5198 :
3366 5158 3556 5213 super-

1959 5247 2042 5293 est
2064 5237 2222 5308 igitur
2248 5246 2308 5293 ut
2333 5238 2387 5292 in
2411 5238 2568 5292 istam
2596 5252 2656 5293 se
2685 5246 2892 5308 partem
2914 5237 3032 5291 sine
3057 5236 3397 5292 dubitatione
3422 5249 3557 5290 con-

1959 5331 2163 5388 tulerit.
2209 5331 2360 5400 Quod
2393 5331 2643 5386 homines
2677 5330 2764 5386 vix
2809 5330 3014 5400 prolixa
3052 5329 3372 5400 composita:
3417 5331 3555 5386 artis

1959 5425 2310 5480 meditatione
2337 5433 2699 5496 componunt,
2727 5423 2828 5479 hoc
2858 5421 3086 5479 canibus
3107 5437 3176 5478 ex
3199 5431 3388 5477 natura
3419 5437 3552 5494 sup.

1958 5519 2123 5590 petit;
2164 5530 2224 5575 ut
2262 5530 2388 5577 ante
2418 5518 2758 5576 mendacium
2803 5515 3247 5588 deprehendant,
3280 5524 3336 5571 et
3361 5526 3570 5599 postea.

1955 5611 2191 5671 falsitate
2218 5614 2500 5686 repudiata
2529 5613 2807 5672 inveniant
2837 5609 3140 5668 veritatem.
3180 5607 3372 5665 Nonne
3407 5619 3549 5668 totos

1937 5828 2186 5896 futuram,
2221 5824 2492 5894 nonnulli,
2523 5822 2842 5896 adfuturam.
2879 5816 3136 5877 Omnium
3186 5819 3548 5892 antiquissimi

1938 5906 1998 5954 ut
2025 5912 2122 5955 nos
2154 5898 2208 5956 iu
2242 5906 2414 5954 textu.
