4150 6358
547 329 650 389 851

1892 331 2138 390 SANCTI
2177 327 2502 398 Amos"

3747 340 3853 398 952

546 447 671 506 dies
703 449 994 506 conferunt
1035 448 1344 521 philosOpbi
1384 451 1789 522 propositiones
1820 450 1924 509 sibi
1957 452 2008 507 in
2041 451 2158 523 pul-
2183 453 2233 514 Α
2265 469 2478 515 morum
2537 459 2774 528 balatus,
2819 455 3008 514 eadem
3055 456 3298 527 species;
3333 453 3422 512 illa
3466 464 3646 514 tamen
3691 457 3855 515 fetum

551 555 686 599 vere
702 542 1026 608 dividentes,
1047 544 1138 614 qui
1155 543 1305 599 radio
1328 553 1352 580 ι
1369 544 1468 598 sibi
1489 544 1804 601 describunt
1822 546 2080 614 singulas.
2099 555 2154 601 et

456 695 471 706 ο
552 649 621 693 ex
651 634 826 689 tribus
849 651 968 690 eum
998 651 1157 690 unam
1177 651 1362 692 earum
1397 639 1553 711 122
1580 652 1757 693 veram
1780 653 1901 693 esse
1931 654 2154 696 necesse

551 724 652 793 sit,
686 726 822 794 duas
851 730 1024 798 primo
1047 727 1379 784 interﬁciunt
1407 740 1686 801 tamquam
1716 732 1998 787 mendacio
2024 748 2156 789 con-

550 831 839 889 gruentes.
874 831 927 875 et
957 821 1033 876 sic
1063 821 1113 876 in
1143 837 1206 876 ea
1239 838 1360 892 quae
1392 824 1580 878 relicta
1611 835 1695 879 est
1721 866 1736 890 ,
1766 825 1872 879 vim
1907 827 2154 883 veritatis

552 909 823 968 inhaerere
849 911 1158 968 deﬁniunt?
1197 914 1329 980 Quis
1367 925 1472 970 tam
1506 925 1663 971 tenax
1699 926 1874 987 potest
1910 933 2028 974 esse
2058 921 2151 975 be-

550 1003 757 1071 neficii,
809 1015 864 1061 et
912 1022 1122 1064 memor
1165 1008 1400 1079 gratiae?
1434 1010 1880 1080 Quandoquidem
1921 1028 2020 1083 pro
2060 1013 2156 1069 do-

557 1099 709 1154 mino
736 1099 903 1155 etiam‘
945 1101 998 1156 in
1032 1101 1273 1157 latrones
1311 1103 1520 1158 insilire
1556 1115 1850 1171 noverunt,
1892 1119 1944 1162 et
1979 1118 2159 1163 extra-

551 1209 781 1252 neorum
827 1211 1082 1252 accessus
1115 1199 1404 1268 prohibere
1443 1208 1766 1267 nocturnos,
1798 1210 1852 1256 et
1894 1204 2028 1258 mori
2057 1218 2156 1275 pro

549 1287 812 1356 dominis,
841 1299 896 1343 et
923 1291 1188 1346 cummari
1215 1307 1335 1346 cum
1364 1291 1602 1348 dominis
1624 1293 1734 1348 sint
1761 1296 1928 1364 parati
1953 1297 1974 1350 ?
1999 1294 2154 1368 Saepe

551 1381 715 1438 etiam
745 1382 896 1437 necis
927 1382 1094 1438 illata:
1131 1384 1406 1442 evidentia
1436 1401 1624 1452 canes,
1655 1387 1722 1441 ad
1755 1388 2156 1459 redarguendos

554 1489 680 1531 reos
703 1474 902 1531 indicia
937 1477 1326 1547 prodiderunt;
1363 1489 1421 1536 ut
1447 1490 1599 1536 muto
1627 1498 1815 1538 eorum
1849 1485 2156 1544 testimonio

553 1566 876 1639 plerumque
901 1570 971 1625 sit
998 1571 1290 1627 creditum.

628 1659 722 1715 24.
766 1660 1071 1718 Antiochia:
1099 1664 1278 1721 ferunt
1306 1666 1358 1722 in
1385 1669 1665 1724 remotiori
1695 1679 1843 1740 parte
1866 1669 2014 1727 urbis
2037 1685 2160 1726 cre.

553 1753 785 1825 pusculo
821 1767 1070 1812 necatum
1104 1758 1301 1825 virum,
1345 1760 1435 1831 qui
1475 1775 1664 1817 canem
1700 1762 1800 1818 sibi
1827 1763 2152 1831 ’adjunctum

2257 566 2414 608 suum
2471 553 2729 610 discernit
2752 569 2781 609 a
2811 553 3043 614 caneris,
3077 560 3131 607 et
3151 551 3324 607 solum
3349 551 3516 606 tilium
3545 551 3710 607 tacito
3740 554 3858 624 pie-

2260 647 2386 702 tatis
2413 648 2726 704 tcstimonio
2755 648 3117 718 recognoscit.
3153 646 3347 701 Pastor
3373 657 3516 701 errat
3547 647 3601 701 in
3643 648 3854 704 discre-

2259 741 2404 797 tione
2444 741 2625 798 ovium
2650 787 2665 810 ,
2713 742 2995 811 agniculus
3035 744 3089 797 in
3133 742 3408 813 agnitione
3448 745 3636 799 matris
3676 744 3852 799 nescit

2257 847 2462 889 errare.
2505 834 2701 889 Pastor
2737 834 2939 889 fallitur
2963 833 3184 904 specie:
3230 833 3323 889 sed
3356 834 3474 888 ovis
3516 835 3719 904 pietate
3744 851 3851 892 non

2259 926 2482 982 fallitur.
2514 927 2664 983 Unus
2693 928 2827 983 odor
2848 927 3122 991 omnibus,
3157 925 3252 982 sed
3274 935 3454 982 tamen
3477 927 3643 982 habet
3666 938 3852 983 natura

2257 1017 2479 1075 odorem
2509 1035 2664 1074 stium
2688 1020 3040 1096 domesticum
3072 1034 3232 1091 quem
3262 1019 3481 1074 soboles
3507 1019 3672 1075 chara
3701 1009 3852 1094 123

2257 1113 2479 1184 speciali
2511 1113 2739 1182 quadam
2768 1112 2981 1168 videtur
3012 1113 3338 1183 proprietate
3369 1112 3641 1168 redolere.

2328 1206 2420 1261 9.6.
2467 1206 2638 1261 Ilabet
2666 1221 2791 1261 suos
2814 1221 2943 1261 usus
2967 1215 3179 1270 natura,
3203 1213 3258 1258 et
3281 1218 3474 1260 sensus
3495 1203 3848 1260 domesticos.

2260 1297 2361 1353 Vix
2393 1298 2657 1353 infantqu
2694 1308 2977 1369 creperum
3017 1297 3209 1352 dentes
3239 1312 3631 1368 prorumpere,
3664 1305 3715 1352 et
3741 1297 3849 1368 jam

2258 1393 2408 1448 novit
2450 1407 2546 1447 sua
2573 1407 2724 1447 arma
2769 1401 3003 1448 tentare.
3050 1391 3299 1447 Nondum
3331 1391 3509 1446 catulo
3536 1390 3731 1447 dentes
3757 1434 3769 1458 ,
3801 1401 3853 1447 et

2260 1492 2532 1554 tamquam
2568 1483 2781 1550 habeat,
2807 1499 2903 1540 ore
2929 1485 3150 1555 proprio
3171 1499 3232 1540 se
3253 1485 3447 1555 qnmrit
3472 1484 3687 1540 ulcisci.
3713 1483 3852 1538 Non-

2259 1577 2386 1634 dum
2410 1593 2577 1634 cervo
2603 1593 2808 1636 cornua
2832 1621 2846 1643 .
2875 1589 2929 1634 et
2957 1589 3136 1634 tamen
3173 1578 3352 1634 fronte
3381 1577 3630 1650 praeludit
3649 1619 3666 1646 ,
3696 1588 3856 1650 atque

2259 1683 2323 1727 ea
2346 1685 2465 1741 qum
2496 1671 2735 1727 nondum
2768 1682 3028 1742 expertus
3058 1672 3171 1740 sit,
3200 1670 3306 1727 tela
3338 1672 3640 1728 minitatur.
3674 1672 3855 1743 Lupus

2260 1764 2304 1819 si
2331 1765 2478 1834 prior
2507 1764 2778 1822 hominem
2809 1765 3040 1831 viderit,
3083 1779 3268 1820 vocem
3298 1764 3494 1836 eripit,
3543 1775 3598 1821 et
3627 1765 3856 1837 despicit

553 1843 802 1902 haberet.
833 1846 984 1903 Miles
1010 1850 1229 1920 quidam
1261 1853 1534 1924 praedandi
1559 1855 1739 1911 studio
1768 1857 2016 1912 minister
2041 1871 2152 1912 etc-
2184 1853 2231 1915 B
2256 1872 2379 1915 eum
2409 1868 2680 1930 tamquam
2717 1860 2890 1915 victor
2915 1858 3068 1913 vocis
3104 1859 3320 1913 ablatae.
3370 1857 3518 1914 Idem
3551 1857 3596 1914 si
3624 1873 3684 1914 se
3716 1874 3856 1930 pra:-

554 1936 642 1993 dis
671 1939 956 1997 exstiterat
981 1959 994 1996 :
1031 1949 1204 2000 tectus
1236 1945 1377 2001 idem
1410 1949 1700 2004 tenebroso
1727 1949 1903 2005 adhuc
1927 1949 2036 2005 diei
2061 1965 2156 2006 ex-

555 2031 716 2087 ordio
747 2033 799 2090 iu
841 2032 975 2090 alias
1005 2045 1188 2106 partes
1217 2049 1600 2096 concesserat:
1647 2041 1862 2112 iacebat
1906 2042 2156 2098 inhuma-

557 2133 672 2182 tum
702 2127 936 2184 cadaver
958 2170 974 2197 ,
1009 2129 1266 2202 frequens
1296 2135 1659 2204 spectantium
1692 2136 1884 2206 vulgus
1912 2137 2152 2204 astabat,

550 2219 703 2276 canis
730 2232 922 2292 questu
953 2223 1290 2297 lacrymabili
1319 2226 1524 2283 domini
1564 2227 1804 2284 deflebat
1834 2243 2153 2286 aerumnam.

548 2311 716 2370 Forte
745 2315 790 2369 is
816 2315 906 2387 qui
950 2331 1137 2373 necem
1170 2318 1464 2388 intulerat,
1509 2330 1568 2376 ut
1617 2337 1678 2377 se
1724 2321 1887 2377 habet
1918 2325 2154 2378 versutia

554 2405 775 2463 humani
810 2411 1051 2480 ingenii,
1095 2427 1204 2482 quo
1237 2413 1489 2468 versandi
1533 2415 1584 2469 in
1623 2415 1803 2470 medio
1836 2415 2157 2473 auctoritate

557 2515 886 2579 praesumpta
932 2510 1090 2566 fidem
1136 2511 1464 2569 adscisceret
1505 2513 1860 2582 innocentiae,
1902 2514 1968 2569 ad
2007 2513 2154 2569 illam

557 2605 1065 2676 circumspectantis
1102 2609 1284 2679 populi
1322 2610 1554 2665 accessit
1591 2625 1873 2676 coronam,
1913 2619 1970 2666 et
2011 2611 2159 2667 velut

559 2699 830 2756 miserans
859 2701 1315 2773 appropinquavit
1335 2703 1401 2758 ad
1423 2703 1602 2760 funus.
1627 2703 1763 2760 Tum
1789 2705 1940 2760 canis
1964 2720 2158 2777 seque-

561 2802 735 2849 strate
761 2794 1034 2865 paulisper
1062 2803 1256 2866 questu
1282 2796 1506 2864 doloris,
1531 2811 1681 2852 arma
1711 2797 1932 2853 ultionis
1948 2812 2160 2853 assum-

560 2883 674 2958 psit
712 2895 874 2958 atque
928 2886 1333 2958 apprehensum
1387 2889 1559 2945 tenuit
1602 2899 1657 2947 et
1696 2890 1842 2944 velut
1879 2888 1907 2929 δ
1942 2890 2158 2961 epilogo

554 2977 792 3050 quodam
823 2978 1138 3036 miserabile
1165 2995 1385 3036 carmen
1420 2982 1841 3039 immurmurans
1872 2983 2158 3040 universos

553 3079 582 3108 ο
613 3070 888 3127 convertit
934 3072 987 3126 in
1033 3071 1321 3144 lacrymas,
1368 3073 1525 3130 Iidem
1576 3075 1882 3146 probationi
1919 3075 2152 3143 detulit,

554 3165 702 3237 quod
727 3165 904 3222 solum
939 3167 1112 3223 tenuit
1133 3183 1198 3223 ex
1234 3168 1504 3240 plurimis,
1537 3183 1634 3225 nec
1656 3168 1884 3225 dimisit.
1917 3169 2156 3236 Denique

2259 1953 2434 2007 visum
2456 1953 2712 2019 senserit,
2736 1951 2958 2023 deponit
2979 1951 3262 2017 ferociam,
3285 1966 3393 2006 non
3419 1958 3597 2020 potest
3613 1967 3852 2008 currere.

2258 2044 2371 2101 Leo
2397 2047 2597 2117 gallum
2620 2056 2675 2101 et
2696 2046 2935 2102 maxime
2959 2045 3142 2101 album
3169 2055 3411 2101 veretur.
3436 2045 3644 2115 Caprea
3667 2045 3854 2100 vulne-

2258 2149 2375 2195 rata
2403 2137 2429 2174 ά
2458 2129 2791 2196 dictamnum
2820 2139 2974 2209 petit,
3007 2147 3062 2193 et
3087 2138 3159 2194 de
3178 2137 3403 2192 vulnere
3424 2137 3664 2192 excludit
3692 2139 3857 2208 sagit-

2259 2239 2361 2286 tas.
2395 2229 2603 2286 Norunt
2636 2241 2691 2287 et
2715 2231 2900 2286 bestim
2931 2229 3169 2286 remedia
3204 2245 3321 2285 sua.
3355 2229 3466 2286 Leo
3486 2244 3629 2300 :eger
3647 2231 3856 2284 simiam

2260 2325 2477 2396 quaerit,
2523 2334 2582 2378 ut
2621 2323 2882 2390 devoret;
2931 2340 3040 2396 quo
3081 2324 3253 2394 possit
3295 2323 3498 2379 sanari.
3545 2324 3856 2397 Le0pardus

2259 2432 2471 2489 caprea:
2493 2419 2723 2489 agresﬁs
2744 2421 3061 2491 sanguinem
3084 2420 3426 2486 bibit,etvim
3442 2421 3718 2491 languoris
3738 2421 3858 2477 evi-

2262 2517 2361 2566 tat.
2394 2511 2585 2568 Omnis
2618 2513 2728 2568 fera
2756 2529 2897 2582 aegra
2929 2513 3080 2568 canis
3110 2512 3304 2568 hausto
3327 2523 3548 2569 curatur
3575 2515 3854 2584 sanguine.

2265 2601 2430 2659 Ursus
2461 2619 2606 2674 mgcr
2636 2602 2890 2659 formicas
2918 2603 3163 2660 devorat.
3187 2603 3396 2660 Cervus
3421 2606 3555 2660 olea:
3575 2620 3858 2661 ramuscu-

2263 2697 2345 2754 los
2373 2697 2597 2754 mandit.

2333 2790 2427 2846 27.
2470 2791 2611 2862 Ergo
2645 2790 2771 2847 ferae
2813 2800 3012 2847 norunt
3053 2804 3312 2863 expetere
3353 2807 3416 2848 ea
3448 2806 3568 2863 qua:
3601 2790 3702 2846 sibi
3737 2804 3858 2860 pro.

2261 2883 2399 2950 sint;
2436 2895 2488 2938 tu
2522 2885 2772 2956 ignoras,
2821 2901 2852 2937 o
2895 2883 3089 2946 homo,
3134 2883 3378 2938 remedia
3410 2885 3528 2938 tua!
3565 2883 3643 2938 Tu
3680 2885 3858 2939 nescis

2261 2977 2535 3047 quomodo
2556 2978 2808 3032 virtutem
2829 2977 3028 3046 eripias
3045 2976 3380 3043 adversario,
3397 2985 3519 3032 utte
3537 2985 3562 3013 θ
3584 2985 3856 3046 tamquam

2264 3081 2574 3141 pratventus
2620 3069 2776 3139 lupus
2809 3069 3046 3140 t-ﬂ'ugere
3089 3084 3195 3124 non
3227 3070 3434 3139 possit,
3473 3078 3532 3124 ut
3568 3071 3728 3125 oculo
3755 3080 3857 3124 tua:

2262 3165 2462 3222 mentis
2489 3169 2609 3234 ejus
2640 3163 2923 3236 perﬁdiam
2948 3164 3359 3235 deprehendas,
3384 3174 3438 3220 et
3467 3165 3612 3235 prior
3640 3181 3855 3221 cursum

555 3263 906 3332 perturbatus
933 3261 1052 3328 ille,
1101 3262 1244 3334 quod
1279 3272 1389 3319 tam
1423 3263 1772 3320 manifestum
1805 3265 1882 3318 rei
1921 3263 2152 3318 iudicem
2183 3253 2229 3316 C
2264 3259 2553 3314 vel-borum
2583 3258 2700 3328 ejus
2730 3257 2992 3328 impedias
3018 3299 3032 3324 ,
3076 3257 3464 3326 impudentiam
3495 3257 3616 3329 ejus
3645 3271 3701 3314 et
3728 3273 3856 3313 acu-

557 3369 739 3426 neque
766 3354 900 3421 odii,
924 3371 1100 3425 neque
1134 3357 1561 3422 inimicitiarum,
1589 3372 1762 3427 neque
1796 3355 2032 3422 invidiae,
2064 3365 2156 3412 aut

559 3446 773 3517 injuriae
794 3446 1025 3518 alicujus
1056 3457 1268 3519 poterat
1296 3450 1601 3520 objectione
1630 3463 1918 3516 evacuare,
1947 3449 2156 3505 crimen

554 3539 760 3597 diutius
802 3543 1044 3612 nequivit
1082 3541 1354 3611 refellere.
1405 3542 1594 3614 Itaque
1621 3543 1767 3612 quod
1805 3553 1923 3598 erat
1959 3543 2156 3599 difﬁci-

554 3633 683 3700 lius,
743 3633 1003 3689 ultionem
1057 3643 1376 3706 persecutus
1425 3645 1549 3701 est;
1608 3636 1734 3708 quia
1782 3635 2155 3693 defensionem

555 3735 820 3800 praestare
846 3742 955 3783 non
997 3729 1194 3802 potuit.
1241 3728 1382 3796 Quid
1411 3744 1511 3786 nos
1547 3729 1768 3801 dignum
1802 3739 1989 3787 nostro
2020 3733 2159 3788 rele-

550 3820 722 3878 rimus
741 3819 1006 3901 Creatori,
1029 3823 1184 3894 cujus
1211 3822 1334 3878 cibo
1354 3824 1648 3889 vescimur,
1672 3833 1726 3880 et
1747 3824 2157 3881 dissimulamus

553 3915 783 3987 injurias
806 3958 822 3986 ,
852 3925 908 3974 et
937 3931 1080 3990 saepe
1112 3919 1343 3975 inimicis
1373 3918 1468 3976 Dei
1500 3935 1595 3976 eas
1624 3935 1762 3992 quas
1798 3936 1827 3974 a
1862 3921 1973 3976 Deo
1996 3935 2157 3977 acce-

556 4009 756 4081 pimus,
789 4010 977 4081 epulas
1002 4010 1368 4068 exhibemus?

625 4101 719 4159 25.
760 4102 901 4170 Quid
945 4106 1206 4176 aguiculis
1251 4105 1593 4178 simplicius,
1655 4121 1790 4178 quos
1838 4107 2158 4164 minuscula:

555 4197 905 4267 parvulorum
941 4213 1322 4272 comparamus
1366 4200 1738 4257 innocentiae?
1775 4200 1934 4274 Saepe
1969 4218 2035 4258 ex
2075 4203 2158 4258 his

556 4288 612 4344 in
643 4304 837 4359 magno
863 4305 1028 4360 grege
1054 4292 1336 4361 agniculus
1362 4307 1460 4363 per
1487 4294 1648 4348 ovilia
1675 4301 1786 4348 tota
1815 4304 2038 4365 vagatus
2073 4311 2158 4350 er-

559 4386 698 4437 rata
726 4393 928 4447 matre.
958 4393 1012 4438 et
1042 4399 1163 4440 cum
1195 4401 1314 4442 eam
1345 4386 1587 4457 repet-ire
1607 4401 1712 4442 non
1745 4389 1944 4457 possit,
1975 4389 2156 4445 balatu

557 4472 832 4544 frequenti
873 4473 1152 4533 absentem
1181 4479 1343 4543 citat,
1385 4487 1442 4533 ut
1472 4494 1819 4548 responsura:
1849 4495 2035 4536 vocem
2064 4497 2158 4537 ex-

559 4557 712 4634 citet,
738 4581 846 4638 quo
871 4568 940 4624 ad
962 4570 1078 4640 ejus
1106 4585 1300 4626 sonum
1323 4572 1626 4628 errabunda
1652 4574 1874 4644 replicet
1896 4576 2151 4646 vestigia:

561 4657 751 4714 multis
777 4659 904 4715 licet
933 4672 1180 4718 versetur
1216 4666 1269 4718 in
1309 4663 1544 4720 millibus
1569 4665 1782 4730 ovium,
1818 4669 2156 4736 recognoscit

557 4766 750 4809 vocem
781 4757 1052 4824 parentis,
1086 4757 1304 4813 festinat
1332 4759 1400 4814 ad
1441 4770 1699 4829 matrem,
1745 4760 1902 4817 laetis
1939 4777 2156 4834 quoque

559 4849 792 4904 materni
819 4856 978 4904 notos
1011 4851 1116 4907 sibi
1147 4852 1322 4910 fontes
1353 4855 1581 4925 requirit
1607 4875 1618 4910 :
1649 4857 1898 4927 quamvis
1925 4857 2030 4914 cibi
2054 4859 2155 4913 de-

557 4941 766 4998 siderio
797 4951 1044 5000 teneatur
1073 4954 1128 5001 et
1167 4956 1324 5017 potus
1347 4989 1362 5015 ,
1415 4935 1733 5005 transcurrit
1763 4960 1940 5006 tamen
1979 4953 2155 5009 aliena

559 5035 726 5094 ubera
765 5038 1016 5110 gravida,
1052 5039 1178 5098 licet
1206 5041 1430 5099 humore
1460 5042 1618 5100 lactis
1644 5046 1954 5110 exundent;
1982 5046 2153 5102 solam

560 5143 791 5190 matrem
815 5135 1064 5206 requirit,
1097 5136 1268 5192 solius
1292 5137 1396 5192 sibi
1424 5133 1651 5194 materni
1681 5139 1860 5195 uberis
1887 5153 2156 5212 pauperes

557 5235 754 5284 succos
780 5225 1052 5300 significat
1089 5228 1391 5285 abundare.
1438 5229 1534 5286 llla
1564 5243 1780 5302 quoque
1818 5233 1958 5288 inter
1987 5239 2152 5289 multa

559 5322 937 5393 agniculorum
967 5321 1134 5379 millia
1159 5323 1336 5380 solum
1377 5323 1546 5380 ﬁlium
1591 5327 1781 5392 novit;
1823 5342 1964 5385 unus
1991 5331 2157 5401 pluri-

559 5487 659 5605 πίε
855 5496 1074 5548 novem,
1103 5481 1201 5538 sibi
1227 5481 1518 5549 describunt
1547 5483 1752 5555 singula
1780 5486 2000 5555 somnia,
2023 5497 2069 5550 et
2097 5504 2159 5544 ea:

661 5568 741 5605 us.
775 5567 804 5605 e
831 5567 880 5605 c.

635 5562 936 5700 ἷηὲρῗιιὲρο,
971 5623 1024 5700 id
1055 5633 1174 5700 est,
1203 5626 1424 5696 querela
1448 5643 1463 5692 ;
1497 5641 1564 5684 eo
1592 5627 1735 5700 quod
1759 5637 2006 5684 oratores
2026 5646 2155 5699 que-

561 5691 706 5747 relas
735 5691 965 5751 maxime
992 5698 1044 5752 in
1079 5691 1290 5771 epilogo
1315 5709 1365 5756 et
1398 5691 1504 5756 ﬁne
1534 5691 1795 5756 orationis
1821 5691 2151 5772 adhibeant,

562 5772 625 5820 ut
645 5762 855 5830 judices
881 5765 1100 5826 flectant
1129 5771 1194 5826 ad
1226 5772 1676 5830 misericordiam.

562 5772 625 5820 ut
645 5772 855 5846 judices
881 5772 1100 5826 flectant
1129 5772 1194 5826 ad
1226 5772 1676 5848 misericordiam.

639 5844 662 5873 ο
704 5831 922 5904 Aliquot
944 5851 1073 5895 mss.
1106 5857 1212 5899 non
1239 5844 1478 5902 minimae
1504 5845 1877 5924 auctaritatis,
1908 5847 2155 5924 conuertit

2262 3365 2386 3406 men
2419 3349 2798 3420 disputationis
2825 3349 3115 3405 obtundas.
3155 3347 3308 3417 Quod
3342 3350 3388 3404 si
3432 3357 3484 3405 te
3522 3349 3614 3405 ille
3655 3363 3860 3420 praeve-

2259 3443 2423 3506 nerit.
2470 3458 2659 3499 vocem
2704 3443 2796 3499 tibi
2845 3441 3060 3498 aufert:
3109 3451 3163 3497 et
3211 3444 3256 3498 si
3303 3442 3664 3507 obmutueris,
3710 3444 3860 3499 solve

2259 3537 2516 3593 amictum
2545 3548 2715 3605 tuum,
2743 3547 2799 3592 ut
2824 3551 3130 3593 sermonem
3161 3539 3420 3593 resolvas.
3453 3536 3519 3592 Et
3545 3538 3590 3592 si
3617 3536 3668 3592 in
3693 3544 3744 3593 te
3771 3536 3856 3593 in-

2259 3634 2558 3689 surrexerit
2581 3633 2762 3704 lupus,
2796 3641 3008 3704 pelrant
3047 3647 3204 3702 cape,
3256 3643 3311 3687 et
3356 3631 3510 3704 fugit.
3565 3632 3724 3688 Petra
3773 3641 3859 3687 tua

2260 3725 2510 3782 Christus
2539 3736 2641 3783 est.
2672 3726 2729 3783 Si
2758 3725 2828 3783 ad
2869 3725 3146 3781 Christum
3174 3725 3482 3797 confugias,
3507 3724 3645 3796 fugit
3670 3726 3852 3794 lupus,

2263 3835 2364 3876 nec
2395 3830 2602 3878 terrere
2626 3830 2677 3875 te
2701 3820 2919 3890 poterit.
2950 3819 3100 3874 lianc
3133 3829 3341 3889 petram
3369 3818 3620 3889 quaesivit
3641 3818 3856 3887 Petrus,

2259 3931 2384 3972 cum
2416 3915 2671 3972 titubaret
2693 3916 2746 3970 in
2768 3913 3042 3980 ﬂuctibus,
3073 3912 3353 3971 etinvenit
3379 3928 3394 3980 ;
3428 3913 3553 3986 quia
3574 3912 3852 3970 dexteram

2260 4009 2548 4080 amplexus
2579 4019 2661 4063 cst
2686 4008 2908 4065 Christi.

2332 4101 2424 4157 28.
2466 4101 2604 4169 Quid
2631 4101 2804 4156 dicam
2827 4100 2954 4157 allio
2983 4102 3230 4156 homines
3256 4099 3607 4167 delectari,et
3629 4099 3763 4157 illud
3790 4100 3857 4156 ad

2261 4214 2441 4255 escam
2471 4193 2711 4264 sumere,
2733 4197 2877 4268 quod
2901 4206 2952 4253 et
2982 4197 3274 4268 lcopardus
3301 4195 3460 4268 fugit?
3486 4196 3729 4268 Denique
3757 4197 3860 4251 sic-

2263 4292 2350 4347 ubi
2373 4291 2559 4346 allium
2590 4289 3221 4362 aliquisjconfrieandum
3255 4279 3860 4360 ptitztverit,ieopai-dtts

2261 4384 2390 4441 inde
2417 4384 2620 4452 exsilit,
2650 4400 2750 4440 nec
2783 4385 3004 4440 resisﬁt.
3025 4383 3190 4454 Cujus
3219 4391 3482 4439 venenata
3508 4382 3618 4439 fera
3632 4384 3857 4439 odorem

2262 4497 2370 4536 non
2405 4488 2586 4552 potest
2615 4481 2906 4546 sustinere,
2941 4479 2993 4535 id
3027 4489 3080 4533 tn
3115 4496 3211 4549 pro
3230 4480 3353 4534 cibo
3379 4480 3570 4545 sumis,
3599 4491 3655 4534 et
3684 4481 3856 4534 visceo

2262 4577 2413 4633 ribus
2438 4575 2678 4632 infundis
2709 4576 2976 4630 internis?
3004 4575 3108 4630 Sed
3135 4574 3441 4629 medicatur
3462 4572 3731 4628 interdum
3762 4572 3856 4628 do-

2184 4648 2240 4710 D
2267 4672 2492 4728 loribus.
2532 4670 2789 4727 Sumatur
2819 4685 2917 4741 pro
2949 4669 3346 4725 medicamento
3367 4711 3383 4738 ,
3427 4683 3534 4724 non
3568 4684 3664 4737 pro
3696 4667 3854 4722 cibo:

2264 4773 2511 4819 sumatur
2539 4763 2607 4818 ab
2633 4762 3046 4833 a‘grOtautibus,
3074 4778 3179 4816 non
3201 4762 3270 4817 ab
3293 4761 3660 4831 epulantibus.
3695 4761 3858 4816 Medi-

2263 4866 2573 4916 camentum
2606 4859 2826 4927 qumris,
2868 4865 2922 4910 et
2960 4855 3224 4927 jejunium
3264 4854 3441 4925 fugis;
3489 4857 3642 4926 quasi
3685 4854 3856 4925 majus

2263 4952 2409 5008 aliud
2433 4951 2738 5024 remedium
2765 4951 3009 5021 reperire
3034 4949 3234 5019 possis.
3257 4949 3435 5021 Jejuni
3464 4947 3701 5004 hominis
3732 4961 3856 5018 Sptt-

2262 5056 2376 5101 tum
2408 5046 2451 5101 si
2480 5055 2706 5115 serpens
2736 5043 3053 5114 gustaverit,
3083 5044 3335 5098 moritur.
3369 5041 3534 5096 Vides
3557 5051 3754 5111 quanta
3780 5043 3856 5096 vis

2259 5137 2454 5209 jejunii
2477 5139 2576 5203 sit;
2603 5146 2656 5190 ut
2679 5143 2734 5191 et
2760 5145 2918 5206 sputo
2939 5148 3040 5188 suo
3061 5133 3226 5189 immo
3251 5143 3525 5189 terrenum
3550 5143 3853 5204 serpentem

2264 5230 2574 5294 interficiat,
2605 5238 2659 5286 et
2691 5230 2887 5284 merito
2909 5227 3230 5300 spiritalem.

2336 5326 2428 5383 ‘29.
2469 5325 2736 5394 Quantam
2791 5325 3054 5380 Dominus
3093 5323 3258 5381 etiam
3306 5322 3628 5379 minusculis
3667 5322 3859 5378 inludit

2259 5489 2316 5543 in
2337 5486 2508 5559 ﬁdem,
2541 5485 2890 5554 probationem
2916 5484 3116 5541 detulit.

2335 5580 2362 5620 ἀ
2402 5580 2592 5638 Grtece
2630 5578 2933 5653 δίκταμων,
2964 5579 3132 5653 herba
3158 5595 3278 5650 qum
3314 5578 3587 5653 pratcipue
3607 5581 3671 5653 in
3700 5579 3856 5637 Creta

2262 5655 2504 5740 nasci-tur
2524 5695 2538 5720 ,
2564 5653 2671 5707 alio
2702 5651 2922 5708 nomine
2950 5652 3149 5707 dicitur
3176 5651 3448 5723 pulegium
3475 5693 3490 5717 ,
3519 5663 3574 5707 et
3601 5652 3855 5709 hortensc

2259 5727 2526 5853 “uigiliis:
2553 5811 2660 5853 non
2703 5795 2881 5865 pauci,
2913 5804 3173 5866 tamquam
3203 5795 3446 5868 praevisus
3469 5794 3644 5866 lupus.
