4150 6358
266 294 377 354 εδδ

1526 287 2024 346 HEXAEMERON.
2068 287 2196 345 LIB.
2239 288 2326 345 Vl.

3461 280 3571 340 254

271 408 622 484 prudentiam
654 409 666 462 !
697 406 899 463 Turtur
920 403 1052 462 nido
1081 418 1200 477 suo,
1235 420 1302 461 ne
1335 405 1514 477 pullos
1540 418 1670 460 suos
1699 405 1880 458 incur—
1907 412 1955 469 Α
1985 404 2131 459 ditus
2160 404 2440 470 sternitur,
2473 405 2597 460 dum
2627 410 2818 458 ventre
2844 400 3165 469 cmterisque
3190 398 3339 470 juxta
3366 397 3578 452 mollio-

271 516 357 565 set
385 507 548 576 lupus
573 549 588 573 ,
619 503 830 574 squilla:
859 501 985 557 folia
1017 500 1332 571 superjacit.
1365 498 1527 556 Novit
1554 499 1697 555 enim
1723 498 1867 568 quod

273 597 584 670 hujnsmodi
619 597 742 651 folia
781 596 887 666 lupi
918 593 1102 664 fugere
1129 592 1472 648 consuerint.
1509 600 1536 629 ι
1567 591 1726 647 Novit
1752 590 1870 645 vul-

273 693 466 765 pecula
509 689 784 762 quomodo
834 688 1205 758 posteritatem
1253 686 1428 741 foveat
1473 700 1664 740 suam:
1717 693 1771 738 et
1815 693 1871 739 tu

273 787 515 857 ignoras,
562 793 616 838 tu
658 781 887 852 uegiigis
932 780 1207 850 quomodo
1246 779 1533 835 adversum
1577 779 1732 848 lupos
1776 792 1874 832 nc-

280 881 466 951 quitia:
517 878 774 949 spiritalis
831 877 1208 949 posteritatem
1267 876 1392 931 vitae
1453 874 1612 945 hujus
1666 872 1875 929 habeas

277 973 530 1030 tutiorem
553 972 574 1026 ἓ

806 1064 963 1140 124
998 1064 1227 1123 CAPUT
1269 1065 1334 1122 v.

282 1183 397 1253 Qua
422 1183 620 1239 ratione
654 1181 900 1237 Dominus
932 1182 1046 1236 aliis
1080 1181 1249 1236 bestiis
1287 1179 1421 1235 colla
1452 1180 1714 1250 breviora,
1760 1179 1878 1234 aliis

349 1278 583 1350 longiora
605 1277 869 1331 creaverit.
902 1274 1002 1331 Ubi
1020 1277 1339 1347 potissimum
1354 1274 1610 1343 elephanti
1629 1274 1877 1340 membra,

349 1378 686 1447 prOprietates
714 1417 729 1442 ,
762 1386 910 1447 atque
936 1378 988 1430 in
1018 1393 1072 1430 re
1098 1375 1310 1431 militari
1336 1393 1462 1430 usus
1493 1373 1876 1428 describuntur.

343 1469 437 1525 50.
479 1468 585 1526 Sed
615 1479 955 1525 revertamur
984 1468 1049 1523 ad
1082 1469 1276 1524 seriem
1316 1477 1577 1525 creaturze
1603 1510 1617 1532 ,
1664 1467 1718 1523 et
1748 1483 1880 1523 con-

278 1563 581 1620 sideremus
624 1580 727 1634 qua
777 1563 986 1619 ratione
1027 1561 1284 1619 Dominus
1320 1564 1440 1620 aliis
1485 1563 1673 1618 bestiis
1712 1578 1881 1632 angu-

279 1657 443 1712 Stiora
479 1657 619 1711 colla
649 1655 984 1719 formaverit.
1013 1666 1068 1710 ut
1102 1656 1346 1714 leonibus
1377 1667 1536 1727 atque
1563 1654 1874 1733 tigridibus,

281 1751 421 1806 ursis
452 1766 669 1821 quoque
697 1769 711 1816 ;
747 1749 868 1805 aliis
892 1749 1208 1820 prolixiora,
1239 1747 1267 1787 ι)
1299 1757 1357 1804 ιιι
1386 1749 1689 1821 elephantis
1716 1761 1766 1804 et
1790 1765 1883 1805 ca-

1971 497 2120 552 ribus
2137 498 2202 552 ad
2221 498 2414 553 vulnus
2438 506 2604 570 patet.
2627 495 2758 553 Nam
2773 497 2992 550 dorsum
3013 494 3130 564 ejus
3149 502 3454 563 metet-aque
3471 504 3571 545 ex-

1973 589 2171 645 teriora
2191 604 2294 642 non
2311 589 2414 644 ulla
2433 589 2587 645 facile
2601 589 2777 644 solent
2794 587 2894 650 tela
2912 595 3216 658 penetrare.
3235 584 3568 641 Suntautem

1973 683 2064 754 qui
2089 690 2310 754 propter
2334 681 2469 738 ebur
2500 683 2595 736 has
2626 682 2733 737 illis
2761 680 2980 737 insidias
3005 690 3227 750 parent;
3264 685 3324 732 ut
3343 676 3569 732 arbores

1975 790 2067 831 eas
2097 773 2290 846 quibus
2329 788 2390 829 se
2421 774 2692 844 applicare
2734 773 3148 837 consueverint,
3187 786 3253 826 ex
3283 769 3383 824 alia
3423 776 3574 839 parte

1976 883 2077 939 qua
2110 866 2504 938 infrequentior
2532 881 2657 922 usus
2677 869 2726 923 ei
2750 868 2841 929 sit.
2885 865 3276 938 aliquantulum
3309 862 3466 936 125
3489 877 3577 917 re-

1981 960 2184 1027 cidant,
2211 970 2270 1015 ιιι
2294 960 2610 1016 reﬂectente
2639 975 2698 1016 se
2722 961 3028 1031 elephanto,
3065 961 3272 1030 pondus
3293 960 3574 1013 membro-

1977 1069 2095 1108 rum
2115 1053 2232 1124 ejus
2244 1054 2512 1108 sustinere
2531 1068 2636 1108 non
2653 1053 2820 1124 possit
2836 1053 3154 1123 ruinamque
3175 1052 3295 1124 ejus
3311 1058 3569 1107 arcessat.

2050 1168 2140 1222 55.
2169 1165 2273 1222 Sed
2298 1168 2340 1221 si
2371 1166 2492 1238 quis
2517 1167 2614 1221 ista
2641 1164 3383 1238 reprehendit,reprehendat
3410 1165 3573 1220 etiam

1981 1260 2297 1317 altitudines
2351 1259 2731 1325 aediﬁciorum;
2763 1259 2884 1329 quia
2915 1260 3075 1315 citius
3102 1274 3319 1328 gravem
3366 1257 3574 1312 minan-

1983 1365 2070 1410 tur
2113 1355 2322 1410 rninam
2348 1396 2363 1419 ,
2393 1364 2444 1409 et
2496 1353 2768 1409 difficilius
2809 1355 2953 1424 lapsa
2997 1367 3336 1424 reparantur.
3373 1351 3573 1408 Verum

1986 1449 2030 1504 si
2062 1449 2150 1504 illa
2195 1457 2286 1503 aut
2314 1457 2532 1518 propter
2560 1447 3013 1518 pulchritudinem
3033 1487 3048 1511 ,
3081 1456 3172 1500 aut
3204 1453 3423 1516 propter
3449 1458 3574 1514 spe-

1982 1543 2154 1598 culam
2190 1542 2497 1613 frequenter
2517 1541 2834 1606 attollimus;
2859 1539 2976 1596 htec
2998 1551 3213 1611 quoque
3235 1540 3287 1595 in
3315 1537 3575 1604 elephan-

1985 1637 2050 1714 tis
2082 1637 2313 1708 probare
2357 1636 2652 1704 debemus,
2685 1636 2811 1708 quia
2857 1649 3111 1706 magnum
3157 1633 3317 1690 rebus
3368 1629 3580 1689 bellicis

1986 1749 2140 1790 usum
2189 1733 2518 1789 ministrant.
2551 1733 2680 1789 inde
2707 1747 2838 1808 gens
2873 1732 3156 1788 Persarum
3203 1729 3352 1785 ferox
3397 1727 3578 1793 bellis,

285 1844 462 1900 melis.
494 1843 934 1900 Nonne'evidens
962 1859 1124 1900 causa
1151 1855 1229 1900 est
1257 1863 1271 1912 ;
1305 1845 1427 1915 quia
1459 1845 1569 1900 illis
1600 1843 1724 1899 feris
1755 1860 1878 1914 qua:

1989 1829 2162 1883 valida
2192 1828 2402 1900 sagittis
2448 1828 2704 1906 omnique
2757 1825 2986 1880 telorum
3034 1824 3205 1900 jactu,
3236 1824 3362 1894 quia
3392 1820 3459 1875 de
3483 1835 3577 1874 su-

280 1955 444 1996 carne
470 1949 788 2004 vescuntur,
825 1955 928 1994 non
959 1950 1076 1994 erat
1101 1953 1237 2008 Opus
1268 1939 1576 2009 prolixitate
1606 1938 1882 1994 cervicis?

279 2031 395 2088 Non
425 2032 571 2087 enim
603 2031 656 2087 in
689 2039 864 2088 terras
895 2032 1148 2102 pascendi
1190 2032 1365 2102 gratia
1405 2031 1675 2088 cervicem
1719 2041 1883 2104 atque

280 2142 374 2183 ora
403 2127 662 2198 dejiciunt
690 2147 702 2182 :
746 2126 842 2182 sed
872 2134 966 2181 aut
995 2140 1216 2180 cervum
1251 2125 1533 2187 invadunt.
1563 2133 1656 2180 aut
1686 2125 1878 2181 bovem

287 2235 553 2292 ovemque
586 2220 924 2289 discerpunt.
974 2217 1226 2275 Cameius
1261 2234 1388 2274 vero
1423 2235 1544 2274 cum
1590 2219 1657 2273 sit
1698 2217 1880 2288 altior,

285 2313 561 2386 quomodo
601 2313 782 2370 herbis
827 2314 1206 2369 minutissimis
1237 2322 1572 2383 pascerctur,
1620 2314 1719 2368 nisi
1761 2314 1882 2369 lon-

285 2410 432 2480 giora
459 2424 628 2480 usque
650 2409 714 2463 ad
742 2418 940 2464 terram
967 2408 1108 2463 colla
1132 2408 1196 2462 ad
1223 2424 1376 2463 usum
1409 2408 1672 2480 pastionis
1695 2417 1882 2465 exten-

286 2502 462 2559 deret?
509 2501 692 2573 Itaque
728 2503 968 2557 camelus
1015 2517 1111 2572 pro
1151 2502 1360 2556 ratione
1395 2499 1734 2572 proceritatis
1773 2516 1885 2557 sua:

290 2597 579 2668 prolixiora
607 2596 745 2650 colla
774 2594 993 2650 sortitus
1018 2601 1121 2660 est,
1159 2608 1332 2664 equus
1364 2609 1461 2664 pro
1495 2594 1707 2649 ratione
1730 2635 1742 2657 ,
1784 2594 1881 2648 bos

297 2704 512 2760 quoque
540 2689 699 2743 simili
735 2687 934 2752 modo;
969 2685 1020 2741 hi
1053 2687 1194 2742 enim
1222 2696 1515 2758 pascuntur
1537 2686 1740 2742 herbis.

359 2782 448 2837 51.
490 2781 825 2851 Elephantus
882 2786 1063 2836 autem
1106 2780 1268 2834 etiam
1323 2781 1715 2848 prominentem
1759 2795 1886 2850 pro-

291 2874 585 2930 muscidem
616 2874 807 2938 habet;
839 2872 961 2943 quia
985 2886 1105 2927 cutn
1130 2871 1198 2925 sit
1221 2871 1544 2926 eminentior
1570 2872 1798 2938 cunctis,
1832 2887 1891 2927 se

292 2967 552 3023 inclinare
584 2966 649 3022 ad
683 2965 1013 3037 pascendum
1048 2979 1155 3018 non
1196 2971 1393 3034 potest.
1445 2961 1634 3033 itaque
1665 2963 1782 3036 ejus
1823 2963 1890 3021 ad

292 3060 654 3129 colligendum
704 3057 883 3114 cibum
933 3058 1102 3111 utitur
1150 3056 1474 3111 ministerio.
1541 3053 1619 3112 Ea
1670 3056 1890 3111 immani

295 3152 483 3208 bestia:
512 3149 644 3222 largi
677 3159 835 3220 polus
867 3145 1098 3203 infundit
1143 3148 1425 3202 humorem
1452 3164 1466 3214 ;
1500 3147 1731 3219 ideoque
1761 3164 1892 3204 con-

1986 1921 2293 2004 perioribus
2341 1923 2407 1978 ad
2447 1922 2704 1979 inferiora
2728 1920 3006 1996 _validiore
3036 1918 3156 1975 nisu
3191 1917 3294 1973 tela
3317 1927 3582 1990 torquen-

1987 2027 2093 2085 tur,
2140 2003 2284 2072 acies
2326 2031 2516 2072 eorum
2562 2015 2708 2070 velut
2752 2012 3120 2092 gradientibus
3151 2010 3390 2066 turribus
3430 2017 3586 2078 septa

1986 2111 2251 2183 procedit.
2274 2111 2331 2166 in
2372 2110 2562 2166 mediis
2588 2111 2800 2182 campis
2830 2118 3100 2178 tamquam
3143 2105 3211 2160 de
3241 2119 3398 2160 muro
3423 2100 3583 2157 dimi.

1987 2213 2131 2268 cant;
2160 2215 2213 2257 ct
2253 2201 2398 2256 velut
2429 2202 2480 2256 in
2515 2216 2641 2256 arce
2677 2199 2911 2270 quadam
2965 2208 3019 2253 et
3067 2197 3285 2268 specula
3334 2191 3586 2250 collocati

1988 2303 2232 2365 spectant
2265 2294 2435 2364 magis
2467 2291 2632 2359 bella,
2663 2309 2821 2364 quam
2841 2291 3106 2348 subeunt.’
3129 2290 3201 2345 ita
3231 2288 3394 2343 alieni
3429 2301 3460 2340 a
3492 2301 3586 2356 pe-

1988 2386 2161 2443 riculo
2201 2387 2472 2453 videntur,
2505 2387 2603 2441 tuti
2649 2383 2878 2440 molibus
2905 2383 3225 2439 besﬁarum.
3273 2379 3405 2448 Quis
3436 2378 3586 2434 enim

1988 2494 2082 2536 eas
2113 2479 2264 2534 adire
2303 2480 2518 2544 audeat,
2549 2493 2669 2533 cum
2698 2476 2932 2547 desuper
2964 2474 3162 2546 jacuiis
3189 2471 3344 2528 facile
3371 2473 3585 2542 ligatur,

1990 2569 2644 2642 inferiuselephantorum
2681 2575 2994 2625 etmteratur
3048 2566 3307 2622 incursu?
3340 2563 3588 2634 Denique

1990 2661 2189 2720 cedunt
2216 2665 2323 2719 illis
2349 2662 2494 2719 acies
2517 2673 2572 2719 ct
2612 2674 2944 2718 armatorum
2971 2661 3150 2728 cunei,
3183 2669 3239 2715 et
3285 2665 3466 2714 castra
3497 2657 3588 2712 illa

1991 2757 2249 2829 quadrata
2281 2757 2588 2813 solvuntur.
2642 2753 2976 2812 Intolerabili
3022 2769 3253 2824 namque
3295 2753 3500 2822 impetu
3533 2750 3588 2806 in

1996 2852 2179 2907 hostes
2224 2863 2416 2917 ruunt;
2466 2863 2523 2906 ut
2572 2849 2720 2906 nullo
2766 2849 2980 2921 agmine
3028 2841 3388 2912 bellatorum,
3441 2843 3588 2899 nulla

1993 2944 2390 3013 constipatione
2435 2941 2691 3010 militum,
2724 2939 2873 2996 nullo
2899 2940 3213 3012 clypeorum
3246 2937 3596 2994 retardentur

1994 3036 2248 3107 objectu:
2281 3035 2430 3093 velut
2457 3037 2672 3108 quidam
2698 3035 2924 3092 mobiles
2967 3033 3176 3089 montes
3224 3042 3504 3090 versantur
3536 3033 3591 3088 in

1995 3130 2218 3200 praeliis,
2261 3138 2316 3185 et
2357 3139 2413 3184 ιιι
2459 3130 2626 3184 colles
2675 3130 2785 3184 alto
2815 3127 3060 3184 eminent
3086 3126 3309 3191 vertice,
3358 3127 3594 3195 mugitus

298 3259 428 3300 cava
460 3251 574 3311 est,
607 3258 714 3313 quo
757 3241 820 3296 ad
852 3240 1296 3311 restinguendam
1328 3250 1490 3294 tanta:
1522 3240 1712 3296 bellum
1741 3241 1886 3296 sitim

1996 3223 2214 3294 fragore
2261 3225 2500 3277 omnium
2551 3219 2867 3294 perturbant
2897 3215 3299 3306 conﬁdentiam.
3337 3216 3476 3286 Quid
3505 3217 3593 3272 his

297 3336 487 3408 plenos
531 3334 682 3392 lacus
720 3333 964 3398 hauriat,
1038 3341 1131 3388 aut
1177 3331 1406 3388 colleCto
1455 3332 1676 3388 ﬂumine
1719 3333 1890 3404 possit

297 3428 561 3488 inundare
583 3439 882 3500 potantem.
912 3426 1104 3483 Cervi:
1134 3442 1264 3482 sane
1290 3427 1469 3482 minor
1497 3437 1580 3484 est
1605 3443 1764 3499 quam
1795 3442 1892 3498 po-

295 3530 411 3579 scat
433 3521 560 3576 tanti
589 3520 833 3592 corporis
859 3520 1028 3577 moles
1053 3538 1066 3586 ;
1100 3537 1165 3576 ne
1195 3535 1257 3576 ea
1286 3535 1504 3592 quoque
1534 3520 1687 3576 oneri
1717 3523 1889 3592 magis

296 3623 441 3670 esset
465 3630 625 3686 quam
663 3613 805 3670 usui.
843 3613 1074 3685 ide0que
1119 3628 1218 3668 nec
1247 3599 1418 3684 genua
1461 3613 1722 3677 inﬂectit,
1765 3613 1888 3678 quia

297 3706 640 3779 rigidioribus
680 3722 817 3779 opus
855 3705 953 3762 fuit
993 3705 1268 3771 cruribus,
1310 3722 1416 3777 quo
1447 3707 1590 3762 velut
1621 3707 1890 3762 columnis

298 3807 442 3856 tanta
485 3801 656 3872 possit
699 3800 1066 3855 membrorum
1102 3796 1348 3853 machina
1387 3799 1665 3855 sustineri.
1697 3798 1888 3854 Calca-

300 3911 460 3952 neum
485 3895 676 3951 leviter
698 3896 968 3959 incurVaI,
996 3893 1168 3963 rigent
1190 3902 1386 3946 cmtera
1411 3889 1602 3962 pedum
1627 3908 1655 3946 a
1679 3906 1892 3947 summo

300 4003 470 4059 usque
497 3987 562 4043 ad
593 3988 782 4042 imum.
813 3985 924 4041 Nec
951 3985 1090 4040 sicut
1124 3984 1174 4038 in
1205 3994 1226 4021 ο
1258 3984 1479 4055 ancylas
1508 4000 1604 4038 nos
1627 3999 1772 4053 smpe
1799 3985 1894 4038 de-

298 4081 576 4155 ponimus,
606 4080 674 4135 ita
706 4095 765 4136 se
791 4079 952 4134 etiam
983 4077 1152 4133 bestia
1184 4086 1361 4148 potest
1395 4087 1538 4132 tanta
1563 4075 1890 4144 deﬂeCIere;

301 4175 604 4248 meritoque
647 4189 753 4230 non
803 4170 1048 4228 volvendi
1097 4185 1178 4237 se,
1227 4185 1403 4241 neque
1441 4168 1699 4247 curvandi
1739 4186 1892 4226 usum

300 4287 421 4327 cum
446 4269 660 4325 czcteris
686 4265 1048 4322 animantibus
1071 4271 1249 4337 potest
1289 4259 1494 4320 habere
1526 4254 1891 4319 communem.

301 4365 544 4422 Fulcitur
580 4364 704 4419 hinc
731 4360 1142 4432 indetrabibus
1178 4357 1464 4422 maximis;
1513 4368 1571 4414 ut
1612 4359 1663 4413 in
1705 4374 1895 4414 somno

302 4451 692 4528 aliquantulum
744 4456 862 4511 sine
909 4451 1151 4526 periculo
1195 4453 1543 4517 reﬂectatur,
1618 4453 1742 4522 quia
1791 4469 1886 4524 pes

303 4549 420 4623 ejus
463 4551 604 4605 nulla
645 4558 858 4604 artuum
909 4545 1290 4617 conjunctione
1326 4544 1697 4614 distinguitur.
1746 4545 1895 4600 Man-

1994 3317 2155 3372 faciat
2201 3314 2398 3387 pedes,
2440 3317 2686 3387 quamvis
2738 3313 2954 3370 lacertis
3008 3296 3354 3380 validus,‘et
3426 3325 3590 3366 manu

1994 3420 2298 3481 promptus;
2331 3423 2452 3465 cum
2486 3407 2588 3464 sibi
2613 3419 2795 3479 scptus
2824 3415 3156 3464 armatorum
3211 3404 3425 3478 populis
3473 3420 3592 3477 gra-

1992 3505 2160 3562 dienti
2186 3507 2371 3560 murus
2402 3503 2691 3560 occurrat?
2719 3503 2855 3572 QUid
2878 3497 3040 3559 faciat
3061 3507 3250 3574 eques,
3281 3515 3404 3556 cum
3421 3513 3595 3570 equus

1991 3589 2585 3674 cjus‘pertcrrefactus
2619 3595 2781 3654 tantre
2827 3597 3012 3654 bestia:
3063 3593 3398 3653 humanitate
3428 3593 3590 3650 diffu-

1993 3696 2152 3768 glat?
2205 3695 2341 3764 Quid
2398 3691 2552 3749 faciat
2611 3687 2947 3763 sagittarius,
2978 3687 3360 3759 cum‘dcsuper
3393 3688 3592 3744 ferrata

1995 3789 2236 3846 virorum
2264 3804 2490 3860 corpora
2538 3779 2705 3858 jacuii
2762 3785 2932 3842 ictum
2962 3779 3168 3841 sentire
3213 3777 3316 3838 ti'o‘n
3350 3783 3592 3853 possint;

1995 3881 2168 3939 bestia
2199 3896 2411 3952 quoque
2439 3896 2538 3936 nec
2569 3879 2710 3934 nuda
2738 3877 2897 3933 facile
2928 3866 3276 3948 penetrabilis
3315 3873 3463 3929 ferro
3495 3871 3589 3939 sit,

1994 3985 2052 4032 et
2087 3971 2292 4030 munita
2323 3969 2543 4037 loricis,
2568 3955 2756 4027 obvias
2793 3973 2911 4025 sine
2949 3970 3030 4024 sui
3061 3957 3300 4039 periculo
3332 3967 3478 4021 acies
3507 3980 3594 4022 se-

1995 4076 2107 4128 cet,
2132 4073 2188 4119 ct
2217 4073 2461 4121 conterat
2483 4066 2726 4118 turmas?
2855 4061 2858 4064 ’
3067 4069 3070 4074 “
3233 4061 3236 4064 ’

2068 4160 2162 4217 54.
2203 4155 2390 4228 Itaque
2422 4166 2478 4211 ut
2507 4157 2768 4211 immcnSa
2788 4151 3037 4220 :cdiflcia,
3065 4152 3140 4208 ita
3169 4151 3441 4221 elephanti
3483 4150 3602 4207 fun-

1996 4253 2270 4310 damentis
2305 4249 2658 4307 validioribus
2708 4249 3062 4313 sustinentur;
3103 4246 3344 4318 alioquin
3376 4245 3598 4316 impari-

1999 4349 2097 4405 bus
2147 4345 2261 4402 fulti
2297 4335 2544 4417 pedibus,
2587 4347 2726 4399 intra
2754 4343 2971 4400 brevem
3004 4340 3315 4396 laberentur
3356 4349 3590 4394 aetatem.

1996 4443 2152 4501 Nunc
2197 4441 2379 4497 autem
2422 4449 2476 4496 et
2515 4439 2772 4495 trecentis
2797 4448 2853 4494 et
2880 4433 3108 4508 amplius
3159 4432 3405 4490 feruntur
3432 4435 3593 4488 annis

1996 4537 2160 4591 vitam
2184 4533 2521 4607 producere;
2555 4533 2678 4603 quia
2729 4531 2907 4586 omnia
2941 4528 3043 4586 sibi
3073 4527 3138 4583 ad
3170 4524 3594 4598 magnitudinem

303 4645 468 4700 suetis
501 4644 662 4715 igitur
691 4641 854 4696 veluti
888 4641 1132 4716 qumdam
1172 4639 1337 4694 fulcra
1369 4623 1781 4709 eorum'qnibus
1809 4638 1893 4694 hic
1920 4629 1974 4696 Ι)
2000 4630 2242 4686 membra
2270 4626 2627 4684 conveniunt.
2652 4623 2884 4695 Ideoque
2914 4639 3019 4678 non
3053 4619 3291 4675 distincti
3326 4629 3380 4672 ut
3406 4616 3590 4684 nobis,

304 4752 434 4793 Usus
455 4745 556 4802 est,
584 4743 842 4806 parantur
860 4733 1102 4803 ingenio:
1130 4728 1258 4784 feris
1282 4739 1460 4783 autem
1487 4738 1541 4783 et
1566 4720 1890 4796 agrestibus,

306 4829 426 4901 quia
458 4843 615 4882 nemo
658 4824 962 4893 hujusmodi
994 4822 1194 4894 quibus
1233 4821 1525 4876 sustentari
1555 4823 1756 4892 qtteaut
1794 4819 1895 4875 ful-

306 4936 395 4976 cra
427 4918 742 4984 substernit,
771 4911 894 4972 hinc
925 4915 1074 4970 venit
1106 4927 1235 4968 usus
1266 4910 1522 4984 periculi.
1581 4907 1587 4922 ¹
1820 4907 1824 4911 ’

376 5014 464 5069 5'2.
510 5013 750 5084 Namque
771 5010 950 5065 arbori
972 5008 1139 5065 innixi
1166 5017 1257 5061 aut
1283 5015 1462 5062 costas
1492 5005 1706 5071 fricant,
1730 5004 1895 5060 autin

307 5122 500 5164 somno
529 5121 651 5162 sese
679 5099 951 5168 relaxant,
982 5117 1102 5174 qua:
1132 5111 1535 5167 nonnumquam
1568 5096 1708 5152 victa
1739 5107 1899 5169 atque

308 5200 501 5258 inﬂexa
531 5207 680 5255 tanto
708 5195 936 5267 corpore
964 5195 1270 5265 frangitur:
1308 5190 1394 5246 ille
1424 5204 1554 5244 vero
1575 5189 1665 5262 qui
1696 5203 1816 5244 sese
1843 5190 1894 5244 in

307 5292 550 5350 eamdem
578 5279 848 5346 refudcrat
867 5330 882 5354 ,
911 5287 1115 5343 corruit
1142 5289 1240 5340 nec
1267 5282 1477 5354 erigere
1503 5283 1663 5349 atque
1684 5281 1899 5338 elevare

309 5400 366 5442 se
395 5391 575 5458 potest
599 5401 614 5450 ;
646 5382 824 5454 ibique
851 5381 1038 5451 jacens
1060 5377 1279 5441 interit,
1304 5384 1398 5430 aut
1423 5373 1623 5445 gemitu
1645 5388 1745 5429 suo
1774 5391 1896 5445 pro-

379 5518 405 5548 ει
447 5507 590 5564 Edit.
619 5505 768 5562 Cost.
799 5513 853 5560 et
878 5503 1076 5569 Rom.,
1115 5501 1271 5555 Novit
1297 5500 1517 5554 avicula.
1559 5495 1892 5567 Commode,

309 5581 353 5638 si
378 5581 504 5652 quis
533 5580 614 5634 eis
633 5575 885 5652 antiquus
912 5575 1079 5652 code}
1113 5572 1516 5652 suifragarttur.
1639 5641 1672 5652 η

317 5655 322 5660 ’
375 5641 587 5707 ὶ³Ἰῖοιῐι.
621 5641 782 5715 οόἱι.ξ
805 5658 859 5700 ιιι
886 5645 1090 5701 camelis
1118 5655 1164 5697 et
1192 5646 1353 5713 equis.
1376 5641 1577 5698 Contra
1601 5641 1887 5715 aliasfedit.

311 5733 364 5778 et
393 5737 582 5778 omnes
609 5734 740 5775 mss.
764 5713 784 5786 ⁷,
824 5729 879 5773 at
909 5717 1214 5786 elephantis,
1254 5728 1361 5770 etc.
1400 5715 1506 5771 Sed
1532 5727 1653 5769 cum
1694 5713 1893 5786 dicitur

312 5795 455 5851 Deus
507 5785 933 5857 longiora’colla
970 5785 1184 5845 dedisse
1218 5787 1544 5857 elephantis,
1585 5785 1890 5856 promuscis

311 5857 657 5938 intelligenda
686 5871 804 5934 est,
835 5877 956 5946 quae
989 5860 1097 5919 illis
1121 5860 1352 5918 cervicis
1382 5857 1688 5930 prolixiori:
1716 5859 1886 5918 vicero

1963 4721 1967 4728 “
1997 4723 2090 4778 sed
2125 4721 2390 4792 compacti
2417 4729 2564 4774 artus
2588 4727 2732 4780 sunt,
2768 4732 2874 4786 qtto
2897 4715 3007 4769 sint
3037 4713 3390 4768 robustiores.
3423 4708 3594 4777 Quam

1999 4815 2106 4870 cito
2129 4811 2438 4868 hominibus
2467 4814 2510 4865 si
2542 4806 2631 4864 ditt
2655 4810 2903 4864 steterint
2925 4851 2938 4873 ,
2959 4814 3052 4862 aut
3084 4803 3323 4860 velocius
3345 4817 3599 4858 cucurre-

2000 4907 2132 4969 rint,
2181 4905 2264 4959 vcl
2318 4904 2522 4974 jugitcr
2549 4897 3000 4965 ambulaverint,’
3027 4912 3198 4968 genua
3240 4902 3510 4951 vexantur
3543 4899 3600 4947 et

2003 4999 2237 5071 plantzc!
2269 4997 2571 5066 Conjuncta
2598 4996 2745 5051 enim
2778 5000 2832 5048 et
2873 4990 3156 5046 articulata
3179 4987 3389 5042 facilius
3433 4998 3594 5056 quam

2001 5098 2256 5148 concreta
2300 5097 2459 5160 atque
2495 5087 2724 5144 solidata
2753 5093 2847 5140 aut
2869 5085 3073 5140 doloris
3111 5091 3356 5146 sensum,
3389 5086 3481 5132 aut
3509 5091 3597 5130 ca-

1998 5201 2118 5243 sum
2148 5183 2466 5240 offensionis
2497 5182 2812 5238 admittunt.

2072 5279 2162 5336 55.
2208 5279 2276 5332 Et
2324 5276 2456 5348 quid
2504 5273 2756 5338 miraris,
2797 5271 2844 5326 si
2897 5266 3074 5324 vestiti
3120 5261 3286 5318 armis
3317 5259 3598 5324 timentur;

2004 5370 2444 5446 quandoquidem
2488 5365 2742 5423 dentibus
2773 5364 2887 5418 suis
2941 5369 3216 5426 tamquam
3265 5349 3603 5406 naturalibus

1999 5501 2250 5570 supplet;
2277 5496 2417 5552 unde
2443 5493 2607 5550 Basii.
2637 5533 2651 5554 ,
2682 5490 2800 5562 ἔχει
2827 5487 2878 5543 δέ
2908 5492 2998 5546 τὴν
3027 5480 3363 5560 προνομαίαν,
3391 5481 3481 5536 τήν
3502 5483 3596 5534 τοῦ

1999 5573 2272 5616 enus/10m)
2298 5570 2483 5616 νοεὶην
2511 5563 2936 5616 ἆήοπληῡοῦσαν.

1997 5573 2272 5651 τραχήλου
2296 5573 2483 5644 χρείαν
2511 5573 2936 5646 ἀποπληροῦσθαι.
3277 5623 3287 5634 _
3322 5624 3333 5634 I

2073 5657 2094 5683 θ
2139 5645 2350 5713 Ancylw
2371 5641 2694 5713 suffragines
2717 5649 2812 5713 seu
2842 5633 3146 5713 curvatur?)
3167 5623 3336 5713 cu‘bttt
3353 5618 3446 5713 'vel
3457 5633 3595 5713 ‘cr'u-

1994 5716 2092 5770 ris.
2131 5689 2455 5771 basiis“
2481 5689 2666 5783 bim
2689 5707 2761 5766 εἰς
2787 5698 3030 5775 ἀγκύλην,
3060 5689 3175 5751 οὔτε
3200 5699 3272 5759 εἰς
3307 5694 3428 5770 γόνυ
3452 5689 3594 5770 διήρ-

1992 5789 2202 5843 θρωται.
3021 5803 3027 5810 ι
3068 5789 3072 5794 ·

2020 5807 2202 5867 ρωηαι.
3021 5803 3027 5810 ⁸
