4150 6358
514 331 626 418 έδδ

1867 354 2115 412 SANCTI
2155 355 2482 413 AMBROSII

3704 354 3806 414 256

514 474 740 544 spiculis
758 487 974 546 semper
993 472 1184 528 armati
1211 472 1374 528 sunt?
1418 471 1768 528 Promuscide
1809 486 1905 528 sua
1953 472 2106 543 quid-
2136 476 2185 534 Α
2214 488 2338 529 rore
2367 473 2787 544 constringunt;
2837 474 3064 545 ideoque
3093 473 3286 530 horum
3317 477 3636 531 austeritate
3662 475 3801 546 frugi

516 565 644 638 quid
706 567 1058 632 involverint,
1113 566 1407 636 frangunt:
1469 565 1608 636 pede
1652 581 1784 621 vero
1849 566 2109 638 quidquid

517 661 964 732 compresserint,
993 659 1140 713 velut
1184 658 1417 730 quodam
1450 659 1602 728 lapsu
1655 660 1826 715 ruina:
1877 660 2110 729 ingentis

518 755 854 807 exanimant.
915 751 1198 807 Involvunt
1224 752 1566 822 promuscide
1620 767 1840 807 nemora
1893 753 1958 808 ad
2026 754 2110 808 sui

516 862 722 912 est-am,
751 856 806 902 et
827 845 979 917 quasi
1011 845 1228 916 quidam
1261 846 1508 901 altissimi
1535 847 1804 902 dracones
1845 849 2112 918 serpenti-

515 939 600 994 nis
630 955 767 1009 quos
816 940 1104 1010 coeperint,
1138 940 1305 1010 spiris
1329 938 1627 1010 ﬂagellant.
1663 939 1990 1011 Plerumque
2020 956 2113 997 cas

515 1033 566 1090 in
609 1032 796 1088 orbem
843 1033 1130 1102 colligunt,
1184 1035 1420 1089 maxime
1455 1048 1577 1088 cum
1628 1033 1697 1089 de
1757 1043 1903 1089 terra
1960 1035 2114 1090 cibus

514 1123 724 1193 legitur,
751 1132 844 1178 aut
873 1134 1031 1196 potus
1059 1125 1321 1181 hauritur.
1370 1126 1708 1180 Documento
1752 1127 1930 1198 itaque
1957 1128 2113 1183 nobis

513 1227 670 1282 sunt,
699 1216 842 1288 quod
889 1218 1019 1273 nihil
1051 1220 1385 1292 superﬂuum
1427 1221 1497 1274 sit
1533 1229 1809 1285 creatum;
1839 1230 1893 1276 ct
1934 1233 2113 1278 tamen

515 1309 633 1366 hee
657 1320 822 1367 tanta:
848 1313 1008 1369 molis
1037 1313 1213 1370 bestia
1235 1313 1478 1384 subjecta
1520 1314 1701 1384 nobis,
1730 1316 1972 1386 imperiis
1997 1331 2115 1372 ser-

515 1401 586 1459 vit
615 1401 888 1459 humanis.

1043 1520 1205 1592 126
1241 1517 1471 1578 CAPUT
1511 1522 1600 1578 vt.

519 1652 733 1709 Belluas
772 1653 1158 1712 robustissimas
1204 1673 1264 1712 ac
1295 1660 1646 1730 ferocissimas
1678 1659 1874 1714 homini
1903 1679 1933 1716 a
1962 1659 2118 1716 Crea-

595 1758 709 1803 tore
767 1750 994 1804 subditas
1021 1767 1040 1806 :
1071 1751 1262 1806 eisdem
1308 1754 1654 1808 minutissima
1704 1756 1956 1810 animalia
2015 1767 2115 1811 ter-

2213 565 2472 630 evadunt,
2493 567 2683 632 sobrii,
2716 567 3087 634 continentes,
3117 568 3259 624 laudi
3293 570 3462 638 magis
3492 585 3654 640 quam
3682 568 3810 624 ludo

2213 658 2403 714 dediti.
2447 658 2607 714 Vides
2636 660 2760 730 quid
2794 661 3050 716 terribilia
3093 663 3195 717 ista
3246 663 3456 733 ﬂagella
3488 662 3808 733 proﬁciant?

2214 753 2303 808 Sic
2334 763 2389 808 et
2414 765 2698 824 serpentes
2728 754 2939 823 ﬂagella
2970 763 3096 809 sunt
3133 770 3320 810 corum
3368 755 3561 826 quibus
3597 754 3810 810 inﬁrma

2216 846 2382 900 animi
2413 855 2564 910 mtas,
2591 855 2647 902 et
2697 845 2946 918 quzedam
3003 847 3227 916 puerilis
3277 848 3476 902 mentis
3503 858 3583 902 est
3612 847 3806 914 virtus;

2213 949 2468 992 cieterum
2502 938 2816 992 fortioribus
2858 953 3056 994 nocere
3106 955 3211 994 non
3261 948 3508 1011 possunt.
3565 939 3808 1012 Denique

2213 1029 2506 1084 conﬁdenti
2540 1030 2592 1084 in
2623 1030 2850 1085 Domino
2892 1030 3093 1085 dictum
3142 1040 3265 1086 est:
3300 1031 3472 1099 Super
3497 1031 3729 1100 aspidem
3759 1042 3809 1086 et

2215 1125 2511 1178 basiliscum
2542 1124 2832 1179 ambulabis
2852 1165 2865 1189 ,
2898 1133 2944 1178 et
2971 1125 3295 1179 conculcabis
3326 1125 3528 1180 leonem
3555 1135 3602 1179 et
3627 1125 3811 1179 draco-

2217 1236 2331 1273 nem
2364 1219 2479 1291 (Ps.
2516 1234 2608 1286 xc,
2640 1220 2749 1290 15).
2781 1218 3004 1274 Paulum
3040 1219 3331 1274 momordit
3360 1219 3580 1290 vipera,
3618 1227 3673 1275 et
3705 1235 3806 1290 puv

2219 1313 2540 1369 tabanteum
2572 1315 2722 1385 quasi
2754 1321 3091 1385 peccatorem
3125 1314 3212 1369 vix
3238 1313 3306 1370 de
3333 1313 3614 1384 naufragio
3633 1329 3813 1370 serva-

2217 1415 2352 1470 tum,
2378 1421 2585 1461 veneno
2609 1421 2730 1461 esse
2761 1405 3112 1470 moriturum;
3145 1405 3239 1461 scd
3271 1414 3622 1477 posteaquam
3645 1405 3817 1461 invio-

2220 1499 2396 1556 labilis
2426 1501 2624 1555 mansit
2648 1514 2874 1556 excussa
2921 1500 2974 1555 in
3031 1499 3206 1569 ignem
3256 1499 3482 1570 vipera,
3521 1499 3641 1570 plus
3672 1499 3816 1571 apud

2222 1593 2494 1649 intuentes
2510 1594 2872 1649 venerationis
2889 1593 3111 1649 invenit.
3136 1591 3244 1649 Sed
3261 1600 3318 1648 et
3335 1593 3448 1663 ipse
3473 1591 3735 1648 Dominus
3749 1591 3818 1648 ad

2219 1702 2408 1742 omnes
2436 1688 2588 1759 127
2620 1687 2731 1741 ait:
2761 1687 2863 1755 Qui
2908 1686 3204 1754 crediderit,
3249 1695 3294 1739 et
3319 1683 3605 1757 baptizatus
3635 1687 3816 1756 fuerit,

2223 1781 2306 1835 hic
2343 1785 2514 1836 salvus
2563 1783 2691 1846 erit;
2749 1783 2837 1853 qui
2863 1798 2979 1836 vero
3011 1798 3110 1836 non
3140 1781 3434 1847 crediderit,
3485 1780 3821 1835 damnabitur

587 1845 698 1897 rari
733 1855 885 1915 atque
937 1845 1093 1900 exitio
1138 1863 1270 1902 esse.
1314 1846 1448 1900 Tum
1479 1849 1660 1919 paucis
1709 1850 1774 1903 de
1816 1860 2111 1921 serpentum

2225 1872 2414 1947 (Marc.
2435 1914 2449 1939 ,
2474 1889 2565 1928 xvt
2590 1915 2604 1939 ,
2635 1873 2714 1944 6).
2750 1845 2910 1944 Signa
2953 1884 3130 1928 autem
3185 1845 3520 1928 credentium
3545 1874 3660 1929 hac
3685 1872 3822 1928 dixit

592 1938 815 1992 utilitate
863 1939 1161 2012 disputatis,
1218 1942 1370 1996 homo
1427 1942 1496 1995 ad
1548 1944 1630 1997 sui
1672 1944 1956 2016 animasque
1996 1963 2115 2016 pro-

593 2031 722 2101 pria:
739 2032 1087 2104 cognitionem
1114 2034 1391 2088 excitatur.

593 2145 683 2199 56.
719 2146 928 2201 Etenim
954 2149 1208 2218 quoniam
1258 2149 1326 2206 de
1371 2150 1604 2206 hominis
1631 2161 1880 2207 creatura
1921 2152 2119 2210 dicturi

518 2252 727 2305 smnus,
750 2241 1275 2298 commendationem
1313 2245 1432 2314 ejus
1488 2253 1813 2315 pra'strucre
1842 2254 1898 2300 et
1939 2247 2114 2316 praeli-

521 2332 652 2388 bate
681 2333 963 2391 debemus.
1021 2336 1322 2393 Videbatur
1366 2338 1501 2394 nihil
1537 2340 1840 2410 elephantis
1869 2350 2118 2397 creatura

521 2427 726 2484 habere
757 2429 1058 2497 robustius,
1091 2432 1226 2487 nihil
1262 2443 1368 2488 tam
1395 2433 1635 2490 terribile
1676 2435 1758 2490 vel
1808 2452 2118 2506 procerum,

520 2524 654 2578 nihil
680 2533 784 2578 tam
811 2526 980 2580 terum
1007 2541 1168 2595 quam
1199 2527 1384 2583 leones
1415 2529 1502 2584 vel
1527 2529 1746 2598 tigrides
1765 2541 1910 2597 sunt;
1935 2532 2122 2588 etharc

519 2616 766 2670 serviunt
797 2617 1022 2683 homini,
1053 2627 1110 2674 et
1149 2628 1400 2674 naturam
1439 2636 1593 2676 suam
1622 2621 1854 2677 humana
1905 2624 2121 2680 inStitu-

523 2710 671 2765 tione
699 2713 998 2779 deponunt.
1041 2707 1447 2770 Obliviscuntnr
1500 2717 1642 2786 quod
1699 2727 1823 2772 nata
1871 2729 2013 2784 sunt,
2050 2718 2124 2773 in-

523 2801 860 2874 duuntquod
901 2802 1184 2875 jubentur.
1219 2805 1358 2874 Quid
1389 2809 1583 2862 multa?
1619 2809 1890 2866 Doccntur
1917 2819 1976 2865 ut
2000 2826 2124 2882 par-

523 2898 658 2964 vuli,
683 2899 926 2955 serviunt
957 2909 1015 2955 ut
1042 2901 1264 2968 inﬁrmi,
1285 2903 1640 2960 verberantur
1669 2915 1727 2960 ut
1774 2905 1971 2972 timidi,
2003 2922 2123 2964 cor-

524 2989 774 3061 riguntur
820 3001 881 3047 ut
933 2992 1157 3061 subditi,
1212 2995 1264 3050 in
1319 3011 1500 3052 mores
1543 3007 1826 3054 transeunt
1883 3009 2121 3067 nostros;

523 3085 783 3155 quoniam
814 3096 993 3144 motus
1021 3089 1273 3160 proprios
1305 3090 1678 3162 perdiderunt.
1879 3089 1883 3092 ’

595 3178 685 3235 57.
726 3179 984 3237 Mirabilis
1032 3181 1196 3254 igitur
1218 3194 1410 3240 natura
1441 3185 1494 3241 in
1544 3186 2125 3254 maximis;mirabilis

2219 1967 2357 2036 fore,
2389 1977 2447 2023 ut
2476 1977 2760 2037 serpentes
2786 1984 2946 2023 manu
2979 1968 3270 2033 mulceant,
3305 1982 3516 2023 venena
3547 1968 3632 2024 his
3661 1977 3823 2039 atque

2218 2080 2380 2121 omne
2404 2065 2766 2132 mortiferum,
2799 2067 3011 2122 etiamsi
3061 2065 3316 2132 biberint,
3343 2082 3540 2123 nocere
3568 2083 3675 2124 non
3699 2081 3824 2138 pos-

2221 2159 2347 2214 sint.
2402 2158 2515 2214 Tua
2569 2160 2730 2230 igitur
2777 2159 2874 2214 tibi
2926 2160 3093 2230 magis
3127 2160 3510 2228 incredulitas',
3557 2177 3592 2216 ο
3637 2161 3822 2229 homo,

2221 2268 2384 2324 quam
2415 2269 2621 2308 venena
2671 2253 2956 2310 metuenda
2993 2258 3327 2324 serpentium
3360 2265 3508 2330 sunt.
3534 2255 3690 2311 Time
3722 2256 3823 2326 igi-

2223 2355 2309 2402 tur
2333 2346 2444 2411 illa,
2477 2345 2504 2384 ι)
2539 2354 2598 2401 ιιι
2632 2347 2822 2402 saltem
2870 2347 2997 2401 dum
3032 2346 3394 2403 formidantur
3425 2349 3535 2415 illa,
3562 2348 3629 2403 ad
3662 2347 3822 2406 ﬁdem

2225 2453 2522 2508 provocare
2549 2448 2600 2494 te
2625 2439 2852 2508 possint.
2887 2439 3041 2506 Quod
3073 2439 3115 2493 si
3152 2439 3319 2495 Deum
3372 2456 3478 2495 non
3531 2442 3714 2507 times,
3737 2441 3823 2498 vel

2227 2532 2437 2586 ultricia
2467 2531 2711 2603 perﬁdia:
2743 2548 2950 2588 venena
2976 2533 3254 2588 lormides.

2297 2626 2388 2680 59.
2432 2625 2582 2682 Nunc
2638 2627 2892 2697 quoniam
2945 2636 2999 2683 et
3025 2627 3347 2698 elephantos
3379 2629 3530 2684 vides
3571 2630 3668 2686 tibi
3698 2629 3825 2686 sub-

2227 2715 2391 2783 ditos,
2429 2726 2479 2772 ct
2529 2717 2716 2773 leones
2750 2734 2875 2774 esse
2925 2719 3234 2789 subjectos;
3267 2736 3430 2776 nosce
3481 2730 3532 2777 te
3563 2722 3761 2791 ipsum,
3789 2736 3824 2778 o

2229 2809 2418 2876 homo,
2460 2810 2602 2879 quod
2648 2825 2776 2876 non,
2811 2819 2870 2866 ut
2913 2811 3126 2878 ferunt,
3161 2813 3425 2882 Apollinis
3469 2813 3670 2885 Pythii,
3726 2815 3826 2872 sed

2229 2902 2539 2958 Salomonis
2568 2905 2740 2958 sancti
2773 2913 2875 2971 est,
2907 2906 2996 2975 qui
3025 2904 3141 2960 ait:
3173 2905 3292 2960 Nisi
3338 2907 3469 2962 scias
3500 2917 3549 2962 te
3598 2909 3826 2979 formosa

2226 2997 2280 3052 in
2329 2996 2627 3051 mulieribus
2657 2995 2831 3070 (Cant.
2871 3014 2910 3064 ι,
2955 2999 3036 3069 7),
3068 3014 3395 3070 quamquam
3443 3001 3616 3056 multo
3665 3013 3824 3059 antea

2229 3094 2446 3164 Moyses
2488 3092 2539 3146 in
2583 3093 3004 3148 Denteronomio
3054 3093 3361 3164 scripserit:
3410 3094 3626 3150 Attende
3656 3096 3769 3164 tibi,
3794 3112 3824 3151 ο

2231 3186 2402 3240 homo.
2435 3185 2649 3240 Attende
2676 3185 2768 3239 tibi
2797 3185 3004 3257 (Deut.,
3033 3200 3106 3251 tv,
3137 3185 3216 3257 9),
3239 3186 3313 3241 ait
3334 3186 3440 3241 lex.
3475 3186 3827 3259 EtPropheta

523 3271 668 3330 enim
699 3272 754 3328 in
801 3273 1034 3330 excelsis
1062 3274 1343 3342 Dominus,
1375 3278 1636 3334 mirabilis
1677 3280 1841 3335 etiam
1875 3279 1930 3336 in
1961 3280 2122 3336 mini-
2149 3268 2194 3332 C
2229 3281 2306 3335 ait
2337 3298 2349 3333 :
2384 3278 2501 3334 Nisi
2526 3281 2660 3334 scias
2692 3290 2758 3334 te.
2787 3278 2884 3335 Cui
2920 3280 3021 3336 hoc
3048 3279 3211 3336 dicit?
3238 3277 3513 3349 Formosa,
3546 3281 3738 3353 inquit,
3770 3282 3827 3338 in

527 3366 651 3419 mis.
679 3364 832 3421 Sicut
871 3367 1017 3423 enim
1052 3383 1156 3423 non
1199 3371 1380 3426 minus
1409 3372 1562 3442 plana
1593 3387 1934 3443 camporum,
1965 3389 2124 3445 quam

529 3458 796 3512 montium
836 3459 944 3514 alta
989 3461 1272 3528 miramur,
1303 3479 1401 3520 nec
1439 3465 1560 3536 plus
1589 3465 1932 3522 altitudinem
1980 3468 2128 3524 cedri

527 3562 832 3621 stupemus,
860 3568 1020 3623 quam
1053 3554 1177 3610 vitis
1205 3564 1300 3611 aut
1320 3557 1455 3613 olea:
1477 3557 1659 3614 brevis
1706 3559 2124 3618 fecunditatem:

529 3645 602 3700 ita
653 3659 760 3700 non
790 3645 1029 3716 amplius
1080 3647 1250 3703 miror
1300 3648 1648 3720 elephantum
1692 3652 1818 3723 quia
1869 3668 2129 3723 procerus

529 3746 636 3805 est,
660 3754 820 3810 quam
847 3755 1083 3809 murem,
1117 3741 1242 3814 quia
1275 3743 1534 3800 terribilis
1564 3745 1857 3816 elephanto
1893 3757 1996 3804 est.
2024 3748 2131 3804 Na-

532 3841 669 3890 tura:
697 3833 865 3906 igitur
891 3835 1008 3892 haec
1031 3836 1272 3908 potentia
1294 3846 1407 3905 est;
1441 3847 1500 3895 ut
1531 3840 1795 3896 terribilia
1825 3841 1970 3908 aliis,
2004 3843 2129 3900 aliis

531 3928 850 3985 meticulosa
877 3930 1006 3986 sint.
1034 3928 1134 3986 Est
1180 3930 1324 3986 enim
1354 3930 1552 3988 donata
1581 3934 1934 4005 praerogativa
1974 3950 2127 4006 quae-

529 4022 656 4078 dam
681 4023 906 4095 singulis
925 4025 1222 4091 creaturis;
1251 4035 1306 4080 ut
1333 4026 1655 4095 quibusdam
1677 4028 1973 4100 privilegiis
2003 4044 2129 4100 pro-

529 4118 664 4188 priis
720 4118 1030 4175 luleiantur.
1065 4119 1452 4177 Formidabilis
1476 4122 1646 4178 tauris
1667 4123 1994 4195 elephantus
2020 4140 2131 4179 mu-

531 4227 648 4269 rem
680 4212 856 4268 timet.
879 4214 990 4270 Leo
1016 4216 1234 4286 quidem
1268 4231 1364 4272 rex
1398 4217 1634 4272 ferarum
1653 4219 1848 4290 exiguo
1879 4221 2126 4290 scorpio-

534 4306 618 4360 nis
658 4305 845 4362 aculeo
865 4310 1187 4378 exagitatur,
1217 4318 1273 4365 et
1307 4325 1517 4366 veneno
1540 4313 1811 4381 serpentis
1840 4313 2126 4369 occiditur.

535 4400 746 4456 Eximia
795 4401 970 4459 leonis
1025 4403 1367 4473 pulchritudo
1414 4414 1694 4460 comantes
1741 4406 1955 4461 cervice
1983 4415 2130 4462 toros

534 4495 760 4560 excutit,
787 4495 874 4550 vel
897 4496 1115 4552 sublato
1146 4505 1365 4567 pectore
1389 4499 1586 4554 attollit
1607 4513 1722 4553 ora.
1747 4497 1855 4554 Sed
1879 4499 2001 4571 quis
2021 4515 2128 4556 non

535 4589 761 4645 miretur
777 4598 884 4646 tam
913 4591 1070 4647 brevi
1093 4592 1394 4662 scorpionis
1423 4595 1638 4662 aculeo,
1658 4602 1715 4650 ut
1745 4595 2126 4667 incorporeum

538 4692 698 4752 putes
722 4721 736 4746 ,
792 4682 1088 4751 ingentium
1145 4698 1432 4756 corporum
1465 4687 1616 4743 exire
1641 4690 1910 4745 mortem?

608 4774 698 4830 ‘58.
740 4775 849 4832 Nec
872 4776 974 4834 hoc
999 4779 1285 4850 quisquam
1332 4783 1693 4852 reprehendat
1715 4793 1762 4851 ιι,
1799 4783 1940 4855 quod
1967 4785 2133 4841 Crea-

538 4876 624 4923 tor
661 4879 943 4940 serpentes
973 4873 1236 4928 creaturis
1258 4873 1392 4943 suis,
1416 4876 1629 4948 aliaque
1655 4879 1736 4934 vel
1775 4880 2129 4935 animantium

537 4963 621 5020 vel
653 4963 943 5020 herbarum
970 4981 1171 5038 genera
1199 4977 1460 5024 venenata
1508 4971 1811 5026 miscuerit.
1841 4972 1975 5027 Nata
2007 4982 2134 5029 sunt

537 5060 682 5116 enim
707 5061 823 5116 haec
857 5059 924 5117 ad
951 5061 1351 5131 correptioncm
1391 5073 1658 5132 nostram,
1691 5080 1797 5119 non
1830 5065 1898 5122 ad
1943 5065 2131 5123 defor-

539 5158 856 5213 mationem.
886 5155 1020 5212 Nam
1051 5172 1172 5227 quae
1203 5155 1431 5226 ignavis,
1465 5166 1560 5212 aut
1608 5157 1857 5226 inﬁrmis,
1905 5168 2000 5214 aut
2039 5159 2134 5215 im-

540 5251 644 5320 piis
670 5251 992 5324 plerumque
1048 5249 1335 5306 oll‘ensioni
1376 5261 1538 5320 atque
1593 5251 1789 5306 terrori
1837 5260 1982 5316 sunt,
2013 5252 2134 5306 aliis

542 5346 658 5398 usui
708 5346 780 5400 ita
835 5354 962 5399 sunt
1006 5343 1159 5410 haec,
1204 5352 1263 5398 ut
1309 5343 1588 5414 paedagOgi
1633 5345 1898 5415 parvulis.
1947 5343 2136 5400 Amari

541 5437 812 5505 videntur,
868 5437 1050 5494 acerbi
1091 5445 1147 5492 et
1195 5437 1434 5502 molesti,
1463 5436 1840 5493 formidabiles
1884 5439 2134 5504 verbere,

542 5531 849 5588 libertatem
878 5530 1188 5589 lasciviendi
1228 5540 1448 5604 negant,
1480 5532 1864 5588 necessitatem
1891 5532 2133 5601 discipli-

543 5637 628 5678 nae
656 5629 899 5698 exigunt,
938 5626 1176 5700 pueriles
1202 5627 1433 5693 animos,
1468 5643 1535 5682 ne
1563 5627 1698 5681 luxu
1732 5624 1990 5694 deﬂuant,
2027 5637 2136 5683 ter-

614 5773 641 5801 ιι
682 5765 808 5840 Mss.
836 5781 1028 5840 novem
1069 5769 1200 5826 satis
1229 5767 1470 5840 probati,
1491 5767 1628 5836 quod
1653 5777 1853 5822 creator
1884 5769 2135 5840 serpentis

544 5837 791 5962 creatmgs
815 5837 920 5892 suis
947 5839 1074 5894 talia
1100 5840 1199 5907 uel,
1221 5848 1326 5897 etc.
1365 5838 1476 5896 Alii
1527 5848 1705 5895 tamen
1726 5847 1782 5896 et
1818 5839 1950 5897 edit.
1968 5837 2136 5898 'ante-

548 5921 726 5962 nonen
768 5923 803 5962 ι.

548 5921 803 5981 portendi.

2229 3372 2543 3427 mulieribus.
2582 3373 2713 3441 Quae
2743 3383 2825 3428 est
2873 3372 3097 3444 pulchra
3125 3374 3177 3428 in
3209 3373 3548 3442 mulieribus,
3575 3375 3678 3430 nisi
3709 3375 3828 3430 ani-

2230 3481 2338 3532 ma,
2371 3481 2491 3536 quae
2522 3466 2573 3520 in
2604 3475 2832 3536 utroque
2859 3480 2991 3522 sexu
3023 3465 3391 3537 praestantiam
3442 3466 3682 3536 possidet
3706 3467 3825 3539 pul-

2229 3560 2584 3618 chritudinis?
2616 3560 2684 3616 Et
2725 3559 2922 3616 merito
2945 3559 3144 3616 decora
3175 3571 3277 3625 est,
3307 3576 3428 3632 quae
3460 3576 3566 3616 non
3611 3569 3827 3618 terrena

2230 3652 2325 3708 sed
2365 3651 2628 3716 coelestia,
2656 3666 2761 3706 non
2781 3651 3154 3723 corruptibilia
3183 3653 3280 3707 sed
3321 3653 3634 3724 incorrupta
3677 3653 3826 3710 desi-

2231 3745 2403 3809 derat,
2438 3745 2490 3800 in
2519 3744 2716 3814 quibus
2742 3743 2910 3800 decus
2933 3745 3113 3816 perire
3140 3759 3248 3800 non
3286 3745 3482 3800 soleat.
3510 3745 3828 3818 COrporalia

2230 3838 2375 3894 enim
2404 3837 2586 3892 omnia
2611 3851 2868 3907 processu
2891 3837 3088 3904 aetatis,
3118 3846 3210 3892 aut
3231 3836 3569 3908 :cgritudinis
3589 3838 3828 3906 inaequa-

2232 3931 2383 3987 litate
2405 3939 2768 3986 marcescunt.
2796 3929 2931 3986 Huic
2947 3929 3188 3996 attende,
3221 3929 3352 3985 dicit
3379 3929 3615 4002 Moyses,
3646 3930 3700 3986 in
3722 3947 3827 4003 qua

2233 4033 2458 4079 tntotus
2501 4037 2583 4091 es,
2612 4023 2664 4078 in
2707 4038 2810 4091 qua
2853 4022 3047 4078 melior
3074 4022 3148 4077 tui
3192 4022 3373 4092 portio
3427 4032 3530 4079 est.
3588 4023 3828 4096 Denique

2230 4118 2620 4189 interpretatus
2647 4124 2732 4173 est
2759 4116 3018 4171 Dominus
3048 4115 3170 4187 quis
3189 4115 3265 4171 sis
3298 4127 3374 4180 tu,
3397 4114 3606 4172 dicens.
3651 4117 3828 4172 Atten-

2232 4209 2338 4263 dite
2367 4209 2507 4264 vobis
2529 4225 2560 4261 a
2582 4208 2729 4278 falsis
2759 4209 3022 4279 prophetis
3051 4206 3272 4277 (Mam,
3306 4223 3401 4274 vn,
3425 4208 3537 4278 ib);
3572 4207 3658 4263 isti
3681 4208 3828 4266 enim

2232 4304 2465 4356 animam
2521 4300 2827 4368 debilitant,
2885 4310 3122 4355 mentem
3175 4300 3460 4356 subruunt.
3496 4300 3615 4356 Non
3663 4301 3826 4374 igitur

2230 4409 2360 4450 earu
2384 4403 2441 4449 tu
2463 4409 2545 4450 es.
2571 4392 2709 4460 Quid
2739 4393 2883 4448 enim
2916 4402 3000 4448 est
3027 4408 3156 4448 caro
3183 4393 3304 4447 sine
3332 4393 3530 4448 animae
3559 4394 3829 4464 guberna-

2232 4489 2377 4554 culo,
2407 4489 2606 4543 mentis
2627 4487 2812 4558 vigore
2832 4488 2855 4542 ?
2877 4484 3017 4543 Caro
3044 4486 3203 4543 hodie
3229 4488 3484 4554 sumitur,
3509 4502 3634 4543 eras
3659 4486 3826 4560 depo-

2233 4581 2396 4636 nitur.
2428 4577 2568 4636 Caro
2605 4579 2937 4650 temporalis,
2966 4579 3145 4634 anima
3169 4571 3446 4635 diuturna.
3502 4578 3646 4635 Caro
3695 4579 3830 4635 ami-

2156 4668 2354 4729 Dctus
2392 4681 2478 4729 est
2530 4672 2756 4741 animas,
2807 4687 2929 4743 quae
2978 4686 3038 4728 se
3081 4671 3258 4727 induit
3303 4670 3538 4742 quodam
3587 4671 3831 4739 corporis

2236 4770 2580 4825 vestimento.
2625 4767 2744 4823 Non
2797 4767 2957 4838 igitur
3002 4777 3056 4822 tu
3091 4767 3471 4823 vestimentum
3503 4780 3582 4833 es,
3616 4764 3713 4821 sed
3739 4765 3832 4837 qui

2237 4862 2561 4918 vestimento
2612 4859 2804 4916 uteris.
2833 4859 2960 4916 ldeo
2984 4859 3079 4914 tibi
3131 4858 3364 4926 dicitur,
3417 4867 3477 4913 ut
3525 4857 3833 4928 exspolians

2236 4965 2473 5012 veterem
2507 4955 2783 5010 hominem
2814 4969 2934 5009 cum
2973 4953 3184 5009 actibus
3213 4953 3352 5023 ejus,
3399 4967 3598 5007 novum
3619 4951 3833 5019 induas,

2236 5048 2328 5120 qui
2356 5064 2460 5103 non
2485 5049 2538 5103 in
2580 5047 2826 5118 corporis
2861 5046 3151 5117 qualitate,
3179 5045 3273 5100 sed
3303 5045 3357 5100 in
3387 5045 3582 5116 spiritu
3611 5044 3830 5110 mentis,

2235 5141 2576 5212 etagnitione
2605 5147 2897 5195 renovatur
2917 5135 3164 5211 (Coloss.,
3196 5135 3395 5209 nt,l0).
3427 5136 3564 5202 Non,
3588 5135 3830 5207 inquam,

2240 5248 2369 5290 caro
2425 5248 2484 5290 es
2537 5241 2624 5299 tu;
2679 5247 2855 5301 neque
2904 5231 3051 5286 enim
3105 5229 3272 5285 carn'r
3296 5229 3534 5284 dicitur:
3568 5226 3838 5294 Templum

2239 5329 2374 5384 enim
2404 5326 2502 5382 Dei
2529 5334 2762 5382 sanctum
2787 5335 2859 5381 est
2879 5367 2895 5392 ,
2945 5324 3085 5394 quod
3111 5324 3228 5378 estis
3249 5339 3336 5378 uos
3384 5322 3429 5396 (l
3458 5321 3580 5377 Cor.
3613 5337 3692 5385 ιιι,
3725 5321 3834 5390 l7).

2240 5423 2330 5488 Et
2355 5422 2501 5486 alibi,
2531 5420 2797 5492 Templum
2828 5417 2928 5473 Dei
2964 5433 3052 5472 vos
3093 5417 3234 5483 estis,
3279 5425 3330 5470 et
3376 5415 3608 5482 Spiritus
3630 5423 3840 5467 sanctus

2239 5515 2432 5570 habitat
2477 5515 2531 5568 in
2560 5511 2699 5567 vobis
2727 5510 2918 5582 (Ibid.,
2953 5509 3049 5581 5):
3083 5510 3180 5566 sed
3225 5508 3501 5564 renovatis
3553 5506 3756 5562 dicitur
3786 5515 3841 5562 ct

2240 5608 2492 5665 ﬁdelibus
2521 5607 2574 5662 in
2626 5606 2821 5676 quibus
2851 5613 3131 5676 permanet
3184 5603 3419 5674 Spiritus
3462 5601 3579 5658 Dei.
3628 5600 3686 5655 In
3717 5615 3840 5655 car-

2311 5769 2338 5807 b
2366 5767 2594 5824 Codices
2623 5766 2812 5831 Carm,
2842 5764 3006 5822 Corb.
3041 5771 3213 5828 vetns,
3243 5762 3348 5818 Th.
3377 5775 3442 5817 ac
3487 5760 3646 5831 ch.,
3673 5767 3728 5814 ut
3749 5773 3838 5813 sa-

2240 5841 2396 5896 lutem
2427 5839 2665 5910 acquiras
2684 5881 2698 5907 ,
2731 5839 2855 5894 dum
2889 5835 3236 5910 [ormidantnr
3266 5835 3378 5888 illa.
