4150 6358
299 290 405 347 257

1572 279 2070 338 HEXAEMEIION.
2111 281 2243 339 LIB.
2285 282 2372 339 VI.

3487 285 3596 342 258
3643 261 3664 276 ’

297 404 515 459 nalihus
561 411 740 457 autem
773 416 878 456 non
918 408 1222 472 permanet,
1276 400 1398 471 quia
1444 399 1707 470 scriptum
1767 408 1887 454 est:
1919 399 1969 459 Α
2007 415 2158 464 mus;
2187 400 2311 470 quia
2343 414 2561 469 semper
2591 414 2714 456 esse
2744 400 2986 456 divinum
3027 397 3210 467 est,'ut
3261 410 3595 458 cmrtermnu

301 496 353 551 Ν
361 514 425 550 on
453 495 773 568 permanebit
805 495 1018 562 spiritus
1043 512 1184 550 meus
1204 496 1258 549 in
1298 494 1588 549 hominibus
1617 495 1750 559 istis;
1773 509 1897 563 quo-

301 592 440 646 niam
462 606 644 646 carnes
677 602 796 647 sunt
822 589 1003 664 (Gem,
1030 606 1103 657 γι,
1136 589 1217 662 '5).

906 723 1134 783 CAPUT
1177 725 1291 781 VII.

305 841 356 899 II
362 842 547 898 ominis
573 842 880 898 creationem
903 859 934 896 a
962 842 1370 897 consideratione
1390 824 1635 898 creatoris
1655 841 1898 912 auspica-

371 947 474 992 tur.
535 936 732 991 Filium
774 935 950 991 Patris
979 937 1254 1008 imaginem
1293 953 1424 1004 esse,
1471 953 1564 991 nec
1612 953 1714 992 non
1765 937 1899 992 inter

373 1047 459 1085 eos
491 1031 739 1084 unitatem
792 1029 1268 1100 distinctionemque
1311 1031 1531 1084 inveniri
1559 1030 1898 1084 demonstrat.

375 1122 607 1193 Denique
631 1122 889 1176 hominem
917 1131 972 1176 ut
994 1131 1266 1195 cognoscat
1289 1123 1424 1178 unde
1447 1123 1664 1188 oriatur,
1691 1122 1900 1193 cujnsue

372 1217 676 1289 imaginem,
702 1225 750 1271 et
774 1217 829 1270 in
875 1233 978 1287 qua
1005 1227 1152 1287 parte
1197 1233 1312 1270 eam
1341 1224 1516 1287 gerat,
1562 1217 1821 1269 admonet.

373 1333 465 1388 40.
504 1333 612 1390 Sed
640 1334 811 1405 ipsius
838 1334 1132 1391 creationis
1162 1344 1366 1391 nostra:
1403 1337 1602 1392 seriem
1643 1333 1896 1390 conside-

303 1443 504 1485 remus.
539 1427 838 1494 Faciamus,
866 1428 1060 1499 inquit,
1093 1427 1352 1482 hominem
1379 1429 1447 1482 ad
1459 1438 1684 1484 nostram
1704 1429 1892 1499 imagi-

303 1538 439 1585 nent,
468 1529 516 1574 et
546 1520 613 1572 ad
646 1519 1032 1575 similitudinem
1074 1531 1302 1575 nostram
1327 1520 1506 1592 (Gem,
1533 1537 1569 1588 ι,
1613 1519 1730 1592 ‘26).
1764 1520 1896 1588 Quis

303 1613 404 1668 hoc
433 1613 598 1668 dicit?
633 1611 823 1668 Nonne
856 1613 1016 1676 Deus,
1045 1614 1135 1684 qui
1160 1622 1210 1668 te
1233 1613 1394 1668 fecit?
1435 1613 1573 1682 Quid
1605 1623 1688 1669 est
1719 1613 1895 1668 Deus?

301 1707 460 1772 Caro,
479 1723 546 1762 an
565 1706 824 1779 spiritus?
853 1706 970 1762 Non
995 1722 1124 1763 caro
1143 1709 1348 1778 utique,
1367 1707 1460 1763 sed
1480 1709 1726 1778 spiritus,
1742 1707 1896 1778 cujus

2001 490 2215 557 credas,
2245 508 2402 562 quem
2429 494 2652 562 putabas
2699 493 3014 548 dissimilem
3054 508 3196 550 csse.
3229 493 3489 550 Etcrnus
3513 503 3599 550 est

1998 585 2166 650 enim,
2185 585 2251 640 de
2277 601 2383 655 quo
2402 586 2532 642 dicit
2564 587 2775 659 Moyses
2801 605 2814 640 :
2849 589 2948 654 Qui
2975 597 3051 642 est
3083 587 3220 642 misit
3248 605 3326 642 me
3356 587 3594 658 (Exod.,

1999 695 2079 744 Ill,
2113 679 2222 751 M).
2249 679 2481 736 Pulchre
2507 683 2670 736 etiam
2702 682 2834 736 illud
2863 682 3154 753 praemisit:
3191 681 3303 755 Ego
3337 692 3382 736 et
3411 681 3591 736 Pater.

1997 769 2132 826 Nam
2163 773 2209 828 si
2239 772 2454 828 Patrem
2482 774 2854 844 praemisisset,
2885 785 2941 829 ιιι
2978 775 3246 830 minorem
3293 772 3334 828 F
3339 773 3488 829 ilium
3511 774 3599 845 ju-

1998 864 2251 920 dicares:
2299 865 2393 921 sed
2446 865 2707 936 praemisit
2755 865 2973 935 Filium,
3003 883 3162 937 quem
3209 881 3315 922 non
3343 867 3600 923 convenit

1998 958 2148 1015 credi
2181 957 2343 1013 Patre
2365 959 2726 1028 superiorem.
2768 958 3026 1031 Adjunxit
3049 960 3280 1030 Patrem,
3313 969 3373 1016 ut
3402 961 3598 1018 adver-

2001 1061 2080 1107 tas
2107 1052 2273 1107 Deum
2301 1051 2513 1108 Patrem
2553 1061 2610 1108 et
2652 1051 2848 1107 Filium
2896 1055 3015 1124 ejus
3039 1053 3248 1111 ordinis
3274 1054 3596 1127 praejudicio

2000 1159 2106 1198 non
2138 1145 2332 1200 teneri.

2070 1235 2160 1291 ιε.
2200 1235 2439 1303 Attende,
2480 1235 2676 1308 inquit,
2701 1236 2795 1291 tibi
2839 1238 2938 1292 soli
2973 1237 3178 1310 (Deut.,
3209 1255 3286 1308 tv,
3321 1239 3399 1312 9).
3433 1241 3594 1297 Aliud

2000 1331 2142 1386 onim
2173 1346 2359 1386 sumus
2382 1347 2501 1397 nos,
2535 1331 2681 1387 aliud
2706 1341 2833 1388 sunt
2876 1342 3078 1400 nostra,
3103 1332 3250 1388 aliud
3286 1351 3405 1404 qum
3453 1335 3594 1391 circa

2000 1437 2101 1478 nos
2127 1435 2272 1478 sunt.
2303 1422 2412 1478 Nos
2429 1439 2638 1488 sumus,
2668 1424 2770 1480 hoc
2796 1434 2900 1492 est,
2923 1425 3099 1481 anima
3123 1432 3178 1482 et
3195 1440 3347 1481 mens
3374 1444 3386 1480 :
3414 1438 3596 1482 nostra

1999 1525 2125 1570 sunt
2168 1516 2414 1586 corporis
2462 1516 2728 1584 membra,
2777 1527 2830 1573 et
2879 1531 3071 1574 sensus
3111 1518 3264 1588 ejus:
3312 1519 3454 1573 circa
3496 1536 3598 1575 nos

1999 1616 2180 1662 autem
2211 1606 2432 1678 pecunia
2460 1618 2563 1675 est,
2585 1609 2728 1664 servi
2761 1619 2885 1664 sunt
2932 1620 2987 1665 et
3025 1610 3147 1686 vitae
3180 1611 3336 1667 istius
3369 1627 3602 1682 appara-

2001 1712 2106 1756 tus.
2142 1701 2257 1757 Tibi
2290 1703 2449 1773 igitur
2491 1704 2730 1770 attende,
2759 1715 2812 1760 et
2843 1716 2893 1761 te
2939 1705 3110 1776 ipsum
3143 1705 3311 1774 scito,
3343 1707 3445 1763 hoc
3487 1717 3594 1775 cst,

303 1799 496 1856 similis
521 1813 652 1854 caro
678 1813 801 1854 esse
832 1813 938 1853 non
989 1808 1194 1869 potest;
1219 1799 1347 1870 quia
1396 1800 1512 1868 ipse
1541 1801 1893 1870 incorporeus
1923 1811 1971 1872 Β
2000 1809 2105 1848 non
2139 1795 2327 1864 quales
2354 1795 2583 1852 lacertos
2633 1796 2856 1863 habeas,
2903 1813 3008 1853 non
3040 1807 3296 1870 quantam
3351 1801 3600 1872 corporis

301 1893 656 1950 etinvisibilis
685 1901 790 1959 est,
825 1895 983 1966 128
1009 1909 1138 1950 caro
1181 1904 1362 1950 autem
1417 1893 1897 1965 comprehenditur

301 1995 357 2044 et
387 1987 623 2043 videtur.
652 1987 750 2043 Cui
778 1987 936 2043 dicit?
963 1987 1082 2043 Non
1102 1988 1203 2044 sibi
1230 1989 1432 2060 utique,
1468 1989 1592 2058 quia
1611 2005 1718 2045 non
1741 1989 1893 2057 dicit,

304 2077 518 2146 faciam,
572 2079 668 2136 sed
716 2079 990 2150 faciamus.
1040 2079 1457 2152 Non-Angelis;
1490 2083 1614 2151 quia
1659 2082 1894 2138 ministri

304 2183 459 2240 sunt;
509 2172 652 2228 servi
680 2182 860 2228 autem
889 2187 1013 2228 cum
1037 2172 1286 2242 domino,
1335 2183 1392 2230 et
1416 2189 1579 2244 Opera
1609 2190 1731 2230 cum
1761 2189 1892 2231 auc-

307 2273 421 2321 tore
443 2281 548 2322 non
581 2265 1152 2336 possuntjopcrationis
1175 2264 1378 2322 habere
1404 2267 1771 2321 consortium:
1799 2266 1895 2322 sed

305 2355 434 2414 dicit
484 2358 1132 2428 Filiozetiamsilludazi
1184 2357 1393 2426 nolint;
1448 2359 1662 2416 etiamsi
1708 2359 1919 2416 Ariani.

305 2460 626 2522 repugnent.
685 2452 793 2508 Sed
823 2462 880 2510 et
929 2451 1100 2508 Iudici
1148 2454 1549 2522 conticescant,
1603 2463 1658 2510 et
1708 2455 1894 2510 Ariani

302 2552 330 2582 ⁸
359 2559 480 2601 cum
507 2545 620 2602 suis
643 2547 956 2617 parentibus
1002 2548 1400 2615 obmutescant,
1445 2548 1537 2620 qui
1569 2547 1696 2604 dum
1727 2564 1893 2604 unum

300 2655 332 2694 a
375 2641 647 2697 consortio
703 2640 902 2698 divina:
958 2643 1294 2713 operationis
1338 2642 1666 2708 excludunt,
1716 2643 1896 2713 plures

301 2735 565 2803 inserunt;
590 2746 645 2792 et
676 2735 1087 2808 praerogativam
1117 2752 1280 2808 quam
1325 2734 1467 2791 Filio
1511 2745 1731 2807 negant,
1779 2750 1896 2791 ser-

300 2832 440 2887 vulis
467 2831 688 2888 donant.
1257 2843 1264 2847 ‘

371 2925 463 2981 4|.
505 2926 610 2983 Sed
636 2934 789 2992 esto;
845 2933 903 2980 ut
933 2924 1262 2980 adminiculo
1291 2923 1632 2979 servulorum
1666 2923 1732 2978 ad
1763 2939 1897 2994 ope-

297 3019 529 3076 randum
563 3020 706 3075 Deus
751 3019 906 3074 vobis
946 3017 1247 3089 indiguisse
1273 3017 1538 3072 videatur.
1569 3018 1623 3073 Si
1655 3018 1899 3087 operatio

296 3112 604 3170 communis
643 3122 728 3166 est
761 3128 882 3167 cum
937 3111 1143 3182 angelis
1191 3111 1338 3176 Deo,
1373 3109 1632 3181 numquid
1679 3112 1791 3166 Deo
1843 3119 1898 3166 et

2001 1887 2403 1957 fortitudinem,
2445 1905 2552 1944 non
2616 1899 2845 1960 quantas
2886 1892 3263 1961 possessiones
3289 1935 3303 1960 ,
3339 1902 3598 1965 quantam

1998 1981 2316 2050 potentiam,
2356 1981 2448 2037 sed
2495 1982 2707 2053 qualem
2765 1985 3000 2039 animam
3049 2001 3113 2040 ac
3150 1998 3418 2054 mentem,
3448 1988 3595 2044 unde

1998 2075 2178 2130 omnia
2208 2076 2434 2130 consilia
2464 2078 2902 2146 proficiscuntur,
2933 2078 3003 2134 ad
3023 2095 3183 2151 quam
3219 2096 3446 2152 operum
3480 2093 3600 2138 tuo-

1999 2184 2118 2224 rum
2151 2168 2359 2226 fructus
2389 2171 2644 2227 refertur.
2677 2173 2768 2227 Illa
2816 2182 2899 2229 est
2923 2175 3068 2230 enim
3094 2175 3250 2246 plena
3282 2177 3590 2248 sapicntim,

1999 2263 2158 2332 plena
2177 2263 2388 2332 pietatis
2413 2274 2575 2336 atque
2597 2265 2853 2334 justitizc;
2882 2268 3134 2337 quoniam
3166 2271 3342 2324 omnis
3367 2247 3538 2327 virtus

1998 2357 2110 2413 Deo
2139 2359 2297 2430 129
2320 2367 2421 2414 εει.
2453 2359 2548 2414 Cui
2577 2360 2710 2416 dicit
2740 2361 2910 2417 Deus:
2943 2361 3078 2418 Ecce
3099 2381 3212 2436 ego,
3239 2364 3291 2418 11
3296 2366 3592 2434 ierusalem,

1998 2452 2460 2521 pinxi‘nmrostuos
2491 2451 2644 2522 (Esa.
2681 2469 2824 2519 XLIX,
2845 2455 2957 2526 ‘16),
2985 2456 3069 2511 illa
3083 2457 3258 2511 anima
3275 2456 3594 2530 (dePwnit.,

2000 2543 2122 2597 dist.
2147 2543 2202 2611 2,
2237 2561 2354 2615 cap.
2381 2543 2489 2600 Illa
2509 2546 2710 2618 animo)
2733 2562 2761 2601 a
2787 2547 2897 2603 Deo
2920 2548 3178 2620 pingitur,
3205 2565 3326 2620 quae
3350 2550 3510 2606 habet
3539 2551 3597 2607 in

1998 2651 2057 2692 se
2073 2637 2330 2693 virtutum
2360 2641 2588 2711 gratiam
2617 2641 2967 2708 renitentem,
2999 2643 3452 2716 splendoremque
3482 2646 3601 2717 pic-

1999 2732 2144 2787 tatis.
2173 2731 2267 2787 Illa
2296 2735 2473 2788 anima
2506 2733 2646 2789 bene
2665 2736 2805 2805 picta
2841 2744 2946 2802 est,
2980 2737 3030 2790 in
3053 2753 3159 2808 qua
3185 2737 3364 2793 elucet
3395 2739 3599 2795 divina:

1999 2824 2333 2894 Operationis
2350 2826 2573 2897 effigies.
2597 2826 2692 2883 Illa
2715 2829 2894 2883 anima
2938 2829 3077 2886 bene
3106 2830 3248 2902 picta
3277 2843 3381 2900 εει,
3411 2832 3464 2886 in
3490 2849 3598 2904 qua

1999 2926 2084 2973 est
2110 2918 2369 2987 splendor
2396 2919 2604 2989 gloriae,
2653 2929 2711 2977 et
2751 2931 2990 2993 paterna:
3029 2923 3209 2996 imago
3253 2924 3594 2983 substantiae.

2001 3008 2308 3074 Secundum
2337 3011 2779 3083 haneimaginem
2813 3031 2932 3087 qua:
2953 3017 3200 3088 refulget,
3231 3018 3435 3088 pictura
3468 3036 3598 3086 prc-

2002 3102 2137 3157 tiosa
2158 3113 2262 3159 est.
2292 3103 2598 3160 Secundum
2622 3106 2762 3163 hanc
2791 3108 3079 3180 imaginem
3113 3110 3284 3165 Adam
3318 3120 3445 3167 ante
3467 3127 3598 3182 pec-

297 3207 506 3279 angelis
533 3207 710 3277 imago
736 3207 1041 3261 communis
1069 3207 1182 3262 est?
1219 3205 1488 3276 Numquid
1513 3205 1722 3276 angelis
1747 3205 1894 3261 dice-
1921 3198 1969 3262 C
1999 3207 2178 3252 calum
2207 3217 2220 3251 ι
2253 3199 2348 3254 sed
2380 3199 2470 3255 ubi
2526 3200 2708 3272 lapsus
2753 3213 2858 3271 est,
2890 3203 3138 3275 deposuit
3167 3205 3455 3278 imaginem
3484 3223 3598 3262 cu:-

297 3309 418 3356 ret:
450 3297 733 3353 Faciamus
784 3300 1042 3352 hominem
1065 3299 1133 3353 ad
1175 3309 1400 3353 nostram
1431 3299 1726 3371 imaginem,
1751 3308 1798 3353 et
1827 3298 1896 3352 ad

297 3392 696 3448 similitudinem
747 3393 1018 3447 nostram?
1043 3392 1146 3448 Sed
1176 3392 1304 3463 quid
1345 3393 1418 3447 sit
1444 3392 1620 3462 imago
1652 3391 1743 3446 Dei
1769 3391 1894 3447 audi

201 3511 212 3522 -
297 3488 569 3543 dicentem
596 3505 610 3541 :
642 3486 744 3554 Qui
773 3487 964 3556 eripuit
1000 3503 1114 3550 nos,
1146 3485 1338 3556 inquit,
1393 3485 1456 3540 de
1487 3494 1734 3557 potestate
1758 3493 1896 3539 tene-

299 3581 527 3646 brarum,
547 3590 598 3635 et
615 3578 877 3634 transtulit
904 3583 956 3633 in
985 3595 1201 3649 regnum
1226 3577 1254 3616 ι)
1291 3576 1415 3631 Filii
1460 3577 1709 3632 claritatis
1762 3592 1891 3643 sum,

297 3674 354 3727 in
395 3690 497 3744 quo
527 3674 772 3728 habemus
796 3671 1223 3742 redemptionem,
1263 3670 1615 3724 remissionem
1653 3679 1890 3738 peccato-

296 3783 437 3831 rum,
460 3767 641 3838 quiest
669 3767 839 3836 imago
865 3764 960 3818 Dei
992 3763 1284 3830 invisibilis,
1302 3772 1348 3817 et
1375 3763 1749 3835 primogenitus
1779 3761 1896 3816 uni-

293 3874 456 3914 uersa:
469 3869 720 3914 creatum
744 3857 967 3930 (Coloss.
994 3873 1034 3923 ι,
1066 3857 1153 3922 15,
1183 3867 1231 3910 et
1254 3855 1408 3928 seq.).
1462 3855 1582 3925 Ipse
1608 3865 1690 3910 est
1715 3856 1895 3925 imago

295 3951 399 4008 Dei
417 3951 608 4017 Patris,
634 3950 954 4020 quisemper
976 3958 1148 4013 est,et
1164 3949 1344 4003 eratin
1361 3948 1895 4019 principio.Denique

295 4046 484 4113 imago
505 4053 584 4098 est
617 4042 707 4113 qui
730 4041 860 4096 dicit
890 4060 903 4096 :
940 4040 1205 4111 Philippe,
1232 4041 1320 4108 qui
1342 4041 1478 4094 videt
1528 4057 1630 4107 me,
1684 4042 1820 4096 videt
1849 4051 1895 4095 et

306 4137 524 4193 Patrem
554 4134 885 4207 (Joan.,xtv,
912 4133 946 4190 8
967 4143 1014 4188 et
1041 4133 1118 4204 9).
1151 4132 1217 4187 Et
1244 4133 1515 4204 quomodo
1533 4142 1588 4188 tu
1612 4149 1733 4189 cum
1763 4134 1894 4188 ima-

298 4231 484 4302 ginem
512 4229 688 4284 vivam
733 4228 906 4283 Patris
960 4227 1190 4282 viventis
1218 4227 1425 4292 videas,
1459 4227 1594 4283 dicis
1625 4246 1637 4280 :
1675 4227 1894 4282 Ostende

295 4325 447 4382 nobis
467 4324 720 4380 Patrem?
743 4323 865 4378 Non
888 4322 1181 4394 credisquia
1207 4338 1298 4396 ego
1325 4324 1377 4376 in
1393 4321 1572 4389 Patre,
1598 4333 1644 4377 et
1672 4320 1828 4376 Pater
1840 4321 1894 4376 in

295 4435 381 4474 me
397 4420 508 4474 est?
533 4416 715 4489 Imago
737 4417 828 4471 Dei
843 4417 1014 4472 virtus
1031 4424 1135 4482 est,
1151 4431 1256 4469 non
1272 4415 1584 4470 infirmitas:
1605 4416 1778 4486 imago
1795 4415 1892 4472 Dei

295 4510 570 4582 sapientia
598 4519 701 4577 est,
731 4509 909 4578 imago
927 4509 1020 4562 Dei
1041 4508 1244 4578 justitia
1271 4518 1381 4562 est:
1411 4507 1504 4563 sed
1534 4510 1788 4579 sapientia
1811 4508 1894 4564 di-

2002 3291 2174 3359 lestis,
2224 3293 2454 3360 sumpsit
2512 3297 2790 3352 terrestris
2841 3297 3098 3369 efﬁgiem.
3153 3297 3260 3355 Sed
3328 3299 3600 3372 fugiamus

2001 3383 2142 3439 hanc
2173 3384 2458 3456 imaginem
2478 3428 2493 3454 ,
2524 3404 2642 3459 qua:
2674 3389 2878 3447 intrare
2907 3391 3182 3447 civitatem
3216 3391 3309 3448 Dei
3360 3410 3465 3449 non
3501 3411 3600 3465 po-

2000 3487 2128 3545 test,
2158 3481 2280 3550 quia
2311 3481 2569 3552 scriptum
2601 3493 2718 3539 est:
2756 3485 3002 3554 Domine,
3026 3487 3081 3541 in
3109 3487 3310 3542 civitate
3334 3498 3421 3542 tua
3463 3489 3600 3545 inta-

1999 3574 2170 3644 ginem
2211 3592 2384 3630 eorum
2414 3576 2483 3629 ad
2530 3578 2756 3632 nihilum
2780 3581 2979 3652 rediges
3003 3579 3122 3653 (Ps.
3175 3597 3338 3644 Lxxn,
3371 3580 3486 3653 9.0).
3533 3584 3602 3639 ιῖι

1999 3680 2110 3720 non
2138 3666 2302 3722 intrat
2333 3668 2548 3740 indigna
2576 3671 2774 3742 imago,
2803 3682 2858 3728 et
2903 3669 3024 3744 quze
3054 3674 3299 3742 intraret,
3355 3676 3599 3732 excludi-

1999 3769 2107 3827 tur;
2137 3761 2263 3832 quia
2290 3780 2393 3817 non
2424 3765 2654 3832 intrabit,
2687 3766 2882 3836 inquit,
2913 3769 2965 3822 in
2995 3786 3108 3823 eam
3135 3785 3282 3824 omne
3305 3787 3597 3838 commune,

1999 3860 2045 3907 et
2067 3855 2263 3923 faciens
2290 3858 2692 3914 exsecrationem
2713 3870 2758 3913 et
2781 3861 3105 3915 mendacium
3126 3863 3311 3934 (Apoc.
3345 3880 3456 3931 xxx,
3480 3865 3596 3937 27):

1999 3946 2092 4001 sed
2143 3947 2232 4001 ille
2251 3947 2474 4003 intrabit
2497 3950 2548 4003 in
2583 3966 2726 4017 eam,
2759 3951 2916 4021 cujus
2944 3955 2996 4006 in
3025 3952 3210 4010 fronte
3226 3955 3348 4026 agni
3394 3971 3596 4014 nomen

1998 4039 2259 4110 scriptum
2291 4050 2396 4097 est.

2067 4131 2159 4187 45.
2202 4135 2396 4189 Anima
2441 4135 2604 4205 igitur
2641 4149 2824 4193 nostra
2865 4138 2932 4194 ad
2963 4140 3254 4212 imaginem
3283 4144 3380 4201 Dei
3413 4155 3511 4202 est.
3543 4147 3601 4204 In

1999 4221 2103 4279 hac
2151 4235 2293 4282 totus
2334 4242 2414 4296 es,
2441 4229 2631 4294 homo;
2674 4231 2793 4301 quia
2838 4235 2956 4289 sine
2995 4234 3094 4290 hac
3122 4236 3254 4292 nihil
3282 4255 3341 4294 cs
3366 4282 3380 4306 ,
3415 4241 3508 4296 Sed
3539 4259 3599 4300 es

2000 4324 2171 4385 terra,
2204 4327 2259 4374 et
2283 4320 2334 4375 in
2382 4328 2582 4377 terram
2610 4324 2920 4381 resolveris.
2948 4326 3192 4399 Denique
3221 4338 3277 4384 ut
3302 4331 3444 4387 scias
3473 4334 3597 4404 quia

1998 4411 2114 4466 sine
2144 4413 2320 4468 anima
2359 4430 2488 4470 caro
2533 4415 2664 4470 nihil
2695 4426 2815 4472 est:
2855 4416 3054 4487 Nolite,
3089 4421 3282 4488 inquit,
3311 4425 3487 4479 timere
3514 4443 3599 4482 eos

1995 4506 2083 4567 qui
2109 4517 2318 4575 possunt
2349 4525 2541 4576 corpus
2583 4509 2836 4576 occidere,
2866 4513 3093 4567 animam
3125 4524 3297 4569 autem
3346 4533 3446 4572 non
3478 4537 3599 4588 pos-

293 4603 422 4660 vina
450 4611 556 4669 est,
583 4610 638 4658 et
655 4603 978 4673 sempiterna
1022 4601 1238 4671 iustitia.
1290 4600 1470 4672 Imago
1500 4602 1594 4658 Dei
1634 4611 1716 4657 est
1743 4604 1890 4659 solus
1917 4601 1968 4662 D
1994 4608 2110 4653 sunt
2152 4599 2392 4672 (Jlatth.,
2417 4619 2449 4658 χ
2473 4646 2486 4668 ,
2519 4603 2630 4675 Ξ8).
2665 4606 2802 4674 Quid
2831 4607 2991 4680 igitur
3018 4609 3071 4664 in
3099 4625 3262 4667 carne
3292 4618 3600 4683 pra-sumis,

296 4698 412 4764 ille,
443 4695 536 4768 qui
581 4696 758 4752 dixit:
784 4695 900 4768 Ego
922 4706 972 4751 et
1005 4694 1160 4751 Pater
1202 4712 1362 4750 unum
1388 4712 1567 4750 sumus
1621 4694 1800 4768 (Joan.
1835 4713 1889 4765 ιι,

295 4789 425 4862 30);
450 4789 520 4844 ita
544 4787 747 4846 habens
770 4789 1173 4844 similitudinem
1193 4788 1389 4853 Patris,
1411 4797 1468 4843 ut
1493 4788 1811 4855 divinitatis,
1838 4797 1894 4844 et

295 4883 648 4953 plenitudinis
671 4882 864 4939 habeat
885 4883 1163 4938 unitatem.
1180 4881 1280 4938 Ubi
1301 4882 1450 4947 dicit,
1472 4884 1746 4952 faciamus,
1762 4898 1895 4954 quo-

296 4978 462 5034 modo
477 4979 844 5049 inaequalitas?
866 4977 1000 5034 Cum
1021 4979 1215 5033 iterum
1237 4975 1401 5044 dicat,
1419 4977 1486 5030 ad
1503 4977 1890 5031 similitudinem

296 5081 547 5139 nostram,
570 5071 659 5126 ubi
690 5078 776 5125 est
823 5070 1249 5125 dissimilitudo?
1277 5068 1366 5125 Sic
1395 5078 1450 5123 et
1495 5070 1546 5123 in
1596 5070 1888 5140 Evangelio

296 5161 390 5218 ubi
410 5161 580 5217 dicit:
615 5161 726 5232 Ego
753 5171 802 5215 et
829 5160 1010 5228 Pater,
1046 5161 1232 5232 utique
1259 5176 1366 5215 non
1390 5176 1494 5215 una
1524 5176 1752 5229 persona
1782 5173 1883 5216 est:

297 5259 388 5314 ubi
441 5267 622 5314 autem
652 5258 761 5323 ait,
792 5274 953 5312 unum
987 5274 1187 5323 sumus,
1221 5257 1371 5313 nulla
1415 5267 1498 5314 est
1525 5257 1888 5325 discrepantia

297 5351 595 5407 divinitatis
639 5361 731 5406 aut
753 5352 951 5421 operis.
975 5351 1090 5406 Non
1119 5351 1283 5422 igitur
1309 5351 1362 5405 in
1387 5359 1613 5420 utroque
1634 5365 1738 5404 una
1770 5366 1891 5420 per-

297 5457 453 5515 sona,
485 5442 582 5502 sed
617 5458 725 5499 una
764 5444 1064 5500 substantia
1094 5452 1197 5500 est.
1232 5441 1302 5498 Et
1331 5443 1470 5500 bene
1521 5441 1746 5512 addidit,
1797 5460 1890 5498 su-

371 5621 397 5648 “
435 5610 580 5667 Edit.
603 5617 713 5666 vet.
765 5617 822 5663 ct
852 5622 983 5663 mss.
1027 5606 1289 5678 quinque.
1339 5622 1454 5659 cum
1499 5605 1608 5678 suis
1655 5605 1885 5676 paribus.

303 5684 460 5737 Rom.
505 5692 561 5738 et
602 5698 703 5738 ms.
736 5681 894 5742 Ben..
927 5676 1195 5734 cuiusuis
1231 5679 1481 5750 partibus.
1520 5676 1897 5750 Aliifﬁaliquot,

306 5770 420 5882 fit":
441 5756 546 5812 suis
589 5754 842 5828 patribus.
875 5752 1062 5822 Carn.,
1087 5749 1249 5809 Corb.
1306 5757 1485 5820 vetus,
1530 5758 1584 5806 et
1613 5749 1716 5804 Th.
1751 5759 1806 5807 ut
1846 5751 1900 5808 in

330 5840 394 5885 cx
423 5843 474 5885 υ.

1996 4696 2084 4764 qui
2115 4695 2248 4750 nihil
2279 4699 2504 4766 amittis,
2533 4701 2578 4755 si
2601 4716 2819 4758 carnem
2841 4705 3128 4761 amiseris?
3152 4707 3260 4764 Sed
3284 4710 3413 4765 illud
3447 4713 3595 4778 time,

1998 4800 2066 4841 ne
2096 4787 2288 4843 anima:
2319 4797 2424 4845 tua:
2462 4791 2799 4851 defrauderis
2825 4797 3048 4853 auxilio.
3083 4797 3254 4867 Quam
3282 4802 3426 4856 enim
3451 4803 3604 4860 dabit

1997 4875 2159 4932 homo
2197 4883 2673 4939 commutationem
2723 4902 2819 4956 pro
2859 4889 3038 4946 anima
3079 4906 3198 4958 sua,
3232 4891 3287 4948 in
3336 4909 3439 4965 qna
3491 4911 3599 4953 non

1995 4971 2188 5041 exigua
2231 4973 2311 5028 sui
2365 4976 2576 5044 portio,
2613 4978 2708 5033 sed
2743 4981 2906 5037 totius
2947 4982 3202 5046 humana:
3229 4987 3600 5045 universitatis

1997 5065 2306 5121 substantia
2341 5073 2458 5124 est?
2489 5069 2617 5126 Haec
2663 5081 2746 5128 est
2793 5090 2889 5144 per
2925 5092 3084 5148 quam
3113 5080 3335 5137 caeteris
3365 5081 3598 5136 ferarum

1999 5167 2286 5235 aviumque
2331 5165 2631 5223 dominaris
2677 5171 3042 5230 animantibus
3074 5190 3086 5228 :
3117 5174 3234 5231 haec
3262 5185 3345 5232 est
3374 5176 3439 5230 ad
3469 5177 3603 5230 ima-

1997 5259 2177 5329 ginem
2224 5260 2339 5328 Dei,
2383 5275 2584 5333 corpus
2611 5273 2791 5321 autem
2827 5265 2894 5321 ad
2925 5269 3160 5336 speciem
3189 5269 3506 5324 bestiarum.
3544 5269 3599 5324 In

2000 5351 2100 5407 hac
2140 5353 2286 5424 pium
2335 5353 2533 5411 divina:
2575 5356 2890 5414 imitationis
2932 5359 3175 5431 insigne;
3225 5361 3282 5415 in
3336 5359 3433 5416 illo
3475 5375 3597 5419 cum

2002 5444 2132 5503 feris
2163 5463 2226 5504 ac
2255 5447 2452 5504 belluis
2476 5449 2580 5506 vile
2606 5450 2961 5507 consortium.

2072 5608 2099 5690 Ξ)
2140 5609 2214 5666 Ita
2232 5627 2380 5692 _mss.
2411 5612 2598 5681 plures
2623 5627 2685 5669 ac
2713 5613 2954 5692 potiores
3005 5629 3127 5692 cum
3154 5613 3284 5692 edit.
3331 5618 3600 5692 antiquio-

2011 5681 2179 5768 ribus.
2204 5683 2584 5768 'Ben._.tamett
2623 5694 2678 5740 et
2706 5681 2796 5740 alii
2837 5699 2960 5741 cum
2993 5685 3122 5743 edit.
3146 5685 3274 5744 ϐίη.
3313 5703 3369 5749 ει
3414 5681 3598 5768 Bouh,

2011 5751 2139 5809 Filii
2163 5755 2432 5810 cltaritatis
2453 5771 2580 5811 suac.
