4150 6358
548 369 656 425 259

1147 478 1370 535 CAPUT
1416 476 1546 533 VIII.

549 621 618 680 Ut
648 623 874 688 pressius
900 618 1216 689 intelligatur
1247 615 1332 669 ubi
1363 613 1541 668 divina
1570 611 1854 667 similitudo
1899 611 2140 677 resideat,

618 714 851 786 corporis
878 722 927 768 et
949 713 1135 766 anima!
1157 710 1300 764 doles
1328 707 1710 763 examinantur.
1743 705 2044 760 Ostenditur
2067 713 2146 758 to-

621 817 729 861 tunt
771 805 1023 860 hominem
1069 803 1257 858 animm
1297 800 1544 857 vocabulo
1587 799 1867 872 designari.
1919 798 2021 866 Qui
2052 796 2148 853 Dei

615 899 894 969 imaginem
933 899 1072 968 fuco,
1109 893 1433 958 crudelitate,
1466 891 1689 964 perﬁdia
1717 891 2030 956 oblitterant,
2059 888 2149 943 ob—

619 995 920 1063 iurgantur.
949 985 1062 1045 Sub
1088 989 1198 1042 lucc
1226 984 1512 1042 exhortatio
1534 983 1603 1037 ad
1627 982 1946 1055 vigilantiam
1971 987 2152 1036 contra

614 1085 774 1149 vitia,
804 1092 854 1138 et
897 1097 1183 1155 pauperum
1220 1097 1282 1136 ac
1327 1078 1545 1133 diuitum
1588 1077 1721 1132 inter
1751 1092 1807 1132 se
1832 1073 2152 1146 comparatio

619 1187 775 1251 caput
800 1175 1041 1230 absolvit.

617 1319 710 1377 ιι.
743 1295 852 1374 Sed
880 1324 1172 1370 tractemus
1200 1322 1226 1350 ⁸
1253 1312 1492 1369 limatius
1513 1310 1642 1384 quid
1670 1311 1742 1366 sit
1777 1311 1847 1364 ad
1877 1310 2154 1384 imaginem

550 1411 668 1469 Dei.
720 1410 861 1468 Caro
909 1409 1172 1482 numquid
1217 1406 1284 1463 ad
1325 1405 1611 1479 imaginem
1648 1407 1740 1460 Dei
1772 1405 1896 1462 eet?
1928 1404 2071 1475 Ergo
2098 1402 2154 1458 in

554 1507 665 1561 Deo
708 1513 850 1560 terra
898 1513 1011 1568 est;
1055 1502 1178 1573 quia
1225 1515 1357 1559 caro
1386 1511 1529 1555 terra
1552 1509 1653 1554 est.
1691 1499 1828 1570 Ergo
1859 1511 2156 1568 corporeus

554 1600 716 1654 Deus.
751 1598 894 1669 Ergo
925 1597 1173 1652 inﬁrmus
1196 1604 1258 1650 ut
1280 1610 1429 1658 caro,
1459 1593 1912 1666 passionibusque
1942 1593 2157 1661 subjec-

555 1702 664 1748 tus.
711 1692 780 1748 Et
818 1692 956 1746 forte
1010 1699 1173 1759 caput
1212 1688 1307 1744 tibi
1358 1687 1609 1743 videatttr
1636 1686 1704 1740 ad
1745 1685 2155 1742 similitudinem

559 1786 678 1853 Dei,
709 1785 832 1858 quia
859 1784 1059 1840 eminet
1095 1790 1224 1837 :aut
1249 1781 1564 1850 oculi,quia
1593 1781 1871 1836 intuemur
1905 1798 1918 1836 :
1950 1779 2033 1834 vel
2062 1794 2159 1836 au-

1902 333 2146 420 SANC'I‘I
2188 366 2514 425 AMBROSII

2171 481 2219 542 Α
2251 480 2346 543 dit.
2381 480 2549 536 libera
2573 490 2818 536 versatur
2847 482 2898 536 in
2922 482 3083 541 cmlo.
3112 482 3354 554 Denique
3384 484 3510 540 audi
3539 484 3809 542 dicentem
3838 505 3854 543 :

3747 374 3856 433 260

2250 569 2448 626 Nostra
2488 582 2662 627 autem
2704 577 3019 630 conversatio
3050 576 3104 630 in
3150 576 3290 631 caelis
3319 587 3391 634 est
3419 577 3592 647 (Phil.
3626 596 3710 646 ut,
3741 581 3858 654 20).

2247 665 2364 722 Non
2407 677 2490 723 est
2519 685 2650 740 ergo
2679 668 2747 724 ad
2773 669 3061 741 imaginem
3096 671 3185 726 Dei
3210 713 3224 738 ,
3261 671 3312 725 in
3341 687 3447 742 qua
3475 673 3616 730 Deus
3642 691 3863 744 semper

2249 761 2370 817 est?
2403 762 2509 820 Sed
2545 763 2670 819 audi
2699 763 2823 834 quia
2853 764 2919 819 ad
2958 767 3245 835 imaginem
3286 775 3370 821 est
3409 766 3524 823 Dei.
3553 768 3691 825 Dicit
3716 771 3861 827 enim

2251 852 2588 920 Apostolus:
2639 855 2753 911 Nos
2800 857 2972 928 itaque
3001 874 3174 914 omnes
3213 860 3438 914 revelata
3475 863 3611 931 facie
3645 863 3864 934 gloriam

2252 945 2352 1002 Dei
2389 950 2715 1019 speculantes
2758 952 2828 1004 ad
2874 952 3110 1007 eamdem
3147 953 3422 1024 imaginem
3453 956 3797 1024 reformantur
3825 975 3859 1014 a

2253 1039 2424 1109 gloria
2452 1041 2508 1096 in
2555 1042 2806 1111 gloriam,
2849 1045 2979 1099 sicut
3016 1061 3050 1099 a
3075 1044 3286 1100 Domini
3309 1047 3497 1118 spiritu
3533 1046 3602 1121 (11
3633 1049 3754 1105 Cor.
3785 1067 3865 1120 tu,

2261 1131 2374 1201 l8).

2325 1223 2418 1281 46.
2449 1225 2582 1294 Quia
2623 1227 2781 1298 igitur
2819 1230 3171 1301 cognovimus
3199 1232 3433 1288 animam
3461 1249 3583 1291 esse
3611 1236 3680 1292 ad
3726 1237 3867 1294 ima-

2257 1317 2436 1388 ginem
2473 1319 2564 1375 Dei
2591 1336 2605 1386 ;
2639 1336 2782 1378 nunc
2809 1323 3218 1380 consideremus
3262 1335 3439 1382 utrum
3463 1328 3534 1384 de
3551 1331 3736 1386 anima
3766 1347 3865 1404 po-

2259 1409 2424 1465 tuerit
2444 1410 2553 1466 dici
2582 1429 2594 1466 :
2626 1411 2906 1470 Faciamus
2935 1416 3192 1473 hominem
3211 1418 3279 1473 ad
3301 1419 3595 1492 imaginem.
3621 1424 3867 1484 Sedaudi

2257 1512 2312 1559 et
2353 1504 2528 1572 istud,
2575 1507 2700 1577 quia
2743 1507 2922 1566 anima
2972 1511 3193 1567 nomine
3227 1511 3472 1569 hominis.
3503 1530 3864 1589 nuncupatur.

2261 1598 2531 1670 Scriptum
2559 1608 2643 1655 est
2671 1602 2815 1657 enim
2853 1604 2904 1657 in
2933 1595 3133 1660 Genesi
3165 1625 3179 1661 :
3209 1604 3342 1661 Filii
3366 1619 3536 1663 autem
3563 1609 3760 1684 Ioseph
3784 1613 3871 1683 qui

2261 1694 2388 1763 [acti
2430 1704 2547 1749 sunt
2583 1697 2628 1749 ei
2668 1697 2728 1751 in
2763 1697 3034 1770 zEgypto,
3073 1702 3261 1756 anima!
3299 1719 3499 1758 novem.
3535 1706 3727 1762 Omnes
3751 1719 3870 1781 ergo

2260 1787 2452 1841 animo:
2491 1804 2606 1857 (μιαν
2642 1789 2958 1847 intraverunt
2995 1810 3120 1848 cum
3148 1793 3312 1850 Iacob
3344 1797 3396 1851 in
3434 1797 3730 1871 nggptunt
3760 1819 3874 1871 sep-

559 1894 668 1944 res,
719 1877 844 1949 quia
871 1875 1118 1931 audiunt.
1150 1875 1207 1932 Si
1235 1873 1579 1930 altitudinem
1606 1883 1843 1943 spectes,
1879 1889 2005 1928 num
2037 1887 2158 1942 pro-
2190 1895 2236 1954 Β
2265 1877 2498 1948 tuaginta
2522 1881 2744 1949 qttinque
2768 1883 2924 1953 (Gen.
2952 1887 3228 1958 nvt,‘27).
3265 1889 3326 1944 Et
3355 1890 3528 1948 multo
3557 1894 3738 1964 aptius
3760 1897 3874 1950 ani-

558 1970 670 2028 ceri
704 1970 971 2036 videmur,
995 1969 1118 2040 quia
1143 1967 1416 2037 paululum
1440 1968 1639 2022 vertice
1663 1967 1965 2022 eminemus
1991 1982 2022 2020 a
2048 1977 2158 2022 ter-

560 2068 679 2124 ris?
700 2067 805 2122 Sed
837 2067 960 2122 ideo
989 2080 1094 2121 non
1127 2064 1312 2136 pudet,
1328 2081 1394 2121 eo
1417 2079 1515 2120 nos
1538 2064 1746 2120 similes
1777 2065 1868 2120 Dei
1889 2064 2017 2128 diei.
2038 2067 2161 2136 quia

556 2164 906 2234 serpentibus
945 2161 1265 2231 ueterisque
1294 2161 1662 2230 reptantibus,
1695 2168 1791 2215 aut
1819 2161 1938 2230 quia
1969 2160 2162 2216 damu-

558 2257 649 2325 lis,
681 2266 844 2328 atque
872 2255 1086 2321 ovibus,
1116 2262 1172 2310 et
1193 2254 1335 2323 lupis
1357 2253 1619 2310 celsiores
1645 2253 1872 2308 sumus?
1899 2253 1965 2308 Et
1991 2268 2163 2322 quan-

556 2361 667 2408 tum
708 2352 760 2406 in
803 2366 864 2407 ea
897 2359 1049 2419 parte
1073 2348 1264 2408 cameli
1293 2347 1449 2403 nobis
1477 2355 1640 2417 atque
1664 2347 1937 2416 elephanti
1968 2363 2162 2418 proce-

562 2445 741 2502 viores
781 2445 948 2500 sunt?
986 2442 1218 2499 Obtutns
1249 2450 1332 2496 est
1359 2440 1574 2511 quidem
1609 2450 1892 2509 praestans,
1921 2450 2167 2510 spectare

557 2539 829 2593 elementa
878 2534 1097 2601 mundi,
1131 2548 1460 2605 cognoscere
1501 2548 1622 2603 quae
1651 2533 1832 2588 nullus
1858 2533 2166 2599 annuntiet,

557 2627 653 2684 sed
703 2637 825 2682 tuus
863 2625 1234 2697 deprehendat
1275 2636 1564 2696 aspectus;
1613 2641 1798 2684 verum
1840 2626 1942 2681 hoc
1991 2629 2166 2696 ipsum

561 2729 822 2791 quantum
877 2728 958 2774 est
1002 2718 1144 2788 quod
1183 2717 1458 2785 videmus;
1490 2727 1545 2780 ut
1572 2732 1639 2774 eo
1667 2719 1734 2784 ad
1762 2718 2168 2774 similitudinem

566 2812 659 2866 Dei
692 2826 791 2866 nos
804 2826 924 2867 esse
943 2810 1208 2875 dicamus,
1227 2811 1315 2880 qui
1340 2810 1702 2876 omniavidet,
1729 2821 1938 2882 spectat
1965 2811 2169 2876 omnia,

567 2905 726 2979 130
763 2904 994 2959 latentes
1033 2902 1395 2973 deprehendit
1421 2903 1669 2972 allectus,
1691 2914 1964 2960 scrutatur
1991 2903 2172 2964 cordis

570 2999 822 3054 occulta?
852 2996 970 3053 Non
1005 2996 1169 3075 pudet
1203 2996 1308 3052 hoc
1344 2996 1560 3064 dicere;
1589 3012 1714 3053 cum
1739 2998 1854 3067 ipse
1885 3013 1970 3052 me
1999 3005 2170 3052 totutn

563 3093 749 3148 videre
801 3109 908 3150 non
964 3093 1204 3164 possim?
1249 3091 1404 3164 Quod
1447 3101 1572 3148 ante
1627 3091 1791 3164 pedes
1827 3099 1933 3160 est,
1975 3092 2168 3158 video;

543 3186 703 3268 ‘quod
755 3202 784 3240 a
839 3197 991 3256 tergo
1043 3194 1162 3254 est,
1213 3184 1398 3241 videre
1440 3199 1548 3240 non
1595 3199 1836 3255 possum.
1891 3182 2187 3241 Cervicem'

2266 1985 2349 2024 ma
2403 1972 2484 2025 vel
2533 1971 2694 2030 homo
2739 1973 2962 2042 Latine,
3001 1979 3085 2034 vel
3126 1979 3315 2037 Graece
3341 1979 3608 2059 ἅνθρωπος
3637 1985 3869 2051 dicitur;

2265 2063 2493 2118 alterum
2536 2065 2605 2120 ab
2636 2066 3009 2134 humanitate,
3035 2071 3262 2128 alterum
3293 2075 3362 2129 ab
3387 2075 3632 2133 intuendi
3666 2079 3871 2137 habens

2267 2155 2553 2213 vivacitate
2578 2198 2594 2225 ,
2627 2176 2748 2228 qua:
2780 2163 2950 2232 magis
2982 2164 3198 2231 animae,
3232 2183 3393 2236 quam
3423 2172 3638 2240 corpori
3677 2187 3876 2230 conve-

2269 2247 2384 2304 nire
2435 2266 2541 2304 non
2588 2253 2806 2308 dubiqu
2849 2266 2952 2310 est.
3003 2257 3102 2313 Cui
3129 2259 3208 2313 rei
3236 2259 3400 2316 etiam
3439 2261 3567 2318 illud
3595 2265 3717 2334 jure
3746 2283 3878 2323 eon-

2241 2345 2438 2418 _cnrrit
2462 2345 2663 2404 dictum
2693 2349 2743 2403 in
2773 2349 3004 2407 Threnis
3029 2352 3317 2410 Hieremiae
3349 2373 3361 2409 :
3393 2355 3570 2412 Bonus
3593 2371 3668 2413 est
3693 2359 3877 2416 Domi-
3915 2361 3918 2364 ’

2270 2455 2366 2492 nus
2392 2441 2759 2497 sustinentibus
2780 2461 2917 2508 eum,
2941 2447 3130 2501 anima:
3157 2464 3273 2513 qua:
3295 2451 3475 2519 quaerit
3505 2469 3621 2506 eum
3653 2453 3874 2523 (Thr-en.

2272 2545 2327 2584 ιιι
2349 2574 2363 2595 ,
2393 2531 2506 2602 25).
2538 2534 2615 2592 De
2649 2537 2956 2594 hominibus
2981 2537 3138 2607 dixit,
3170 2549 3228 2596 et
3253 2542 3489 2598 animam
3516 2545 3876 2616 adjiciendam

2275 2626 2497 2694 putavit.
2526 2626 2715 2682 Melius
2745 2629 2886 2683 enim
2917 2633 3109 2701 qnzerit
3140 2633 3238 2686 ista
3269 2634 3313 2688 si
3343 2634 3455 2689 sola
3480 2637 3572 2701 sit,
3603 2639 3880 2696 abducens

2273 2731 2332 2772 se
2362 2732 2392 2772 a
2429 2720 2676 2790 corporis
2701 2735 2880 2788 emno,
2913 2734 2968 2778 et
3006 2740 3034 2778 a
3061 2724 3360 2793 cupiditate
3388 2729 3613 2785 earnali.
3656 2731 3772 2800 Ipsa
3798 2740 3884 2787 est

2276 2808 2342 2862 ad
2376 2810 2660 2882 imaginem
2699 2813 2790 2869 Dei
2820 2817 3114 2872 conformis
3152 2818 3360 2874 Domini
3390 2822 3538 2878 Iesu.
3571 2824 3670 2891 Qui
3698 2839 3877 2882 autem

2275 2903 2584 2960 conformes
2615 2904 2734 2960 Filii
2774 2908 2904 2974 Dei,
2949 2909 3119 2966 sancti
3147 2923 3292 2968 sunt.
3336 2913 3426 2972 Sic
3447 2916 3590 2970 enim
3620 2917 3875 2988 legimus,

2277 2996 2496 3054 dicente
2540 2999 2707 3054 Paulo
2741 3018 2754 3053 :
2801 3001 3010 3058 Scimus
3051 3014 3217 3060 autem
3269 3008 3511 3076 quoniam
3551 3009 3882 3084 diligentibus

2279 3089 2443 3147 Deum
2477 3095 2648 3149 omnia
2677 3108 2984 3152 concurrunt
3015 3099 3072 3152 in
3113 3099 3336 3168 bonum,
3377 3102 3443 3158 iis
3478 3103 3566 3172 qui
3598 3106 3883 3160 secundum

2277 3186 2596 3254 propositum
2624 3187 2777 3260 131
2802 3189 2965 3242 uocati
2992 3201 3111 3245 sunt
3133 3191 3299 3246 sancti
3329 3207 3346 3245 :
3371 3209 3497 3262 quos
3517 3196 3792 3265 praecinit,
3835 3207 3883 3253 ct

567 3295 743 3336 meam
790 3281 1009 3344 nescio,
1041 3294 1148 3335 non
1200 3280 1326 3334 novi
1359 3278 1668 3348 occipitium
1689 3319 1704 3344 ,
1732 3293 1888 3333 renes
1917 3292 2070 3334 meos
2102 3278 2175 3332 vi-
2202 3295 2252 3358 ρ
2279 3279 2656 3348 prtedestinavit
2674 3280 2962 3350 conformes
2972 3283 3086 3352 ﬁeri
3101 3284 3338 3354 imaginis
3351 3283 3480 3340 Filii
3494 3287 3600 3353 sui;
3619 3297 3672 3341 ut
3692 3290 3759 3342 sit
3779 3291 3886 3357 pri-

566 3373 696 3428 dere
735 3387 840 3426 non
872 3386 1113 3448 possum.
1158 3369 1424 3425 Similiter
1451 3379 1710 3439 quantum
1741 3378 1823 3423 est
1847 3369 1991 3439 quod
2021 3368 2172 3428 audi-

570 3467 790 3530 vimus;
835 3479 956 3522 cum
1003 3464 1053 3519 id
1085 3463 1232 3536 quod
1266 3464 1540 3534 paululum
1568 3462 1766 3528 distet,
1798 3462 1985 3520 videre
2009 3473 2063 3519 et
2081 3478 2176 3528 au-

577 3559 696 3613 dire
727 3573 835 3613 non
865 3557 1108 3630 possim?
1139 3557 1195 3613 Si
1221 3557 1490 3628 interiecti
1522 3556 1756 3629 parietes
1786 3555 1914 3623 sint,
1942 3555 2174 3627 impedi-

572 3664 658 3709 tur
709 3661 1002 3726 aspectus,
1036 3652 1328 3722 impeditur
1353 3651 1588 3708 auditus.
1627 3650 1830 3707 Deinde
1855 3665 2054 3721 corpus
2081 3666 2178 3714 nos

568 3758 740 3804 strum
791 3763 898 3804 uno
937 3747 988 3803 in
1027 3747 1148 3820 loco
1180 3747 1374 3814 haeret,
1398 3756 1625 3818 angusto
1652 3746 1947 3804 includitur
1976 3750 2172 3818 spatio.

571 3843 776 3899 Omnes
815 3841 944 3898 ferae
988 3839 1211 3897 latiores
1238 3850 1362 3898 sunt
1391 3840 1647 3910 homine,
1679 3855 1870 3898 omnes
1896 3840 2058 3897 etiam
2085 3855 2178 3898 ve-

568 3938 828 3995 Iociores.

640 4031 730 4090 45.
782 4032 898 4088 Non
946 4048 1079 4104 ergo
1112 4048 1242 4090 caro
1281 4041 1458 4104 potest
1497 4048 1620 4090 esse
1646 4033 1714 4090 ad
1740 4033 2030 4106 imaginem
2058 4031 2178 4099 Dei,

569 4128 665 4182 sed
702 4128 878 4182 anima
921 4138 1107 4185 nostra
1138 4145 1259 4196 qua:
1288 4126 1456 4185 libera
1491 4137 1610 4195 est,
1651 4137 1707 4186 et
1735 4127 1944 4185 dilfusis
1974 4126 2179 4198 cogita-

577 4218 815 4273 tionibus
843 4229 1005 4290 atque
1031 4219 1274 4280 consiliis
1304 4219 1411 4276 huc
1440 4229 1602 4292 atque
1633 4221 1762 4276 illuc
1787 4229 2032 4291 vagatur,
2062 4234 2182 4290 qua:

571 4311 962 4368 considerando
983 4323 1197 4383 spectat
1221 4314 1424 4370 omnia.
1457 4315 1594 4368 Ecce
1616 4328 1760 4369 nunc
1789 4329 1978 4370 sumus
2003 4313 2055 4368 in
2081 4312 2182 4368 Ita-

570 4405 639 4460 lia
658 4447 671 4469 ,
713 4414 768 4460 et
792 4409 1182 4478 cegitamusea
1210 4422 1330 4478 qua:
1360 4406 1428 4462 ad
1459 4405 1768 4462 Orientales
1796 4415 1891 4461 aut
1918 4405 2184 4463 Occiden-

576 4499 711 4554 tales
745 4507 924 4570 partes
957 4509 1205 4570 Spectare
1253 4499 1538 4564 videntur,
1574 4508 1628 4555 et
1665 4516 1788 4558 cutn
1821 4499 1928 4554 illis
1978 4497 2183 4555 versari

578 4593 826 4648 videmur
857 4593 946 4663 qui
979 4594 1031 4650 in
1076 4594 1302 4650 Perside
1327 4605 1450 4651 sunt
1475 4595 1777 4662 constituti,
1801 4603 1857 4651 et
1886 4595 2009 4651 illos
2038 4594 2186 4652 vide-

2280 3371 2561 3440 tnogenitus
2583 3372 2635 3426 in
2663 3373 2838 3428 multis
2862 3374 3133 3441 fratribus.
3175 3376 3317 3442 Quas
3345 3390 3520 3434 autent
3547 3383 3885 3449 prmdestina-

2281 3464 2378 3530 vit,
2410 3465 2506 3518 hos
2527 3474 2574 3520 et
2605 3467 2795 3519 uocauit
2825 3483 2838 3520 :
2877 3476 2924 3521 et
2949 3485 3076 3538 quos
3097 3470 3308 3536 uocauit,
3341 3469 3435 3525 hos
3465 3482 3513 3527 et
3530 3475 3842 3546 justi/ienuit
3867 3491 3888 3534 :

2280 3572 2409 3625 quos
2455 3567 2625 3612 autem
2653 3559 2997 3631 justiﬁcaeit,
3029 3560 3124 3616 hos
3152 3575 3198 3618 et
3227 3563 3530 3636 clariﬁcavit
3559 3567 3739 3637 (Rom.
3769 3583 3885 3638 vm,

2281 3651 2352 3706 28
2379 3662 2426 3706 et
2447 3652 2606 3724 seq.).
2639 3652 2828 3709 Utrum
2861 3657 3021 3726 igitur
3040 3657 3336 3718 secundum
3362 3675 3579 3729 corpus.
3607 3677 3674 3717 an
3697 3679 3890 3719 secun-

2281 3746 2408 3802 dum
2434 3750 2670 3804 animam
2693 3749 3009 3819 justilicatio
3041 3751 3134 3809 tibi
3157 3752 3389 3811 conferri
3417 3754 3686 3822 videatur,
3704 3771 3889 3827 quaso

2282 3841 2633 3911 respondeas.
2653 3843 2760 3898 Sed
2783 3844 3032 3902 dubitare
3052 3860 3158 3900 non
3186 3855 3361 3916 potes,
3381 3863 3504 3903 cum
3521 3849 3728 3920 justitia
3751 3850 3891 3907 unde

2277 3934 2594 4005 justiﬁeatio
2613 3937 2852 3993 derivata
2870 3949 2975 4006 est,
2996 3939 3190 3997 mentis
3209 3939 3391 4010 utique
3413 3956 3518 3996 non
3540 3941 3887 4012 corporissit.

2354 4029 2444 4083 47.
2479 4028 2658 4084 Pictus
2700 4044 2762 4085 es
2809 4043 3037 4101 ergo,_o
3082 4030 3244 4088 homo
3266 4072 3279 4097 ,
3312 4041 3366 4085 et
3399 4031 3574 4101 pictus
3604 4047 3634 4086 a
3662 4031 3893 4088 Domino

2293 4121 2403 4178 Deo
2457 4133 2568 4178 tuo.
2617 4124 2824 4180 Bonum
2867 4123 3036 4181 habes
3083 4124 3342 4182 artiﬁcem
3391 4134 3554 4198 atque
3609 4127 3890 4197 pictorem.

2286 4215 2409 4274 Noli
2446 4217 2642 4273 bonam
2682 4218 2870 4276 delere
2901 4219 3198 4288 picturam,
3245 4235 3354 4275 non
3388 4219 3513 4276 fuco
3542 4221 3638 4278 sed
3669 4222 3894 4279 veritate

2286 4309 2580 4382 fulgentem
2607 4354 2620 4379 ,
2677 4327 2781 4370 non
2813 4325 2938 4368 cera
2986 4327 3300 4382 expressam
3347 4312 3443 4368 sed
3496 4313 3692 4383 gratia.
3737 4314 3894 4372 Deles

2288 4403 2548 4474 picturam
2577 4447 2589 4470 ,
2621 4405 2850 4472 mulier,
2881 4405 2926 4461 si
2955 4406 3158 4461 vultum
3190 4416 3336 4463 tuum
3364 4407 3629 4464 materiali
3658 4406 3895 4465 candore

2288 4499 2498 4556 oblinas
2523 4540 2538 4567 ,
2587 4500 2632 4554 si
2669 4499 2932 4571 acquisito
2965 4501 3164 4557 rubore
3211 4500 3523 4571 perfundas.
3559 4499 3654 4558 Illa
3688 4502 3894 4572 pictura

2289 4593 2423 4662 vitii,
2459 4609 2564 4651 non
2606 4594 2822 4652 decoris
2852 4602 2977 4650 est:
3013 4595 3100 4650 illa
3133 4596 3337 4665 pictura
3362 4594 3593 4662 fraudis,
3625 4609 3732 4652 non
3761 4595 3895 4651 sim-

577 4700 698 4741 mus
742 4685 831 4756 qui
873 4685 1073 4756 degunt
1104 4687 1154 4741 in
1187 4687 1390 4754 Africa,
1426 4688 1474 4743 si
1501 4703 1637 4758 quos
1660 4688 1907 4759 cognitos
1936 4686 2092 4744 nobis
2119 4703 2181 4744 ea
2212 4701 2264 4761 Ι)
2291 4687 2544 4758 plicitatis
2574 4696 2657 4745 est
2686 4705 2698 4740 :
2725 4687 2813 4742 illa
2843 4687 3047 4758 pictura
3078 4687 3399 4756 temporalis
3427 4695 3532 4754 est,
3565 4695 3657 4743 aut
3685 4687 3892 4759 pluvia,

580 4789 718 4834 terra
743 4779 1044 4848 susceperit
1067 4798 1080 4834 :
1101 4780 1377 4851 sequimur
1407 4781 1832 4852 proﬁciscentes,
1857 4782 2184 4840 inlueremus

580 4872 1046 4942 peregrinantibus
1068 4914 1082 4937 ,
1112 4871 1429 4943 copulamur
1473 4875 1788 4932 absentibus
1809 4915 1824 4940 ,
1857 4875 2184 4946 alloquimur

580 4972 893 5033 separatos.
932 4963 1216 5020 defunctos
1246 4981 1460 5034 quoque
1486 4967 1553 5021 ad
1585 4968 1913 5038 colloquium
1947 4967 2182 5024 resusci-

583 5069 782 5125 tamus,
809 5073 1015 5130 eosque
1045 5069 1111 5122 ut.
1130 5060 1374 5116 viventes
1400 5060 1814 5130 complectimur
1835 5073 1890 5118 et
1915 5072 2181 5127 tenemus,

579 5164 635 5214 et
671 5157 795 5209 vine
839 5153 1013 5209 ofﬁcia
1064 5153 1145 5231 bis
1177 5169 1440 5225 usumque
1479 5153 1791 5212 deferimus.
1817 5155 1893 5211 Ea
1917 5155 2077 5226 igitur
2103 5163 2185 5211 est

582 5249 647 5305 ad
675 5247 962 5320 imaginem
996 5247 1112 5312 Dei,
1152 5261 1275 5318 qua:
1304 5261 1411 5301 non
1438 5248 2064 5316 corporeomstitnatur,
2089 5247 2184 5303 sed

582 5342 778 5400 mentis
808 5341 994 5410 vigore
1021 5357 1034 5393 :
1066 5325 1193 5410 qnte
1210 5339 1464 5394 absentes
1490 5338 1654 5407 videt,
1684 5341 2044 5398 transmarina
2067 5339 2186 5395 visu

582 5437 691 5492 obit
712 5479 724 5499 ,
758 5435 1028 5507 percurrit
1069 5441 1322 5502 aSpectu,
1353 5440 1625 5488 scrutatur
1653 5431 1830 5488 abdita
1851 5475 1865 5501 ,
1898 5433 2000 5488 huc
2025 5440 2185 5502 atque

505 5567 514 5576 .
581 5528 708 5584 illuc
738 5544 845 5584 uno
875 5534 1151 5583 momento
1181 5539 1372 5580 sensus
1406 5539 1535 5579 suos
1563 5539 1659 5594 per
1687 5526 1848 5580 totius
1881 5525 2028 5580 orbis
2053 5524 2187 5580 ﬁnes

583 5631 638 5676 et
686 5621 869 5676 mundi
924 5627 1137 5677 secreta
1204 5616 1522 5673 circumfert
1555 5633 1570 5672 :
1600 5630 1722 5686 quae
1761 5617 1873 5673 Deo
1911 5616 2186 5688 jungitur,

582 5711 799 5769 Christo
821 5713 1083 5778 adhaeret,
1115 5709 1397 5768 descendit
1425 5711 1476 5766 in
1501 5709 1790 5775 infernum,
1816 5720 1975 5784 atque
1997 5725 2189 5768 ascen-

2286 4787 2378 4834 aut
2414 4777 2611 4834 sudore
2660 4778 2885 4848 tergitur
2917 4795 2929 4832 :
2971 4778 3062 4836 illa
3093 4777 3297 4848 pictura
3331 4778 3467 4836 fallit
3488 4789 3540 4834 et
3571 4777 3809 4847 decipit;
3837 4784 3896 4834 ut

2288 4885 2465 4940 neque
2497 4871 2572 4926 illi
2605 4871 2842 4940 placeas,
2876 4872 2962 4925 cui
2991 4870 3208 4939 placere
3245 4871 3546 4936 desideras,
3577 4871 3666 4942 qui
3696 4870 3893 4928 intelli-

2286 4964 2366 5034 git
2393 4978 2498 5020 non
2532 4975 2700 5031 tutnn,
2738 4963 2832 5020 sed
2865 4963 3099 5020 alienum
3129 4979 3252 5021 esse
3279 4965 3421 5036 quod
3453 4965 3697 5034 placeas;
3731 4973 3786 5019 et
3806 4972 3894 5020 tuo

2289 5057 2578 5129 diSpliceas
2608 5059 2837 5126 auctori,
2862 5059 2955 5128 qui
2979 5059 3124 5115 videt
3149 5074 3287 5129 opus
3316 5075 3471 5115 suum
3491 5073 3614 5115 esse
3634 5057 3893 5115 deletum.

2292 5153 2388 5208 Dic
2415 5153 2568 5220 inihi,
2595 5155 2638 5209 si
2662 5169 2824 5223 supra
2852 5153 3113 5209 artiﬁcem
3141 5153 3374 5224 aliquem
3401 5152 3624 5209 inducas
3646 5152 3897 5220 alterum,

2294 5249 2385 5320 qui
2425 5263 2561 5319 opus
2612 5249 2757 5304 illius
2809 5249 3105 5320 superioris
3145 5248 3303 5305 novis
3349 5248 3606 5319 operibus
3645 5245 3898 5313 obducat,

2296 5356 2494 5398 nonne.
2520 5341 2826 5411 indignatur
2869 5342 2992 5403 ille,
3026 5340 3117 5410 qui
3158 5355 3295 5408 Opus
3335 5355 3492 5396 suum
3540 5339 3902 5396 adulteratam

2295 5450 2417 5491 esse
2446 5437 2796 5505 cognoverit?
2818 5435 2954 5492 Nolli
2987 5435 3179 5490 tollere
3211 5434 3472 5504 picturam
3503 5433 3619 5498 Dei,
3651 5444 3705 5488 et
3734 5433 3908 5503 pictu-

2273 5543 2411 5583 .ratn
2459 5527 2759 5583 meretricis
2807 5542 3109 5595 assumere,
3160 5527 3283 5598 quia
3333 5529 3596 5597 scriptum
3627 5534 3756 5582 est:
3790 5524 3906 5581 Tol-

2293 5619 2400 5673 lam
2443 5636 2566 5693 ergo
2611 5621 2841 5694 membra
2868 5621 3091 5684 Christi,
3122 5630 3167 5676 et
3197 5621 3389 5693 faciam
3419 5620 3642 5675 membra
3673 5619 3906 5675 meretri-

2295 5711 2416 5767 eis?
2463 5713 2606 5767 Absit
2657 5711 2704 5785 (Ι
2751 5713 2871 5768 Cor.
2917 5730 3005 5782 vt,
3036 5713 3147 5785 15).
3191 5713 3346 5782 Quod
3388 5713 3433 5771 si
3478 5713 3599 5784 quis
3640 5712 3908 5769 adulterat

662 5839 685 5868 λ
727 5829 868 5906 Edit.
890 5829 1093 5906 Dona,
1114 5828 1263 5906 “Sed
1288 5828 1851 5906 tractemus_elimatius
1904 5830 2026 5904 quid
2077 5830 2272 5904 factum
2302 5831 2367 5886 sit
2404 5831 2469 5886 ad
2506 5833 2778 5906 imaginem
2821 5830 2934 5888 Dei.
2966 5830 3100 5889 Caro
3132 5831 3380 5903 numquid
3407 5831 3474 5886 ad
3508 5828 3785 5902 imaginem
3809 5826 3908 5891 Dei

589 5905 729 5981 facta
749 5899 851 5959 est?
881 5898 1026 5957 Non.
1059 5900 1302 5973 Alioquin
1329 5915 1449 5974 ergo
1477 5900 1531 5957 in
1553 5897 1686 5973 Deo,
1715 5909 1819 5960 etc.
