4150 6358
359 295 458 352 Ξδι

1584 290 2088 352 ΙἸΕΧΑΕΜΕΒΟΝ.
2129 290 2258 349 LIB.
2304 292 2386 352 γι.

3559 299 3676 362 262

359 426 496 480 opus
536 410 630 465 Dei
663 423 827 480 grave
857 408 1060 471 crimen
1088 406 1340 462 admittit.
1371 407 1552 463 Grave
1581 415 1661 460 est
1687 407 1830 460 enim
1858 405 1964 461 cri-
1992 412 2039 470 Α
2068 407 2313 474 rusalem,
2339 409 2486 477 pinxi
2517 423 2690 468 muros
2714 418 2833 466 tuos
2863 407 3013 480 (Esa.
3040 423 3184 476 XLIX,
3230 408 3344 480 i6).
3368 410 3484 468 Non
3508 414 3668 482 dixit,

360 522 481 559 men
510 521 524 568 ;
554 513 610 558 ut
634 513 788 574 putes
807 504 950 574 quod
977 502 1169 558 melius
1195 513 1246 557 te
1273 501 1453 565 homo,
1483 515 1641 566 quam
1671 500 1812 554 Deus
1835 500 1956 570 pitt-

357 606 468 667 gat.
498 596 675 652 Grave
704 604 787 650 est
810 605 868 650 ut
895 595 1040 650 dicat
1065 594 1133 650 de
1161 602 1211 648 tc
1240 593 1380 648 Deus
1414 609 1428 646 :
1461 592 1578 647 Non
1609 606 1845 662 agnosco
1865 606 1958 648 co-

359 690 502 744 lores
563 703 745 754 meos,
797 702 901 744 non
951 701 1184 758 agnosco
1239 685 1526 756 imaginem
1575 699 1791 749 meam,
1849 699 1958 755 non

357 795 592 854 agnosco
639 780 879 846 vultum,
931 795 1089 850 quem
1134 779 1248 850 ipse
1298 776 1561 844 formavi,
1612 776 1797 848 rejicio
1853 792 1956 849 ego

357 876 497 948 quod
526 891 705 931 meum
738 891 844 930 non
877 885 980 929 est.
1014 874 1164 928 Illum
1194 889 1376 944 quaere
1405 872 1498 944 qui
1522 880 1571 928 te
1592 873 1764 945 pinxit
1793 889 1806 926 :
1831 887 1960 940 cum.

357 971 450 1026 illo
486 969 683 1026 habeto
729 970 1062 1026 consortium
1099 987 1112 1024 :
1150 967 1218 1022 ab
1269 967 1364 1022 illo
1397 981 1552 1022 sume
1577 966 1835 1038 gratiam,
1867 967 1954 1023 cui

357 1063 660 1120 mercedem
690 1061 905 1117 dedisti.
935 1061 1072 1130 Quid
1103 1059 1488 1130 respondebis?

425 1157 516 1214 48.
542 1155 695 1226 Quod
723 1156 770 1210 si
796 1171 960 1229 grave
985 1163 1070 1209 est
1096 1154 1401 1210 adulterare
1424 1167 1562 1223 opus
1591 1152 1709 1220 Dei,
1733 1152 1859 1224 quid
1885 1150 1956 1208 de

358 1251 465 1308 illis
485 1251 752 1317 dicemus,
771 1248 862 1322 qui
884 1247 1219 1303 interﬁciunt
1239 1261 1375 1317 opus
1405 1246 1521 1312 Dei,
1545 1247 1634 1317 qui
1659 1246 1952 1300 humanum

355 1347 678 1419 sanguinem
731 1343 1002 1409 fundunt,
1036 1343 1126 1414 qui
1157 1342 1320 1396 vitam
1350 1356 1510 1412 quam
1543 1340 1687 1397 Deus
1711 1337 1950 1405 donavit,

353 1448 701 1511 extorquent,
729 1437 820 1510 qui
847 1436 1032 1492 dicunt
1061 1453 1073 1489 :
1109 1434 1390 1490 Tollamus
1414 1431 1650 1497 Iustum,
1684 1433 1806 1504 quia
1834 1431 1954 1486 inu-

353 1532 461 1587 tilis
490 1542 574 1587 est
599 1531 794 1586 nobis?
823 1528 976 1586 Unde
1007 1528 1144 1585 bene
1174 1527 1371 1583 lectum
1399 1535 1483 1583 est
1510 1524 1672 1580 hodie
1702 1543 1714 1577 :
1755 1524 1952 1594 Vulpes

351 1624 522 1696 foveas
566 1623 772 1690 habent,
814 1630 859 1676 et
899 1621 1130 1675 volucres
1156 1619 1269 1674 εωιὶ
1299 1618 1446 1673 nidos
1476 1618 1562 1671 ubi
1589 1617 1950 1688 requiescunt:

352 1715 524 1773 Filius
563 1724 749 1786 autem
775 1715 999 1770 hominis
1027 1730 1129 1768 non
1153 1712 1302 1767 habet
1325 1713 1408 1767 ubi
1439 1723 1593 1784 caput
1619 1727 1770 1765 suum
1794 1711 1947 1765 recli-

2065 497 2212 566 pinxi
2263 511 2503 558 ventrem
2554 510 2749 558 tuum:
2793 518 2900 558 non
2948 500 3106 569 dixit,
3157 501 3308 570 pinxi-
3352 503 3609 562 inl'eriora
3637 504 3668 548 ιι

2063 600 2150 646 tua
2176 609 2188 647 :
2217 593 2311 648 scd
2335 594 2465 649 dixit
2485 637 2498 661 ,
2537 598 2684 666 pinxi
2726 611 2910 654 muros
2940 605 3080 659 tuos.
3118 595 3294 652 valida
3320 613 3378 654 se
3408 612 3668 658 asserens

2062 685 2264 740 homini
2319 701 2602 743 murorum
2649 687 2864 746 dedisse
2915 687 3206 758 prmsidia:
3264 697 3322 743 ut
3343 690 3386 745 si
3444 690 3672 761 pervigil

2058 777 2366 850 speculator
2412 779 2463 834 in
2504 781 2676 850 portis
2713 780 2815 847 sit,
2840 779 3143 844 obsidionis
3167 782 3337 852 possit
3367 783 3668 853 periculum

2061 873 2401 944 propulsare.
2456 874 2598 929 Dicit
2627 875 2805 942 itaque
2836 893 2850 929 :
2890 874 3009 933 Non
3042 874 3138 931 tibi
3166 875 3476 946 voluptates
3506 877 3666 948 dedi,

2059 981 2165 1026 non
2210 965 2496 1022 illecebras
2545 967 2926 1038 cupiditatum,
2954 983 3060 1024 non
3104 969 3372 1026 incentiva
3400 970 3666 1040 luxuriat,

2058 1073 2163 1114 non
2215 1057 2382 1114 alieni
2423 1059 2637 1116 decoris
2676 1062 3178 1130 concupiscentiam
3205 1103 3222 1127 ,
3262 1062 3360 1118 sed
3401 1063 3523 1120 dedi
3570 1064 3669 1122 tibi

2057 1151 2403 1207 fundamenta
2435 1151 2692 1219 muralia,
2724 1151 2848 1208 dedi
2889 1152 2982 1208 tibi
3008 1154 3234 1208 turriutu
3265 1155 3483 1210 excelsa
3517 1156 3671 1212 lasti-

2055 1247 2170 1317 gia,
2214 1247 2268 1302 in
2313 1246 2507 1318 quibus
2555 1247 2882 1306 constitutus
2929 1249 3226 1316 expugnari
3267 1250 3337 1305 ab
3366 1247 3521 1306 hoste
3556 1266 3668 1308 non

2056 1353 2298 1410 ructuas,
2349 1357 2451 1399 nec
2494 1341 2862 1414 ingruentium
2910 1341 3182 1413 legionum
3239 1345 3500 1404 terribilia
3545 1346 3675 1412 licet

2057 1446 2388 1494 tentamenta
2439 1437 2723 1495 lormldes.
2773 1436 3018 1508 Denique
3047 1438 3216 1493 habes
3245 1437 3298 1493 in
3332 1438 3514 1506 Esaia,
3539 1441 3667 1512 quia

2049 1531 2178 1603 justi
2225 1531 2402 1586 anima
2446 1531 2598 1599 dicit,
2645 1531 2726 1587 vel
2761 1530 3008 1588 Ecclesia
3041 1548 3054 1584 :
3081 1529 3193 1602 Ego
3222 1532 3404 1587 civitas
3429 1533 3666 1602 munita,

2054 1643 2146 1698 ego
2179 1626 2360 1680 civitas
2395 1625 2604 1680 obsessa
2632 1624 2784 1699 (Esa.
2818 1639 2989 1689 xxv",
3020 1626 3078 1694 3)
3106 1642 3118 1677 :
3152 1624 3354 1680 munita
3387 1640 3485 1696 per
3507 1625 3668 1681 Chri-

2053 1729 2222 1784 stum,
2251 1718 2474 1774 obsessa
2505 1734 2604 1789 per
2627 1718 2925 1773 diabolum.
2959 1717 3063 1775 Sed
3094 1733 3203 1774 non
3232 1719 3395 1774 debet
3423 1719 3660 1776 obsidio-

351 1822 432 1867 uet
481 1811 694 1885 (Matth.
728 1826 844 1878 vui,
875 1808 991 1882 20).
1031 1807 1236 1879 Vulpes
1276 1822 1406 1878 ergo
1444 1822 1503 1862 se
1561 1805 1846 1861 abscondit
1899 1805 1952 1860 in
1987 1811 2032 1872 B
2062 1829 2183 1868 nem
2217 1815 2423 1878 vereri,
2460 1814 2546 1867 cui
2585 1812 2834 1868 Christus
2863 1811 3080 1881 adjutor
3108 1822 3215 1869 est.
3250 1814 3486 1880 Munitur
3514 1816 3668 1872 enim

351 1906 525 1974 fovea,
547 1905 663 1961 avis
684 1919 743 1961 se
762 1912 940 1959 tuetur
963 1903 1018 1958 in
1039 1900 1200 1957 nido:
1220 1900 1383 1954 homo
1404 1915 1508 1954 non
1524 1898 1874 1954 absconditur
1899 1899 1952 1954 in

350 2001 534 2063 fovea.
570 1998 666 2056 sed
692 1997 980 2068 decipitur.
1013 1995 1194 2050 Fovea
1222 2008 1349 2048 vero
1375 2007 1438 2048 os
1471 1991 1706 2047 hominis
1731 1999 1837 2060 est,
1879 1992 1954 2046 lo-

350 2109 446 2150 vea
491 2093 596 2148 alta
639 2101 825 2162 pectus
853 2098 937 2145 est
961 2087 1215 2158 hominis,
1251 2087 1340 2140 ubi
1372 2093 1499 2140 sunt
1534 2087 1692 2141 noxia
1729 2096 1781 2152 et
1809 2084 1954 2142 frau-

349 2188 568 2245 dulenta
611 2183 868 2249 consilia,
899 2183 1054 2238 make
1085 2181 1463 2251 cegitationes.
1489 2180 1569 2234 Tu
1592 2179 1870 2247 ambulas,
1899 2189 1954 2234 ct

349 2282 486 2338 alius
515 2280 612 2335 tibi
643 2278 851 2334 foveam
890 2283 1060 2346 parat.
1096 2274 1150 2329 In
1195 2274 1374 2330 medio
1407 2274 1720 2344 laqueorum
1764 2273 1952 2328 ambu-

351 2375 460 2442 las,
512 2389 647 2444 quos
686 2369 1086 2426 absconderant
1134 2368 1229 2423 tibi
1269 2369 1320 2422 in
1351 2367 1435 2422 via
1466 2366 1669 2422 inimici
1701 2366 1795 2420 tui.
1828 2364 1952 2438 0m-

349 2469 437 2524 nia
482 2482 614 2538 ergo
659 2464 1066 2533 circumspice,‘
1092 2471 1150 2516 ut
1191 2461 1416 2533 cﬂugias
1459 2460 1601 2514 sicut
1635 2458 1851 2514 damula
1881 2457 1951 2516 de

349 2561 575 2625 retibus,
611 2567 665 2613 et
703 2559 841 2613 sicut
864 2558 979 2610 avis
1003 2555 1071 2610 de
1102 2555 1314 2623 laqueo.
1356 2553 1574 2614 Damula
1603 2552 1737 2609 retia
1764 2567 1953 2624 aspec-

351 2660 436 2709 tus
472 2650 756 2707 vivacitate
809 2648 1091 2705 declinat:
1124 2647 1242 2702 avis
1280 2645 1480 2701 devitat
1522 2639 1773 2716 laqueos,
1799 2644 1846 2701 si
1884 2645 1950 2702 ad

351 2745 628 2816 snperiora
673 2759 734 2800 se
777 2742 1045 2809 conferat,
1087 2749 1142 2797 et
1169 2749 1384 2796 terrena
1411 2737 1744 2809 supervolet.
1776 2737 1832 2793 ln
1863 2755 1954 2796 su-

353 2838 656 2910 perioribus
697 2837 842 2891 enim
897 2850 1055 2890 nemo
1095 2832 1266 2889 tendit
1314 2831 1471 2898 retia,
1495 2831 1745 2904 laqueum
1773 2832 1954 2890 nullus

349 2927 784 2987 absconditJdeo
805 2928 956 3000 cujus
967 2924 1308 2982 conversatio
1329 2924 1382 2979 in
1400 2924 1651 2996 supernis
1667 2934 1769 2990 est,
1791 2923 1951 2994 hujus

352 3039 458 3081 non
480 3024 620 3079 solet
642 3019 960 3096 in‘przudam
993 3018 1176 3074 venire
1196 3026 1438 3088 captura.
1465 3017 1571 3073 Sed
1589 3018 1716 3087 quid
1737 3017 1954 3074 miraris

351 3119 399 3174 si
424 3118 589 3174 homo
617 3115 775 3190 132
795 3113 1062 3184 decipitur
1087 3110 1154 3166 ab
1173 3110 1408 3176 homine,
1430 3108 1644 3180 quando
1662 3108 1832 3165 Filius
1855 3107 1955 3163 ho-

2057 1907 2224 1971 gratia
2267 1906 2502 1976 spiritali
2550 1916 2604 1961 et
2647 1907 3000 1962 srecularibus
3050 1909 3305 1977 periculis
3355 1909 3666 1978 obsidetur.

2061 1995 2211 2052 Unde
2249 2005 2304 2052 ct
2340 1997 2392 2052 in
2435 1997 2672 2052 Canticis
2712 1997 2880 2064 habes
2918 1998 3120 2054 dictum
3154 2017 3166 2053 :
3209 1999 3323 2074 Ego
3362 2019 3570 2070 murus,
3617 2012 3668 2059 et

2057 2089 2214 2145 ubera
2244 2107 2356 2144 utea
2384 2101 2550 2145 turres
2583 2089 2758 2165 (Cant.
2786 2107 2902 2160 vnt,
2934 2092 3044 2164 10),
3072 2093 3254 2150 Murus
3277 2107 3362 2152 est
3392 2097 3664 2165 Ecclesia,

2058 2193 2234 2238 turres
2272 2183 2390 2254 ejus
2439 2193 2566 2240 sunt
2611 2184 2922 2241 sacerdotes
2949 2227 2975 2252 ,.
3008 2188 3205 2258 quibus
3234 2189 3474 2246 abundat
3507 2199 3565 2248 et
3591 2191 3668 2250 de

2054 2277 2397 2334 naturalibus
2429 2279 2680 2347 verbum,
2713 2287 2771 2335 et
2799 2279 2864 2334 de
2888 2281 3184 2338 moralibus
3207 2282 3516 2354 disciplina.

2127 2369 2217 2426 50.
2261 2369 2547 2442 Cognosce
2585 2387 2718 2444 ergo
2751 2383 2823 2440 te,
2853 2373 3048 2430 decora
3087 2375 3302 2443 anima;
3329 2378 3454 2449 quia
3482 2378 3667 2456 imago

2057 2461 2152 2518 Dei
2193 2477 2275 2518 es.
2303 2461 2582 2534 Cognosce
2613 2474 2686 2530 te,
2723 2465 2923 2532 homo;
2956 2467 3081 2538 quia
3111 2468 3284 2539 gloria
3316 2485 3376 2527 es
3407 2472 3524 2530 Dei.
3552 2474 3669 2530 Au-

2053 2555 2108 2611 di
2140 2567 2161 2595 ε
2194 2555 2466 2626 quomodo
2502 2557 2694 2628 gloria.
2745 2557 3014 2630 Propheta
3056 2560 3208 2632 dicit,
3239 2562 3498 2621 Mirabilis
3523 2567 3666 2636 [acta

2055 2658 2128 2703 est
2175 2649 2400 2721 ceguitio
2439 2658 2526 2704 tua
2564 2666 2626 2705 ea:
2668 2666 2748 2704 me
2780 2649 2902 2723 (Ps.
2935 2669 3192 2721 cxxxvnt,
3218 2655 3296 2725 6),
3332 2657 3434 2713 hoc
3455 2669 3572 2726 est,
3606 2661 3666 2717 in

2055 2755 2177 2794 meo
2225 2755 2390 2810 opere
2419 2749 2506 2796 tua
2536 2742 2840 2799 mirabilior
2867 2755 2950 2800 est
2980 2744 3122 2816 facta
3150 2746 3428 2818 majestas,
3455 2751 3508 2807 in
3534 2765 3669 2811 con-

2055 2831 2180 2887 silio
2223 2831 2459 2888 hominis
2510 2844 2597 2892 tua
2627 2837 2892 2906 sapientia
2920 2839 3268 2907 praadicatur.
3293 2840 3429 2899 Dum
3461 2860 3550 2903 me
3579 2847 3664 2904 in-

2059 2934 2234 2990 tueor,
2263 2930 2434 3000 'quem
2483 2938 2538 2999 tu
2568 2928 2620 2984 in
2652 2930 2784 3000 ipsis
2811 2931 3232 3002 cogitationibus
3253 2938 3482 2996 occultis
3501 2949 3558 2997 et
3586 2941 3667 2999 in-

2057 3020 2228 3076 ternis
2266 3020 2550 3086 allectibus
2591 3021 2983 3094 deprehendis,
3029 3028 3270 3084 scientia:
3297 3038 3404 3087 tua:
3424 3047 3666 3104 agnosco

2059 3111 2335 3184 mysteria.
2367 3111 2650 3183 Gegnosce
2673 3131 2801 3188 ergo
2831 3125 2900 3182 te,
2937 3136 2968 3168 o
3001 3117 3186 3186 homo,
3209 3132 3443 3192 quantus
3473 3125 3571 3192 sis,
3604 3136 3666 3184 et

281 3281 286 3286 ‘
355 3212 515 3268 minis
545 3211 634 3267 ubi
669 3209 1062 3282 requiesceret,
1096 3221 1202 3260 non
1229 3205 1501 3260 habebat?
1525 3204 1589 3260 Et
1617 3203 1707 3258 ille
1729 3201 1948 3272 quidem
1976 3203 2024 3266 C
2055 3208 2273 3262 attende
2318 3207 2450 3272 tibi;
2494 3223 2562 3264 ne
2600 3211 2815 3280 quando
2857 3211 3063 3281 laqueis
3107 3215 3414 3290 implicatus
3453 3219 3665 3280 diaboli

355 3307 515 3362 talem
533 3305 801 3360 hominem
817 3303 964 3367 fecit,
980 3301 1153 3372 inquo
1168 3311 1323 3370 caput
1344 3314 1498 3355 suum
1520 3297 1824 3354 reclinaret.
1843 3299 1952 3358 Sed

354 3406 705 3470 posteaquam
752 3395 803 3450 in
847 3404 1068 3466 pectore
1101 3402 1285 3449 nostro
1329 3385 1439 3448 non
1483 3391 1696 3464 requies
1724 3394 1950 3463 proximi

351 3491 517 3563 cmpit
537 3507 676 3557 esse,
697 3489 792 3546 sed
820 3490 994 3556 fovea;
1023 3499 1367 3559 posteaquam
1396 3487 1534 3544 alter
1552 3487 1708 3542 alteri
1734 3496 1952 3545 nectere

351 3587 514 3658 cmpit
536 3584 788 3652 insidias,‘
805 3599 962 3655 quem
976 3583 1103 3652 juva
1113 3598 1169 3637 re
1184 3582 1427 3649 deberet,
1444 3588 1606 3653 caput
1621 3597 1776 3638 suum
1794 3579 1954 3650 Chri-I

351 3691 467 3738 stus
499 3677 694 3736 avertit
718 3678 748 3732 ἐι
779 3676 931 3732 nobis
957 3693 969 3728 :
993 3675 1090 3730 sed
1120 3683 1144 3710 υ
1178 3681 1362 3744 postea
1392 3683 1571 3728 tamen
1605 3673 1790 3728 maluit
1819 3672 1950 3728 illud

351 3778 512 3831 morti
543 3773 738 3829 oli'erre
768 3787 862 3840 pro
882 3769 1057 3823 nobis.
1080 3767 1199 3822 Noli
1228 3768 1386 3840 igitur
1408 3781 1528 3823 esse
1555 3766 1950 3833 fraudulentus,

351 3867 617 3930 crudelis,
665 3862 920 3929 immitis;
970 3872 1026 3915 ut
1067 3861 1119 3915 in
1164 3869 1215 3915 te
1244 3858 1490 3914 Christus
1514 3869 1674 3920 caput
1703 3859 1948 3914 reclinet.

422 3959 516 4014 49.
548 3956 788 4023 Denique
815 3969 938 4008 cum
969 3952 1187 4008 fecisset
1208 3951 1433 4021 piscium
1462 3951 1692 4018 belluas,
1721 3966 1844 4006 cum
1875 3952 1954 4006 le-

353 4053 524 4109 cisset
557 4051 790 4104 l'erarum
833 4061 1027 4118 genera
1067 4054 1123 4100 et
1153 4045 1442 4102 bestiarum
1469 4085 1484 4110 ,
1511 4061 1617 4100 non
1643 4045 1948 4114 requievit:

353 4145 623 4218 requievit
647 4151 825 4199 autem
877 4149 1227 4212 posteaquam
1269 4136 1541 4193 hominem
1567 4137 1634 4192 ad
1664 4137 1950 4209 imaginem

352 4256 504 4298 suam
539 4239 682 4294 fecit.
715 4236 772 4293 In
810 4251 916 4308 quo
943 4235 1248 4305 requiescat
1277 4231 1402 4286 audi
1428 4231 1695 4288 dicentem
1727 4249 1741 4286 :
1776 4232 1953 4302 Supra

351 4351 496 4408 quem
522 4333 831 4404 requiescam
856 4330 956 4384 nisi
980 4343 1135 4397 super
1167 4326 1408 4380 humilem
1435 4335 1484 4380 et
1499 4328 1743 4397 quietum,
1768 4337 1816 4380 et
1850 4335 1950 4382 tre-

352 4439 566 4486 mentem
592 4426 742 4482 verba
763 4441 873 4480 mea
898 4423 1066 4498 (Emi.
1098 4437 1244 4487 LXVI,
1264 4417 1354 4491 2)?
1383 4419 1518 4476 Esto
1545 4437 1676 4490 ergo
1704 4421 1946 4488 humilis,

353 4532 408 4580 et
435 4523 646 4594 quietus
666 4563 682 4590 ,
705 4509 842 4576 utin
871 4527 962 4574 tuo
988 4517 1128 4573 Deus
1151 4513 1455 4586 requiescat
1479 4513 1692 4570 allecto.
1718 4513 1819 4583 Qui
1842 4531 1949 4574 non

2055 3301 2155 3356 ﬁas
2169 3302 2349 3372 praeda
2370 3304 2638 3373 venantis;
2653 3319 2726 3384 ne
2738 3303 2878 3361 forte
2895 3304 2950 3364 in
2965 3305 3147 3364 fauces
3170 3310 3294 3366 tetri
3321 3311 3463 3380 illius
3484 3311 3664 3374 leonis

2057 3396 2336 3462 incurras,
2381 3398 2470 3474 qui
2519 3387 2693 3476 133',
2717 3400 2859 3470 rugit
2903 3409 2958 3456 et
2996 3403 3192 3459 circuit
3215 3420 3464 3476 quaerens
3494 3423 3661 3480 queat

2055 3492 2305 3549 devoret.
2357 3493 2591 3550 Attende
2637 3495 2782 3564 tibi,
2813 3505 2870 3550 ut
2899 3498 3212 3554 consideres
3237 3501 3367 3572 quid
3401 3503 3454 3559 in
3496 3512 3550 3560 te
3576 3505 3663 3562 in-

2056 3596 2177 3660 tret,
2214 3587 2340 3658 quid
2371 3602 2436 3654 ex
2466 3596 2517 3643 te
2549 3598 2725 3656 exeat,
2760 3587 2875 3645 Non
2905 3589 2973 3646 de
3005 3591 3128 3648 cibo
3153 3594 3312 3662 dico,
3338 3597 3430 3668 qui
3469 3598 3662 3656 absor«

2057 3680 2212 3736 betur
2232 3688 2286 3735 ct
2306 3681 2561 3750 egeritur,
2589 3682 2685 3738 sed
2708 3681 2777 3738 de
2801 3684 3128 3753 cogitatione
3149 3685 3296 3755 dico,
3313 3689 3381 3744 de
3403 3706 3662 3753 sermone

2053 3788 2262 3828 assero.
2294 3772 2410 3829 Non
2442 3774 2494 3829 in
2525 3785 2577 3829 te
2607 3775 2771 3831 intret
2804 3777 2967 3832 alieni
3007 3779 3152 3835 thori
3193 3784 3656 3856 concupiscentia,

2054 3882 2162 3923 non
2192 3867 2393 3937 irrepat
2433 3867 2486 3922 in
2516 3877 2661 3936 tuam
2690 3879 2950 3936 mentem,
2975 3887 3083 3926 non
3117 3876 3294 3943 rapiat
3313 3880 3504 3937 oculus
3533 3892 3663 3940 tuus

2056 3961 2398 4016 transeuntis.
2455 3959 2672 4028 femina
2731 3963 3226 4032 pulchritudinem,
3273 3969 3508 4039 animus,
3546 3989 3660 4034 non

2055 4053 2316 4120 includat,
2359 4069 2468 4110 non
2499 4068 2678 4110 sermo
2707 4063 2829 4118 tuus
2875 4065 3333 4120 tentamentorum
3377 4064 3660 4126 machinas

2056 4151 2256 4209 nectat,
2289 4159 2397 4198 non
2432 4145 2485 4202 in
2512 4144 2638 4210 dolo
2675 4145 2886 4214 prodat,
2916 4163 3024 4204 non
3051 4149 3316 4213 maledico
3346 4155 3655 4226 proximum

2053 4246 2303 4308 aspergat
2349 4239 2659 4309 opprobrio.
2711 4240 3036 4308 venatorem
3084 4253 3136 4301 te
3165 4245 3291 4302 fecit
3335 4249 3500 4320 Deus,
3547 4269 3659 4314 non

2053 4345 2510 4404 expugnatorem,
2558 4337 2651 4405 qui
2691 4335 2830 4398 dixit
2859 4357 2872 4394 :
2903 4337 3041 4394 Ecce
3081 4357 3174 4415 ego
3211 4345 3360 4404 mitto
3391 4360 3658 4410 venatores

2054 4426 2241 4482 multos
2286 4426 2462 4494 (llier.
2505 4444 2616 4498 ενι,
2654 4430 2741 4502 16)
2771 4446 2784 4484 :
2815 4444 3101 4490 venatores
3127 4451 3232 4492 non
3261 4439 3528 4507 criminis.
3558 4444 3658 4509 sed

2053 4520 2440 4588 absolutionis;
2472 4533 2768 4584 venatores
2811 4541 2919 4584 non
2968 4529 3142 4600 culpae
3169 4533 3378 4604 utique,
3410 4537 3506 4592 sed
3529 4553 3658 4609 gra-

355 4619 622 4690 requievit
660 4616 712 4671 in
755 4615 974 4679 bestiis,
1010 4612 1180 4667 multo
1207 4609 1375 4682 magis
1411 4625 1517 4664 non
1555 4611 1857 4681 requiescet
1893 4610 1948 4666 in
1976 4607 2026 4668 Ι)
2055 4616 2163 4668 tiae.
2217 4614 2462 4671 Piscator
2513 4616 2710 4674 Christi
2758 4628 2880 4686 est,
2913 4621 2999 4676 cui
3028 4621 3270 4689 dicitur:
3323 4607 3658 4694 Amodoveris

356 4719 576 4782 pectore
613 4707 842 4763 bestiali.
870 4705 1006 4762 Sunt
1028 4705 1172 4758 enim
1200 4701 1654 4767 animibestiales,
1676 4701 1950 4758 suntfera:

357 4802 528 4858 forma
568 4800 844 4856 hominum
888 4798 1109 4864 indutae,
1148 4796 1218 4852 de
1261 4796 1454 4866 quibus
1485 4796 1616 4850 dicit
1643 4797 1900 4852 Dominus
1933 4814 1947 4852 :

358 4897 614 4951 Attendite
652 4895 790 4950 vobis
832 4907 865 4947 a
904 4892 1051 4964 falsis
1094 4889 1386 4960 prophetis,
1418 4889 1506 4960 qui
1536 4889 1740 4944 veniunt
1769 4891 1838 4943 ad
1863 4906 1952 4946 vos

357 4991 412 5044 in
438 4989 620 5044 vestitu
645 4989 835 5049 ovium,
866 4987 1003 5041 intus
1027 4994 1201 5040 autent
1225 4991 1342 5038 sunt
1367 4982 1475 5052 lupi
1498 4997 1711 5053 rapaces
1732 4981 1950 5054 (Matth.

358 5097 454 5148 vn,
490 5080 604 5152 15).
633 5078 694 5135 In
722 5079 804 5134 his
827 5092 958 5148 ergo
979 5075 1378 5147 nonrequievit
1406 5074 1548 5131 Deus
1580 5090 1593 5129 :
1623 5073 1720 5131 sed
1743 5075 1957 5147 requie-

359 5175 438 5230 vit
479 5175 532 5228 in
573 5172 814 5228 moribus
853 5171 1102 5225 humanis
1127 5210 1141 5235 ,
1171 5182 1308 5238 quos
1337 5166 1464 5223 fecit
1496 5167 1638 5222 Deus
1664 5167 1732 5224 ad
1764 5169 1955 5238 imagi-

363 5286 487 5327 nem
526 5283 679 5324 suam
720 5275 777 5322 et
796 5265 1200 5321 similitudinem
1219 5299 1244 5331 ρ
1264 5261 1480 5335 quando
1517 5261 1642 5318 fecit
1669 5262 1838 5318 virum
1866 5263 1957 5334 qui

364 5380 471 5420 non
513 5362 674 5416 debet
717 5360 899 5413 velare
936 5365 1099 5428 caput
1138 5371 1333 5422 suum;
1384 5357 1643 5426 quoniam
1690 5355 1867 5427 imago
1906 5365 1961 5412 et

362 5456 629 5530 gloriaest
652 5451 767 5508 Dei.
793 5451 961 5522 Hujus
982 5451 1079 5505 viri
1108 5452 1303 5506 anima:
1328 5451 1496 5505 dicit:
1529 5449 1661 5504 Ecce
1686 5466 1803 5522 ego,
1831 5449 1960 5506 Hie-

367 5624 382 5638 '
440 5629 466 5658 δ
508 5618 563 5673 In
608 5615 742 5672 edit.
791 5612 964 5668 Paris.
995 5610 1131 5666 16M
1157 5619 1222 5681 et
1249 5609 1388 5665 1652
1414 5608 1630 5679 desunt,
1659 5609 1750 5666 sed
1775 5619 1954 5681 postea

368 5705 534 5764 tamen
561 5689 738 5764 maluit
758 5686 890 5740 illud
912 5683 1064 5764 morti
1085 5680 1270 5764 oﬂ'erre
1291 5698 1384 5751 pro
1414 5682 1578 5737 nobis.

442 5763 468 5803 ιτ
499 5761 745 5833 Quinque
771 5756 1204 5833 mss.,_i_nteri_ora
1232 5763 1342 5833 ωε.

447 5847 468 5877 c
502 5822 628 5892 Mss.
661 5822 863 5898 'Carn.,
913 5822 1045 5897 Tb.,
1094 5823 1254 5900 Reg,
1289 5822 1442 5882 Colb.
1484 5833 1540 5882 et
1585 5824 1747 5883 Corb.
1779 5837 1956 5894 vetus,

2053 4705 2285 4762 homines
2312 4705 2339 4744 ἀ
2362 4710 2626 4778 viviﬁcaris
2653 4709 2806 4783 (Luc.
2835 4727 2889 4777 v,
2922 4714 3040 4785 '10).
3066 4715 3156 4772 Sic
3184 4717 3335 4774 mitte
3367 4723 3503 4780 retia
3540 4731 3656 4797 tua,

2053 4799 2136 4854 sic
2182 4799 2338 4856 mitte
2363 4801 2549 4858 oculos
2599 4810 2759 4870 tuos,
2818 4805 2898 4870 sic
2948 4807 3102 4872 mitte
3158 4826 3441 4878 sermones
3483 4825 3656 4880 tuos:

2057 4902 2116 4960 ut
2159 4894 2362 4950 nullum
2414 4896 2726 4965 opprimas,
2786 4898 2882 4960 sed
2929 4899 3128 4958 alleves
3177 4902 3518 4970 ﬂuctuantes.
3557 4911 3657 4972 At-

2059 4986 2252 5054 tende,
2316 4987 2538 5058 inquit,
2602 4989 2694 5044 tibi
2749 4988 2941 5062 (Eccli.
2995 5009 3192 5063 xxvnt,
3235 4997 3347 5070 50).
3397 5001 3488 5059 Sic
3530 5013 3660 5074 sta,

2060 5094 2130 5135 ne
2175 5079 2335 5134 cadas
2372 5095 2384 5134 :
2422 5080 2500 5140 sic
2548 5096 2731 5149 curre,
2794 5092 2851 5140 ut
2897 5085 2965 5140 ad
3022 5085 3270 5146 bravium
3323 5096 3656 5161 pervenias:

2060 5172 2142 5240 sic
2201 5182 2393 5240 certa,
2448 5183 2505 5232 ut
2561 5189 2708 5246 sape
2749 5175 3044 5245 decernas;
3093 5183 3216 5251 quia
3273 5185 3513 5254 legitimo
3564 5189 3664 5247 de-

2063 5265 2220 5321 betur
2256 5282 2472 5326 corona.
2494 5269 2800 5333 certamini.
2831 5271 2986 5326 Miles
3015 5289 3100 5341 cs,
3135 5274 3346 5332 hostem
3373 5278 3662 5350 diligenter

2063 5357 2314 5425 eXplora;
2346 5373 2414 5413 ne
2461 5359 2556 5414 tibi
2598 5371 2894 5416 nocturnus
2927 5363 3127 5434 irrepat
3155 5384 3169 5422 :
3198 5367 3401 5424 athleta
3421 5385 3512 5439 es,
3543 5390 3664 5433 mas

2067 5452 2226 5509 nibus
2256 5453 2571 5511 adversario
2605 5456 2826 5527 prepior
2851 5465 2990 5524 esto,
3022 5474 3184 5530 quam
3217 5461 3400 5530 vultu;
3434 5481 3502 5524 ne
3533 5484 3665 5530 ocu.

2061 5611 2194 5688 Audi
2216 5613 2472 5688 quomodo
2497 5614 2728 5688 glorians
2757 5612 3020 5688 PrOpIteta
3049 5615 3208 5673 dicat.

2067 5757 2083 5812 1
2133 5682 2168 5811 3
2204 5686 2446 5814 (ἐυιὲιιιὲτ
2469 5682 2624 5815 Thes"
2658 5682 2888 5743 homines
2921 5687 3164 5758 capiens;
3193 5698 3251 5748 ut
3281 5694 3442 5759 etiam
3476 5714 3667 5784 supra,

2093 5799 2104 5810 ο
2143 5796 2189 5827 τ’
2223 5796 2271 5814 νο
2298 5796 2350 5814 νο
2385 5796 2440 5814 ιιι
2481 5796 2564 5815 ιν.
