4150 6358
472 306 585 366 265

1810 295 2058 354 SANCTI
2097 295 2423 356 AMBROSII

3665 309 3774 369 εθι

474 426 589 482 lum
615 423 776 480 feriat
806 433 973 477 tuum.
1004 413 1166 475 Liber
1193 417 1414 473 obtutus
1436 415 1526 484 sit,
1550 421 1776 484 argutus
1799 415 2068 482 incessus;
2099 421 2150 481 Α
2178 433 2400 488 regnum
2433 417 2716 475 caelorum.
2744 418 2852 476 Sed
2879 418 3017 476 forte
3038 419 3220 487 doles,
3261 423 3403 495 quod
3438 425 3643 484 nullum
3678 429 3774 486 tibi

476 529 536 575 ut
590 518 886 572 irruentem
929 510 1204 574 elfundas,
1241 507 1526 565 cedentem
1572 522 1838 577 occupes,
1881 508 2076 563 vulnus

478 609 717 682 vigilanti
769 613 985 678 aspectu
1026 619 1230 668 exeas,
1282 601 1404 658 forti
1458 616 1757 672 congressu
1814 601 2071 670 repellas.

476 704 621 777 quod
644 705 688 758 si
719 699 880 756 fueris
909 698 1250 765 vulneratus,
1283 694 1502 751 attende
1531 695 1647 760 tibi,
1683 709 1841 750 curre
1863 693 1930 748 ad
1964 709 2076 748 me-

476 799 692 864 dicum,
736 809 920 866 qnaare
966 791 1264 849 remedium
1299 789 1654 861 pmnitentim.
1685 789 1920 845 Attende
1949 788 2073 854 tibi;

475 891 598 961 quia
622 902 839 944 carnem
869 885 1057 951 habes,
1089 900 1208 956 qua:
1231 883 1340 938 cito
1374 883 1571 938 labitur
1597 899 1610 935 :
1639 881 1824 937 veniat
1854 881 1947 937 tibi
1980 881 2080 937 bo-

475 999 577 1041 nus
606 982 904 1038 animarum
942 979 1186 1034 medicus
1213 993 1396 1034 sermo
1425 976 1672 1042 divinus,
1711 986 1962 1048 aspergat
1985 974 2080 1030 tibi

475 1077 692 1136 oracula
732 1075 946 1131 Domini
973 1084 1243 1144 tamquam
1272 1070 1670 1126 medicamenta
1697 1068 1955 1123 salubria.
1985 1068 2081 1123 At-

475 1170 638 1228 tende
671 1169 798 1239 tibi,
828 1184 897 1224 ne
926 1169 1018 1223 liat
1055 1167 1277 1221 verbum
1301 1164 1679 1221 absconditum
1708 1163 1761 1218 in
1796 1162 1960 1218 corde
1991 1171 2081 1217 tuo

460 1266 750 1338 ‘iniquum:
797 1263 967 1335 serpit
996 1262 1141 1317 enim
1171 1263 1308 1315 sicut
1350 1275 1643 1324 venenum,
1674 1267 1726 1315 et
1759 1257 1976 1313 lethalia
2001 1256 2084 1312 in-

474 1359 585 1418 fert
607 1358 878 1430 contagia.
910 1356 1144 1413 Attende
1172 1355 1304 1422 tibi;
1335 1370 1404 1411 ne
1429 1353 1770 1410 obliviscaris
1799 1353 1964 1408 Deum
1989 1351 2082 1424 qui

479 1454 615 1512 fecit
649 1464 723 1520 te,
756 1468 824 1508 ne
853 1467 1048 1507 nomen
1087 1451 1203 1521 ejus
1237 1451 1287 1503 in
1313 1463 1508 1502 vanum
1541 1447 1793 1518 accipias.

550 1549 640 1606 5i.
680 1545 915 1604 Attende
953 1546 1068 1611 tibi,
1094 1545 1178 1600 lex
1209 1545 1341 1600 dicit
1376 1559 1442 1598 ne
1482 1558 1603 1596 cum
1642 1539 2078 1604 manducavcris,

477 1660 535 1710 et
562 1651 788 1708 satiatus
814 1649 1004 1715 fueris,
1037 1657 1090 1703 et
1125 1646 1317 1702 domos
1349 1641 1722 1705 acditieavcris,
1750 1655 1803 1696 et
1835 1640 2082 1694 habitare

480 1747 736 1817 cmperis,
765 1754 821 1801 et
849 1742 1133 1814 pecoribus
1164 1741 1268 1796 tuis
1297 1739 1534 1809 repletus
1569 1737 1755 1802 fueris,
1787 1745 1840 1791 et
1870 1751 2002 1788 auro
2026 1740 2083 1788 et

2179 522 2486 568 auratnrnm
2531 513 2850 584 lychnorum
2897 516 3076 572 lumen
3127 515 3437 590 refulgent:
3482 521 3575 577 sed
3607 525 3777 580 tnulto

2177 603 2438 658 illustrior
2463 605 2553 659 tibi
2598 607 2796 662 lumine
2830 607 3154 663 circumfuso
3182 609 3304 664 luna
3335 613 3666 682 resplendet.
3701 616 3779 672 Dc

2179 696 2376 768 hyeme
2420 697 2643 753 forsitan
2673 700 2944 769 quereris,
2978 701 3101 772 quia
3134 702 3278 757 nulla
3322 703 3415 758 tibi
3448 705 3778 776 hypocausta

2179 791 2558 847 anhelantibus
2611 793 2824 862 ignibus
2869 804 3199 865 raperentur
3238 815 3251 850 :
3300 798 3395 854 sed
3442 799 3610 856 habes
3649 803 3780 858 solis

2178 883 2451 951 calorem,
2499 885 2588 954 qui
2645 884 2740 940 tibi
2793 885 2981 942 orbem
3039 897 3307 944 terrarum
3364 901 3670 961 temperet,
3726 900 3783 950 et

2181 976 2426 1050 hyberno
2454 987 2504 1034 te
2536 977 2792 1034 defendat
2815 996 2842 1033 a
2873 979 3092 1051 frigore.
3124 982 3206 1037 An
3237 983 3355 1038 illos
3383 985 3570 1039 beatos
3603 994 3775 1055 putas,
3825 1047 3828 1052 ,

2180 1072 2272 1144 qui
2301 1074 2647 1128 servitiorum
2682 1075 3025 1145 sequentium
3070 1079 3340 1148 stipantur
3365 1079 3644 1148 catervis?
3673 1080 3779 1136 Sed
3809 1083 3822 1146 ξ

2181 1167 2270 1236 qui
2299 1166 2508 1221 alienos
2537 1166 2702 1236 pedes
2741 1167 3046 1238 requirunt,
3074 1169 3186 1225 suis
3215 1170 3291 1224 uti
3322 1166 3782 1238 nesciunt/Deni-
3807 1191 3810 1194 ’

2181 1276 2288 1332 que
2337 1276 2367 1315 a
2423 1262 2605 1331 paucis
2655 1260 3055 1332 prmceduntur,
3106 1279 3136 1319 a
3190 1263 3433 1333 plurimis
3474 1274 3777 1336 ριιῑιιιιιιυιι.

2182 1355 2294 1410 Nisi
2320 1355 2454 1410 forte
2478 1355 2608 1410 illud
2631 1356 2866 1424 miraris,
2891 1356 3034 1425 quod
3058 1356 3332 1411 abundant
3353 1373 3508 1425 auro,
3532 1369 3778 1429 argento,

2185 1450 2452 1526 pecuniarz
2477 1450 2694 1521 quantis
2718 1451 2995 1506 abundant
3015 1450 3189 1516 vides,
3215 1452 3432 1522 quantis
3454 1464 3647 1526 egeant
3675 1470 3779 1509 non

2182 1509 2477 1644 vides.@:d
2497 1543 2749 1600 eburneis
2771 1544 2925 1612 lectis
2948 1545 3268 1602 accumbere
3290 1547 3587 1618 pretiosum
3605 1559 3777 1618 putas;
3875 1619 3882 1622 _

2183 1649 2237 1694 et
2282 1638 2392 1694 non
2427 1639 2742 1694 consideras
2784 1638 3165 1710 pretiosiorem
3211 1656 3334 1697 esse
3377 1649 3611 1710 terram,
3662 1659 3780 1713 qtae

2186 1731 2408 1802 pauperi
2446 1732 2634 1787 thoros
2676 1735 2980 1802 graminum
3013 1733 3238 1798 sternit,
3281 1732 3334 1787 in
3375 1734 3570 1804 quibus
3609 1733 3783 1789 dulcis

477 1814 704 1912 argento
747 1836 1130 1901 abundaveris,
1184 1842 1241 1888 et
1275 1832 1528 1888 omnibus
1577 1844 1933 1901 quaecumque
1984 1825 2076 1881 tibi
2112 1814 2155 1874 Β
2186 1826 2422 1896 requies,
2454 1825 2637 1881 suavis
2664 1836 2748 1881 est
2772 1841 3016 1892 somnus,
3049 1843 3208 1897 quem
3249 1827 3340 1882 ille
3371 1843 3534 1883 aurea
3562 1843 3783 1899 compn—

479 1934 700 1997 fuerint,
749 1931 802 1986 in
843 1927 1189 1984 multitudine
1218 1926 1426 1981 cxaltes
1458 1935 1509 1980 te
1545 1923 1728 1987 corde,
1772 1932 1827 1978 et
1857 1920 2080 1978 oblivis-

480 2025 627 2083 caris
661 2024 945 2080 Dominum
977 2022 1142 2077 Deum
1177 2028 1324 2074 tuum
1360 2016 1542 2091 (Deut.
1575 2030 1688 2083 vut,
1731 2013 1816 2077 12,
1850 2025 1895 2068 et
1923 2011 2078 2084 seq.).

477 2116 619 2185 Quid
673 2116 819 2172 enim
865 2114 1062 2178 habes,
1107 2128 1141 2169 ο
1192 2112 1386 2173 homo,
1435 2108 1581 2181 quod
1634 2124 1742 2162 non
1791 2105 2083 2176 accepisti?

475 2209 668 2267 Nonne
710 2208 826 2264 haec
863 2207 1041 2263 omnia
1086 2205 1226 2262 sicut
1265 2204 1456 2260 umbra
1486 2201 1855 2273 praetereunt?
1892 2197 2084 2254 Nonne

475 2305 672 2363 domus
706 2312 793 2359 tua
824 2303 940 2359 hme
969 2301 1147 2374 pulvis
1185 2306 1351 2354 estet
1379 2295 1573 2352 ruina?
1599 2293 1787 2349 Nonne
1815 2293 1930 2347 haec
1965 2307 2082 2346 om-

482 2403 571 2459 nia
608 2411 635 2438 ει
664 2400 832 2455 falsa?
876 2397 1067 2453 Nonne
1105 2392 1290 2450 smculi
1336 2391 1497 2462 hujus
1544 2388 1831 2444 thesaurus
1874 2384 2084 2442 vanitas

475 2495 595 2551 est?
640 2492 830 2548 Nonne
874 2501 927 2545 tu
971 2491 1087 2560 ipse
1125 2503 1184 2543 es
1229 2485 1398 2540 cinis?
1451 2483 1682 2558 Respice
1736 2481 1788 2535 in
1835 2479 2083 2551 sepulcra

481 2587 876 2651 hominum,-et
897 2582 1020 2637 vide
1043 2579 1170 2651 quid
1198 2595 1267 2634 cx
1301 2588 1351 2638 te
1381 2576 1484 2632 nisi
1514 2576 1651 2632 cinis
1678 2585 1732 2631 et
1755 2590 1878 2630 ossa
1910 2589 2087 2630 rema-

479 2679 708 2743 ncbunt,
735 2677 964 2746 hocest,
987 2691 1053 2729 ex
1075 2687 1307 2744 corpore
1339 2681 1430 2726 tuo
1457 2688 1468 2724 :
1495 2671 1726 2741 respice,
1762 2671 2005 2740 inquam,
2030 2677 2088 2724 ct

478 2774 566 2831 dic
611 2772 740 2829 mihi
770 2771 890 2843 quis
936 2769 1007 2826 ibi
1043 2769 1218 2833 dives,
1261 2767 1381 2837 quis
1419 2781 1625 2837 pauper
1671 2765 1779 2819 sit?
1827 2762 2085 2818 Discerne

479 2869 672 2939 inopes
693 2880 756 2922 ac
783 2872 1049 2935 potentes.
1077 2861 1213 2919 Nudi
1238 2875 1428 2916 omnes
1449 2859 1740 2923 nascimur,
1769 2855 1898 2911 nudi
1921 2855 2087 2912 mori-

479 2972 622 3017 mur.
654 2957 814 3013 Nulla
837 2953 1095 3011 discretio
1121 2953 1264 3008 inter
1288 2951 1552 3008 cadavera
1577 2959 1946 3014 mortuorum;
1982 2947 2085 3003 nisi

479 3054 620 3112 forte
658 3051 802 3125 quod
847 3050 1068 3123 gravius
1105 3049 1294 3106 loetent
1329 3047 1555 3102 divitum
1590 3059 1818 3114 corpora
1847 3042 2083 3098 distenta

479 3148 715 3205 luxurie.
762 3146 932 3214 Quem
981 3142 1180 3199 audisti
1222 3155 1516 3212 pauperem
1555 3137 1823 3194 cruditate
1861 3135 2088 3191 defunc-

395 3291 400 3312 ,
481 3242 629 3299 tum?
667 3207 897 3297 Prodest
935 3237 1012 3294 illi
1049 3207 1237 3306 inopia.
1272 3207 1407 3290 sua:
1450 3239 1672 3289 exercet
1707 3243 1928 3301 corpus,
1976 3242 2083 3282 non
2111 3207 2156 3271 Ο
2190 3231 2335 3287 curis
2385 3226 2952 3298 sollicitudinibusque
2993 3227 3325 3283 distendunt.
3385 3229 3616 3300 Ideoque
3657 3231 3792 3301 ριιιῑι
3881 3207 3902 3248 ’λ

396 3321 398 3324 ’
479 3333 758 3408 Opprimit.
791 3331 902 3388 Nec
944 3339 1124 3386 tamen
1150 3326 1456 3383 audivimus
1483 3325 1687 3396 justum
1728 3322 2081 3385 derelictum,

481 3441 538 3488 et
571 3444 758 3485 semen
800 3426 917 3496 ejus
953 3436 1204 3495 qumrens
1237 3435 1475 3492 panem;
1510 3417 1771 3490 quoniam
1812 3416 1902 3486 qui
1949 3415 2086 3470 bene

483 3531 741 3594 cperatur
783 3518 835 3574 in
888 3525 1033 3573 terra
1077 3531 1196 3581 sua,
1238 3513 1476 3568 abundat
1515 3509 1810 3566 alimentis.
1855 3507 2088 3564 Attende

483 3629 616 3686 ergo
661 3613 780 3679 tibi,
809 3610 1000 3675 dives;
1051 3607 1175 3679 quia
1223 3616 1278 3663 et
1323 3614 1381 3662 tu
1435 3619 1658 3661 carnem
1709 3612 1894 3674 portas
1943 3602 2089 3657 sicut

488 3725 593 3783 pau
603 3722 720 3778 per.

563 3799 724 3876 134
768 3799 860 3857 52.
893 3793 1125 3854 Attende
1151 3793 1271 3860 tibi,
1317 3805 1556 3862 pauper;
1606 3788 1728 3861 quia
1777 3787 1955 3842 anima
1999 3793 2089 3841 tua

490 3899 725 3970 pretiosa
750 3903 833 3951 est
863 3911 878 3948 :
911 3900 964 3949 et
993 3890 1040 3947 si
1065 3904 1193 3946 caro
1220 3887 1482 3952 mortalis,
1503 3884 1756 3941 diuturna
1784 3883 1961 3938 anima
1994 3898 2006 3934 :
2037 3887 2092 3936 et

489 3991 536 4047 si
565 3989 658 4046 tibi
686 3987 841 4045 deest
870 3983 1119 4058 pecunia,
1154 3997 1263 4037 non
1291 3979 1445 4036 deest
1473 3978 1645 4050 gratia
1681 3983 1775 4032 :et
1793 3974 1837 4030 si
1870 3989 1977 4030 non
2008 3980 2093 4028 est

490 4085 686 4141 domus
715 4079 892 4152 ampla
914 4120 929 4147 ,
972 4093 1081 4132 non
1113 4073 1306 4130 diffusa
1337 4069 1648 4142 possessio,
1675 4067 1873 4124 cwlum
1900 4072 2089 4138 patet,

493 4190 636 4236 terra
694 4175 866 4230 libera
921 4181 1025 4227 est.
1067 4167 1332 4226 Omnibus
1382 4165 1435 4220 in
1482 4177 1773 4222 commune
1823 4159 2094 4215 elementa

492 4269 692 4325 donata
723 4272 868 4330 sunt,
897 4271 1086 4333 patent
1115 4273 1270 4329 teque
1299 4256 1558 4312 divitibus
1585 4263 1744 4324 atque
1767 4252 2093 4324 pauperibus

495 4365 812 4418 ornamenta
858 4353 1066 4409 mundi.
1108 4348 1378 4420 Numquid
1415 4345 1724 4419 pulchriora
1766 4344 2092 4414 pretiosissi-

496 4466 706 4510 marum
734 4449 1019 4505 domorum
1047 4453 1233 4497 aurata
1265 4440 1564 4510 laquearia,
1591 4453 1748 4507 quam
1781 4437 1901 4490 ςαξιί
1935 4436 2096 4491 facies

497 4545 670 4604 stellis
696 4542 947 4614 insignita
971 4535 1338 4607 fulgentibus?
1359 4530 1628 4601 Numquid
1657 4529 1845 4584 latiora
1869 4527 2096 4583 divitum

2185 1917 2318 1973 situs
2344 1919 2572 1990 sponda,
2604 1928 2715 1974 tota
2738 1911 2967 1990 pervigil
2987 1931 3142 1976 nocte
3168 1920 3384 1992 quaerit,
3408 1930 3464 1977 et
3489 1937 3595 1977 non
3617 1924 3825 1997 capit.)

2185 2010 2230 2066 0
2259 2020 2462 2082 quanto
2491 2021 2542 2067 te
2572 2012 2660 2068 ille
2689 2013 2984 2068 beatiorem
3011 2014 3218 2084 judicat
3241 2015 3471 2086 vigilans
3501 1994 3786 2086 quiem-eti;

2187 2107 2326 2162 tem!
2364 2106 2499 2161 Illud
2527 2105 2555 2146 δ
2584 2116 2880 2178 praetereo,
2911 2109 3056 2179 quod
3095 2110 3263 2165 multo
3293 2118 3376 2166 est
3407 2112 3780 2178 praestantius:

2185 2202 2440 2272 quoniam
2473 2201 2651 2272 justus
2681 2202 2772 2273 qui
2818 2203 2905 2258 hic
2944 2203 3174 2275 eguerit,
3209 2203 3320 2259 illic
3359 2203 3660 2260 abundabit
3689 2221 3706 2270 ;
3732 2214 3788 2261 et

2187 2294 2280 2365 qui
2335 2293 2423 2350 hic
2479 2293 2724 2350 laborem
2787 2295 3139 2360 toleraverit,
3199 2296 3308 2352 illic
3359 2298 3783 2353 consolationem

2187 2386 2446 2442 habebit:
2479 2387 2570 2458 qui
2603 2397 2786 2443 autem
2827 2387 2913 2444 hic
2938 2388 3208 2459 receperit
3236 2390 3398 2454 bona,
3430 2389 3539 2444 illic
3576 2405 3785 2445 mercc-

2189 2480 2308 2536 dem
2357 2496 2545 2536 eorum
2599 2497 2822 2553 sperare
2870 2499 2978 2538 nntt
3027 2484 3244 2554 poterit.
3297 2484 3595 2555 Paupertas
3642 2485 3784 2541 enim

2190 2574 2496 2632 mercedem
2529 2589 2681 2630 suam
2709 2585 2973 2642 reservat,
3002 2591 3198 2631 census
3225 2577 3481 2632 absumit.

2189 2677 2210 2714 ."
2263 2669 2351 2724 5'5.
2393 2667 2629 2722 Attende
2677 2682 2806 2739 ergo
2851 2667 2985 2734 tibi,
3035 2683 3259 2739 pauper,
3292 2668 3544 2734 attende,
3595 2669 3782 2734 dives;

2189 2761 2312 2833 quia
2359 2770 2414 2817 ct
2463 2761 2515 2816 in
2559 2770 2876 2831 paupertate
2920 2770 2974 2817 et
3017 2762 3221 2816 divitiis
3263 2770 3591 2818 tentamenta
3639 2773 3784 2818 sunt.

2190 2854 2426 2926 Ideoque
2468 2852 2698 2925 Sapiens
2732 2839 2866 2910 dicit
2917 2873 2930 2910 :
2974 2853 3196 2910 Divitias
3237 2865 3285 2910 et
3333 2865 3680 2928 paupertatem
3726 2874 3790 2911 ne

2191 2951 2398 3006 dederis
2425 2950 2552 3004 mihi
2593 2946 2778 3021 (Prov.
2809 2965 2936 3015 xxx,
2971 2949 3046 3018 8).
3082 2948 3151 3004 Et
3184 2965 3290 3021 qua
3333 2951 3543 3006 ratione
3575 2951 3791 3023 petierit

2191 3044 2296 3101 hoc
2335 3043 2503 3110 dicit;
2541 3044 2674 3122 satis
2711 3053 2797 3099 est
2840 3044 2984 3100 enim
3027 3043 3228 3098 homini
3269 3043 3471 3101 habere
3515 3047 3657 3116 quod
3688 3047 3787 3100 sibi

2192 3135 2406 3192 sufficit.
2436 3135 2570 3204 Quia
2598 3135 2804 3190 divitia:
2832 3143 2888 3189 ut
2920 3135 3097 3205 epulis
3124 3145 3366 3192 ventrem
3389 3182 3406 3206 ,
3446 3137 3518 3192 ita
3551 3139 3787 3192 animum

2193 3323 2446 3382 constitui
2500 3323 2602 3378 sibi
2655 3337 2774 3393 qua:
2823 3337 2959 3393 Opus
3012 3331 3138 3377 sunt
3186 3331 3239 3378 et
3285 3323 3603 3378 sul‘licientia
3647 3343 3661 3377 ;
3709 3323 3792 3378 Ne

2194 3418 2443 3489 repletus,
2487 3416 2680 3486 inquit,
2725 3416 2946 3469 mendax
2989 3417 3144 3483 ﬁant,
3183 3425 3230 3470 et
3278 3416 3487 3472 dicant:
3538 3414 3664 3482 Quis
3710 3434 3828 3472 me.

2194 3508 2371 3564 videt?
2408 3510 2505 3562 Aut
2551 3512 2717 3579 [actus
2742 3524 2941 3579 pauper
2983 3506 3181 3578 furtum
3221 3508 3408 3579 faciant
3433 3550 3449 3575 ,
3482 3518 3504 3546 ε
3537 3518 3583 3562 et
3613 3512 3792 3582 jurent

2195 3604 2404 3659 nomine
2437 3601 2649 3657 Domini
2680 3599 2890 3674 (Ibid.).
2937 3601 3206 3673 Fugicnda
3254 3603 3413 3674 igitur
3455 3613 3511 3659 et
3549 3606 3790 3660 cavenda

2196 3707 2322 3755 sunt
2365 3706 2694 3754 tentamenta
2739 3696 2958 3762 mundi;
3008 3713 3076 3752 ne
3125 3712 3326 3768 pauper
3379 3697 3667 3768 desperet,
3724 3714 3793 3754 ne

2197 3792 2424 3862 epulens
2465 3791 2778 3847 insolescat.
2813 3790 3084 3861 Scriptum
3124 3801 3204 3846 est
3248 3791 3390 3846 enim
3419 3791 3592 3848 :Cum
3624 3808 3791 3863 expu-

2198 3884 2329 3939 leris
2359 3893 2568 3955 gentes,
2598 3891 2653 3939 et
2682 3885 2915 3952 cmperis
2956 3884 3029 3938 uti
3058 3893 3160 3938 lert
3173 3884 3217 3940 is
3244 3899 3462 3951 eorum,
3498 3901 3567 3941 ne
3599 3885 3743 3940 dicas
3774 3902 3788 3941 :

2197 3977 2386 4035 Virtus
2430 3993 2549 4034 mea
2590 3987 2645 4033 et
2681 3992 2868 4032 manus
2901 3992 3020 4032 mea
3059 3976 3194 4032 hanc
3231 3979 3362 4033 mihi
3393 3982 3792 4049 possessionem

2199 4071 2408 4144 paravit
2437 4071 2620 4146 (Deut.
2655 4087 2770 4135 vttt,
2805 4068 2920 4142 l7).
2949 4070 3038 4127 Sic
3069 4080 3150 4126 est
3179 4071 3268 4140 qui
3293 4087 3422 4142 opes
3445 4088 3569 4127 suas
3601 4073 3795 4129 merito

2198 4163 2420 4220 aSCribit
2467 4180 2589 4223 suo.
2625 4163 2690 4218 Et
2727 4163 2848 4219 ideo
2891 4163 3043 4234 quasi
3080 4165 3335 4234 probatus
3377 4166 3651 4236 proprium
3685 4183 3792 4222 non

2200 4261 2443 4332 agnoscit
2471 4275 2712 4329 errorem
2743 4277 2758 4314 :
2787 4259 2884 4314 sed
2915 4259 3076 4330 longo
3117 4259 3282 4314 trahit
3313 4259 3438 4315 l'une
3485 4261 3639 4334 135
3672 4277 3796 4333 pcc-

2198 4365 2400 4408 catum.
2445 4352 2577 4408 Nam
2618 4355 2662 4409 si
2710 4353 2896 4408 credat
2939 4352 3080 4424 quod
3130 4355 3370 4409 accessio
3419 4355 3662 4425 pecunia:
3703 4363 3798 4410 aut

2201 4447 2408 4501 fortuiti
2458 4457 2687 4503 eventus
2727 4457 2820 4502 aut
2873 4449 3043 4517 turpis
3091 4449 3300 4504 astutia:
3340 4449 3443 4513 sit,
3488 4466 3593 4503 non
3635 4449 3798 4505 habet

2202 4541 2381 4597 locum
2419 4543 2705 4598 insolentia
2736 4544 2787 4597 in
2825 4543 3018 4614 quibus
3049 4555 3138 4598 aut
3171 4546 3312 4598 nulla
3339 4546 3454 4600 laus
3475 4586 3490 4612 ,
3522 4555 3576 4602 et
3621 4545 3798 4603 inanis

497 4654 648 4704 rura,
671 4611 831 4707 quam
853 4636 1025 4703 spatia
1055 4630 1357 4686 terrarum?
1374 4624 1525 4682 Unde
1549 4623 1614 4678 ad
1643 4639 1736 4680 eos
1759 4623 1847 4693 qui
1874 4622 2086 4677 domum

2201 4633 2375 4701 labor,
2409 4643 2501 4688 aut
2527 4635 2790 4706 cupiditas
2821 4635 3179 4692 inverecunda
3209 4637 3279 4692 sit
3309 4636 3524 4693 modum
3549 4637 3798 4696 nesciens

499 4734 566 4790 ad
595 4732 840 4797 domum,
870 4735 925 4783 et
945 4727 1124 4782 villam
1156 4723 1222 4778 ad
1252 4722 1433 4778 villam
1457 4720 1709 4791 jungunt,
1741 4717 1942 4773 dictum
1973 4727 2093 4774 est:

503 4822 773 4894 Numquid
811 4821 906 4878 soli
948 4817 1246 4874 habitabitis
1276 4831 1430 4887 super
1470 4824 1658 4868 terram
1699 4811 1872 4885 (Esai.
1916 4828 1970 4878 v,
2003 4812 2097 4884 8)?

501 4918 758 4989 Maiorem
779 4913 1001 4969 domum
1032 4920 1087 4966 tu
1119 4909 1307 4964 habes:
1336 4922 1557 4978 pauper,
1594 4907 1646 4960 in
1673 4921 1776 4977 qua
1807 4904 2012 4960 clamas
2041 4913 2098 4960 et

500 5007 774 5069 exaudiris
815 5025 828 5060 :
861 5004 905 5060 0
950 5002 1141 5069 Israel,
1182 4999 1356 5071 inquit
1401 4997 1684 5069 propheta,
1721 5014 1873 5068 quam
1910 5013 2100 5071 magna

501 5115 579 5162 est
626 5103 810 5158 domus
853 5096 951 5154 Dei
978 5139 992 5164 ,
1045 5105 1092 5152 et
1140 5095 1320 5166 ingens
1374 5092 1514 5146 locus
1563 5091 1899 5161 possessionis
1950 5092 2060 5163 ejus
2078 5091 2100 5144 .'

501 5199 730 5272 Magnus
755 5205 803 5251 et
832 5209 937 5250 non
965 5191 1112 5246 habet
1140 5189 1316 5259 ﬁnem,
1340 5185 1479 5240 altus
1505 5193 1553 5240 et
1576 5185 1852 5240 immensus
1876 5183 2095 5257 (Barac.

501 5309 584 5364 ιιι,
631 5294 704 5350 24
748 5301 796 5348 et
838 5285 993 5360 seq.).
1044 5285 1249 5340 Domus
1287 5280 1381 5337 Dei
1421 5278 1573 5335 diviti
1623 5286 1706 5334 est
1751 5279 2094 5348 communis,

422 5385 438 5458 ς’
501 5397 557 5446 et
602 5385 853 5461 pauperi;
901 5377 1121 5438 difﬁcile
1169 5384 1254 5433 est
1297 5382 1475 5430 tamen
1524 5371 1748 5428 divitem
1795 5371 1999 5429 intrare
2041 5373 2094 5429 in

575 5651 601 5679 ιι
639 5642 716 5696 ita
742 5653 873 5695 mss.
900 5636 1091 5702 Carn.,
1111 5630 1274 5688 Corb.
1302 5635 1479 5702 vetus,
1504 5624 1609 5702 Th.
1630 5621 1811 5702 _et.alii
1838 5624 2092 5695 quinque.

500 5714 573 5776 At
602 5695 734 5768 Ben.
764 5725 887 5766 cum
914 5695 1159 5778 reliquis,
1190 5714 1351 5774 atque
1379 5699 1536 5778 edi_t_._,
1567 5695 1764 5778 pabula.

571 5783 601 5824 ι)
643 5785 771 5840 Mss.
792 5781 979 5836 decem
1009 5769 1228 5848 optimae
1257 5769 1419 5848 notzp,
1450 5769 1598 5826 Illud
1625 5776 1892 5848 pr'eeterea.

578 5869 598 5897 ε
640 5856 798 5915 Rom.
850 5850 982 5908 edit.
1034 5841 1100 5906 ac
1152 5863 1284 5906 mss.
1341 5845 1533 5912 Carm,
1589 5850 1636 5898 et
1679 5841 1856 5912 jurem
1911 5854 2093 5895 nomen

2200 4743 2401 4800 ponere
2428 4730 2709 4802 voluptati.

2825 4865 3055 4924 CAPUT
3093 4866 3184 4924 IX.

2203 4983 2281 5039 De
2333 4983 2567 5054 corporis
2608 4984 2828 5040 humani
2872 4987 3173 5056 praestantia
3199 5027 3212 5052 ,
3266 4987 3425 5058 deque
3476 4985 3799 5058 singulorum

2273 5080 2384 5149 ejus
2419 5078 2763 5132 membrorum
2807 5079 3235 5150 conformatione,
3280 5079 3614 5151 dispositione
3647 5088 3801 5150 atque

2273 5169 2483 5239 ofﬁciis.
3803 5172 3808 5176 ‘

2272 5282 2362 5340 54.
2404 5283 2511 5340 Sed
2530 5284 2642 5354 jam
2663 5285 2825 5341 etiam
2852 5282 2922 5340 de
2946 5283 3064 5356 ipso
3100 5282 3334 5339 hominis
3367 5299 3598 5356 corpore
3623 5283 3798 5354 aliqua

2202 5376 2430 5433 dicenda
2477 5386 2624 5446 sunt,
2672 5377 2816 5449 quod
2857 5377 3202 5449 praestantius
3247 5378 3460 5433 ceteris
3500 5377 3698 5434 decore
3743 5384 3801 5432 et

2205 5629 2433 5687 Domini.
2466 5629 2645 5698 Cum,
2673 5639 2721 5686 et
2750 5633 3009 5704 perjurem
3035 5645 3217 5704 nomen
3241 5628 3488 5704 Domini;
3521 5639 3632 5704 vet.
3665 5630 3799 5686 edit.

2202 5718 2265 5757 ac
2289 5719 2418 5783 mss.
2451 5703 2589 5783 bene
2617 5700 2795 5767 multi,
2821 5700 2869 5758 et
2887 5704 3060 5775 jurem
3084 5702 3136 5755 in
3165 5703 3386 5783 nomine,
3413 5710 3518 5758 etc.
3543 5700 3802 5760 Otnuiunt

2201 5776 2561 5846 antiquissimi
2594 5793 2698 5833 non
2726 5784 3022 5848 agnoscunt
3054 5776 3518 5844 praapositionem.
