4150 6358
382 307 488 366 365

1637 312 2142 374 HEXAEMERON.
2183 320 2311 378 LIB.
2364 323 2449 379 Vl.

3569 344 3678 405 286

378 430 550 503 gratia
573 444 694 487 esse
717 430 840 502 quis
866 430 1107 486 abnuat?
1143 427 1275 484 Nam
1316 429 1419 485 etsi
1459 445 1563 484 una
1595 440 1759 502 atque
1787 433 1976 488 eadem
2003 435 2059 496 Α
2082 437 2266 492 sedem
2307 442 2682 516 originemque
2708 457 3016 504 nostrorum
3056 467 3312 508 sensuum
3339 458 3551 527 capillis
3591 477 3684 516 ca-

377 524 618 578 omnium
675 533 1014 578 lerreuorum
1060 537 1348 593 corporum
1394 522 1640 578 videatur
1689 540 1809 580 esse
1851 528 1979 580 sub-

379 615 576 672 stantia
598 657 613 681 ,
648 615 923 670 iirmitudo
961 627 1012 669 et
1043 615 1339 686 proceritas
1369 615 1689 684 quibusdam
1722 617 1893 685 major
1923 619 1976 674 in

385 707 573 764 bestiis
605 725 618 761 :
649 709 818 763 forma
845 717 1019 762 tamen
1049 707 1266 762 humani
1297 709 1539 778 corporis
1569 718 1654 764 est
1678 711 1976 776 venustior,

378 808 554 856 status
581 808 797 855 erectus
817 808 871 854 et
897 799 1107 864 celsus;
1137 808 1194 854 ut
1217 814 1393 869 neque
1412 800 1652 855 enormis
1681 802 1978 869 proceritas

376 890 469 958 sit,
518 906 693 962 neque
737 891 858 946 vilis
903 898 960 946 et
987 891 1192 961 abiecta
1228 899 1256 927 ἰ
1298 891 1614 962 pauxillitas
1648 910 1662 948 :
1701 901 1810 946 tum
1863 893 1977 963 ipsa

380 982 645 1039 habitudo
670 985 918 1054 corporis
943 983 1126 1038 suavis
1155 994 1208 1038 et
1232 993 1418 1054 grata:
1451 993 1716 1064 ttt’neque
1745 985 1976 1041 belluina

377 1075 599 1132 vastitas
625 1077 838 1131 horrori
867 1076 960 1142 sit,
989 1091 1089 1130 nec
1109 1075 1383 1146 gracilitas
1413 1077 1589 1132 tenuis
1617 1076 1936 1131 iniirmitati.

448 1171 540 1227 55.
579 1172 658 1242 Ae
679 1171 910 1241 primum
937 1170 1177 1225 omnium
1202 1185 1593 1241 cognoscamus
1617 1170 1834 1225 humani
1857 1185 1978 1226 cur-

377 1263 525 1335 poris
549 1260 803 1338 l‘abpicam
826 1263 996 1318 instar
1017 1279 1136 1319 esse
1157 1263 1362 1319 mundi.
1389 1263 1666 1334 Siquidem
1698 1275 1755 1319 ut
1778 1265 1974 1320 coelum

377 1361 583 1414 eminet
607 1339 638 1395 Β
668 1357 802 1422 aeri,
834 1356 1016 1423 terris,
1047 1357 1178 1410 mari
1209 1372 1327 1426 qua:
1357 1357 1504 1411 velut
1533 1355 1776 1426 quaedam
1809 1373 1978 1411 mem-

376 1450 473 1507 bra
522 1460 650 1506 sunt
699 1449 885 1504 mundi
932 1467 947 1505 :
1001 1450 1070 1505 ita
1115 1451 1277 1505 etiam
1327 1457 1492 1520 caput
1533 1465 1694 1520 supra
1743 1449 1978 1518 reliquos

289 1587 304 1596 .
340 1571 345 1574 -
377 1552 528 1599 artus
576 1543 748 1597 nostri
792 1542 1038 1612 corporis
1086 1542 1361 1598 cernimus
1404 1543 1676 1609 eminere,
1717 1555 1978 1614 praestan-

381 1633 756 1703 tissimuuque
809 1647 932 1688 esse
989 1634 1275 1695 omnium,
1337 1643 1606 1704 tamquam
1666 1635 1805 1688 inter
1857 1635 1972 1689 ele-

377 1736 558 1782 menta
604 1727 824 1790 etelum,
869 1735 1138 1796 tamquam
1169 1741 1348 1781 arcem
1385 1726 1532 1782 inter
1572 1727 1774 1798 reliqua
1825 1727 1975 1783 urbis

2084 527 2212 597 pitis
2260 534 2431 587 munit
2479 545 2533 590 et
2575 540 2765 604 vestit;
2821 557 2889 597 ne
2937 553 3029 597 aut
3074 545 3270 617 frigore
3316 560 3544 606 vexetur
3585 563 3682 608 aut

2081 623 2261 676 testu?
2303 624 2418 680 Illic
2459 630 2605 685 enim
2641 632 2760 688 fons
2789 637 3164 693 universorum
3198 651 3310 706 est;
3343 655 3392 700 et
3437 645 3560 701 ideo
3585 647 3679 703 ubi

2082 714 2274 784 injuria
2308 730 2486 787 nocet,
2521 725 2591 778 ibi
2619 730 2787 796 gratia
2821 734 3155 800 praeeminet.

2151 807 2237 903 ii7.
2281 810 2417 878 Quid
2441 815 2558 870 sine
2585 819 2759 887 capite
2785 831 2868 876 est
2890 823 3074 892 homo,
3104 841 3224 881 cum
3251 836 3396 884 totus
3421 829 3474 885 in
3499 832 3678 903 capite

2080 901 2190 996 siti
2217 903 2352 957 Cum
2379 917 2540 975 caput
2571 909 2790 978 videris,
2819 912 3094 972 hominem
3122 922 3374 990 agnoscis
3407 940 3420 976 :
3450 925 3494 978 si
3515 901 3680 996 caput

2079 995 2249 1060 desit,
2277 997 2425 1052 nulla
2457 1000 2660 1070 agnitio
2686 1017 2809 1059 esse
2837 1015 3010 1075 potest
3041 1025 3056 1063 :
3080 1011 3225 1081 jacet
3275 1021 3497 1071 truncus
3529 995 3683 1088 igno-

2080 1088 2226 1154 bilis,
2255 1091 2372 1146 sine
2404 1093 2610 1150 honore
2630 1137 2643 1160 ,
2672 1096 2789 1153 sine
2816 1102 3054 1158 nomine.
3087 1106 3210 1160 Sola
3235 1123 3345 1165 tere
3371 1109 3488 1165 fusa
3524 1111 3680 1182 prin-

2079 1180 2256 1250 eipum
2305 1184 2510 1253 capita,
2557 1197 2611 1241 et
2650 1187 2796 1244 ducti
2834 1192 3012 1248 vultus
3056 1195 3123 1250 de
3167 1214 3275 1255 aere
3304 1202 3386 1256 vel
3418 1204 3486 1258 de
3525 1180 3680 1260 imar-

2081 1289 2232 1330 more
2250 1271 2275 1312 ί¹
2298 1276 2367 1332 ab
2387 1276 2696 1336 hominibus
2721 1281 3038 1340 adorantur.
3070 1287 3188 1343 Non
3217 1290 3489 1348 immerito
3512 1296 3678 1364 igitur

2080 1368 2203 1422 huic
2223 1369 2376 1440 quasi
2401 1371 2694 1429 consultori
2715 1391 2814 1429 suo
2831 1385 3025 1432 ca‘tera
3049 1381 3288 1436 membra
3325 1385 3672 1454 famulantur,

2079 1471 2136 1517 et
2164 1463 2552 1520 circumferunt
2581 1467 2711 1522 illud
2741 1471 2923 1524 servili
2952 1473 3255 1547 gestamine
3283 1476 3421 1532 sicut
3451 1495 3675 1546 numen,

2079 1564 2241 1626 atque
2294 1557 2345 1611 in
2387 1559 2619 1615 sublime
2671 1562 2903 1619 locatum
2957 1566 3177 1622 vehunt.
3230 1569 3382 1626 Unde
3429 1575 3677 1630 cenSoria

2081 1657 2348 1718 potestate
2377 1667 2484 1721 quo
2514 1654 2628 1708 vult
2666 1654 2850 1722 dirigit
2888 1661 3245 1725 quorumdam
3275 1664 3529 1735 obsequia
3564 1683 3683 1724 ser-

2080 1740 2370 1806 vulorum,
2419 1753 2471 1797 et
2520 1758 2785 1816 praecepta
2834 1749 3062 1819 singulis
3110 1753 3356 1810 obeunda
3412 1757 3675 1814 decernit.

379 1822 600 1878 mmnia.
651 1821 707 1876 ln
755 1836 882 1876 arce
939 1820 1039 1875 hac
1093 1822 1331 1891 regalem
1388 1821 1672 1891 ηυειιηάίιιη
1735 1823 2278 1889 ιιειιῑιηιεΒνίάεπε
2332 1836 2642 1905 imperatori
2695 1854 2793 1894 suo
2850 1843 3062 1914 singula
3117 1850 3353 1916 gratuito
3406 1852 3682 1920 stipendio

375 1916 702 1987 sapientiam
753 1913 1049 1970 secundum
1097 1914 1468 1985 propheticum
1516 1913 1719 1968 dictum
1776 1931 1789 1966 :
1842 1915 1974 1981 Quia

379 2009 516 2063 oculi
541 2007 788 2078 sapientis
818 2007 871 2060 in
900 2007 1068 2077 capite
1091 2007 1202 2077 ejus
1227 2003 1419 2076 (Eccl..
1438 2021 1498 2072 tt,
1534 2006 1622 2077 14)
1653 2023 1665 2059 :
1694 2007 1831 2073 hanc
1857 2021 1979 2062 esse

376 2102 590 2160 eteteris
617 2103 872 2157 tutiorem
891 2141 905 2167 ,
937 2109 991 2155 et
1017 2116 1083 2156 ex
1114 2101 1206 2154 illa
1235 2101 1490 2156 omnibus
1532 2101 1793 2156 membris
1824 2101 1971 2170 vigo-

377 2208 494 2249 rem
534 2192 1032 2263 providentiamque
1073 2191 1295 2246 deferri.
1341 2191 1481 2260 Quid
1524 2192 1669 2246 enim
1722 2191 1891 2247 robur
1926 2200 1981 2246 et

381 2285 632 2340 validitas
660 2285 982 2340 lacertorum
1015 2284 1278 2354 proﬁciat,
1305 2285 1433 2356 quid
1467 2286 1725 2341 velocitas
1749 2285 1976 2356 pedum,

379 2377 485 2433 nisi
535 2377 730 2448 capitis
777 2377 925 2432 velut
969 2377 1227 2447 principis
1272 2378 1353 2434 sui
1397 2379 1690 2448 imperialis
1731 2379 1975 2450 quaedam

380 2467 799 2525 adminiculetur
828 2470 1101 2540 potestas?
1131 2469 1210 2525 Ex
1244 2470 1346 2527 hoc
1374 2472 1516 2526 enim
1549 2481 1638 2526 aut
1673 2471 1980 2528 destituun-

379 2572 468 2618 tur
499 2563 745 2618 universa
765 2607 780 2632 ,
816 2574 905 2618 aut
935 2565 1114 2618 omnia
1157 2563 1470 2620 iniciuntur.
1501 2564 1638 2634 Quid
1669 2576 1792 2636 agat
1824 2566 1967 2620 forti-

377 2656 530 2723 tudo,
577 2655 681 2711 nisi
726 2657 885 2711 oculo
928 2656 1065 2711 duce
1106 2666 1288 2710 utatur
1330 2657 1397 2711 ad
1449 2658 1734 2726 puellum?
1771 2667 1792 2693 ε
1837 2657 1976 2726 Quid

379 2749 541 2819 iuga,
595 2748 640 2804 si
687 2749 833 2804 desit
877 2748 1142 2804 obtutus?
1187 2748 1386 2804 Carcer
1431 2760 1514 2805 est
1562 2761 1729 2805 totum
1778 2765 1979 2820 corpus

379 2843 670 2899 tenebroso
701 2843 990 2898 inhorrens
1021 2844 1161 2908 situ;
1195 2842 1297 2897 nisi
1335 2844 1612 2898 oculorum
1645 2845 1980 2899 illuminetur

380 2944 624 3004 acpeetu.
669 2934 822 3000 Quod
864 2950 993 3003 ergo
1035 2935 1116 2988 sol
1161 2944 1214 2988 et
1251 2935 1372 2989 luna
1406 2935 1456 2988 in
1499 2935 1670 3001 caelo,
1712 2936 1815 2992 hoc
1855 2947 1980 2990 sunt

380 3028 523 3084 oculi
566 3029 618 3083 in
665 3027 905 3083 homine.
957 3029 1047 3084 Sol
1083 3038 1138 3083 et
1175 3029 1297 3083 luna
1345 3028 1452 3085 duo
1491 3031 1675 3086 mundi
1726 3032 1925 3086 lumina
1963 3051 1975 3086 :

381 3121 521 3176 oculi
553 3130 730 3174 autem
755 3119 998 3190 quaedam
1027 3121 1078 3173 in
1103 3135 1268 3176 carne
1287 3121 1464 3176 sidera
1497 3124 1697 3193 fulgent
1722 3124 1974 3192 desuper,

2079 1926 2334 1981 militare.
2368 1930 2480 1983 Alia
2513 1940 2758 2000 portant,
2790 1935 2889 1988 alia
2925 1949 3178 2007 pascunt,
3213 1943 3317 1996 alia
3344 1943 3679 2013 detendunt,

2077 2016 2164 2071 vel
2191 2017 2548 2074 ministerium
2576 2037 2729 2077 suum
2767 2024 3025 2082 exhibent
3053 2046 3066 2080 :
3101 2044 3288 2098 parent
3314 2041 3372 2088 ut
3403 2037 3633 2106 principi
3660 2079 3679 2102 .

2078 2109 2402 2164 ancillantur
2431 2121 2454 2148 °
2480 2122 2536 2166 ut
2559 2114 2798 2170 domino.
2832 2117 2960 2173 Inde
2989 2122 3134 2175 velut
3158 2126 3404 2193 quatdam
3434 2129 3681 2198 procedit

2081 2210 2316 2268 te-sera,
2354 2221 2511 2275 quant
2543 2207 2776 2265 debeant
2816 2213 2979 2281 pedes
3022 2215 3175 2271 obire
3205 2219 3514 2288 regionem,
3556 2241 3681 2294 qua:

2080 2297 2285 2352 militia:
2327 2299 2508 2354 munia
2545 2318 2734 2357 manus
2768 2311 3210 2365 consummandis
3235 2317 3493 2384 Operibus
3516 2332 3678 2373 exse-

2079 2399 2329 2459 quantur.
2365 2409 2524 2462 quam
2559 2406 2750 2452 venter
2777 2399 3081 2458 abstinendi
3109 2405 3190 2459 vel
3217 2407 3413 2463 edendi
3444 2408 3677 2479 formam

2081 2482 2346 2551 impositae
2375 2496 2556 2540 teneat
2577 2486 2898 2559 disciplinae.

2152 2575 2245 2631 58.
2288 2577 2420 2632 Huic
2448 2576 2598 2633 frons
2640 2581 2846 2648 libera,
2890 2585 3049 2642 nudis
3088 2599 3273 2657 aperta
3321 2595 3677 2663 temporibus,

2081 2683 2199 2738 qua:
2237 2670 2433 2726 mentis
2477 2670 2712 2726 habitum
2745 2677 2928 2744 specie
2965 2680 3049 2733 sui
3078 2682 3270 2750 prodat
3303 2700 3317 2737 :
3346 2700 3489 2740 nunc
3529 2686 3680 2752 larta,

2081 2775 2221 2814 nunc
2263 2761 2466 2816 tristior
2499 2781 2514 2816 :
2543 2780 2682 2818 nunc
2724 2778 2906 2822 erecta
2935 2771 2999 2824 ad
3029 2775 3405 2843 severitatem,
3440 2794 3580 2832 nunc
3607 2779 3683 2836 ad

2083 2856 2358 2910 lenitatem
2384 2857 2682 2923 remissior,
2715 2878 2834 2930 quae
2860 2865 3030 2934 signis
3061 2865 3371 2925 forensibus
3408 2872 3680 2929 internum

2081 2950 2350 3017 exprimat
2380 2949 2730 3006 voluntatem.
2762 2953 2942 3023 Imago
2972 2958 3216 3027 quaedam
3247 2963 3410 3017 animi
3439 2964 3682 3034 loquitur

2080 3042 2132 3098 in
2161 3044 2340 3110 vultu,
2375 3043 2495 3112 iidei
2525 3044 2669 3099 basis
2715 3047 2764 3100 in
2803 3065 2907 3118 qua
2946 3053 3187 3117 quotidie
3226 3057 3436 3112 Domini
3476 3075 3676 3115 nomen

2083 3135 2393 3190 inscribitur
2423 3151 2475 3194 et
2515 3145 2749 3194 tenet-ur.
2796 3143 2923 3195 liam
2974 3145 3202 3214 gemina:
3239 3162 3397 3219 sepes
3437 3153 3683 3221 superci-

380 3222 435 3270 et
482 3213 734 3269 inferiora
782 3213 932 3267 claro
977 3213 1251 3268 illustrant
1291 3212 1514 3282 lumine,
1561 3231 1661 3271 nec
1705 3221 1978 3285 patiuntur
2005 3210 2050 3274 C
2083 3226 2273 3284 liurnm
2318 3241 2639 3303 sequuntur,
2682 3249 2805 3304 qua:
2851 3210 3022 3290 oculis
3067 3210 3398 3294 munimenta
3447 3210 3683 3311 prieten-

379 3306 557 3362 noctis
589 3305 908 3377 quibusdam
956 3321 1054 3360 nos
1097 3305 1334 3361 tenebris
1383 3306 1670 3376 implicari.
1723 3309 1978 3380 Specula-

379 3408 522 3455 tores
551 3398 766 3468 quidam
800 3398 967 3453 nostri
1013 3397 1104 3454 die
1147 3414 1210 3454 ac
1246 3408 1404 3454 nocte
1432 3400 1718 3456 excubant.
1750 3403 1882 3457 Nam
1909 3419 1975 3459 ex

379 3507 578 3562 sopore
619 3491 876 3547 membris
921 3493 1132 3547 caeteris
1175 3493 1338 3548 citius
1381 3494 1704 3561 excitantur,
1754 3507 1808 3552 et
1846 3499 1979 3568 vigi-

379 3585 554 3641 lantes
593 3586 1043 3654 circumspectant
1079 3585 1298 3652 omnia;
1329 3587 1618 3643 viciniores
1661 3591 1804 3644 enim
1852 3600 1978 3646 sunt

377 3677 621 3743 cerebro,
647 3677 787 3732 unde
811 3677 989 3731 omnis
1015 3687 1202 3731 manat
1225 3693 1353 3732 usus
1376 3679 1611 3734 videndi.
1636 3680 1821 3752 Neque
1845 3699 1976 3738 vero

377 3785 722 3842 prarpropere
760 3770 1044 3840 quisquam
1095 3771 1199 3824 huc
1237 3768 1588 3826 descendisse
1633 3787 1720 3827 me
1767 3773 1973 3840 credat,

375 3867 519 3939 quod
551 3867 744 3922 relicto
773 3867 978 3921 vertice
1012 3866 1203 3922 oculos
1234 3866 1546 3935 praedicem,
1579 3882 1700 3921 cum
1740 3869 1974 3923 alienum

377 3974 487 4016 non
518 3959 589 4014 sit
617 3973 882 4012 summam
917 3973 1030 4012 rem
1061 3958 1112 4012 in
1145 3965 1295 4025 parte
1335 3957 1572 4013 laudare.
1604 3959 1802 4015 Oculos
1831 3965 1975 4015 enim

376 4059 585 4106 certum
608 4057 692 4104 est
711 4064 832 4104 ease
853 4049 1049 4119 capitis
1068 4050 1390 4114 portionem.
1410 4048 1482 4104 Ca
1492 4063 1583 4119 put
1609 4052 1788 4122 itaque
1808 4054 1981 4108 oculis

377 4144 630 4217 explorat
671 4144 872 4206 omnia,
919 4142 1140 4196 auribus
1178 4141 1387 4196 occulta
1424 4143 1668 4206 rimatur,
1703 4147 1980 4215 cognoscit

376 4235 717 4303 abSi-oiidita,
751 4234 901 4290 audit
929 4233 1056 4304 quid
1082 4232 1203 4288 aliis
1226 4242 1415 4303 agatur
1443 4234 1495 4288 in
1527 4234 1706 4290 terris.

450 4329 542 4385 56.
588 4329 704 4398 Ipse
735 4337 916 4382 autem
946 4334 1128 4381 vertex
1156 4326 1352 4394 capitis
1374 4342 1534 4396 quam
1566 4328 1746 4382 suavis
1778 4339 1832 4384 et
1856 4345 1978 4399 gra-

377 4434 486 4489 tus,
513 4437 676 4493 quam
707 4421 950 4492 speciosa
979 4419 1262 4482 caesaries,
1293 4435 1454 4490 quam
1487 4421 1783 4477 reverenda
1818 4422 1977 4496 136

381 4514 437 4571 in
463 4514 682 4590 senibus
708 4555 724 4578 ,
757 4529 914 4582 quam
948 4512 1254 4567 veneranda
1290 4513 1341 4566 in
1372 4514 1744 4570 sacerdotibus
1767 4558 1782 4582 ,
1813 4533 1972 4586 quam

379 4606 641 4662 terribilis
670 4607 723 4660 in
755 4605 1126 4672 bellatoribus,
1153 4620 1312 4672 quam
1344 4604 1542 4659 decora
1573 4606 1626 4660 in
1655 4608 1973 4664 adolescen-
2001 4591 2052 4652 Ῑ)

379 4698 558 4764 tibus;
589 4713 748 4768 quam
789 4706 1002 4766 compta
1041 4695 1095 4750 in
1125 4694 1480 4760 mulieribus,
1513 4713 1674 4767 quam
1712 4699 1887 4756 dulcis
1917 4703 1971 4757 in

377 4794 600 4863 pueris?
631 4790 806 4846 Alium
830 4805 1018 4845 sexum
1049 4790 1242 4844 crinita
1281 4805 1388 4844 non
1419 4791 1594 4859 decet,
1623 4793 1786 4848 alium
1821 4804 1971 4852 tonsa

379 4901 488 4941 non
513 4885 688 4940 decet.
726 4883 803 4938 Ex
835 4883 1118 4937 arboribus
1149 4883 1276 4936 licet
1305 4898 1425 4952 quae
1457 4883 1672 4940 humani
1705 4889 1768 4940 sit
1801 4889 1969 4957 gratia

378 4976 592 5047 capitis,
617 4977 906 5032 aestimare.
935 4975 990 5029 lu
1013 4973 1190 5044 capite
1212 4973 1424 5029 arboris
1444 4977 1618 5030 omnis
1640 4987 1723 5031 est
1747 4979 1971 5046 fructus,

377 5067 456 5123 ibi
485 5067 661 5122 omnis
687 5077 770 5122 est
792 5066 1133 5137 pulchritudo
1155 5108 1168 5128 ,
1205 5064 1345 5118 illius
1377 5081 1530 5120 coma
1564 5084 1660 5122 nos
1688 5079 1778 5123 aut
1799 5087 1828 5124 a
1859 5073 1974 5140 plu-

377 5159 480 5217 viis
510 5159 672 5232 tegit,
699 5169 795 5215 aut
822 5159 1063 5214 defendit
1090 5174 1120 5212 a
1168 5157 1307 5214 sole.
1341 5157 1491 5213 Tolle
1519 5160 1701 5215 arbori
1725 5178 1966 5231 comam,

378 5262 492 5310 tota
517 5254 680 5308 arbor
709 5254 916 5324 ingrata
957 5262 1060 5307 est.
1090 5253 1303 5319 Quanto
1340 5251 1502 5323 igitur
1543 5253 1715 5325 major
1750 5255 1969 5313 humani

377 5344 574 5418 capitis
593 5353 814 5400 ornatus
846 5352 952 5408 est,
991 5344 1080 5414 qui
1110 5344 1391 5400 cerebrum
1429 5357 1696 5415 nostrum,
1731 5349 1834 5408 hoc
1861 5361 1966 5419 est,

453 5472 480 5500 ει
519 5461 596 5517 Ita
627 5477 759 5516 mss.
797 5460 1080 5516 duodecim
1117 5478 1238 5518 cum
1269 5471 1378 5519 vet.
1418 5464 1548 5520 edit.
1584 5464 1768 5523 Codex
1801 5480 1981 5526 autem

379 5532 536 5591 C(en.
581 5543 637 5589 et
673 5534 811 5587 Vict.
857 5547 1030 5598 unus,
1062 5535 1341 5604 pusillitas.
1384 5536 1492 5591 Alii
1533 5547 1588 5596 et
1625 5539 1755 5594 edit.
1798 5557 1986 5597 recen-

382 5607 572 5676 tiores,
592 5603 1030 5676 pusillanimitns.
1239 5618 1242 5621 '

453 5675 483 5715 δ
522 5675 913 5752 Ειιιικιξιῐιιιιξξἳ
945 5676 1197 5730 utcwlum
1226 5682 1409 5752 eminet
1436 5681 1568 5746 aeri,
1599 5685 1749 5740 terris
1778 5687 1976 5752 maria,

383 5763 518 5816 quia,
547 5757 654 5804 etc.
682 5746 812 5832 Mss.
832 5747 1144 5832 aliquae...
1170 5751 1340 5817 terris,
1359 5752 1619 5832 .mart'que.
1645 5755 1752 5815 Alii
1780 5746 1976 5828 majori

386 5835 614 5882 numero
642 5829 700 5877 et
723 5826 1066 5886 auctoritate,
1089 5827 1152 5874 ut
1174 5833 1338 5889 supra
1359 5826 1412 5878 ιιι
1436 5831 1604 5880 textu.

794 5917 1070 5980 PATROL.
1117 5914 1294 5978 XLV.

2081 3321 2247 3389 dunt,
2305 3334 2608 3394 prietexunt
2651 3328 2912 3397 gratiam;
2962 3336 3022 3383 ut
3069 3339 3124 3384 et
3171 3341 3426 3388 venustas
3465 3333 3682 3392 decoris

2077 3415 2343 3484 arrideat,
2385 3427 2442 3474 et
2478 3419 2755 3491 diligentia
2790 3422 3140 3491 protectionis
3177 3426 3416 3482 assistat.
3451 3427 3507 3484 Si
3548 3430 3680 3500 quid

2079 3506 2222 3560 enim
2253 3507 2322 3564 de
2359 3511 2536 3579 capite
2579 3510 2818 3567 Sardium
2847 3512 3062 3568 decidat
3083 3556 3096 3578 ,
3130 3524 3223 3570 aut
3257 3532 3434 3572 arenae
3464 3520 3676 3588 pulvis,

2078 3607 2172 3652 ant
2197 3615 2285 3656 ros
2317 3601 2547 3668 nebulae,
2573 3613 2664 3658 aut
2688 3603 3058 3661 humescentis
3082 3609 3302 3664 verticis
3321 3611 3505 3677 sudor,
3531 3615 3682 3668 exei-

2081 3691 2224 3758 pitur
2273 3694 2592 3762 supercilio,
2643 3711 2709 3750 ne
2760 3706 2972 3754 teneras
3019 3698 3222 3755 oil'ensa
3267 3704 3385 3758 acie
3439 3704 3680 3764 visiones

2079 3784 2324 3839 mollium
2356 3788 2630 3853 perturbet
2661 3791 2964 3844 oculorum.

2151 3873 2242 3929 59.
2285 3876 2572 3933 Adii-.erenl
2604 3882 2752 3934 velut
2777 3882 3100 3948 quihusdam
3142 3886 3407 3941 montium
3435 3895 3682 3953 superci-

2081 3963 2166 4018 liis
2191 3965 2365 4031 oculi;
2395 3977 2452 4022 ut
2481 3979 2538 4022 et
2568 3981 2884 4042 proxegente
2914 3975 3114 4029 montis
3139 3977 3420 4034 cacumine
3452 3974 3682 4038 tutiores

2079 4057 2212 4120 siut,
2238 4067 2292 4110 et
2321 4069 2588 4127 tamquam
2613 4061 2666 4116 in
2698 4078 2914 4118 summo
2945 4064 3128 4131 locati,
3156 4067 3226 4122 de
3254 4068 3481 4138 quadam
3515 4088 3682 4130 scena

2080 4148 2365 4217 superiore
2405 4150 2654 4207 universa
2685 4165 3051 4223 prospectent.
3078 4156 3262 4228 Neque
3292 4161 3436 4216 enim
3463 4173 3685 4233 Oporte-

2079 4236 2169 4293 bat
2209 4254 2306 4295 eos
2343 4240 2573 4298 humiles
2601 4260 2724 4302 esse
2763 4247 2904 4302 sicut
2947 4264 3128 4315 aures,
3168 4252 3255 4306 vel
3297 4268 3381 4320 os,
3425 4255 3683 4328 ipsosque

2080 4334 2288 4388 narium
2341 4336 2626 4393 interiores
2667 4341 2836 4395 sinus.
2886 4343 3116 4414 Specula
3156 4346 3299 4401 enim
3348 4363 3565 4419 semper
3609 4367 3684 4409 ex»

2078 4426 2190 4481 alto
2222 4439 2338 4497 est;
2365 4441 2423 4485 ut
2461 4431 2864 4491 advenientium
2903 4447 3238 4494 catervarum
3273 4441 3544 4498 hostilium
3587 4461 3684 4502 cx-

2081 4520 2284 4590 plorari
2309 4527 2478 4593 possit
2495 4527 2784 4593 adventus,
2811 4547 2877 4586 ne
2898 4531 3195 4600 improviso
3218 4549 3481 4607 occupent
3506 4545 3683 4596 otian-

2081 4623 2188 4668 tem
2227 4616 2309 4670 vel
2347 4616 2497 4673 urbis
2537 4621 2790 4688 populum
2830 4622 2911 4676 vel
2965 4623 3310 4694 imperatoris
3354 4637 3676 4690 exercitum.

2081 4701 2169 4759 Sic
2201 4706 2466 4760 latrtinum
2510 4723 2724 4780 quoque
2752 4723 3012 4768 caventur
3045 4717 3314 4784 incursus,
3353 4722 3398 4774 si
3429 4723 3676 4790 explora«

2079 4805 2229 4853 tores
2261 4799 2417 4871 137
2447 4802 2498 4855 in
2528 4805 2693 4857 muris
2723 4816 2816 4859 aut
2858 4808 3096 4864 turribus
3125 4821 3217 4865 aut
3248 4815 3446 4869 montis
3477 4819 3678 4873 excelsi

2079 4895 2373 4962 supercilio
2417 4895 2526 4948 sint
2575 4895 2770 4965 locati;
2826 4909 2884 4954 ut
2934 4900 3169 4972 desuper
3218 4911 3466 4974 spectent
3520 4910 3676 4977 plana

2080 4987 2392 5056 regionum,
2441 4989 2496 5043 in
2539 4990 2736 5060 quibus
2775 4993 2988 5050 insidias
3037 5001 3304 5052 latronum
3350 4999 3521 5055 latere
3574 5019 3682 5059 non

2083 5083 2310 5150 possint.
2337 5081 2393 5137 ln
2428 5084 2562 5139 mari
2592 5102 2805 5158 quoque
2840 5088 3044 5158 positus
3074 5092 3117 5146 si
3148 5093 3266 5162 quis
3297 5103 3456 5148 terra:
3482 5112 3680 5163 appro-

2082 5174 2344 5246 pinquare
2382 5193 2446 5233 se
2479 5181 2721 5248 conjicit,
2769 5183 2821 5238 in
2863 5183 2977 5254 ipsa
3009 5186 3134 5240 mali
3167 5185 3402 5256 fastigia,
3448 5199 3500 5242 et
3535 5188 3709 5253 celsa,

2080 5279 2437 5325 autennarnm
2464 5285 2663 5328 cornua
2684 5277 2790 5330 voti
2815 5276 3127 5347 esplorator
3141 5277 3408 5342 ascendit,
3433 5287 3488 5332 et
3507 5278 3683 5335 adhuc

2079 5359 2398 5420 invisibilem
2410 5364 2634 5437 reliquis
2648 5369 3021 5440 navigantibus
3032 5372 3241 5427 eminus
3255 5380 3451 5424 terram
3465 5371 3683 5428 salutat.

2152 5489 2189 5603 ιε
2228 5479 2353 5536 Car.
2399 5496 2554 5551 mss.,
2601 5482 2739 5549 Quid
2774 5494 2830 5539 tu
2873 5485 3046 5558 agas?
3085 5484 3231 5539 Desit
3268 5481 3474 5540 obtutus
3507 5501 3688 5544 carcer

2175 5593 2189 5603 .
2219 5562 2325 5603 etc.

2095 5562 2189 5613 est.
2219 5562 2325 5608 etc.

2163 5619 2188 5696 _d
2231 5624 2362 5680 Mss.
2389 5623 2555 5680 Corb.
2594 5641 2735 5681 unus
2759 5634 2818 5682 et
2846 5625 2985 5681 Vict.
3030 5626 3195 5681 etiam
3223 5639 3393 5696 unus,
3423 5629 3487 5683 ab
3515 5627 3686 5686 homi-

2090 5692 2240 5748 nibus
2271 5697 2614 5752 adornantur.

2166 5775 2188 5803 ε
2230 5767 2343 5839 Big.
2369 5767 2523 5824 Gem.
2556 5767 2721 5826 Corb.
2746 5781 2888 5828 unus.
2911 5774 2970 5822 et
2995 5766 3136 5825 Vict.
3167 5781 3329 5838 unus,
3357 5779 3413 5825 ut
3440 5771 3681 5834 dominre.
