4150 6358
471 254 576 312 267

1802 245 2046 302 SANCTI
2079 244 2408 304 ‘AMBROSII

543 373 636 427 60.
677 373 744 427 At
789 369 927 425 forte
953 367 1100 424 dicas
1129 383 1141 420 :
1189 365 1245 421 Si
1286 363 1500 435 specula
1530 361 1724 418 editior
1751 363 2058 418 necessaria
2085 365 2138 423 Λ
2165 363 2218 417 in
2241 362 2448 430 singula
2478 375 2706 432 quaeque
2725 361 2902 418 officia
2933 362 3264 419 derivantur.
3290 362 3522 432 ideoque
3541 365 3764 422 mollius

471 465 594 528 fuit.
632 482 728 520 cur
759 479 863 518 non
892 477 1052 531 supra
1081 475 1348 513 summum
1389 458 1644 512 verticem
1682 457 1875 526 capitis
1917 457 2060 510 oculi

469 557 746 614 coiistituti
775 563 919 614 sunt,
949 553 1088 606 sicut
1115 550 1320 606 cancris
1343 549 1426 604 vel
1452 549 1740 604 scarabtcis
1767 550 1819 602 in
1847 565 2058 603 summa

468 658 596 703 sunt
619 688 633 711 ,
672 633 868 716 quibus
903 643 1029 698 licet
1059 643 1266 697 nullum
1295 651 1457 710 caput
1495 650 1781 714 appareat,
1829 642 1965 697 colla
1997 657 2060 697 ac

465 740 625 795 dorsa
653 750 829 794 tamen
859 743 1056 794 caetero
1095 751 1325 805 corpore
1358 736 1588 791 celsiora
1619 735 1783 790 sunt?
1811 735 1915 790 Sed
1958 734 2060 790 illis

468 842 602 889 testa
630 832 824 897 valida,
858 839 1098 886 nectam
1140 830 1318 885 tenuis
1355 830 1666 886 membrana
1699 831 1839 885 sicut
1881 830 2057 898 nobis,

459 941 582 993 qua:
611 922 766 980 facile
806 923 986 994 possit
1013 922 1215 979 offendi
1237 963 1252 990 ,
1284 923 1531 993 ruboque
1559 933 1614 979 et
1651 925 1866 979 czeteris
1894 926 2060 979 inter-

461 1018 635 1074 sciudi
669 1017 933 1074 sentibus.
964 1015 1100 1072 Aliis
1129 1031 1344 1087 quoque
1363 1015 1730 1072 animantibus
1751 1015 2058 1084 huiusmodi

459 1111 669 1182 species
689 1153 705 1180 ,
735 1120 797 1166 ut
817 1111 1035 1181 possint
1061 1111 1247 1166 oculos
1274 1119 1370 1165 aut
1395 1111 1461 1165 ad
1493 1111 1756 1165 cervicem
1789 1110 2056 1177 conferre.

459 1213 520 1259 ut
547 1205 698 1274 equi,
724 1219 788 1258 ac
824 1203 1008 1268 boves,
1038 1217 1104 1258 ac
1149 1203 1537 1274 propemodum
1569 1218 1758 1258 omnes
1787 1205 1937 1268 ferre,
1967 1209 2061 1256 aut

460 1297 527 1351 ad
577 1299 690 1351 alas
735 1311 892 1362 suas,
936 1306 993 1349 ut
1039 1310 1166 1350 aves
1211 1311 1316 1365 quo
1363 1305 1474 1349 tuta
1525 1295 1708 1365 quiete
1761 1295 2055 1364 potiantur.

457 1387 626 1443 Nobis
655 1399 834 1444 autem
867 1387 920 1440 in
954 1403 1163 1442 summa
1206 1387 1594 1457 prolicmodum
1632 1387 1876 1456 corporis
1906 1396 2058 1456 parte

458 1480 714 1536 constitui
754 1480 941 1536 oculos
983 1481 1223 1549 0p0t‘lttll
1270 1489 1538 1550 tamquam
1595 1481 1647 1534 in
1687 1495 1847 1546 arce,
1899 1488 1954 1533 et
1991 1479 2059 1534 ab

458 1573 609 1629 omni
652 1574 734 1629 vel
773 1573 992 1628 minima
1035 1574 1334 1630 oﬂ'ensione
1380 1573 1614 1640 defendi,
1655 1589 1775 1645 qua:
1807 1574 1914 1629 duo
1955 1573 2060 1627 sibi

455 1670 874 1741 compugnantia
915 1668 1257 1724 videbantur.
1303 1667 1434 1723 Nam
1479 1669 1524 1723 si
1566 1669 1617 1723 in
1652 1667 1838 1722 humili
1877 1678 2059 1723 essent

459 1772 679 1833 propter
717 1771 953 1818 tutamen
974 1803 990 1826 ,
1022 1776 1216 1816 munus
1260 1760 1638 1831 impediretur;
1668 1761 1713 1816 si
1746 1763 1797 1815 in
1829 1761 2053 1826 vertice,

2170 466 2254 508 est
2279 454 2494 508 cameris
2519 455 2826 519 cerebrum,
2861 456 2986 524 quia
3015 471 3206 512 omnes
3238 457 3463 525 suscipit
3491 473 3679 512 sensus
3707 458 3759 523 lb;

2163 544 2305 600 unde
2336 561 2527 600 omnes
2553 548 2722 611 nervi,
2751 556 2806 601 et
2829 561 2936 617 quo
2963 547 3206 603 referunt
3232 551 3502 616 universa,
3531 567 3652 620 qua!
3674 551 3763 606 vel

2159 639 2350 693 oculus
2379 637 2593 705 viderit,
2625 639 2709 695 vel
2738 641 2889 695 auris
2915 640 3171 704 audierit,
3205 642 3292 698 vel
3323 642 3458 699 odor
3487 644 3764 702 inhalave-

2160 732 2250 796 rit,
2281 732 2367 786 vel
2407 732 2583 802 lingua
2612 733 2960 804 increpuerit,
2990 734 3080 790 vel
3119 749 3183 790 os
3219 736 3433 805 saporis
3465 738 3760 808 acceperit.

2160 823 2315 891 Quod
2359 825 2502 879 enim
2550 827 2737 893 molle,
2779 827 2846 882 ad
2890 828 3321 896 compassionem
3362 829 3541 900 aptius
3569 847 3582 884 :
3609 831 3765 901 quod

2160 930 2340 974 autem
2369 919 2562 975 durum
2593 936 2658 976 ex
2698 922 2880 993 aliquo
2913 923 3098 994 rigore
3124 939 3414 979 nervorum
3438 965 3453 991 ,
3486 923 3554 980 ad
3597 939 3765 996 agen-

2161 1010 2288 1066 dum
2317 1011 2614 1068 efficacius.

2233 1104 2324 1159 62.
2369 1106 2881 1163 Praestantissimum
2911 1123 3128 1181 quoque
3147 1109 3401 1166 audiendi
3425 1126 3621 1167 munus
3647 1119 3751 1178 est,

2159 1204 2215 1251 et
2253 1198 2392 1252 visui
2445 1214 2604 1268 supra
2634 1202 2829 1270 gratia.
2862 1201 2985 1256 Ideo
3015 1217 3176 1258 aures
3203 1205 3565 1261 exstantiores
3595 1212 3758 1271 sunt;

2162 1297 2221 1344 ut
2250 1299 2306 1344 et
2334 1300 2558 1346 ornatus
2582 1291 2840 1349 decorem
2869 1294 3161 1364 praeferant
3183 1337 3197 1362 ,
3225 1305 3280 1350 et
3299 1298 3574 1365 excipiant
3597 1312 3764 1354 omne

2163 1382 2294 1438 illud
2323 1385 2575 1456 quidquid
2591 1387 2666 1443 ‘de
2697 1389 2899 1444 vertice
2921 1391 3161 1445 sordium
3184 1389 3494 1447 ltumorisve
3520 1392 3762 1448 defluxe-

2161 1478 2266 1541 rit;
2301 1479 2459 1533 simul
2507 1491 2566 1534 ttt
2595 1481 2648 1534 in
2679 1496 2867 1536 earum
2899 1483 3104 1541 sinibus
3137 1499 3240 1538 vox
3282 1499 3600 1554 repercussa
3643 1485 3762 1542 sine

2162 1571 2464 1627 offensione
2495 1573 2785 1630 interiores
2813 1574 3147 1645 ingrediatur
3169 1576 3465 1632 anfractus.
3497 1577 3625 1632 Nam
3655 1578 3760 1634 nisi

2163 1664 2233 1718 ita
2262 1674 2428 1732 esset,
2461 1667 2584 1736 quis
2615 1681 2720 1720 non
2748 1668 2815 1722 ad
2856 1683 3072 1723 omnem
3121 1669 3362 1724 fortioris
3389 1685 3582 1724 sonum
3612 1672 3763 1727 vocis

2162 1757 2424 1812 attonitus
2470 1757 2820 1824 redderetur;
2866 1775 2989 1815 cum
3041 1763 3180 1816 inter
3223 1761 3338 1832 ipsa
3376 1763 3613 1819 subsidia
3653 1764 3764 1822 fre-

454 1828 708 1930 patercnt
746 1859 813 1912 ad
852 1857 1122 1927 injuriam.
1170 1857 1354 1925 Itaque
1399 1871 1466 1912 ne
1492 1856 1574 1909 vel
1613 1865 1637 1893 δ
1670 1857 1787 1910 usui
1821 1856 2058 1911 muneris
2089 1828 2136 1888 Β
2166 1860 2396 1920 quenter
2435 1851 2730 1922 improviso
2769 1855 2906 1909 ictus
2945 1856 3181 1911 clamore
3222 1871 3322 1911 nos
3368 1857 3763 1916 obsurdesccre

457 1951 662 2021 aliquid
702 1949 1098 2012 detraheretur,
1145 1949 1227 2004 vel
1275 1946 1477 2018 aliquid
1523 1947 1592 2001 ad
1639 1947 2056 2017 propulsandam

456 2045 709 2116 injuriam
757 2060 863 2099 non
913 2043 1337 2114 prospiceretur,
1384 2059 1449 2096 eo
1490 2042 1596 2096 loci
1636 2043 1825 2097 oculos
1857 2041 2060 2096 consti-

454 2140 578 2204 tuit,
625 2138 711 2192 cui
757 2136 1043 2206 supercilia
1093 2135 1330 2205 desuper
1376 2151 1482 2189 non
1526 2135 1803 2188 minimum
1848 2144 2060 2204 protec-

453 2229 616 2284 tionis
642 2228 977 2298 impertiant,
1006 2227 1195 2283 subter
1223 2227 1378 2280 mala:
1408 2225 1802 2295 aliquantulum
1833 2227 2059 2280 elevatae

451 2321 596 2376 haud
620 2323 880 2391 exiguum
910 2320 1225 2375 munitionis
1251 2318 1564 2387 adjungant,
1594 2314 1904 2372 interiorem
1935 2331 2060 2387 par-

454 2424 562 2472 tem
596 2415 808 2486 sepiant
845 2429 1002 2467 nares
1021 2454 1036 2478 ,
1063 2413 1393 2468 exteriorem
1421 2425 1634 2480 quoque
1664 2410 1857 2465 frontis
1886 2411 2057 2465 malae

453 2525 683 2580 rumque
705 2507 862 2579 gibbi
903 2507 1231 2562 extubereut
1262 2522 1276 2558 :
1319 2515 1374 2560 et
1410 2505 1534 2559 licet
1561 2505 1762 2558 ossium
1798 2518 2058 2574 compage

450 2619 696 2661 connexa
720 2614 776 2657 et
806 2611 1017 2672 aequata
1047 2598 1281 2656 confinia
1313 2598 1724 2653 circumvallare
1747 2598 2054 2664 videantur,

454 2703 596 2757 inter
647 2697 763 2751 hare
806 2694 970 2749 medii
1020 2703 1148 2749 sunt
1189 2693 1467 2748 oculorum
1513 2692 1704 2757 orbes,
1753 2703 1807 2745 et
1847 2693 1942 2745 tuti
1990 2689 2056 2745 ad

451 2789 784 2852 cavendum,
813 2796 868 2844 et
891 2787 959 2842 ad
992 2785 1307 2842 intuendum
1341 2785 1526 2848 liberi.
1559 2794 1614 2840 et
1635 2785 1816 2840 decori
1847 2785 1912 2838 ad
1933 2799 2059 2854 gra-

451 2883 620 2949 tiam,
667 2893 725 2936 ut
767 2889 898 2952 pote
935 2881 986 2934 in
1031 2879 1272 2951 crystalli
1311 2878 1546 2949 speciem
1593 2877 1944 2947 refulgentes.
1999 2877 2055 2932 In

451 2991 680 3047 quorum
730 2975 910 3030 medio
960 2973 1175 3045 pupillae
1221 2984 1375 3040 sunt,
1424 2989 1544 3043 quae
1589 2971 1805 3028 videndi
1861 2989 2058 3028 lllllllUS

448 3077 762 3139 operantur.
798 3067 892 3124 Hie
935 3084 1002 3122 ne
1032 3082 1136 3138 qua
1180 3066 1470 3122 incidentis
1502 3066 1708 3137 injuriae
1754 3066 2056 3123 offcusionc

449 3161 741 3229 ladantur,
791 3160 915 3232 pilis
963 3160 1090 3216 hinc
1137 3160 1262 3215 inde
1311 3159 1580 3214 consertis
1621 3159 1772 3214 velut
1817 3161 2052 3230 quodam

2163 1944 2502 1998 sentiamus?
2533 1944 2666 1999 Tum
2701 1947 2847 2001 velut
2867 1947 3113 2018 quadam
3141 1953 3542 2020 propugnacula
3571 1952 3759 2008 viden

2163 2036 2498 2105 prmtendere
2525 2038 2784 2093 adversus
2809 2040 3022 2107 frigoris
3048 2044 3420 2112 asperitatem,
3445 2045 3753 2115 calorisque

2162 2129 2531 2199 flagrantiam;
2565 2141 2626 2186 ut
2657 2149 2830 2204 neque
2870 2133 3040 2205 frigus
3075 2145 3323 2206 penetret
3351 2137 3546 2193 ductus
3574 2149 3765 2210 paten-

2161 2231 2281 2289 tes,
2335 2239 2508 2293 ncque
2554 2225 2752 2280 nimius
2803 2227 2996 2282 adurat
3047 2239 3230 2284 a-stus.
3283 2230 3528 2287 Sinuatio
3581 2243 3762 2291 autem

2162 2315 2479 2373 interiorum
2529 2321 2740 2375 aurium
2785 2321 3092 2377 modulandi
3135 2324 3424 2393 quemdam
3475 2341 3759 2384 numerum

2162 2421 2383 2479 praestat
2427 2421 2482 2467 et
2518 2412 2876 2483 disciplinam.
2913 2415 3188 2482 Siquidem
3223 2434 3318 2488 per
3356 2420 3630 2477 anfractus
3666 2434 3765 2478 ttu-

2161 2507 2299 2560 rium
2317 2507 2569 2576 cquidam
2601 2507 2885 2580 rhythmos
2913 2510 3167 2576 efficitur,
3196 2524 3250 2568 et
3282 2515 3516 2570 modulis
3537 2516 3762 2586 quibus-

2161 2596 2283 2652 dam
2315 2599 2575 2669 iugressae
2601 2616 2771 2656 sonus
2803 2603 2950 2657 vocis
2983 2604 3328 2672 exprimitur.
3355 2605 3592 2662 Tenaces
3626 2623 3764 2676 prae—

2160 2697 2305 2746 terea
2353 2693 2618 2748 sermonis
2649 2695 2855 2764 accepti
2879 2696 3032 2763 ipsos
3072 2711 3194 2752 esse
3233 2697 3506 2754 anfractus
3548 2701 3762 2756 aurium

2162 2797 2293 2837 usus
2339 2783 2458 2852 ipse
2506 2799 2606 2838 nos
2655 2785 2832 2841 docet.
2873 2787 3152 2858 Siquidem
3200 2790 3352 2844 velut
3401 2791 3452 2844 iu
3502 2794 3764 2849 concavis

2162 2874 2445 2939 montium,
2498 2876 2579 2930 vel
2629 2877 2680 2930 in
2728 2891 2947 2933 recessu
2997 2881 3234 2949 rupium,
3280 2882 3364 2936 vel
3413 2883 3466 2936 in
3512 2884 3762 2941 anfractu

2159 2965 2442 3021 fluminum
2487 2984 2589 3022 vox
2637 2969 2857 3024 auditur
2892 2970 3128 3038 "dulcior,
3175 2982 3229 3028 et
3273 2989 3532 3045 reiponsa
3575 2978 3763 3033 suavia

2160 3059 2401 3113 referens
2448 3063 2584 3114 echo
2626 3063 2872 3117 resultat.
2908 3061 3041 3132 Ipsa:
3082 3081 3297 3137 quoque
3326 3068 3518 3122 sordes
3545 3070 3756 3125 aurium

2161 3166 2265 3206 non
2306 3155 2526 3208 inutiles
2566 3171 2685 3224 qua:
2713 3156 2882 3226 ligant
2914 3173 3099 3213 vocent
3135 3177 3148 3214 ι
3188 3172 3243 3215 ιιι
3287 3163 3530 3219 tenacior
3554 3165 3672 3236 ejus
3703 3165 3760 3222 in

450 3256 596 3310 vallo
645 3269 740 3325 per
787 3218 1083 3310 'circuitum
1135 3255 1466 3308 muniuntur.
1515 3251 1672 3308 Unde
1725 3261 1898 3308 tutum
1947 3253 2052 3308 sibi
2083 3218 2123 3278 (ἶ
2161 3246 2313 3300 nobis
2344 3256 2401 3302 et
2431 3249 2691 3303 memoria
2718 3252 2810 3315 sit,
2841 3260 2896 3306 et
2921 3252 3112 3321 gratia.

442 3347 706 3403 auxilium
725 3348 1005 3416 postulans
1025 3347 1292 3416 Propheta
1314 3347 1392 3399 ait
1417 3362 1430 3399 :
1455 3345 1667 3400 Custodi
1684 3362 1782 3410 nte,
1809 3343 2050 3410 Domine,

447 3447 508 3494 ut
537 3439 789 3510 pupillam
815 3440 952 3493 oculi
980 3437 1098 3510 (Pa.
1127 3454 1239 3504 xvi,
1271 3439 1352 3507 8);
1387 3450 1442 3494 ut
1475 3439 1828 3508 protectionis
1853 3438 2052 3492 divinae

449 3531 809 3586 fleretel'tam
839 3529 1068 3586 sollicita
1092 3538 1149 3584 et
1169 3540 1278 3583 tuta
1306 3530 1572 3593 custodia,
1603 3545 1762 3599 quam
1796 3529 2052 3600 pupillam

448 3624 592 3680 oculi
625 3623 897 3678 tutissimo
926 3621 1160 3694 quodam
1195 3631 1399 3676 natura;
1434 3621 1572 3674 vallo
1615 3623 1825 3675 munire
1863 3622 2054 3692 digna-

450 3728 538 3774 tus
563 3729 668 3772 est.
701 3714 872 3772 Simul
895 3716 1019 3786 quia
1045 3714 1355 3769 innocentia
1379 3724 1432 3768 ct
1455 3714 1734 3782 integritas
1762 3715 1864 3770 levi
1889 3714 2052 3770 sorde

449 3826 670 3882 aspersa
717 3810 970 3874 violatur,
1020 3819 1075 3864 et
1123 3809 1314 3879 gratiae
1357 3823 1469 3864 sua:
1511 3822 1705 3863 munus
1725 3809 1951 3874 amittit;
1995 3816 2051 3863 et

447 3903 570 3960 ideo
601 3903 1062 3975 prospiciendum,
1093 3915 1163 3957 ne
1193 3903 1314 3972 quis
1334 3915 1452 3956 eam
1480 3901 1657 3971 pulvis
1679 3902 1881 3957 erroris
1908 3899 2050 3955 obli-

447 4006 581 4062 met,
622 4006 716 4051 ant
755 3997 860 4051 ulla
897 4005 1054 4050 vexet
1097 3994 1300 4051 fesutca
1344 3995 1589 4062 peccati;
1626 3996 1748 4065 quia
1783 3994 2046 4064 scriptum

446 4098 534 4146 est
563 4107 576 4144 :
608 4087 756 4158 Ejice
781 4089 1006 4156 primum
1026 4089 1219 4143 trabem
1245 4087 1310 4141 de
1332 4089 1484 4142 oculo
1505 4098 1612 4151 tuo,
1635 4097 1682 4141 et
1707 4097 1828 4142 tunc
1855 4086 2047 4142 uidebis

447 4183 634 4254 ejicere
661 4179 908 4248 festucam
936 4180 1000 4233 de
1028 4181 1180 4233 oculo
1206 4178 1384 4250 fratris
1410 4181 1485 4231 tui
1515 4177 1730 4249 (Matth.
1763 4195 1858 4244 vtt,
1891 4178 1968 4250 5).

524 4315 613 4370 61.
656 4314 839 4385 itaque
885 4323 1105 4385 propter
1133 4314 1318 4368 oculos
1358 4311 1538 4368 ferunt
1583 4314 1834 4369 medendi
1869 4307 2046 4386 periti

449 4399 731 4467 cerebrum
778 4408 1013 4464 hominis
1060 4407 1112 4461 in
1163 4409 1339 4478 capite
1389 4407 1646 4474 locatum,
1691 4408 1825 4463 alios
1863 4421 2042 4488 autem

450 4500 625 4559 nostri
668 4490 911 4572 corpOris
960 4514 1152 4554 sensus
1205 4509 1424 4578 propter
1475 4500 1757 4556 cerebrum
1801 4489 2044 4558 finitimo

450 4593 682 4668 quodam
740 4609 860 4649 esse
910 4591 1186 4670 domicilio
1234 4591 1579 4650 constitutos.
1633 4595 1844 4651 Initium
1899 4596 2128 4683 enimp

451 4701 742 4743 nervorum
779 4694 833 4741 et
872 4675 1113 4740 omnium
1152 4702 1408 4742 sensuum
1451 4687 1766 4745 voluntaria:
1803 4706 2046 4746 commo-

451 4777 617 4834 tionis
664 4769 946 4834 cerebrum
973 4787 1076 4844 est,
1119 4787 1277 4848 atque
1317 4779 1442 4836 inde
1485 4783 1662 4837 omnis
1705 4780 1890 4840 eorum
1925 4801 2045 4854 qua“:

452 4869 718 4937 diximus,
764 4885 924 4926 causa
955 4853 1402 4926 manatflnitium
1433 4886 1612 4929 autem
1641 4878 1962 4933 arteriarum
1992 4889 2046 4934 et

449 4963 594 5020 insiti
608 4961 822 5054 caloris,
837 4978 942 5034 quo
954 4957 1258 5047 animantur
1272 4951 1324 5019 et
1339 4966 1492 5036 tepefi
1503 4977 1594 5021 unt
1609 4971 1808 5039 vitalia,
1825 4988 2049 5030 coresse

447 5058 692 5132 plerique
709 5051 904 5138 arbitra
915 5066 1056 5110 ntur.
1073 5055 1339 5110 Sensuum
1363 5071 1541 5113 autem
1556 5063 1885 5134 singulorum
1902 5071 2047 5122 velut

448 5164 710 5219 οτεεηιωῃ
744 5145 902 5220 138
925 5147 1078 5202 nervi
1105 5157 1254 5213 sunt,
1281 5149 1371 5216 qui
1407 5151 1553 5206 velut
1580 5155 1798 5210 chordae
1828 5169 1882 5213 et
1910 5160 2044 5217 fides

450 5242 698 5312 qumdam
726 5221 1048 5296 de'cerebro
1082 5243 1351 5310 oriuntur,
1378 5253 1431 5298 et
1467 5261 1561 5316 per
1592 5261 1768 5318 partes
1798 5258 2044 5325 corporis

524 5392 550 5420 ι
591 5385 696 5465 Sc}
737 5398 908 5465 mss.,
954 5382 1039 5465 uti
1077 5385 1326 5465 muneris.
1383 5387 1450 5439 Et
1489 5389 1651 5456 paulo
1690 5405 1808 5460 post
1847 5394 2035 5465 Carm,

453 5453 588 5535 Ben.
609 5497 622 5515 .
653 5454 818 5510 Corb.
863 5466 919 5537 et
956 5456 1042 5508 alii
1075 5454 1186 5510 fere
1214 5473 1406 5512 eomes
1435 5453 1592 5526 ante,
1637 5453 2038 5540 prospiceremr;

454 5527 706 5598 omittunt
739 5526 1100 5598 negationem.
1213 5595 1217 5598 Δ
1589 5593 1592 5596 ἢ

527 5594 552 5632 ι’
589 5597 716 5652 Mss.
751 5593 1016 5669 aliquot,
1041 5593 1098 5654 et
1139 5595 1266 5654 edit.
1314 5610 1421 5655 vet.
1447 5642 1463 5667 ,
1512 5593 1647 5655 unde
1687 5620 1860 5662 omnes
1899 5617 2036 5669 nervi

449 5680 693 5748 quierunt
715 5669 972 5748 universa.
1004 5668 1162 5744 Rom.
1185 5714 1201 5740 ,
1250 5689 1308 5727 eo
1332 5675 1470 5748 enim
1498 5675 1638 5748 nervi
1667 5683 1896 5746 referunt
1921 5668 2039 5738 uni?

448 5752 618 5795 versa.
666 5737 773 5794 Alii
799 5737 1158 5799 codices'non
1185 5737 1367 5815 pauci,
1399 5745 1536 5800 unde
1562 5755 1610 5802 et
1636 5737 1794 5818 ner'vi,
1838 5763 1897 5827 et
1919 5737 2038 5828 quia

2230 3342 2322 3396 65.
2366 3341 2441 3397 De
2488 3344 2708 3398 naribus
2746 3355 2926 3400 autem
2954 3347 3079 3416 quid
3127 3347 3336 3419 loquar,
3368 3365 3486 3420 quae
3528 3351 3671 3408 bivio
3699 3360 3759 3409 et

2158 3449 2386 3504 procero
2417 3437 2680 3494 foramine
2708 3451 2923 3494 antrum
2955 3441 3227 3512 quoddam
3270 3446 3596 3515 recipiendis
3623 3447 3760 3503 odo-

2155 3528 2306 3584 ribus
2351 3539 2643 3598 praestant;
2679 3543 2733 3587 ut
2767 3549 2873 3587 non
2917 3535 3283 3602 perfunctorie
3311 3539 3450 3594 odor
3492 3549 3757 3610 transeat,

2155 3622 2250 3675 sed
2295 3622 2498 3678 diutius
2540 3624 2804 3681 inharreat
2834 3627 3074 3692 naribus,
3099 3639 3154 3682 et
3179 3645 3363 3685 earum
3394 3633 3556 3687 ductu
3597 3647 3754 3690 cere-

2154 3709 2330 3778 brum,
2362 3728 2660 3785 sensusque
2688 3715 2988 3786 deposcat?
3013 3718 3138 3775 ideo
3166 3721 3370 3778 diutius
3393 3724 3526 3778 odor
3553 3724 3746 3796 ﬂagrat

2153 3815 2429 3874 acceptus,
2472 3822 2633 3876 quain
2675 3825 2856 3864 sermo
2895 3824 3136 3879 resonat,
3182 3824 3275 3868 aut
3317 3815 3461 3871 visus
3501 3826 3745 3886 apparet.

2152 3896 2476 3969 Plerumque
2519 3901 2663 3971 quod
2707 3912 2982 3959 momento
3029 3906 3175 3962 brevi
3228 3909 3392 3965 fueris
3439 3911 3698 3967 odoratus
3728 3953 3746 3978 ,

2153 3996 2268 4044 toto
2293 3991 2382 4046 die
2414 3991 2510 4046 tibi
2537 3993 2708 4062 spirat
2737 3999 2788 4050 in
2814 3998 3068 4055 naribus.
3101 3998 3203 4055 Per
3242 4016 3337 4056 cas
3373 4017 3586 4074 quoque
3619 4018 3750 4073 pur-

2147 4094 2400 4152 gamenta
2439 4086 2630 4154 capitis
2655 4087 2918 4155 defluunt,
2949 4099 3005 4146 et
3027 4091 3146 4147 sine
3173 4091 3356 4148 fraude
3380 4105 3542 4164 atque
3571 4095 3748 4153 oﬂ‘en-

2148 4174 2301 4230 sione
2324 4176 2500 4247 aliqua
2531 4181 2774 4248 corporis
2799 4180 3132 4238 derivantur.

2223 4269 2310 4323 64.
2355 4269 2450 4324 Est
2467 4275 2634 4326 etiam
2660 4288 2765 4328 non
2789 4276 3078 4332 mediocris
3100 4291 3290 4334 sensus
3311 4278 3365 4333 in
3388 4286 3555 4348 tactu,
3581 4287 3747 4353 atque

2151 4361 2204 4415 in
2247 4363 2316 4417 eo
2363 4363 2613 4435 voluptas
2655 4369 2962 4437 gratissima
2992 4413 3004 4437 ,
3047 4372 3426 4445 sincerumque
3455 4374 3745 4444 judicium.

2151 4453 2475 4526 Plerumque
2518 4457 2662 4512 enim
2709 4468 2851 4516 tactu
2893 4463 3203 4533 probamus,
3249 4482 3368 4537 qua:
3406 4469 3576 4524 oculis
3609 4483 3747 4541 pro-

2149 4545 2279 4601 bare
2305 4563 2408 4602 non
2443 4564 2749 4618 possumus.
3335 4555 3338 4558 ’

2223 4640 2312 4697 65.
2355 4641 2690 4699 Postremum
2733 4661 2946 4718 quoque
2975 4649 3209 4706 officium
3240 4662 3324 4708 est
3359 4654 3472 4710 oris
3510 4662 3604 4710 aut
3639 4655 3747 4712 lln-

2153 4750 2307 4805 gum,
2354 4739 2496 4806 quod
2550 4749 2726 4795 tamen
2763 4743 3029 4798 omnibus
3072 4745 3216 4800 vires
3245 4747 3552 4804 ministrat.
3605 4749 3742 4806 Nam

2151 4845 2326 4900 neque
2347 4833 2486 4886 oculi
2511 4833 2750 4903 vigorem
2779 4836 2998 4892 videndi
3034 4839 3317 4905 haberent,
3356 4843 3458 4897 nisi
3489 4844 3744 4901 virtutem

2151 4922 2467 4976 substantiae
2496 4926 2801 4993 corporalis
2839 4928 3146 4999 acciperent
3165 4971 3179 4994 ,
3205 4947 3326 5001 quae
3355 4934 3478 4989 cibo
3503 4934 3749 4993 defertur

2150 5023 2205 5069 et
2249 5024 2398 5084 potu,
2437 5033 2614 5088 neque
2639 5035 2800 5076 aures
2825 5023 3101 5090 audiendi,
3148 5034 3242 5079 aut
3270 5041 3428 5083 nares
3458 5029 3746 5098 odorandi,

2150 5119 2240 5162 aut
2284 5125 2475 5168 manus
2519 5115 2792 5184 tangendi,
2837 5117 2938 5172 nisi
2980 5131 3178 5188 corpus
3219 5135 3381 5177 omne
3409 5123 3751 5180 confortettir

2146 5198 2436 5257 alimentis.
2472 5204 2758 5262 Defieimus
2782 5209 2929 5264 enim
2951 5207 3179 5274 viribus,
3216 5215 3317 5269 nisi
3346 5230 3437 5269 eas
3463 5216 3568 5269 cibi
3596 5231 3751 5271 com-

2147 5297 2380 5362 petentis
2403 5298 2715 5354 aSsiduitate
2738 5316 3070 5370 reparemus.
3091 5304 3330 5376 Denique
3347 5307 3580 5364 confeCti
3604 5309 3752 5366 fame

2145 5413 2395 5484 referunt,
2425 5415 2782 5484 etc.'0ptime
2809 5418 2944 5474 Ben.
2978 5429 3034 5473 ιιι
3060 5420 3111 5474 in
3141 5430 3313 5476 textu.

2218 5488 2244 5568 ξ
2276 5483 2414 5568 Μςε.Δ
2439 5483 2694 5568 Qennac
2726 5487 2866 5568 B_i_g.,
2910 5492 3120 5568 quidam
3145 5494 3355 5568 στᾷμος,
3397 5494 3589 5568 idest,
3622 5511 3752 5568 gar-

2143 5555 2354 5608 rulitas.
2389 5558 2674 5634 Alii-atque
2703 5555 2857 5634 edit,
2884 5563 3093 5631 quidam
3126 5555 3390 5631 militum,
3426 5567 3478 5619 id
3509 5555 3751 5634 est-"Vnu-

2143 5640 2326 5708 merus
2372 5631 2628 5696 musicus,
2663 5631 2746 5686 vel
2774 5646 2830 5687 ut
2856 5634 2989 5688 Ben.
3023 5634 3166 5688 inter
3187 5634 3358 5690 lineas
3385 5637 3574 5710 habet,
3599 5631 3746 5700 idal-

2141 5712 2216 5752 ευ
2241 5714 2422 5754 εοηαε.
