4150 6358
416 351 522 408 269

1660 343 2156 400 iii‘lXMCMEilON.
2200 343 2325 399 LIB.
2374 343 2456 399 γι.

3604 349 3713 404 270

419 467 580 522 nullis
624 463 964 518 oblectantur
998 473 1250 516 sensuum
1291 456 1682 530 voluptatibus,
1723 457 1816 513 sed
1859 458 2008 528 quasi
2040 464 2085 521 Α
2115 457 2206 511 sed
2233 459 2356 528 quid
2387 458 2452 513 ad
2487 459 2704 514 humani
2735 461 2905 516 osculi
2934 470 3295 528 venustatem,
3321 479 3427 534 quo
3459 466 3710 520 amicitia:

420 566 667 614 exsortes
697 571 884 612 eorum
917 553 1261 609 delinimenta
1293 567 1399 606 non
1431 552 1692 606 sentiunt.

421 701 424 706 .
497 651 655 725 139
677 651 767 706 66.
791 651 928 717 Quid
947 664 1045 720 ego
1062 647 1366 703 describam
1385 645 1630 701 dentium
1655 644 1877 708 vallum,
1903 655 2010 713 quo

417 743 570 800 cibus
595 744 898 807 coniicitur,
949 751 1002 797 et
1039 741 1209 810 plenae
1250 740 1304 794 ﬁt
1336 738 1487 794 vocis
1525 737 1847 808 expressio?
1876 736 2009 804 Qum.

416 850 534 891 sme
561 835 820 890 dentibus
841 831 1098 888 alimonia
1129 830 1466 887 delectaret?
1492 829 1736 900 Denique
1762 831 1862 882 αξνὶ
1894 843 2010 882 ma-

418 938 567 984 turos
596 929 915 999 plerumque
937 925 1328 982 cernimusboc
1353 926 1472 997 ipso
1502 924 1664 980 citius
1695 937 2006 988 senescere,

418 1020 559 1088 quod
590 1021 806 1075 amissis
840 1020 1094 1074 dentibus
1132 1019 1339 1073 nullam
1372 1018 1584 1088 possint
1615 1017 1718 1071 cibi
1750 1016 2037 1070 virtutem-

416 1113 695 1167 validioris
741 1126 1040 1167 assumere.
1087 1111 1210 1166 Ideo
1241 1120 1389 1165 mnta
1435 1109 1683 1176 infantia,
1734 1108 1857 1180 quia
1903 1123 2011 1162 non

420 1205 582 1260 habet
611 1205 789 1260 adhuc
816 1220 1076 1276 organum
1106 1202 1278 1258 vocis.

485 1299 573 1352 67.
615 1297 837 1361 Linguae
873 1313 1090 1367 quoque
1128 1312 1236 1351 non
1283 1296 1456 1351 solum
1489 1296 1541 1349 in
1577 1293 1870 1366 loquendo,
1915 1291 2012 1347 sed

414 1392 575 1448 etiam
609 1393 659 1445 in
681 1391 896 1447 edendo
923 1406 1122 1446 munus
1155 1388 1610 1461 pretiosissimum
1637 1397 1737 1442 est.
1767 1386 1843 1440 Ea
1867 1387 2011 1440 enim

420 1485 570 1541 velut
613 1485 882 1556 plectrum
935 1486 1228 1553 loquentis,
1279 1491 1333 1537 et
1379 1480 1624 1551 quaedam
1672 1479 1882 1534 edentis
1932 1487 2016 1532 est

411 1593 628 1642 manus,
663 1594 782 1647 quae
808 1577 1142 1632 deﬂuentem
1181 1573 1362 1630 cibum
1395 1574 1649 1627 dentibus
1691 1571 1928 1640 suggerit
1960 1578 2015 1623 et

412 1671 701 1724 ministrat.
745 1667 859 1722 Vox
889 1683 1103 1738 quoque
1135 1667 1280 1722 aeris
1319 1665 1556 1737 quodam
1589 1663 1816 1730 remigio
1849 1660 2010 1716 vehi-

414 1772 519 1828 tur,
551 1772 606 1817 et
634 1778 731 1834 per
757 1763 916 1817 inane
939 1771 1206 1831 portatur,
1251 1761 1552 1829 eademque
1576 1757 1654 1811 vis
1678 1772 1798 1827 quzc
1825 1770 2011 1809 aerem

2115 550 2324 617 insigne
2383 550 2841 623 humanitatisque
2903 554 3214 626 praefulget,
3263 557 3316 612 in
3373 574 3480 624 quo
3533 559 3708 628 plenas

2112 641 2394 697 charitatis
2436 644 2610 700 fidelis
2640 647 2960 716 exprimitur
2991 647 3256 703 affectus?
3301 647 3456 705 Unde
3505 659 3558 705 et
3597 650 3708 705 Do-

2113 734 2291 788 minus
2317 734 2463 789 velut
2491 737 2720 808 prodigii
2748 753 2918 808 genus
2943 739 3000 795 in
3032 741 3308 809 proditore
3338 741 3710 798 condemnans

2113 829 2188 882 ait
2204 845 2215 880 :
2229 827 2574 895 luda,osculo
2589 825 2956 906 Filium
2968 835 3186 889 hominis
3200 835 3363 890 tradis
3381 834 3535 906 (Luc.
3571 851 3707 902 xxii,

2113 921 2183 978 48
2215 923 2400 991 )?hoc
2431 934 2515 979 est
2535 924 2817 980 cbaritatis
2858 929 3068 998 insigne
3095 930 3370 986 convertis
3401 932 3464 985 ad
3494 932 3704 1002 signum

2115 1019 2439 1089 proditionis
2478 1030 2532 1075 et
2559 1020 2902 1079 infidelitatis
2948 1025 3247 1086 indicium?
3287 1026 3444 1081 Pacis
3481 1026 3588 1081 hoc
3621 1027 3706 1096 pi-

2114 1112 2481 1180 gnore7uteris
2507 1123 2528 1150 ο
2552 1112 2617 1166 ad
2637 1113 2872 1168 oﬁicium
2903 1116 3280 1172 crudelitatis?
3307 1118 3526 1174 Bestiali
3551 1120 3711 1189 igitur

2116 1203 2226 1258 oris
2257 1204 2516 1274 obsequio
2559 1203 2883 1260 inferentem
2926 1207 3106 1276 potius
3135 1222 3357 1272 necem,
3389 1224 3546 1278 quam
3577 1210 3710 1265 cha-

2117 1297 2294 1351 ritatis
2342 1297 2544 1352 fmdera
2591 1297 2925 1353 deferentem
2968 1297 3166 1353 divinae
3197 1302 3375 1374 arguit
3407 1300 3560 1354 vocis
3590 1315 3714 1355 ora-

2116 1391 2258 1444 culo.
2287 1390 2423 1445 illud
2471 1406 2680 1462 quoque
2728 1391 3082 1462 prazcipuum,
3126 1391 3268 1461 quod
3317 1392 3418 1446 soli
3461 1392 3712 1447 homines

2118 1497 2214 1535 ore
2257 1483 2647 1552 exprimimus,
2703 1499 2826 1554 quae
2865 1483 3028 1538 corde
3065 1482 3352 1538 sentimus.
3391 1481 3577 1554 Itaque
3615 1497 3713 1538 co-

2117 1575 2404 1646 gitationes
2448 1577 2624 1631 tacitze
2665 1578 2900 1643 mentis,
2951 1579 3062 1632 oris
3107 1591 3362 1631 sermone
3408 1577 3715 1646 signantur.

2117 1667 2255 1732 Quid
2283 1677 2365 1722 est
2391 1668 2554 1739 igitur
2584 1683 2644 1723 os
2687 1669 2956 1736 hominis,
3010 1670 3111 1724 nisi
3142 1669 3413 1740 quoddam
3445 1669 3718 1724 sermonis

2117 1760 2342 1828 aditum,
2398 1761 2516 1816 fons
2542 1762 2943 1832 disputationis,
2975 1761 3097 1816 aula
3141 1763 3430 1816 verborum
3451 1803 3465 1825 ,
3490 1775 3715 1831 promp-

409 1854 684 1920 verberat,
727 1871 866 1910 nunc
894 1860 1221 1918 commovet,
1257 1867 1397 1906 nunc
1428 1851 1700 1906 demulcet
1739 1849 2009 1902 audientis
2039 1859 2087 1918 Β
2117 1854 2350 1908 tuarium
2379 1853 2706 1909 voluntatis?
2732 1853 3086 1909 Absiilvimus
3119 1855 3266 1908 velut
3291 1853 3578 1923 quamdam
3609 1851 3714 1905 hu-

407 1945 682 2012 affectmn,
715 1947 908 2001 iratum
943 1947 1166 2014 mitigat,
1199 1944 1430 1999 fractum
1464 1943 1640 2013 erigit,
1676 1943 1882 1997 solatur
1910 1940 2008 1994 do-

409 2039 634 2094 lentem.
657 2038 741 2094 Sit
767 2040 927 2110 igitur
949 2039 1103 2093 nobis
1130 2051 1392 2092 canorum
1425 2049 1713 2090 commune
1744 2047 1865 2088 cum
1894 2031 2008 2085 avi-

410 2131 532 2188 bus.
566 2133 674 2188 Sed
699 2132 836 2202 apud
865 2148 1028 2203 quem
1057 2145 1166 2203 quo
1191 2145 1326 2184 sono
1349 2131 1496 2184 vocis
1525 2140 1727 2193 utatur,
1760 2126 1902 2198 quod
1927 2133 2010 2180 cst

408 2226 769 2291 rationabile,
811 2242 914 2280 non
957 2234 1134 2295 potest
1173 2238 1295 2278 cum
1346 2223 1598 2277 omnibus
1641 2219 2008 2275 animantibus

411 2317 871 2372 irrationabilibus
902 2315 1113 2370 scilicet
1147 2329 1269 2369 esse
1309 2328 1616 2368 commune.
1661 2312 1792 2366 Nam
1824 2320 1879 2365 et
1906 2309 2008 2380 ipsi

409 2423 606 2464 sensus
635 2397 952 2463 communes
983 2407 1138 2462 nobis
1179 2415 1305 2460 sunt
1340 2420 1462 2460 cum
1502 2405 1870 2459 animantibus
1903 2417 2009 2457 cre-

412 2504 543 2559 teris
579 2521 591 2557 :
625 2503 720 2559 sed
755 2514 931 2558 tamen
963 2519 1070 2558 non
1099 2501 1288 2557 eadem
1335 2500 1417 2555 his
1459 2508 1670 2554 czeterte
1701 2499 2009 2553 animantes

411 2596 676 2653 industria
721 2608 964 2654 utuntur.
1016 2596 1190 2666 Erigit
1221 2595 1416 2650 bucula
1454 2594 1522 2649 ad
1559 2594 1757 2650 ccelmn
1798 2592 2005 2656 oculos,

411 2689 506 2744 sed
537 2689 666 2759 quid
693 2699 900 2759 spectet
929 2689 1160 2758 ignorat.
1187 2686 1416 2756 Erigunt
1444 2685 1595 2750 feras,
1628 2685 2006 2754 eriguntaves,

411 2782 664 2836 omnibus
691 2791 771 2835 est
799 2781 934 2835 liber
957 2790 1210 2849 aspectus
1241 2796 1253 2832 :
1285 2779 1378 2832 sed
1402 2780 1500 2833 soli
1527 2779 1665 2831 inest
1686 2777 1889 2830 homini
1918 2789 2010 2830 c0-

413 2888 533 2928 rum
577 2886 699 2941 qua:
746 2871 940 2940 aSpicit
987 2870 1211 2924 affectus
1253 2870 1538 2940 interpres.
1583 2869 1804 2937 Spectat
1837 2867 2010 2921 oculis

412 2973 565 3018 ortus
594 2963 881 3032 obitusque
907 2963 1188 3032 signorum
1209 3003 1224 3026 ,
1258 2961 1411 3016 videt
1441 2973 1818 3014 ornamentum
1857 2961 2006 3023 coeli,

415 3056 646 3110 miratur
675 3056 954 3109 stellarum
985 3054 1168 3119 orbes,
1205 3053 1443 3123 fulgores
1473 3068 1685 3123 quoque
1711 3053 1960 3107 diversius
1981 3060 2008 3088 ιι

412 3148 664 3217 intelligit
679 3147 1033 3218 singuiorum,
1056 3145 1270 3216 quando
1285 3145 1550 3216 hesperos
1569 3155 1773 3216 surgat,
1792 3144 2010 3216 quando

2113 1948 2256 2001 mani
2289 1948 2534 2017 corporis
2561 1947 2784 2016 regiam,
2813 1946 2868 2001 in
2894 1961 2995 2016 qua
3016 1947 3088 2002 sit
3117 1947 3245 2002 licet
3265 1944 3508 2014 quaedam
3540 1957 3715 2016 quan-

2112 2039 2238 2093 titas
2267 2040 2556 2109 portionis,
2590 2039 2762 2092 forma
2793 2050 2972 2093 tamen
2997 2038 3370 2093 universitatis
3392 2049 3500 2093 est.

2183 2131 2272 2187 69.
2313 2132 2570 2202 Sequitur
2596 2141 2779 2202 guttur
2799 2147 2898 2202 per
2927 2131 3067 2202 quod
3093 2133 3257 2184 totius
3283 2132 3530 2201 corporis
3547 2131 3716 2186 vitate

2111 2226 2522 2289 commercium,
2565 2233 2620 2279 et
2657 2225 2880 2294 spiritus
2919 2221 3447 2294 h‘ujus‘commeatus
3479 2223 3720 2277 infundi-

2114 2327 2217 2372 tur.
2261 2317 2576 2372 Succedunt
2625 2316 2869 2382 brachia,
2905 2329 2959 2372 et
3001 2317 3164 2371 validi
3205 2317 3535 2371 lacertorum
3584 2318 3718 2382 tori,

2111 2410 2303 2465 validre
2332 2409 2398 2464 ad
2428 2409 2763 2481 operandam
2799 2426 3020 2476 manus,
3050 2419 3106 2466 et
3141 2410 3550 2478 procerioribus
3577 2409 3720 2479 digi-

2114 2504 2181 2559 tis
2213 2505 2424 2559 habiles
2451 2504 2519 2558 ad
2545 2504 2862 2559 tenendum.
2892 2504 3027 2559 Hinc
3056 2504 3234 2573 aptior
3258 2519 3388 2558 usus
3428 2503 3714 2573 operandi,

2113 2597 2238 2652 hinc
2269 2595 2540 2652 scribendi
2572 2596 2866 2667 elegantia,
2897 2605 2948 2652 et
2989 2596 3083 2650 ille
3109 2596 3356 2650 calamus
3393 2595 3587 2650 scriba:
3615 2608 3684 2648 ve
3706 2622 3720 2636 -

2112 2690 2303 2744 lociter
2322 2691 2631 2754 scribentis,
2659 2701 2769 2762 quo
2791 2689 2990 2743 divina:
3013 2687 3162 2743 vocis
3188 2687 3572 2758 exprimuntur
3595 2699 3721 2741 m-

2111 2786 2250 2841 cula.
2307 2785 2497 2839 Manus
2528 2793 2612 2840 est
2649 2799 2772 2855 qua:
2819 2783 3000 2838 cibum
3048 2781 3130 2836 ori
3176 2781 3491 2836 ministrat:
3523 2791 3716 2835 manus

2113 2888 2196 2933 est
2219 2894 2339 2950 qua:
2381 2878 2660 2948 prieclaris
2691 2878 2864 2931 enitet
2892 2875 3067 2942 factis,
3113 2889 3232 2948 qua:
3261 2874 3607 2929 conciliatrix
3636 2871 3722 2928 di-

2115 2973 2254 3024 vina:
2298 2971 2484 3040 gratia:
2514 2969 2686 3024 sacris
2719 2969 2948 3023 infertur
2987 2966 3288 3031 altaribus,
3321 2981 3418 3038 per
3447 2981 3607 3036 quam
3639 2965 3724 3020 of-

2117 3061 2342 3116 ferimus
2363 3073 2418 3114 et
2444 3063 2706 3114 sumimus
2733 3066 3074 3114 sacramenta
3101 3057 3346 3112 C(elestia
3372 3075 3385 3110 :
3411 3073 3604 3112 manus
3633 3067 3722 3112 est

2117 3169 2236 3224 qua:
2267 3161 2520 3222 operatur
2550 3153 2753 3222 pariter
2787 3161 2948 3222 atque
2971 3149 3255 3219 dispensat
3283 3149 3465 3204 divina
3500 3158 3714 3219 myste-

413 3240 609 3297 lucifer
634 3259 646 3296 :
678 3254 774 3295 cur
800 3240 892 3294 ille
909 3238 1280 3309 vespertinus,
1313 3239 1399 3294 hic
1420 3238 1717 3292 matutinus
1740 3237 1963 3292 irrailiet
1993 3253 2006 3290 :
2035 3252 2084 3316 ς
2117 3248 2216 3311 τίει,
2263 3249 2416 3316 cujus
2439 3245 2705 3302 vocabulo
2735 3259 2840 3299 non
2871 3244 3195 3315 dedignatus
3222 3254 3303 3298 est
3348 3259 3408 3297 se
3437 3243 3534 3298 Dei
3568 3242 3713 3298 ﬁlius

410 3346 546 3404 quos
604 3340 784 3386 motus
829 3329 1002 3386 Orion
1055 3329 1292 3398 habeat,
1355 3345 1490 3400 quos
1541 3330 1668 3383 luna
1717 3328 2005 3384 defectus:

413 3422 869 3494 quemadmodum
923 3423 1010 3478 sol
1062 3436 1190 3476 suos
1245 3422 1394 3476 norit
1446 3435 1694 3487 occasus,
1747 3421 2008 3476 circuitus

407 3532 622 3589 quoque
663 3531 859 3572 cursus
904 3517 986 3571 sui
1034 3515 1384 3570 solemnitate
1421 3515 1712 3569 custodiat.
1769 3513 2010 3569 Audiunt

408 3626 623 3683 quoque
652 3615 959 3669 animantes
1001 3621 1239 3675 caeteras,
1289 3609 1386 3664 sed
1433 3612 1555 3680 quis
1597 3619 1795 3680 prteter
1833 3608 2008 3664 homi-

409 3721 530 3761 nem
581 3707 854 3762 audiendo
899 3706 1211 3778 cognoscit?
1259 3705 1481 3761 Secreta
1531 3706 1811 3774 sapientia:
1859 3706 2008 3760 solus

410 3797 575 3853 homo
605 3813 672 3854 ex
702 3797 1274 3868 omnibus‘generibus
1303 3812 1427 3867 qua:
1457 3797 1507 3851 in
1540 3799 1700 3852 terris
1730 3806 1878 3863 sunt,
1907 3812 2006 3851 au-

409 3891 524 3946 ditu
555 3901 612 3947 et
650 3893 1001 3948 meditatione
1039 3902 1095 3948 et
1124 3891 1413 3963 prudentia
1449 3891 1676 3962 colligit,
1711 3893 1800 3962 qui
1830 3900 2010 3962 potest

411 3985 591 4041 dicere
622 4005 634 4040 ε
666 3986 896 4040 Audiam
915 3987 1043 4057 quid
1075 3987 1328 4057 loquatur
1355 3985 1410 4040 in
1435 4000 1523 4040 me
1551 3984 1809 4039 Dominus
1843 3986 2005 4039 Deus.

415 4077 531 4134 Hoc
557 4088 640 4134 est
670 4079 1144 4148 pretiosissimum,
1179 4079 1324 4148 quod
1356 4083 1518 4132 homo
1545 4077 1741 4132 divinm
1772 4080 1919 4131 vocis
1941 4077 2012 4131 sit

413 4185 708 4241 organum,
763 4181 818 4225 et
859 4170 1236 4241 corporalibus
1292 4171 1447 4224 labiis
1489 4169 1746 4239 exprimit
1787 4169 2013 4224 caeleste

412 4264 716 4328 oraculum,
741 4263 882 4318 sicut
901 4263 1030 4317 illud
1053 4273 1138 4318 est
1167 4279 1180 4316 :
1205 4262 1404 4317 Clama.
1431 4263 1568 4329 Quid
1583 4262 1858 4316 clamabo?
1889 4261 2014 4315 0m-

413 4357 493 4411 m's
511 4373 634 4411 caro
661 4359 855 4425 [mnum
879 4354 1041 4428 (Ean.
1068 4373 1161 4421 xL,
1189 4355 1223 4410 6
1249 4360 1286 4426 ).
1343 4355 1570 4425 Accepit
1608 4356 1752 4426 quod
1786 4355 2011 4421 diceret,

412 4456 470 4503 et
491 4449 765 4504 clamavit.
797 4449 909 4506 Sibi
943 4449 1177 4506 habeant
1207 4449 1550 4520 prttdentiam
1578 4464 1730 4504 suam
1761 4449 1850 4514 qui
1884 4449 2012 4504 εωΙί

416 4552 793 4612 terrarumque
835 4544 1007 4611 spatia
1045 4542 1198 4597 radio
1236 4542 1572 4597 describunt.
1615 4542 1729 4598 Sibi
1779 4541 2015 4596 habeant

2112 3341 2408 3406 declarari,
2450 3341 2666 3396 dicente
2706 3339 2876 3394 David
2907 3356 2921 3394 :
2954 3339 3175 3393 Dextera
3205 3336 3418 3392 Domini
3457 3337 3582 3407 fecit
3609 3337 3716 3390 vir-

2111 3444 2290 3499 tutem,
2324 3434 2536 3489 dextera
2559 3433 2770 3488 Domini
2796 3433 3040 3488 exultavit
3090 3448 3168 3486 me
3201 3429 3338 3505 (Ps.
3378 3444 3551 3498 cxvii,
3586 3429 3709 3501 16).

2112 3528 2301 3582 Manus
2345 3536 2572 3597 estquae
2602 3527 2732 3581 fecit
2761 3525 2964 3590 omnia,
3011 3526 3149 3580 sicut
3185 3523 3324 3578 dixit
3351 3521 3496 3577 Deus
3533 3524 3715 3577 omni-

2115 3633 2308 3691 potens
2337 3637 2350 3672 :
2380 3617 2405 3656 ά
2434 3601 2627 3675 Nonne
2658 3634 2850 3674 manus
2875 3633 2992 3673 mea
3025 3616 3290 3673 fecithaac
3317 3615 3499 3670 omnia
3529 3613 3712 3688 (Esa.,

2109 3730 2265 3778 vai,
2295 3712 2329 3766 2
2359 3711 2420 3784 )?
2462 3713 2650 3768 Manus
2706 3724 2788 3766 est
2833 3713 2995 3766 totius
3033 3709 3281 3783 corporis
3328 3721 3712 3780 pr0pugnacu-

2109 3808 2242 3874 lum,
2273 3807 2468 3878 capitis
2497 3807 2848 3861 detensatrix.
2892 3803 3021 3872 Quae
3052 3817 3173 3859 cum
3206 3804 3277 3858 sit
3310 3802 3432 3858 loco
3457 3801 3709 3867 inferior,

2110 3909 2281 3956 totum
2311 3902 2569 3955 verticem
2597 3901 2784 3966 comit,
2815 3909 2868 3954 et
2897 3901 3127 3952 honesto
3152 3905 3408 3952 venustat
3432 3905 3648 3950 ornatu.

2183 3995 2271 4049 70.
2312 3994 2444 4062 Quis
2471 3993 2631 4064 digne
2660 3991 2896 4061 explicet
2936 3989 3172 4060 pectoris
3211 3998 3443 4054 cratem,
3475 3988 3709 4043 ventris~

2111 4103 2215 4158 que
2261 4086 2582 4141 mollitiem?
2635 4085 2811 4141 Aliter
2853 4085 3000 4139 enim
3049 4084 3257 4138 viscera
3298 4083 3548 4139 molliora
3596 4093 3710 4142 non

2115 4186 2340 4250 possent
2389 4179 2589 4246 foveri,
2640 4187 2695 4234 et
2745 4177 3129 4233 intestinorum
3173 4177 3327 4233 sinus
3363 4176 3514 4232 duris
3564 4164 3711 4236 haud

2113 4272 2278 4328 dubie
2305 4272 2522 4326 ossibus
2564 4271 2909 4326 lzrderentur.
2944 4270 3082 4338 Quid
3114 4278 3220 4324 tam
3252 4270 3510 4336 salutare,
3544 4286 3708 4340 quam

2117 4375 2173 4420 ιιι
2217 4364 2399 4434 pulmo
2428 4363 2579 4418 cordi
2621 4364 2852 4418 ﬁnitimo
2881 4363 3055 4418 limite
3088 4363 3438 4433 jungeretur;
3486 4371 3546 4418 ut
3584 4378 3711 4419 cum

2115 4461 2380 4514 exarserit
2406 4471 2500 4513 cor
2529 4459 2604 4511 ira
2637 4466 2691 4513 et
2720 4457 3112 4529 indignatione,
3145 4459 3416 4530 pulmonis
3446 4459 3712 4529 sanguine

2117 4564 2276 4622 atque
2317 4551 2546 4606 humore
2585 4551 2748 4606 citius
2798 4551 3170 4620 temperetur?
3215 4550 3452 4622 ideoque
3493 4551 3713 4606 mollior

415 4636 748 4693 intellectum
784 4653 942 4693 suum
963 4680 978 4706 ,
1021 4636 1088 4692 de
1115 4651 1221 4707 quo
1266 4637 1395 4692 dicit
1431 4635 1689 4690 Dominus
1718 4653 1730 4690 :
1762 4634 1828 4688 Et
1856 4635 2008 4689 intel-

2115 4645 2294 4716 pulmo
2322 4653 2424 4707 cst,
2454 4643 2577 4714 quia
2606 4642 2788 4698 madet
2811 4658 3048 4713 semper,
3083 4644 3242 4698 simul
3275 4653 3331 4698 ut
3361 4645 3598 4712 rigorem
3627 4644 3714 4698 in-

419 4733 607 4788 lectum
635 4733 965 4803 prudentium
993 4731 1280 4804 reprobabo
1307 4733 1325 4804 (
1351 4731 1370 4785 l
1400 4729 1521 4784 Cor.
1557 4748 1596 4798 i,
1629 4730 1739 4800 l9).
1768 4729 1950 4800 Neque
1978 4729 2006 4767 δ

419 4842 673 4883 numeros
702 4829 966 4884 orationis
991 4842 1056 4882 ac
1077 4828 1288 4893 modos,
1319 4834 1373 4880 et
1403 4824 1648 4880 modulos
1679 4824 1898 4879 musica:
1923 4838 2009 4878 sa-

419 4920 632 4990 pientiae
657 4922 978 4975 constituam
1002 4920 1054 4974 in
1088 4921 1206 4976 loco
1231 4937 1246 4976 :
1275 4921 1367 4975 sed
1396 4935 1516 4974 eam
1550 4919 1872 4987 sapientiam
1911 4917 2009 4972 de-

421 5010 569 5077 finio,
609 5011 676 5068 de
718 5028 820 5083 qua
849 5013 982 5068 dicit
1024 5012 1294 5083 PrOpheta
1324 5030 1336 5066 :
1369 5013 1580 5067 Incerta
1610 5022 1656 5067 et
1695 5012 1896 5066 occulta
1924 5029 2011 5066 sa-

422 5104 624 5175 pientia:
644 5114 743 5159 tua:
769 5106 1088 5177 manifestati
1114 5105 1242 5158 mihi
1270 5103 1288 5167 (
1313 5103 1464 5159 Psal.
1489 5123 1544 5170 ι,
1579 5106 1611 5160 8
1642 5106 1678 5174 ).

492 5196 580 5250 68.
624 5195 760 5263 Quid
788 5207 968 5252 autem
1000 5197 1189 5268 loquar
1214 5195 1281 5251 de
1304 5197 1490 5252 osculo
1517 5197 1649 5259 oris,
1677 5194 1819 5266 quod
1850 5196 2017 5266 picta-

422 5288 490 5345 tis
509 5299 561 5344 et
581 5289 859 5345 charitatis
873 5299 958 5346 est
979 5290 1207 5360 pignus?
1229 5289 1551 5348 Osculantur
1575 5305 1634 5345 se
1649 5299 1704 5346 et
1725 5290 2008 5358 mlutnbae,

495 5437 520 5464 α
551 5425 625 5484 ita
657 5441 789 5482 mss.
833 5426 1116 5482 tredecim.
1143 5425 1248 5482 Alii
1277 5441 1407 5483 vero
1435 5434 1493 5480 et
1527 5426 1660 5486 edit.
1692 5436 1832 5493 vet.,
1866 5428 2018 5483 intel—

427 5498 538 5572 iigit
583 5499 867 5568 signorum.
907 5497 1143 5572 11019....
1190 5509 1466 5572 astrorum.
1513 5498 1726 5572 Rursus
1753 5500 1844 5554 ubi
1882 5499 2015 5554 edit.

428 5568 585 5624 il'om.
611 5612 627 5637 ,
671 5585 800 5637 quos
832 5579 974 5623 ortus
1005 5568 1187 5623 Orion.
1221 5569 1354 5624 Alite
1382 5581 1437 5626 et
1465 5586 1600 5628 mss.
1627 5571 1851 5639 legunt,
1893 5588 2022 5640 quos

426 5652 617 5707 motus,
650 5652 760 5697 ctc.

497 5712 526 5750 ι»
559 5713 678 5768 Vet.
712 5711 843 5768 edit.
875 5725 1000 5766 cum
1031 5724 1164 5765 mss.
1198 5710 1432 5780 aliquot,
1463 5728 1703 5766 numeros
1723 5753 1738 5778 ,
1770 5713 2030 5777 rationes,

429 5800 489 5837 ac
520 5787 696 5839 moilos
737 5793 782 5838 et
826 5782 1083 5846 modulos,
1118 5791 1222 5837 etc.
1268 5783 1394 5837 Gill.
1435 5797 1484 5838 et
1532 5785 1689 5837 Boni.
1727 5800 1848 5839 cum
1903 5799 2031 5838 mss.

433 5855 680 5933 pluribus
725 5871 785 5911 ac
832 5854 1186 5920 melioribus,
1231 5863 1287 5908 ut
1319 5869 1416 5911 nos
1447 5857 1501 5910 in
1532 5863 1682 5911 textu
1706 5896 1720 5923 ,
1761 5857 1863 5912 nisi
1896 5853 2039 5926 quod

2116 4735 2442 4805 dignationis
2464 4734 2728 4789 emolliat.
2759 4735 2885 4791 Haec
2914 4737 3036 4790 ideo
3066 4735 3294 4790 strictim
3319 4737 3715 4806 percurrimus,

2120 4838 2176 4882 ut
2207 4838 2480 4897 tamquam
2515 4835 2537 4862 ε’
2565 4826 2768 4882 indocti
2808 4828 2965 4882 obvia
3000 4829 3389 4900 perstringere,
3441 4844 3546 4884 non
3581 4839 3718 4884 tam-

2118 4936 2278 4992 quam
2325 4919 2519 4974 medici
2554 4919 2766 4990 plenius
2797 4923 3026 4977 scrutari
3061 4921 3338 4978 videamur
3365 4930 3419 4978 et
3463 4924 3716 4993 persequi

2117 5029 2238 5084 quae
2272 5023 2478 5067 naturae
2506 5012 2746 5068 latibulis
2772 5013 3088 5070 abscondita
3121 5023 3264 5069 sunt.

2191 5105 2279 5162 71.
2324 5105 2452 5160 Lien
2490 5121 2706 5177 quoque
2743 5123 2862 5162 cum
2897 5107 3082 5178 jecore
3113 5107 3275 5164 habet
3300 5107 3553 5162 viciniam
3579 5105 3724 5164 fruc-

2121 5205 2353 5262 tuosam,
2404 5199 2495 5270 qui
2559 5200 2686 5256 dum
2738 5201 2968 5256 assumit
3011 5216 3118 5271 quo
3149 5200 3264 5269 ipse
3301 5207 3576 5271 pascatur,
3627 5197 3729 5252 ab-

2120 5292 2314 5361 stergit
2363 5291 2626 5364 quidquid
2684 5293 2927 5350 sordium
2981 5291 3448 5364 deprehenderit;
3510 5301 3567 5346 ut
3624 5305 3727 5361 per

2127 5430 2286 5486 Rom.
2317 5430 2547 5498 omittit,
2576 5447 2637 5486 ac
2674 5432 2935 5486 modulos.

2205 5513 2226 5573 ς
2267 5502 2402 5557 Tres
2429 5517 2588 5563 ωδε..
2609 5503 2680 5559 ad
2707 5503 2962 5573 oﬂicinam
2993 5501 3335 5573 crudelitatis.

2204 5570 2230 5608 ά
2253 5575 2344 5629 Sic
2371 5573 2659 5629 duodecim
2685 5570 2814 5627 mss.
2842 5589 2904 5627 ac
2934 5573 3174 5626 vet.edit.
3202 5571 3307 5644 nisi
3337 5571 3484 5644 quod
3512 5574 3565 5629 in
3590 5591 3733 5634 non-

2137 5645 2303 5719 nullis
2333 5660 2463 5719 vox.
2491 5647 2682 5719 omnia,
2713 5644 3166 5719 praetermittitur.
3187 5641 3290 5697 Mli
3313 5641 3368 5698 et
3387 5643 3550 5702 Rom.
3569 5649 3735 5719 edit.,

2141 5718 2315 5788 omnia
2340 5718 2477 5770 enim
2501 5717 2609 5788 Iith
2633 5718 2755 5788 fecit
2784 5729 3118 5788 manusmea.

2223 5798 2244 5823 ο
2279 5787 2436 5842 Rom.
2461 5783 2751 5853 edit.,non
2773 5783 2998 5837 indocti.
