4150 6358
467 279 570 336 2‘“
1398 273 1646 330 SANCTI
1683 271 2008 330 AMBROSII
2044 271 2546 334 HEXAEMERON.
2587 279 2715 335 LlB.
2756 279 2843 338 Vl.
3650 293 3761 354 λη

468 397 636 452 libras
676 391 879 464 jecoris
908 399 932 427 ι
963 387 1280 445 minutiores
1324 388 1567 444 ciborum
1618 389 1827 458 possint
1873 396 2062 443 tenues
2089 389 2142 449 A
2169 388 2275 443 ulla
2297 391 2569 447 suStinent
2593 395 2775 450 oneris
2827 394 3070 470 injuria?
3115 398 3379 460 Flexibile
3421 418 3561 476 genu
3590 453 3605 476 ,
3646 426 3760 482 quo

464 498 634 558 atque
674 483 898 541 subtiles
937 481 1181 552 reliquias
1227 480 1479 546 transire,
1525 495 1646 550 qua:
1676 487 1956 534 vertantur
2001 480 2057 534 in

465 580 810 652 sanguinem,
854 573 1168 644 viribusque
1196 571 1512 644 proﬁciant,
1561 582 1751 628 etnon
1779 588 1901 627 cum
1931 573 2059 626 ﬁmo

461 681 519 728 et
566 669 819 727 sordibus
864 672 1175 738 egerantur.
1223 664 1613 720 lntestinorum
1653 679 1782 721 vero
1830 666 2061 720 circum-

461 764 609 836 plexi
635 762 826 829 orbes,
860 769 916 816 et
946 759 1065 814 sine
1093 757 1275 828 aliquo
1301 757 1428 813 licet
1453 757 1598 813 nodo
1625 757 1733 813 sibi
1764 765 1942 813 tamen
1972 759 2057 814 in-

459 857 633 913 vicem
678 855 821 921 nexi,
856 852 984 924 quid
1025 851 1172 906 aliud
1200 851 1301 906 nisi
1332 851 1567 907 divinam
1611 852 2056 922 prospicientiam

455 947 732 1003 Creatoris
756 944 1078 1009 ostendunt;
1113 953 1172 1001 ut
1201 961 1310 1000 non
1340 946 1450 1000 cito
1476 960 1599 1001 esca
1629 955 2059 1017 pertranseat,et

456 1044 639 1098 statim
671 1057 701 1097 a
722 1040 1004 1098 stomacho
1023 1039 1177 1113 14],
1191 1040 1476 1096 decurrat?
1497 1041 1650 1110 Quod
1665 1043 1709 1097 si
1724 1044 1900 1109 ﬁeret,
1915 1043 2058 1115 jugis

452 1136 626 1192 fames
650 1146 706 1191 et
731 1136 993 1191 continua
1015 1133 1238 1189 vorandi
1266 1133 1434 1190 libido
1465 1135 1772 1192 hominibus
1802 1139 2055 1208 gignere-

453 1237 564 1286 tur.
606 1229 914 1285 Exinanitis
957 1230 1105 1282 enim
1136 1228 1434 1284 visceribus
1479 1239 1533 1284 et
1578 1229 1878 1296 exhaustis,
1926 1231 2054 1286 dum

453 1320 815 1374 momentaria
873 1317 1142 1374 eﬂ’usione
1190 1329 1574 1386 vacuareutur,
1632 1337 1856 1377 necesse
1907 1334 2057 1378 esset

451 1412 841 1483 inexplebilem
873 1423 1038 1482 atque
1076 1411 1437 1467 insatiabilem
1469 1414 1574 1468 cibi
1607 1423 1661 1468 et
1700 1424 1857 1484 potus
1883 1431 2054 1485 gene-

450 1505 564 1561 rari
603 1505 992 1574 cupiditatem,
1035 1519 1199 1575 quam
1242 1504 1362 1560 sine
1405 1504 1570 1560 dubio
1597 1503 2053 1561 bmaluramors

449 1610 794 1670 sequeretur.
827 1597 1061 1669 Ideoque
1091 1598 1317 1668 provide
1345 1598 1631 1654 coniicitur
1660 1600 1895 1668 primum
1928 1615 2052 1655 esca

449 1693 506 1748 in
534 1701 692 1748 utero
721 1694 1030 1762 superiore,
1076 1692 1272 1747 deinde
1300 1692 1354 1746 in
1377 1693 1567 1761 jecore
1601 1694 1871 1763 coquitur,
1906 1694 2053 1763 ejus—

460 1802 568 1858 que
590 1796 790 1856 Vapore
817 1786 1063 1858 digestus
1091 1786 1486 1842 transfunditur
1512 1801 1706 1841 succus
1736 1787 1857 1856 ejus
1885 1786 1936 1840 in
1966 1802 2054 1842 re-

448 1880 628 1952 liquas
651 1881 898 1951 corporis
933 1891 1148 1948 partes;
1179 1895 1349 1950 eaque
1375 1878 1680 1934 substantia
1707 1890 1856 1934 artus
1887 1881 2042 1934 alun-

449 1982 541 2029 tur
575 1973 819 2038 humani,
857 1988 1016 2044 quam
1055 1973 1286 2043 juvenes
1329 1972 1602 2043 accipiunt
1641 1971 1709 2026 ad
1740 1973 2049 2028 incremen-

447 2045 588 2133 tum,
636 2082 798 2124 senes
819 2066 885 2120 ad
908 2068 1370 2136 perseverantiam
1397 2084 1410 2120 :
1442 2067 1709 2136 reliquum
1744 2075 1926 2121 autem
1957 2082 2046 2122 ve-

451 2158 538 2214 lut
563 2157 894 2229 superﬂuum
940 2175 1033 2228 per
1064 2159 1323 2214 intestina
1360 2157 1680 2224 deducitur,
1708 2168 1763 2213 et
1790 2174 1888 2229 per
1916 2158 2045 2214 illud

443 2268 516 2309 ex
543 2260 856 2309 transverso
876 2252 1076 2308 ostium
1103 2251 1400 2308 derivatur.

513 2347 605 2403 72.
632 2346 877 2417 Denique
901 2347 1063 2402 etiam
1095 2347 1148 2400 in
1176 2344 1374 2401 Genesi
1399 2360 1526 2400 arca
1554 2345 1665 2401 Noe
1691 2344 1758 2399 ad
1782 2345 2040 2401 fabricam

440 2442 662 2498 humani
710 2441 956 2511 corporis
985 2441 1281 2510 accipitur,
1316 2439 1385 2496 de
1411 2456 1519 2510 qua
1550 2440 1687 2494 dixit
1724 2441 1866 2495 Deus
1892 2460 1905 2495 :
1933 2438 2043 2494 Fac

442 2535 534 2590 tibi
572 2551 750 2590 arcam
789 2551 854 2589 ex
881 2536 1034 2605 lignis
1071 2535 1339 2605 quadratis
1364 2576 1379 2600 ,
1425 2537 1573 2589 nidos
1597 2536 1752 2607 facies
1782 2538 1833 2590 in
1855 2554 1913 2590 ea
1938 2579 1952 2602 ,
1995 2548 2041 2592 et

440 2627 771 2681 bituminabis
806 2643 918 2680 eam
945 2627 1084 2680 intus
1111 2635 1160 2679 et
1203 2625 1330 2697 foris
1361 2626 1642 2692 bitumine,
1676 2637 1743 2682 et‘
1769 2630 1843 2682 sic
1881 2629 2041 2698 [acies

440 2735 618 2772 arcam
649 2716 813 2789 (Gen.
866 2733 942 2786 v1,
989 2717 1116 2789 M).
1166 2718 1232 2772 Et
1275 2718 1413 2773 infra
1446 2737 1459 2774 :
1490 2719 1693 2774 Ostium
1737 2736 1853 2774 vero
1880 2722 2040 2792 facies

436 2825 502 2865 ex
520 2818 806 2864 transverso
834 2826 853 2864 :
880 2810 1135 2881 inferiora
1161 2821 1329 2864 autent
1357 2828 1494 2866 arca:
1538 2813 1851 2866 bicamerata
1872 2823 1919 2867 et
1946 2815 2039 2867 tri-

439 2912 700 2956 camerata
721 2901 1089 2974 facies(lbid.
1136 2901 1259 2973 16).
1309 2903 1422 2960 Hoc.
1452 2921 1584 2975 ergo
1626 2905 1896 2976 significat
1936 2908 2040 2961 Do-

436 2993 659 3063 minus,
704 2994 845 3064 quod
899 2995 1097 3050 ostium
1143 3011 1210 3050 ex
1259 2996 1550 3064 posteriori
1597 2999 1668 3052 sit
1709 3009 1900 3068 parte,
1942 3015 2037 3070 per

433 3088 579 3158 quod
626 3097 917 3158 egerantur
968 3087 1212 3144 ciborum
1269 3089 1561 3159 superflua.
1625 3091 1831 3146 Decore
1886 3094 2030 3148 enim

2163 497 2274 551 pra:
2304 487 2516 540 cmteris
2560 486 2774 542 Domini
2817 488 3091 561 mitigatur
3130 493 3375 563 oil'ensa,
3426 499 3506 555 ira
3555 505 3761 561 mulce-

2163 584 2293 643 tur,
2343 579 2513 648 gratia
2569 593 2918 650 provocatur.
2976 585 3092 642 l‘loc
3131 589 3277 643 enim
3331 590 3509 648 Patris
3558 600 3760 656 summi

2161 685 2290 739 erga
2330 670 2526 726 Filium
2577 676 2777 730 donum
2821 684 2951 732 est:
2985 677 3052 733 Ut
3084 680 3138 734 in
3179 682 3384 738 nomine
3426 684 3559 741 Iesu
3610 706 3761 746 omne

2161 780 2294 837 genu
2321 776 2558 821 curvetur
2577 808 2592 833 ,
2617 769 2919 839 caelestium,
2949 774 3263 828 terrestrium
3281 775 3439 850 142
3459 788 3507 833 et
3529 781 3761 850 inferno-

2159 876 2277 916 rum
2302 878 2322 928 ;
2349 870 2396 915 et
2421 863 2650 917 omnium
2674 865 2854 937 lingua
2892 867 3198 935 conﬁteatur
3232 872 3478 940 quoniam
3500 873 3758 934 Dominus

2163 949 2316 1007 Jesus
2351 953 2406 1007 in
2427 955 2594 1024 gloria
2622 965 2694 1010 est
2722 954 2821 1012 Dei
2847 956 3026 1014 Patris
3055 959 3225 1034 (Phil.
3258 978 3318 1030 tt,
3344 964 3413 1020 10
3433 974 3479 1020 et
3507 967 3618 1032 Η).
3645 971 3758 1026 Duo

2160 1045 2304 1100 enim
2335 1059 2459 1101 sunt
2487 1065 2609 1119 qua:
2639 1065 2753 1119 pra:
2794 1053 3006 1108 caeteris
3038 1053 3207 1110 Deum
3259 1058 3534 1128 mulcent,
3585 1062 3759 1119 humi-

2161 1136 2284 1191 litas
2306 1178 2321 1204 ,
2357 1147 2412 1193 et
2452 1139 2605 1196 ﬁdes.
2638 1141 2739 1196 Pes
2766 1143 2946 1215 itaque
2974 1148 3228 1217 exprimit
3258 1149 3572 1208 humilitatis
3599 1155 3758 1211 aﬁ‘ec-

2163 1241 2273 1286 tum
2298 1243 2391 1295 ,et
2420 1234 2621 1290 sedula:
2669 1239 2947 1295 servitutis
2995 1241 3309 1311 obsequium
3355 1262 3367 1297 :
3405 1245 3536 1301 ﬁdes
3581 1261 3758 1318 :t-qnat

2160 1323 2356 1380 Filiuai
2412 1327 2597 1394 Patri,
2650 1338 2813 1400 atque
2882 1336 3170 1404 utriusque
3227 1337 3472 1391 eamdem
3528 1341 3755 1409 gloriam
3845 1362 3865 1370 “

2158 1418 2467 1474 conﬁtetur.
2501 1420 2668 1477 Recte
2695 1432 2874 1478 :tulcm
2925 1442 3032 1480 non
3082 1428 3267 1496 plures
3298 1470 3313 1493 ,
3356 1430 3451 1485 sed
3484 1432 3590 1486 duo
3630 1443 3760 1489 sunt

2161 1509 2366 1565 homini
2402 1513 2566 1582 pedes
2597 1532 2610 1578 ;
2645 1517 2891 1583 quaterni
2919 1520 3065 1574 enim
3102 1521 3267 1590 pedes
3297 1522 3428 1578 feris
3459 1540 3521 1580 ac
3566 1528 3758 1583 lielluis

2157 1618 2283 1658 sunt
2313 1647 2326 1669 ,
2365 1606 2473 1660 bini
2518 1608 2731 1665 avibus.
2768 1611 2830 1665 Et
2875 1611 2999 1668 ideo
3049 1630 3188 1669 unus
3242 1617 3397 1686 quasi
3444 1618 3513 1672 de
3565 1623 3756 1676 volati-

2163 1695 2304 1750 libus
2337 1709 2416 1752 cst
2447 1698 2609 1754 homo
2637 1742 2651 1765 ,
2695 1703 2785 1770 qui
2815 1703 2920 1757 alta
2951 1701 2976 1740 ἀ
3014 1705 3127 1759 visu
3184 1717 3374 1777 petat,
3417 1718 3473 1764 et
3521 1713 3752 1781 quodam

2086 1797 2131 1855 Β
2163 1789 2388 1859 remigio
2429 1791 2620 1847 volitet
2664 1795 2978 1850 sublimium
3019 1800 3312 1868 sagacitate
3361 1817 3635 1858 sensuum.
3686 1807 3756 1862 Et

2157 1881 2279 1936 ideo
2330 1884 2398 1938 de
2437 1900 2503 1940 eo
2535 1885 2736 1941 dictum
2788 1899 2870 1943 cst
2919 1906 2932 1940 :
2988 1889 3340 1946 Renovabitur
3393 1896 3524 1950 sicut
3565 1899 3751 1965 aquila:

2143 1977 2390 2046 juventus
2419 1987 2508 2030 tua
2537 1977 2555 2049 (
2588 1977 2681 2033 Ps.
2706 1995 2777 2056 cu
2797 2021 2811 2045 ,
2835 1981 2868 2034 5
2889 1979 2944 2052 );
2979 1997 3044 2037 eo
3075 1984 3216 2052 quod
3260 1987 3481 2057 prepior
3529 1991 3596 2042 sit
3639 2005 3748 2046 ou:-

2151 2068 2412 2137 lestihus,
2448 2080 2503 2125 et
2543 2073 2829 2129 sublimior
2875 2076 3074 2145 aquilis
3099 2117 3114 2141 ,
3165 2079 3254 2148 qui
3306 2082 3477 2150 possit
3518 2081 3698 2140 dicere
3731 2101 3745 2139 :

2149 2160 2342 2216 Nostra
2369 2173 2549 2219 autem
2574 2167 2919 2222 conversatio
2948 2169 2999 2221 in
3031 2169 3186 2225 cmlis
3217 2181 3321 2226 est.

2775 2351 3006 2408 CAPUT
3050 2353 3116 2408 X.

2145 2487 2262 2542 Diei
2291 2500 2432 2544 sexto
2455 2533 2468 2556 ,
2498 2493 2688 2562 totique
2706 2495 2835 2548 adeo
2881 2499 3029 2563 operi
3054 2499 3207 2567 ﬁnem
3233 2502 3494 2572 positurus
3541 2523 3750 2577 quomo-

2213 2583 2449 2639 do-Deus
2496 2589 2800 2656 requievisse
2850 2591 3087 2659 dicatur,
3137 2597 3340 2666 aperit,
3391 2610 3441 2653 et
3487 2600 3749 2659 Creatoris

2216 2676 2457 2734 laudibus
2487 2697 2773 2736 sermonem
2797 2699 3029 2739 coronat.

2352 2815 2455 2871 Sed
2493 2817 2603 2886 jam
2636 2820 2760 2874 ﬁnis
2808 2824 3048 2878 sermoni
3098 2836 3287 2882 nostro
3334 2829 3440 2894 sit,
3491 2833 3745 2902 quoniam

2137 2910 2450 2979 completus
2477 2923 2560 2966 est
2589 2913 2709 2970 dies
2740 2925 2926 2971 sextus
2953 2959 2966 2982 ,
2996 2928 3050 2973 et
3081 2920 3340 2976 mundani
3366 2925 3547 2992 operis
3600 2943 3748 2983 sunt-

2141 3019 2225 3057 ma
2257 3004 2536 3060 conclusio
2573 3018 2688 3072 est;
2733 3009 2972 3077 perfecto
3009 3013 3258 3069 videlicet
3287 3016 3505 3074 homine
3552 3019 3602 3074 in
3641 3037 3748 3091 quo

2139 3096 2470 3166 principatus
2499 3109 2584 3155 est
2612 3101 2966 3157 animantium
2998 3105 3372 3165 universorum
3396 3151 3410 3175 ,
3443 3121 3500 3167 et
3531 3129 3744 3170 summa

433 3177 664 3236 Creator
685 3186 871 3234 noster
900 3179 1096 3235 ductus
1144 3181 1496 3251 reliquiarum
1529 3199 1558 3236 a
1604 3186 1753 3238 vultu
1798 3185 2033 3240 hominis
2062 3199 2107 3262 ρ
2139 3193 2386 3261 quaedam
2447 3190 2851 3261 universitatis,
2909 3204 2965 3250 et
3022 3201 3202 3254 omnis
3244 3203 3531 3258 mundana:
3575 3207 3745 3275 gratia

431 3273 659 3340 avertit,
712 3287 781 3327 ne
818 3271 946 3326 dum
1000 3272 1180 3326 alvum
1233 3288 1570 3343 purgamus,
1628 3274 2035 3345 inquineremus

431 3371 733 3433 aspectum.
764 3361 939 3418 Simul
968 3362 1106 3419 illud
1135 3365 1420 3420 considera
1442 3406 1458 3432 ,
1509 3367 1651 3436 quod
1687 3383 1750 3422 ea
1787 3384 1905 3438 quae
1932 3387 2031 3438 pu-

439 3454 593 3510 doris
616 3455 776 3525 plena
801 3463 926 3509 sunt
946 3495 961 3520 ,
995 3469 1062 3510 eo
1084 3456 1203 3511 loco
1227 3458 1521 3512 constituta
1551 3467 1712 3524 sunt,
1755 3460 1844 3514 ubi
1871 3475 2036 3530 cper-

436 3556 491 3601 ta
522 3547 763 3602 vestibus
789 3546 1058 3602 dedecere
1087 3562 1195 3602 non
1228 3549 1456 3617 possint.
1941 3556 1949 3563 '

509 3641 599 3697 75.
628 3640 901 3697 Venarum
935 3641 1122 3710 pulsus
1150 3641 1233 3697 vel
1259 3642 1590 3698 inﬁrmitatis
1622 3643 1986 3700 internuntius
2018 3687 2031 3707 .

436 3733 529 3788 vel
561 3733 755 3787 salutis
783 3743 888 3788 est.
925 3733 1141 3789 Eaedem
1181 3743 1363 3790 tamen
1392 3751 1514 3791 cum
1545 3746 1657 3791 toto
1681 3737 1895 3794 diffusae
1923 3740 2034 3794 sint

433 3840 667 3897 corpore
691 3867 706 3893 ,
736 3841 910 3898 neque
933 3825 1094 3882 nudae
1114 3836 1278 3898 atque
1304 3829 1518 3884 intectae
1545 3841 1704 3897 sunt,
1753 3841 1808 3886 et
1850 3831 1926 3885 ita
1956 3831 2033 3886 le-

433 3920 595 3976 vibus
639 3918 960 3990 operiuntur
993 3930 1014 3958 ο
1049 3918 1385 3988 visceribus;
1419 3928 1477 3975 ut
1522 3922 1837 3992 explorandi
1878 3926 2030 3994 copia

435 4014 547 4082 sit,
589 4022 643 4069 et
685 4014 938 4070 celeritas
982 4013 1293 4080 sentiendi,
1348 4015 1565 4086 quando
1601 4016 1752 4072 nulla
1794 4027 1882 4072 est
1927 4018 2031 4072 vis-

434 4121 620 4162 cerum
687 4104 992 4162 crassitudo
1021 4149 1038 4175 ,
1091 4123 1213 4178 quae
1257 4109 1471 4177 pulsum
1518 4111 1688 4178 possit
1732 4111 2024 4167 obducere.

435 4200 570 4255 Ossa
593 4214 807 4270 quoque
846 4200 1025 4255 omnia
1068 4203 1212 4256 tenui
1259 4213 1451 4271 operta
1494 4215 1621 4259 sunt
1673 4205 1880 4261 viscere
1908 4248 1923 4271 ,
1981 4214 2035 4261 et

430 4292 674 4347 revincta
705 4289 930 4356 nervis;
976 4293 1250 4362 praecipue
1297 4303 1475 4349 tamen
1517 4296 1708 4364 capitis
1740 4296 1842 4350 levi
1891 4305 2033 4351 tecta

432 4390 564 4439 sunt
591 4381 762 4438 corio.
791 4381 950 4439 Unde
979 4399 1087 4453 quo
1115 4385 1324 4453 possint
1351 4385 1570 4454 aliquod
1610 4387 1902 4442 adversum
1935 4391 2035 4444 im-

436 4475 566 4531 bres
584 4482 639 4530 et
659 4473 858 4546 frigora
882 4475 1084 4531 habere
1109 4477 1384 4531 munimen
1403 4519 1419 4545 ,
1449 4477 1660 4547 capillis
1692 4479 2035 4538 densioribus

438 4567 768 4623 vestiuntur.
801 4567 943 4634 Quid
983 4567 1050 4623 de
1075 4568 1402 4640 genitalibus
1434 4570 1626 4641 loquar
1649 4613 1664 4639 ,
1715 4589 1836 4643 qua:
1881 4575 2034 4631 venis

437 4675 472 4717 ο
493 4662 714 4731 regione
739 4659 970 4716 cervicis
996 4677 1091 4730 per
1117 4677 1275 4718 renes
1299 4664 1618 4736 lumbosque
1643 4666 1890 4724 deductis
1917 4684 2036 4724 sus-

438 4755 646 4826 cipiunt
702 4752 938 4826 genitale
988 4769 1173 4811 semen
1223 4756 1290 4811 ad
1336 4772 1530 4814 munus
1583 4771 1640 4816 et
1686 4760 1753 4816 ad
1806 4762 2034 4834 gratiam

438 4846 762 4917 procreandi
786 4846 811 4900 ?

510 4937 600 4994 74.
628 4937 768 5006 Quid
793 4937 862 4994 de
891 4937 1071 4995 ofﬁcio
1097 4939 1294 5011 pedum
1323 4982 1339 5010 ,
1369 4944 1458 5014 qui
1493 4954 1663 5003 totum
1696 4962 1893 5020 corpus
1919 4950 2038 5008 sine

506 5120 534 5148 ι
561 5110 687 5166 Mss.
716 5110 827 5166 fere
851 5125 1042 5167 omnes
1065 5126 1186 5168 cum
1210 5112 1343 5169 edit.
1373 5114 1556 5182 Rom.,
1575 5121 1898 5178 munitiores.
1921 5121 2025 5180 Co-

431 5183 538 5240 dex
570 5181 688 5239 Vat.
717 5193 772 5238 et
795 5183 960 5238 Dion.
988 5200 1111 5240 cum
1136 5185 1266 5240 edit.
1299 5198 1432 5254 vet.,
1462 5181 1786 5249 minutiores.

506 5255 533 5292 δ
587 5254 662 5310 lta
705 5269 834 5328 mss.
867 5268 930 5309 ac
979 5265 1087 5311 vet.
1134 5256 1265 5312 edit.
1322 5258 1479 5314 Rom.
1534 5277 1698 5328 vero,
1752 5265 2028 5322 immatura

435 5342 572 5381 mors
583 5327 780 5401 _:__quod
807 5329 969 5401 etiam
999 5342 1100 5401 suo
1129 5341 1290 5385 sensu
1321 5345 1659 5401 nequaquam
1683 5327 1866 5392 caret.

511 5409 535 5436 ε
583 5397 1108 5475 Viscerainterdum
1165 5413 1368 5475 carnes
1404 5397 1571 5475 sunt,
1622 5410 1894 5475 quomodo
1937 5424 2028 5468 su-

434 5477 655 5524 muntur
679 5472 821 5540 apud
851 5469 1000 5542 Virg.
1030 5471 1066 5526 ι.
1101 5488 1140 5526 t.
1172 5469 1392 5529 Aﬂneid.
1425 5474 1480 5528 in
1518 5469 1622 5530 hoc
1639 5469 1846 5532 'versu:

587 5591 628 5641 Τ
632 5605 808 5655 ergora
827 5593 873 5642 di
883 5596 1067 5657 ripiuut
1091 5598 1264 5659 costis,
1291 5605 1342 5649 et
1362 5599 1551 5650 viscera
1570 5600 1754 5651 nudant
1765 5617 1782 5664 ;

431 5733 492 5782 at
511 5724 616 5803 hoc
641 5723 762 5781 loco
790 5727 1000 5803 videtur
1027 5745 1091 5786 ea
1120 5747 1227 5786 vox
1269 5731 1462 5802 pellem
1492 5733 1730 5803 signare.

503 5793 531 5834 ά
557 5794 676 5852 Vat.
705 5797 874 5854 codex
899 5840 915 5867 ,
945 5801 1052 5856 alta
1093 5803 1141 5856 vi
1170 5793 1455 5874 sup'petat;
1513 5793 1651 5863 forte
1705 5822 1770 5862 ex
1825 5806 1971 5864 hom.
2009 5850 2025 5878 ,

2143 3291 2423 3337 creaturas.
2451 3281 2611 3339 Certe
2655 3285 2965 3340 deferamus
3006 3289 3321 3358 silentium;
3365 3297 3618 3365 quoniam
3662 3315 3748 3354 re-

2141 3377 2344 3446 quievit
2368 3376 2510 3431 Deus
2536 3377 2604 3432 ab
2629 3378 2880 3434 omnibus
2908 3381 3093 3436 mundi
3135 3386 3390 3454 operibus
3423 3406 3436 3443 :
3479 3391 3748 3460 requievit

2142 3478 2321 3524 autem
2353 3469 2406 3522 in
2451 3484 2672 3525 recessu
2704 3471 2936 3527 hominis
2965 3514 2979 3538 ,
3032 3476 3296 3545 requievit
3339 3478 3391 3533 in
3423 3480 3538 3551 ejus
3567 3495 3748 3540 mente
3807 3542 3811 3550 λ

2143 3575 2306 3633 atque
2365 3564 2666 3634 prOposito.
2718 3565 2948 3622 Fecerat
2991 3569 3136 3624 enim
3191 3571 3462 3630 hominem
3522 3579 3746 3634 rationis

2142 3671 2392 3726 capacem
2424 3697 2438 3722 ,
2493 3657 2820 3713 imitatorem
2846 3660 2928 3714 sui
2958 3701 2971 3725 ,
3015 3663 3273 3720 virtutum
3317 3669 3689 3725 temulatorem
3725 3714 3741 3739 ,

2143 3746 2738 3819 cupidum'coelcstium
2787 3763 2809 3788 ε
2850 3754 3163 3824 gratiarum.
3218 3760 3278 3814 In
3335 3762 3416 3816 Itis
3455 3765 3744 3833 requiescit

2144 3845 2286 3900 Deus
2331 3847 2422 3916 qui
2475 3848 2585 3899 ait:
2618 3847 2790 3918 Super
2835 3865 2984 3918 quem
3030 3853 3381 3922 requiescam,
3431 3859 3530 3911 nisi
3583 3875 3742 3929 supra

2143 3939 2418 4004 humilem,
2445 3950 2490 3993 et
2515 3941 2740 4010 quietum
2763 3983 2776 4008 ,
2810 3952 2858 3996 et
2888 3952 3186 3999 trementem
3211 3947 3363 4002 verba
3408 3965 3521 4004 mea
3574 3949 3739 4024 (Esa.

2141 4031 2467 4100 vat,2)?

2212 4123 2301 4178 76.
2341 4121 2360 4160 ί
2388 4124 2599 4180 Gratias
2629 4139 2761 4196 ergo
2797 4127 3024 4182 Domino
3057 4129 3166 4185 Deo
3198 4143 3383 4187 nostro
3418 4134 3512 4203 qui
3555 4134 3740 4206 hujus-

2139 4216 2282 4270 modi
2307 4233 2442 4283 Opus
2471 4216 2598 4272 fecit
2642 4219 2695 4272 in
2727 4234 2834 4289 quo
2865 4222 3251 4290 requiesceret.
3304 4224 3451 4280 Fecit
3498 4227 3691 4284 caelum
3718 4271 3736 4294 ,

2139 4323 2245 4364 n0u
2275 4310 2394 4380 lego
2425 4307 2566 4380 quod
2613 4313 2978 4383 requieverit;
3014 4315 3141 4371 fecit
3184 4326 3380 4374 terram
3413 4361 3428 4387 ,
3481 4337 3588 4376 non
3617 4323 3742 4394 lego

2137 4404 2280 4472 quod
2331 4402 2694 4471 requieverit;
2740 4404 2867 4461 fecit
2903 4408 3073 4464 solem
3106 4451 3120 4475 ,
3176 4411 3354 4467 lunam
3399 4421 3453 4468 et
3505 4414 3692 4470 stellas
3721 4458 3740 4482 ,

2140 4509 2240 4550 nec
2269 4493 2339 4549 ibi
2371 4494 2489 4565 lego
2517 4496 2658 4565 quod
2687 4499 3018 4568 requieverit
3049 4517 3063 4556 :
3089 4502 3184 4556 sed
3223 4504 3340 4573 lego
3378 4507 3519 4574 quod
3552 4507 3744 4564 fecerit

2141 4584 2448 4653 hominem,
2503 4597 2558 4643 et
2611 4599 2736 4644 tunc
2793 4593 3103 4662 requievit,
3135 4593 3340 4651 habens
3387 4599 3472 4653 cui
3521 4609 3742 4669 peccata

2139 4678 2452 4734 dimitteret.
2505 4685 2611 4734 Aut
2662 4683 2805 4737 forte
2856 4693 2980 4739 tunc
3015 4685 3127 4755 jam
3181 4686 3392 4743 futura:
3445 4690 3743 4748 Dominica:

2138 4769 2406 4840 passionis
2432 4773 2710 4842 prmccssit
2741 4775 3056 4846 mysterium
3087 4819 3102 4845 ,
3160 4795 3267 4849 quo
3309 4783 3605 4838 revelatum
3657 4795 3744 4842 est

2137 4862 2264 4932 quia
2290 4862 2652 4931 requiesceret
2681 4864 2928 4922 Christus
2958 4867 3012 4922 in
3047 4869 3267 4925 homine
3297 4912 3312 4938 ,
3364 4874 3456 4943 qui
3498 4876 3741 4946 requiem

2140 4951 2245 5009 sibi
2295 4952 2716 5023 praedestinabat
2753 4957 2806 5012 in
2837 4973 3067 5030 corpore
3094 4976 3195 5032 pro
3240 4963 3476 5022 hominis
3518 4967 3742 5025 redem-

2134 5123 2426 5203 dejtonzine
2455 5125 2583 5182 olim
2612 5129 2774 5203 apud
2805 5129 2982 5203 rBasil.
3037 5133 3244 5188 decima
3271 5179 3286 5203 ,
3338 5153 3482 5194 nunc
3527 5154 3663 5196 vero
3685 5141 3742 5198 ei

2133 5196 2439 5265 abjudicata
2489 5239 2504 5265 ,
2574 5196 2950 5281 ubi:legit_ur_,
3010 5196 3447 5281 συμπαρίτξταται
3500 5209 3554 5265 δέ
3632 5196 3742 5275 τοέξ

2134 5277 2354 5352 amyci;
2380 5277 2443 5346 τῇ
2487 5278 2579 5352 1'on
2625 5273 2778 5344 νόμον
2824 5273 3055 5349 δυνάμει.
3081 5273 3323 5352 Ἰωᾱειη
3365 5289 3484 5348 post.
3508 5273 3744 5352 quatuor

2132 5341 2294 5421 verba
2325 5341 2712 5423 mss;aliquot‘
2735 5356 2801 5423 let
2831 5341 3040 5423 omnes
3072 5350 3213 5423 pedit.
3243 5341 3543 5405 sublimium
3592 5355 3740 5423 cogi-

2136 5411 2409 5465 tationunt.
2433 5411 2926 5494 _Dion.l_sul)limium
2966 5421 3337 5494 cogitationum
3383 5433 3431 5475 et
3459 5411 3741 5494 sagacitate

2133 5497 2394 5563 sensuum.
2432 5483 2486 5536 In
2517 5485 2739 5563 reliquis
2769 5495 2947 5543 autem
2973 5483 3147 5562 iis'que
3191 5483 3587 5563 probatissiniis
3635 5511 3740 5552 vox

2137 5555 2507 5626 coyitationum
2537 5557 2824 5613 omittitur.

2135 5720 2189 5772 ά.
2215 5658 2237 5685 θ
2271 5647 2393 5704 Vat.
2425 5650 2643 5706 codices
2663 5651 2772 5707 duo
2796 5693 2813 5721 ,
2835 5663 2892 5710 et
2913 5654 3042 5711 edit.
3066 5656 3226 5713 Rom.
3253 5700 3267 5725 ,
3298 5659 3578 5714 cwlestium
3606 5677 3739 5733 gau-

2173 5736 2358 5772 torum.

2173 5736 2358 5775 torum.

2211 5814 2226 5851 ί
2273 5816 2400 5871 Mss.
2425 5816 2656 5888 aliquot,
2688 5818 2895 5875 Gratias
2918 5838 3014 5895 ago
3043 5821 3286 5891 Domino,
3315 5834 3420 5881 etc.
