4222 6364
404 371 513 429 273
1408 373 1784 433 ADMONITIO
1824 375 1890 431 IN
1931 375 2187 434 LIBRUM
2225 379 2314 434 DE
2354 378 2718 434 PAl‘lADISO.
3599 373 3705 430 274

406 491 554 546 tione
579 491 877 548 secundum
909 491 1053 563 quod
1083 485 1198 563 ipse
1225 491 1362 548 dixit
1393 513 1406 548 :
1438 491 1549 562 Ego
1592 491 1812 545 dormivi
1853 501 1898 546 et
1926 508 2006 544 re—
2035 496 2083 553 Α
2113 491 2286 546 honor
2310 533 2324 558 ,
2361 491 2532 561 gloria
2559 533 2574 560 ,
2605 491 2936 562 perpetuitas
2962 505 2992 545 a
3039 489 3256 544 smculis
3283 531 3298 555 ,
3337 498 3389 544 et
3423 503 3564 543 nunc
3597 529 3610 553 ,
3656 495 3712 541 et

405 586 572 652 quievi
602 628 616 650 ,
651 595 698 639 et
725 587 994 641 exsurrexi
1018 603 1038 653 ;
1083 587 1328 656 quoniam
1366 585 1617 644 Dominus
1655 585 1880 656 suscepit
1925 601 2004 638 me
2109 601 2326 656 semper
2355 627 2371 653 ,
2402 595 2458 642 et
2486 586 2542 642 in
2567 586 2749 643 omnia
2773 585 2970 643 saecula
2999 584 3346 642 saaculorum.
3378 583 3577 638 Amen.

407 677 427 748 (
455 677 548 733 Ps.
580 695 666 746 ιιι,
703 678 802 750 6).
831 678 950 748 Ipse
976 679 1121 735 enim
1149 678 1416 750 requievit
1441 719 1456 745 ,
1481 678 1573 749 qui
1605 676 1729 732 fecit
1763 694 1777 730 :
1809 676 1894 732 cui
1923 685 2008 731 est

466 876 2133 896 nam

1733 876 3400 894 ww

880 1048 1002 1131 IN
1075 1047 1529 1132 LIBRUM
1606 1046 1766 1132 DE
1824 1046 2414 1132 PARADISO
2486 1041 3216 1130 ADMONITIO.

471 1415 686 1469 Librum
717 1416 780 1471 de
810 1414 1069 1471 Paradiso
1097 1426 1154 1472 ut
1183 1416 1437 1472 Ambrosii
1467 1418 1694 1488 primum
1723 1432 1828 1472 esse
1865 1432 1994 1487 opus
2032 1431 2136 1471 non
2165 1416 2415 1471 audemus
2443 1431 2674 1472 asserere
2701 1455 2718 1483 ,
2758 1415 2832 1470 ita
2855 1414 3008 1470 illum
3055 1412 3113 1468 in
3159 1413 3445 1484 primorum
3474 1409 3709 1465 ordinem

399 1507 594 1576 referre
639 1507 779 1561 haud
827 1523 1086 1578 quaquam
1137 1507 1453 1563 dubitamus.
1514 1507 1608 1563 Est
1654 1510 1860 1578 quidem
1897 1524 1990 1562 cur
2035 1524 2138 1563 non
2181 1509 2332 1563 aliter
2376 1509 2742 1564 existimemus.
2792 1507 2920 1563 Cum
2967 1507 3106 1563 enim
3145 1507 3291 1562 varia
3331 1503 3710 1575 multiplicique

400 1599 640 1655 doctrina
666 1603 854 1670 referta
884 1603 950 1655 sit
991 1615 1050 1654 ea
1076 1601 1363 1655 lucubratio
1389 1643 1404 1668 ,
1455 1602 1601 1655 illam
1631 1603 1797 1673 primo
1821 1603 1992 1656 statim
2013 1618 2150 1656 anno
2175 1645 2189 1668 ,
2222 1617 2324 1673 quo
2345 1610 2398 1656 ut
2425 1603 2537 1671 ipse
2561 1602 2727 1657 aiebat
2749 1602 2901 1674 (Lib.
2945 1618 2964 1658 ι
3005 1601 3166 1674 Ofﬁc.
3208 1599 3307 1672 1),
3340 1607 3526 1670 raptus
3555 1605 3641 1654 est
3669 1611 3701 1653 a

403 1693 762 1749 tribunalibus
817 1703 978 1765 atque
1040 1694 1526 1750 administrationis
1567 1695 1750 1750 infulis
1799 1695 1865 1751 ad
1909 1694 2270 1750 sacerdotium
2299 1737 2313 1762 ,
2373 1697 2726 1768 composuisse
2786 1697 2872 1751 via:
2916 1689 3157 1768 cuiquam
3195 1695 3455 1749 videatur.
3516 1690 3708 1746 Verum

401 1801 504 1840 non
557 1786 712 1851 facile
773 1788 1147 1841 consentiemus
1213 1787 1446 1842 eamdem
1485 1791 1624 1842 ultra
1666 1789 2016 1858 insequentem
2064 1805 2257 1842 annum
2312 1807 2419 1846 esse
2465 1792 2843 1863 reﬁciendam;
2891 1792 3309 1863 quandoquidem
3359 1789 3454 1844 Vir
3497 1796 3711 1844 sanctus

399 1877 622 1945 epistola
655 1877 724 1930 ad
750 1877 1004 1934 Sabinum
1034 1895 1066 1932 a
1095 1895 1150 1932 se
1176 1919 1191 1944 ,
1245 1895 1360 1932 cum
1412 1881 1646 1934 nondum
1691 1890 1820 1934 esset
1864 1892 2153 1936 veteranus
2181 1883 2434 1938 sacerdos
2464 1884 2682 1956 (Epist.
2712 1884 2784 1939 42
2811 1886 2828 1954 )
2855 1928 2870 1952 ,
2912 1886 3008 1940 hoc
3043 1885 3180 1938 idem
3227 1901 3359 1955 opus
3390 1881 3712 1954 jamdudum

395 1971 755 2027 elucubratum
785 1985 1163 2028 commemorat.
1206 1973 1274 2028 Id
1305 1985 1473 2030 autem
1501 1976 1707 2030 circiter
1747 1994 1942 2031 annum
1978 1989 2232 2047 reparatae
2281 1981 2465 2034 salutis
2515 1981 2622 2038 575
2674 1984 2952 2053 contigisse
2985 1983 3106 2037 hinc
3133 1984 3252 2038 licet
3272 1983 3493 2053 colligas
3523 2023 3539 2048 ,
3575 1979 3720 2053 quod

399 2084 516 2122 cum
543 2067 650 2123 574
678 2069 748 2122 ad
785 2071 1133 2139 episcopatum
1164 2081 1432 2136 cooptatus
1456 2074 1522 2125 sit
1549 2073 1850 2127 Ambrosius
1877 2115 1891 2139 ,
1924 2073 2058 2127 nihil
2069 2075 2302 2129 videatur
2330 2078 2626 2146 prohibere,
2657 2079 2926 2148 quominus
2955 2079 3035 2133 illi
3063 2095 3273 2133 manum
3303 2079 3540 2133 ultimam
3563 2076 3712 2149 prius

397 2165 668 2238 adjiceret,
691 2181 844 2234 quam
871 2167 1092 2236 primam
1123 2165 1267 2220 libris
1292 2161 1356 2220 de
1391 2165 1691 2238 Virginibus
1715 2209 1730 2234 ,
1764 2183 1891 2233 quos
1917 2168 2153 2222 nondum
2190 2169 2467 2224 lriennalis
2496 2171 2749 2226 sacerdos
2776 2170 2917 2242 (Lib.
2948 2187 2986 2226 ιι
3016 2171 3081 2228 de
3115 2169 3343 2246 Virgin.,
3375 2172 3499 2226 circ.
3525 2167 3706 2240 finem)

397 2260 624 2328 scripsit,
649 2259 961 2314 admoveret.

472 2371 589 2427 Hoc
636 2375 690 2427 in
735 2373 867 2429 libro
919 2376 984 2429 de
1038 2373 1296 2431 Paradiso
1342 2376 1612 2447 disputat,
1659 2394 1720 2431 ac
1771 2375 2002 2445 perbrevi
2058 2378 2194 2434 sacri
2247 2386 2414 2433 textus
2487 2382 2804 2453 expositione
2874 2381 3095 2436 ostendit
3157 2381 3314 2452 quid,
3367 2380 3543 2450 qualis
3573 2421 3589 2448 ,
3646 2387 3704 2433 et

395 2468 487 2522 ubi
520 2467 680 2524 fuerit
728 2470 880 2542 (Cap.
916 2471 970 2543 1)
1002 2490 1015 2526 :
1047 2473 1168 2542 quid
1196 2474 1390 2543 egerint
1411 2474 1463 2526 in
1491 2489 1549 2527 eo
1573 2474 1728 2541 primi
1759 2490 2035 2543 parentes;
2089 2491 2192 2545 qua
2251 2476 2437 2532 fraude
2464 2520 2478 2544 ,
2529 2493 2639 2547 quo
2663 2476 2853 2532 ordine
2881 2517 2896 2542 ,
2938 2491 3042 2548 qua
3083 2486 3198 2531 arte
3244 2475 3410 2548 (Ibid)
3442 2493 3474 2529 a
3504 2473 3710 2530 diabolo

394 2562 576 2614 tentati
603 2561 656 2615 in
696 2573 960 2632 peccatum
993 2565 1198 2619 tandem
1227 2566 1360 2635 lapsi
1393 2566 1514 2620 sint.
1559 2564 1885 2639 Praecipuum
1931 2586 2045 2623 vero
2074 2570 2192 2624 istic
2223 2587 2430 2642 operam
2459 2572 2602 2637 ponit
2630 2571 2684 2625 in
2715 2570 2910 2642 Apellis
2939 2569 3210 2638 discipulis
3236 2567 3390 2642 (Cap.
3415 2568 3470 2636 2,
3505 2570 3563 2633 5.
3593 2568 3628 2624 6
3659 2575 3708 2622 et

393 2655 524 2724 seq.)
555 2658 642 2725 qui
665 2656 871 2726 fwderis
898 2659 1096 2728 antiqui
1122 2661 1484 2716 auctoritatem
1513 2663 1903 2736 impugnabant,
1933 2663 2250 2718 revincendis
2281 2681 2300 2718 :
2325 2664 2416 2718 sed
2437 2681 2526 2735 per
2543 2680 2722 2720 eorum
2741 2705 2757 2730 ,
2791 2675 2845 2718 ut
2869 2665 3090 2734 videtur,
3121 2666 3259 2720 latus
3283 2666 3338 2719 in
3366 2662 3710 2727 Manichtzos,

392 2747 480 2816 qui
530 2757 634 2800 tum
678 2751 920 2820 temporis
957 2749 1393 2806 Mediolanensem
1441 2755 1752 2824 infestabant
1781 2755 2106 2822 Ecclesium,
2137 2758 2291 2812 telum
2313 2758 2517 2830 adigit,
2564 2774 2681 2811 cum
2731 2761 2865 2828 forte
2911 2759 3155 2814 hactenus
3201 2759 3376 2830 palam
3421 2766 3470 2812 et
3521 2765 3700 2825 aperto

395 2850 556 2893 marte
581 2839 699 2894 illos
729 2843 940 2912 aggredi
969 2861 1071 2898 non
1096 2854 1224 2899 esset
1253 2862 1427 2902 ausus.
1463 2845 1640 2903 Vanus
1664 2847 2039 2918 Apellistarum
2079 2850 2229 2904 solvit
2269 2856 2499 2923 argutias
2522 2891 2538 2918 ,
2571 2863 2618 2906 et
2646 2853 2700 2907 in
2721 2869 2806 2907 eos
2851 2862 3008 2914 tanta,
3040 2854 3387 2909 vehementius
3434 2852 3661 2922 insurgit
3689 2892 3706 2917 ,

394 2945 586 3000 quanto
632 2937 904 2991 sollicitius
940 2939 1274 3006 formidabat,
1298 2957 1361 2994 ne
1389 2947 1585 3012 populo
1612 2943 1894 3014 vigilantia:
1931 2959 2039 2998 sure
2067 2960 2230 3013 nuper
2255 2945 2524 2999 commisso
2553 2945 2909 3000 htereticorum
2944 2946 3170 3017 fallaciis
3196 2945 3528 3000 illuderetur.
3581 2941 3709 2997 Non

395 3039 564 3082 tamen
586 3029 696 3083 sola
725 3029 1082 3085 haereticorum
1111 3033 1462 3102 confutatione
1489 3020 1926 3089 circumscribitur
1953 3037 2116 3090 sancti
2147 3036 2407 3090 Antistitis
2453 3036 2599 3092 labor
2636 3049 2784 3108 atque
2823 3038 3102 3094 industria.
3136 3039 3217 3111 Ad
3256 3037 3470 3092 Judceos
3510 3051 3710 3107 quoque

400 3121 760 3194 protenditur,
807 3139 932 3192 quos
963 3123 1049 3178 ille
1097 3125 1535 3193 opportunitatem
1572 3135 1751 3181 nactus
1799 3145 1903 3181 non
1953 3128 2050 3181 levi
2097 3127 2302 3182 brachio
2350 3128 2551 3197 impetit
2598 3144 2661 3182 ac
2699 3129 2939 3184 debellat.
2964 3128 3152 3183 Varias
3188 3138 3437 3200 prceterea
3484 3127 3707 3182 catholi-
3797 3199 3800 3202 ,

395 3233 573 3271 corum
603 3217 865 3274 hominum
891 3217 1106 3271 subinde
1126 3219 1402 3272 sententias
1429 3218 1587 3288 refert
1617 3234 1636 3274 :
1665 3221 1717 3274 at
1745 3220 1810 3273 iis
1839 3228 2034 3274 tantum
2075 3220 2228 3274 modo
2251 3220 2542 3289 subscribit,
2570 3237 2697 3290 quas
2745 3230 2890 3292 putat
2929 3237 3037 3275 esse
3062 3221 3304 3275 veriores.
3356 3218 3494 3285 Quin
3535 3220 3696 3272 immo

394 3330 532 3383 stupe
576 3314 766 3383 stepius
817 3316 1018 3380 evenit,
1077 3323 1132 3367 ut
1168 3313 1315 3368 nulla
1353 3331 1530 3369 earum
1583 3332 1683 3370 non
1740 3317 2013 3380 repudiata
2059 3332 2206 3370 suam
2245 3315 2409 3385 ipsius
2463 3316 2519 3369 in
2570 3315 2794 3370 medium
2831 3331 3116 3386 proponere
3160 3314 3303 3368 haud
3344 3322 3600 3368 vereatur.
3629 3311 3701 3367 Et

395 3405 475 3460 his
519 3405 741 3476 fortasse
793 3407 1006 3460 adducti
1053 3417 1212 3472 sunt,
1260 3409 1347 3477 qui
1368 3408 1734 3478 disputationis
1764 3410 1968 3463 titulum
1996 3411 2156 3465 eidem
2203 3410 2322 3463 huic
2351 3410 2858 3480 operiadscripsere.
2900 3409 3187 3479 Subjicitur
3205 3411 3394 3480 quippe
3421 3408 3489 3462 ad
3509 3407 3706 3462 calcem

394 3497 870 3568 antiquissimorum
910 3500 1146 3554 codicum
1183 3499 1451 3556 Remensis
1494 3498 1737 3556 Ecclesia:
1775 3513 1820 3556 et
1865 3501 2254 3558 Claromontani
2284 3503 2525 3577 collegii,
2573 3505 2627 3557 in
2657 3503 2750 3557 illo
2786 3503 3027 3574 quidem,
3062 3502 3283 3573 esplicit
3312 3503 3608 3574 disputatio
3633 3501 3703 3558 de

397 3591 660 3648 Paradiso
690 3633 704 3659 ,
756 3593 808 3646 in
855 3593 950 3647 hac
988 3604 1158 3648 autem
1185 3637 1202 3663 ,
1262 3596 1484 3666 explicit
1539 3595 1782 3652 Paradisi
1833 3597 2124 3667 disputatio
2178 3596 2246 3652 de
2310 3595 2573 3652 servanda
2613 3595 2810 3650 animae
2850 3596 3104 3666 puritate.
3135 3596 3202 3650 At
3239 3611 3356 3650 vero
3387 3596 3444 3649 in
3484 3603 3702 3665 utroque

395 3688 717 3754 inscribitur,
742 3688 934 3756 Incipit
953 3687 1136 3743 domui
1160 3688 1432 3744 Ambrosii
1461 3690 1530 3745 de
1559 3690 1836 3757 Paradiso,
1855 3689 1941 3744 ubi
1961 3704 2154 3756 vocem,
2183 3688 2493 3760 disputatio.
2526 3689 2768 3743 omissam
2796 3704 2903 3742 esse
2931 3703 2996 3742 ex
3017 3685 3185 3742 verbis
3210 3685 3394 3752 quibus
3425 3686 3703 3755 finiuntur,

394 3781 660 3853 conjicias.
700 3780 1043 3836 Verumtatem
1073 3799 1190 3836 cum
1217 3781 1280 3836 ab
1310 3783 1597 3854 Augustino
1629 3781 1766 3854 (Lib.
1797 3799 1835 3836 ιι
1857 3791 2034 3837 contra
2056 3780 2170 3836 Jul.
2194 3797 2242 3836 c.
2275 3783 2308 3836 5
2335 3788 2381 3835 et
2402 3781 2544 3851 cwt.)
2575 3779 2694 3834 libri
2721 3778 2927 3834 nomine
2950 3795 3052 3833 non
3078 3778 3234 3833 semel
3263 3778 3389 3833 haec
3409 3778 3526 3849 ipsa
3557 3794 3701 3832 com-

395 3873 636 3926 mentatio
665 3872 878 3927 laudata
905 3874 1096 3944 fuerit,
1125 3873 1270 3928 nobis
1295 3875 1400 3929 veri
1423 3874 1620 3928 videtur
1647 3874 1868 3928 similius
1906 3873 2133 3928 eamdem
2167 3874 2268 3944 ipsi
2309 3873 2694 3942 inscriptionem
2723 3875 2786 3926 ab
2813 3871 3084 3926 Ambrosio
3105 3870 3322 3924 inditam
3354 3887 3461 3925 esse
3492 3888 3510 3935 ;
3552 3881 3708 3939 atque

397 3966 526 4020 adeo
551 3967 604 4020 in
633 3967 925 4020 memoratis
951 3965 1213 4022 codicibus
1243 3983 1412 4021 vocem
1435 4009 1450 4034 ,
1481 3966 1808 4038 disputatio,
1856 3982 1914 4022 eo
1953 3982 2106 4022 sensu
2125 4006 2140 4034 ,
2180 3981 2282 4037 quo
2322 3964 2510 4020 librum
2539 3974 2629 4018 aut
2657 3965 3012 4035 quodcumque
3031 3964 3326 4033 scriptionis
3347 3979 3509 4034 genus
3537 3965 3700 4036 signi-

398 4057 521 4127 ficat
553 4098 569 4123 ,
598 4056 1002 4128 intelligendam.

469 4168 650 4224 Porro‘
668 4171 803 4225 illud
829 4188 931 4226 non
960 4173 1015 4226 in
1041 4181 1281 4243 promptu
1310 4174 1465 4244 fuerit
1495 4173 1731 4244 deﬁnire,
1764 4190 1886 4228 num
1905 4190 1966 4232 ea
1989 4191 2105 4241 qua:
2143 4175 2239 4229 hoc
2263 4173 2320 4228 in
2350 4188 2504 4244 opere
2533 4172 2878 4240 continentur,
2911 4171 3055 4242 prius
3083 4170 3151 4225 ad
3188 4169 3441 4243 papulum
3463 4188 3702 4245 pronun:

395 4265 524 4319 tiata
551 4305 567 4332 ,
596 4268 921 4336 postmodum
949 4268 1003 4321 in
1030 4267 1162 4322 libro
1191 4273 1410 4338 formam
1437 4284 1578 4323 more
1606 4285 1700 4322 suo
1733 4269 2112 4325 concinnaverit
2137 4268 2458 4324 Ambrosius.
2491 4266 2558 4322 1d
2599 4267 2804 4339 quidem
2850 4268 2925 4322 ita
2966 4266 3155 4322 habere
3188 4267 3328 4320 haud
3366 4267 3499 4324 male
3522 4272 3702 4340 forsan

396 4358 516 4415 inde
563 4361 858 4430 probaveris
877 4402 893 4429 ,
938 4373 1044 4416 tum
1070 4363 1190 4432 quia
1215 4364 1269 4416 in
1293 4378 1352 4417 eo
1383 4373 1578 4417 exstent
1608 4361 1731 4416 bene
1763 4363 1922 4417 multa
1951 4379 2066 4434 quis
2103 4363 2170 4417 ad
2211 4363 2568 4433 informandos
2609 4359 3022 4415 Christianorum
3056 4375 3223 4415 mores
3250 4361 3559 4432 pertineant,
3590 4372 3697 4417 tum

396 4454 477 4509 vel
506 4454 728 4509 maxime
752 4455 874 4523 quia
903 4464 1008 4510 tota
1031 4455 1314 4524 disputatio
1339 4455 1569 4509 videatur
1593 4471 1652 4508 eo
1680 4455 1976 4521 collineare,
2004 4465 2062 4510 ut
2087 4471 2150 4509 ne
2164 4453 2390 4509 hwretici
2415 4453 2690 4525 simplices
2718 4460 2929 4508 mentes
2956 4451 3222 4506 malitiosa
3255 4451 3702 4522 interpretatione

398 4546 702 4603 traducant.
728 4546 880 4620 (Cap.
910 4547 966 4620 5)
1001 4547 1184 4602 Verum
1213 4564 1329 4602 cum
1357 4548 1578 4602 aliorum
1605 4547 1842 4602 Doctoris
1868 4548 2028 4602 nostri
2057 4563 2291 4618 operum,
2320 4562 2436 4616 qua:
2463 4547 2518 4600 in
2544 4546 2703 4600 libros
2730 4561 2757 4598 e
2785 4543 3116 4600 concionibus
3143 4558 3388 4600 conversa
3413 4553 3556 4611 sunt,
3577 4544 3708 4601 cha-

395 4650 644 4696 racterem
671 4642 725 4695 in
752 4643 846 4696 hoc
872 4642 1079 4696 minime
1099 4642 1563 4712 deprehendamus,
1594 4641 1923 4696 statuendum
1953 4651 2025 4696 est
2049 4642 2127 4698 vel
2155 4640 2628 4696 commentationem
2652 4637 2786 4692 hanc
2811 4637 2956 4694 nullo
2981 4637 3132 4692 modo
3170 4645 3404 4692 constare
3435 4639 3702 4694 concioni-

398 4735 492 4789 bus
516 4775 530 4797 ,
562 4734 640 4790 vel
667 4745 802 4789 certe
828 4735 964 4810 istas.
996 4735 1051 4788 in
1094 4751 1210 4789 eum
1243 4734 1472 4789 ordinem
1520 4751 1628 4789 esse
1665 4734 1902 4789 redactas
1925 4775 1941 4801 ,
1977 4734 2066 4802 qui
2107 4733 2494 4788 concionantem
2535 4731 2859 4786 Ambrosium
2890 4747 2952 4784 ne
2999 4731 3211 4784 minimo
3261 4730 3466 4800 quidem
3505 4731 3702 4788 indicio

396 4831 642 4886 redoleat.

471 4948 574 5004 Hic
596 4957 767 5004 autem
803 4965 907 5004 non
943 4949 1432 5019 prwtermittendum
1461 4947 1696 5022 quaedam
1729 4946 1880 5002 illum
1909 4961 2013 5000 non
2041 4951 2237 4999 tantum
2268 4958 2295 4997 e
2322 4939 2563 4996 Philonis
2603 4939 2781 4995 Judaei
2831 4939 2974 4993 libris
3027 4937 3423 5010 Allegoriarum
3454 4939 3612 5012 legis,
3643 4948 3704 4996 ut

395 5052 644 5116 putarunt
692 5044 932 5098 nonnulli
958 5084 970 5108 ,
1001 5045 1345 5114 desumpsisse
1366 5084 1380 5109 ,
1413 5058 1586 5122 verum
1633 5042 1789 5095 etiam
1828 5055 1891 5095 ea:
1910 5037 2140 5112 ejusdem
2172 5051 2325 5106 opere
2363 5036 2431 5090 de
2476 5035 2660 5089 mundi
2700 5032 2934 5103 opiﬁcio.
2983 5030 3090 5088 Sed
3115 5041 3452 5102 prceterquam
3469 5033 3611 5103 quod
3638 5049 3701 5087 ea

396 5151 564 5206 pauca
585 5144 702 5188 sunt
726 5174 740 5199 ,
773 5142 821 5187 et
857 5135 924 5187 ad
963 5134 1300 5204 allegoricum
1342 5133 1628 5202 Scriptura:
1656 5147 1859 5185 sensum
1889 5130 2170 5202 pertinent,
2194 5128 2248 5181 in
2273 5126 2339 5181 iis
2367 5127 2495 5196 ipsis
2539 5123 2781 5179 Philonis
2809 5131 3026 5178 mentem
3054 5139 3159 5177 non
3183 5124 3335 5178 verba
3354 5134 3704 5193 consectatur,

394 5241 445 5286 et
470 5245 586 5300 quae
607 5228 747 5298 apud
772 5228 924 5283 illum
945 5238 1205 5283 auctorem
1231 5227 1456 5282 Iudaico
1485 5227 1671 5295 spiritu
1695 5225 1930 5296 inspersa
1955 5227 2179 5294 fuerant,
2202 5237 2262 5276 ea
2284 5223 2338 5276 in
2356 5221 2658 5277 sententiam
2681 5218 3006 5289 Evangelicte
3031 5229 3388 5289 congruentem
3415 5218 3709 5277 christiana:

397 5322 644 5378 doctrina:
673 5321 951 5376 admodum
985 5321 1231 5377 convertit
1261 5319 1585 5376 Ambrosius.
