4150 6358
485 315 596 371 273

518 449 1394 479 *η’-..σεισ-

1815 303 2058 360 SANGTI
2096 301 2422 360 AMBBUSH

3671 309 3788 368 276

847 567 1858 734 SANCTI
2009 562 3426 764 AMBROSII

1654 821 2232 906 MEDIOLANENSIS
2297 821 2630 906 EPISCOPI

1341 1000 1632 1144 DE
1788 996 2936 1148 PABADISO

1781 1219 2117 1292 LIBER
2191 1217 2524 1296 UNUS“.

1831 1383 2074 1408 ‘—

1004 1488 1162 1576 ιω
1203 1445 1428 1543 CAPUT
1469 1483 1510 1540 t.

496 1615 666 1702 Quam
697 1627 914 1702 difﬁcile
969 1625 1033 1680 sit
1063 1623 1127 1678 de
1175 1621 1423 1696 paradiso
1465 1617 1730 1672 disserere.
1765 1609 1895 1686 Ejus
1924 1615 2094 1702 tamen

566 1699 982 1788 auctor-,rnatura
1002 1760 1016 1788 ,
1062 1719 1212 1784 situs,
1244 1713 1412 1770 incola
1445 1709 1776 1774 iudicantur;
1824 1713 1872 1762 et
1919 1717 2000 1758 res
2027 1699 2096 1756 ad

569 1818 869 1890 mysterium
890 1829 1094 1870 sensum
1125 1809 1437 1866 traducitur.

571 1961 625 2016 1.
671 1957 737 2010 Et
763 1953 788 1996 lt
818 1955 1063 2026 plantavit
1121 1951 1264 2006 Deus
1293 1947 1589 2022 paradisum
1633 1945 1688 2000 in
1717 1941 1864 1998 Edeu
1907 1954 2096 1995 secun-

505 2051 628 2110 dum
651 2051 1002 2106 Orientensset
1019 2045 1270 2119 posuitibi
1291 2044 1545 2098 hominem
1573 2055 1722 2110 quens
1745 2034 1893 2106 ﬁnxit
1939 2031 2095 2104 (Gen.

504 2163 564 2215 tt,
578 2145 655 2217 8).
679 2147 754 2200 De
767 2143 1018 2216 paradiso
1064 2137 1398 2197 adoriundus
1428 2150 1610 2192 sermo
1637 2147 1744 2188 non
1771 2129 2101 2186 mediocrem

510 2249 532 2276 ε
558 2247 748 2293 mstum
781 2236 937 2292 nobis
965 2233 1178 2289 videtur
1205 2232 1470 2292 incutere,
1501 2225 1757 2298 quidnam
1785 2223 1856 2277 sit
1881 2217 2102 2290 paradi-

501 2346 617 2399 sus,
645 2340 698 2386 et
748 2330 862 2398 ubi,
915 2328 1158 2402 qualisve
1201 2326 1294 2392 sit,
1325 2321 1651 2392 investigare
1704 2325 1760 2373 et
1809 2315 2102 2386 explanare

499 2424 874 2496 cupientibus:
899 2422 1133 2478 maxime
1162 2433 1282 2480 eum
1309 2413 1602 2484 Apostolus
1628 2411 1742 2466 sive
1769 2409 2097 2477 incorpore,

503 2517 619 2580 sive
647 2524 800 2586 extra
829 2526 1027 2582 corpus
1076 2509 1303 2584 neseiat,
1353 2517 1566 2580 raptum
1623 2519 1682 2560 se
1737 2513 1914 2558 tamen
1957 2500 2103 2554 dicat

506 2621 678 2680 usque
721 2605 788 2668 ad
843 2603 1060 2666 tertium
1090 2601 1306 2660 caelum.
1353 2600 1414 2654 Et
1472 2611 1699 2668 rursus:
1727 2595 1872 2659 Scio,
1907 2593 2099 2664 inquit,

502 2699 802 2774 hujusmodi
843 2697 1118 2764 hominem,
1149 2695 1253 2764 sive
1289 2693 1344 2748 in
1388 2706 1600 2762 corpore
1623 2731 1637 2754 ,
1691 2687 1794 2744 sive
1824 2695 1966 2742 extra
1989 2701 2120 2740 cor-.

507 2809 605 2864 pus
632 2791 828 2860 nescio,
855 2787 998 2844 Deus
1036 2788 1173 2852 scit;
1208 2785 1446 2858 quoniam
1475 2792 1655 2854 raptus
1695 2789 1770 2848 est
1811 2785 1862 2833 iu
1891 2778 2104 2852 paradi-

2120 1504 2176 1563 A
2197 1469 2328 1538 Quis
2349 1480 2434 1528 est
2461 1475 2604 1530 enim
2633 1477 2722 1547 qui
2747 1481 2922 1548 potuit
2949 1482 3156 1554 tingere
3179 1484 3512 1555 paradisum,
3545 1488 3652 1544 nisi
3673 1503 3802 1544 om-

2201 1565 2451 1634 nipotens
2475 1568 2894 1642 Deus,quidixit
2917 1587 2972 1630 et
2991 1576 3128 1633 facta
3153 1587 3300 1647 sunt,
3334 1577 3364 1618 ιι
3391 1595 3684 1650 numquam
3711 1583 3800 1637 in-

2200 1658 2390 1729 digens
2421 1675 2608 1716 eorum
2637 1679 2760 1734 quae
2813 1670 3064 1736 generari
3091 1671 3298 1726 vellet?
3329 1672 3448 1741 ipse
3490 1687 3620 1745 ergo
3651 1674 3805 1744 plan-

2201 1755 2335 1806 tavit
2363 1754 2678 1824 paradisum
2698 1757 2769 1814 de
2794 1773 2904 1829 quo
2929 1761 3062 1816 dicit
3085 1762 3362 1832 Sapientia
3397 1782 3409 1817 :
3446 1763 3623 1819 Omnis
3649 1766 3806 1835 plau-

2202 1847 2327 1901 tatio
2377 1863 2532 1918 quam
2589 1866 2694 1904 non
2739 1853 2988 1922 plantavit
3036 1853 3194 1909 Pater
3241 1873 3410 1925 meus,
3453 1858 3801 1912 erodit-obitur

2205 1940 2423 2011 (illatua.
2453 1961 2510 2010 ν,
2561 1944 2674 2018 15).
2709 1945 2855 2001 Bona
2886 1948 3202 2019 angelorum
3223 1951 3502 2020 plantatio,
3519 1951 3652 2006 bona
3667 1967 3802 2007 san-

2203 2045 2436 2092 ctorum.
2457 2037 2643 2094 Sancti
2675 2039 2818 2095 enim
2847 2040 2948 2095 sub
2974 2041 3078 2095 iicu
3103 2051 3160 2097 et
3175 2042 3286 2096 vite
3311 2041 3601 2097 dicunturi
3629 2044 3682 2098 in
3701 2045 3806 2098 illo

2203 2127 2350 2198 pacis
2379 2129 2544 2186 futuri
2569 2139 2836 2202 tempore,
2866 2131 2920 2189 in
2947 2133 3142 2204 quibus
3171 2145 3332 2206 typus
3359 2146 3446 2191 est
3480 2135 3808 2206 angelorum

2209 2221 2470 2292 (illic/tere.
2522 2237 2576 2279 tv
2591 2267 2606 2291 ,
2639 2225 2718 2296 4).

2275 2315 2330 2372 5.
2365 2315 2508 2386 Ergo
2556 2318 2836 2388 paradisus
2875 2329 2960 2376 est
2987 2319 3218 2390 plurima
3249 2319 3389 2390 ligna
3431 2319 3660 2390 habens,
3709 2321 3810 2378 sed

2207 2407 2346 2478 ligna
2389 2407 2684 2476 fructifera,
2733 2409 2878 2482 ligna
2907 2411 3065 2484 plena
3097 2411 3246 2468 succi
3279 2421 3438 2488 atque
3467 2413 3708 2478 virtutis,
3741 2414 3812 2470 de

2206 2499 2399 2572 quibus
2449 2510 2533 2574 est
2560 2519 2575 2562 :
2605 2501 2930 2560 Exultabuut
2969 2505 3141 2560 omnia
3198 2506 3338 2576 ligna
3387 2503 3640 2560 silvarum
3685 2504 3806 2578 (Ps.

2205 2608 2329 2658 xcv,
2381 2593 2515 2662 l3);
2573 2593 2714 2668 ligna
2776 2610 2991 2666 seraper
3041 2595 3288 2652 ﬂorentia
3369 2596 3637 2654 viriditate
3685 2613 3813 2656 me-

2207 2685 2455 2758 ritorum,
2491 2687 2632 2744 sicut
2661 2688 2797 2746 illud
2828 2690 3028 2760 lignum
3051 2691 3196 2762 quod
3225 2691 3517 2760 plantatum
3546 2701 3630 2746 est.
3650 2706 3811 2748 secus

2208 2777 2470 2834 decursus
2521 2795 2808 2850 aquarum,
2832 2781 2985 2852 cujus
3031 2781 3217 2836 iulium
3279 2799 3386 2840 non
3414 2781 3651 2848 deﬂuet;
3683 2783 3812 2854 quia

507 2902 640 2950 sum,
675 2893 724 2952 et
751 2882 945 2952 audivit
971 2879 1255 2950 ineffabilia
1301 2877 1474 2944 verba,
1508 2891 1622 2954 quae
1644 2891 1744 2928 non
1771 2873 1888 2926 licet
1909 2869 2102 2924 homini
2133 2905 2182 2965 Β
2211 2881 2355 2928 totus
2410 2873 2464 2928 in
2514 2889 2580 2930 eo
2633 2874 2834 2934 fructus
2881 2875 3160 2934 exuberat.
3197 2875 3294 2936 llic
3340 2891 3470 2952 ergo
3525 2876 3811 2952 paradisus

508 2979 716 3052 loqui...
751 2975 858 3036 Pro
899 2972 1195 3050 ltujusinodi
1236 2970 1496 3046 gloriabor
1517 3008 1532 3038 ,
1580 2984 1673 3046 pro
1701 2983 1778 3022 me
1804 2975 1975 3020 autem
2003 2980 2105 3018 non

503 3069 790 3144 gloriabor,
829 3067 930 3134 uisi
955 3068 1010 3124 in
1037 3065 1419 3138 inﬁrmitatibus
1449 3061 1618 3118 meis:
1651 3061 1695 3118 si
1722 3059 1854 3114 enim
1899 3057 2106 3112 voluero

507 3165 750 3240 gloriari,
777 3180 882 3222 non
907 3178 994 3228 ero
1045 3159 1269 3218 stultus:
1297 3174 1415 3214 nam
1439 3158 1700 3226 veritatem
1722 3154 1838 3208 dico
1882 3151 1950 3224 (Il
1982 3148 2101 3205 Cor.

511 3273 592 3328 stt
613 3299 628 3324 ,
661 3257 696 3326 ἃ
723 3267 770 3312 et
786 3255 865 3324 6).
895 3254 1038 3326 Ergo
1056 3252 1103 3310 si
1124 3249 1435 3324 ltujusmodi
1455 3247 1734 3320 paradisus
1763 3257 1868 3318 est,
1898 3253 1957 3298 ut
1982 3258 2104 3299 eum

409 3385 414 3390 -
515 3349 666 3420 solus
707 3347 930 3418 Paulus,
965 3353 1060 3404 aut
1112 3345 1195 3400 vir
1237 3342 1433 3414 aliquis
1467 3339 1618 3398 Pauli
1663 3337 1877 3402 similis,
1909 3351 2029 3392 cum
2054 3334 2107 3390 in

515 3441 619 3496 hac
643 3439 752 3496 vita
792 3438 1032 3507 degeret,
1078 3433 1264 3490 videre
1315 3431 1588 3506 potuerit;
1622 3429 1762 3484 idem
1791 3437 1970 3484 tamen
1996 3426 2108 3482 sive

517 3533 572 3598 in
601 3547 851 3603 corpore,
883 3530 997 3588 sive
1017 3536 1170 3584 extra
1193 3542 1388 3598 corpus
1412 3525 1627 3590 viderit,
1661 3517 1972 3578 meminisse
2003 3536 2107 3575 non

519 3605 731 3702 possit;
763 3622 994 3680 audierit
1041 3629 1218 3678 tamen
1261 3617 1446 3690 verba,
1480 3615 1675 3690 quibus
1713 3614 2016 3688 prohibitus
2041 3613 2112 3667 sit

519 3715 788 3789 uulgaret1
815 3715 958 3792 quod
986 3713 1233 3770 audierat
1265 3729 1276 3764 :
1313 3726 1419 3784 quo
1453 3709 1668 3772 tandem
1699 3723 1796 3762 nos
1827 3705 1987 3760 modo
2017 3720 2111 3778 pa-

515 3809 863 3888 radisisitum
903 3807 1200 3882 poterimus
1245 3803 1546 3880 absolvere,
1579 3815 1738 3874 quem
1794 3813 1892 3853 nec
1925 3795 2110 3853 videre

517 3907 831 3984 potuimus:
875 3913 928 3976 et
973 3901 1020 3960 si
1050 3899 1414 3972 potuissemus
1463 3895 1666 3962 videre,
1699 3893 2112 3968 prohiberentur

515 4012 696 4057 tamen
719 3997 840 4054 aliis
869 3997 1119 4051 intimare
1155 3989 1349 4066 146?
1373 3989 1543 4046 Simul
1574 4004 1693 4044 cum
1717 3987 1916 4042 Paulus
1938 3985 2114 4040 extol-

515 4095 628 4150 lere
679 4109 738 4149 se
783 4089 1174 4146 revelationum
1216 4083 1549 4138 sublimitate
1571 4082 1643 4136 sit
1671 4081 2112 4149 veritus,quanto

517 4163 692 4258 inagis
725 4163 880 4238 nobis
913 4193 934 4220 θ
969 4179 1264 4234 timendum
1296 4185 1374 4230 est
1405 4175 1458 4248 id
1488 4173 1772 4246 sollicitius
1831 4172 2109 4242 indagare,

516 4277 671 4346 cujus
717 4275 877 4330 etiam
917 4271 1178 4327 revelatio
1222 4269 1454 4323 obnoxia
1512 4269 1580 4322 sit
1631 4263 1910 4336 periculo?
1941 4261 1960 4302 ί
1991 4265 2106 4319 Non
2138 4299 2184 4364 Ο

513 4367 675 4443 igitur
699 4367 862 4440 ltylen
888 4363 1031 4418 hunc
1071 4361 1382 4432 paradisum
1416 4359 1687 4412 restituere
1728 4355 2025 4423 debemus;
2056 4365 2110 4411 et

523 4457 645 4532 ideo
677 4457 1046 4532 relinquamus
1076 4453 1228 4508 Pauli
1252 4467 1376 4507 esse
1403 4461 1700 4506 secretum.

586 4551 642 4608 2.
675 4549 878 4606 Tamen
919 4547 1173 4620 quoniam
1203 4543 1291 4600 hic
1331 4543 1562 4615 legimus
1613 4543 1667 4598 in
1714 4541 1964 4599 Genesia
1995 4543 2109 4600 Deo
2169 4541 2174 4546 ’

513 4623 818 4728 paradisum
877 4655 997 4696 esse
1020 4639 1320 4712 plantatum
1369 4635 1670 4692 secundum
1721 4633 2020 4702 Orientem,
2055 4645 2108 4692 et

511 4735 585 4794 ibi
607 4752 731 4793 esse
763 4735 998 4806 positum
1019 4731 1292 4790 hominem
1319 4739 1370 4798 ε,
1402 4743 1564 4801 quem
1611 4728 1898 4798 plasmavit
1921 4729 2105 4794 Deus;

511 4831 672 4886 istius
723 4827 960 4900 paradisi
1014 4836 1294 4882 auctorem
1336 4826 1449 4896 jam
1497 4837 1786 4895 possumus
1839 4823 2106 4879 invenire.

585 4975 611 5004 α
645 4963 889 5036 Scriptus
912 4962 1041 5036 circ.
1067 4976 1132 5036 an
1161 4960 1290 5016 575.

583 5037 613 5077 ι)
643 5031 741 5092 llic
770 5031 947 5108 iextus
975 5031 1314 5108 desideratur
1343 5031 1397 5108 in
1447 5031 1682 5108 antiquis
1731 5031 1860 5108 edit.
1889 5039 1942 5087 et
1973 5045 2105 5088 mss.

513 5110 746 5181 aliquot.
775 5106 1030 5161 Attamen
1055 5105 1110 5159 in
1138 5103 1258 5159 aliis
1275 5105 1495 5174 optima!
1517 5103 1658 5159 notae
1683 5103 1973 5175 reperitur.

585 5217 607 5242 ε
637 5203 764 5257 Mss.
781 5211 1010 5267 septem,
1037 5207 1245 5252 metum.
1270 5197 1400 5264 Alii,
1433 5207 1490 5252 et
1515 5197 1645 5252 edit.
1671 5198 2105 5262 melius,cestum.

585 5273 610 5312 ι¹
635 5275 710 5330 Ita
735 5272 980 5344 plerique
1000 5284 1129 5326 mss.
1162 5279 1213 5324 et
1230 5280 1351 5344 _vc_t._
1385 5270 1644 5324 edit.Alii
1671 5271 1978 5338 mss.,quod
2006 5285 2104 5324 au-

511 5347 685 5403 dierit.
721 5341 866 5401 Edit.
891 5343 1073 5408 Rom.,
1101 5341 1240 5412 quod
1266 5341 1484 5395 viderat.

583 5451 608 5478 °
649 5440 780 5494 Mss.
812 5440 1042 5508 aliquot,
1064 5436 1373 5492 studendum
1395 5445 1468 5490 est
1496 5435 1550 5489 id
1573 5434 1826 5488 sollicitus
1849 5431 2102 5487 indicare.

586 5530 606 5570 ί
637 5532 760 5586 Mss.
798 5547 903 5585 non
929 5531 1106 5596 pauci,
1132 5544 1234 5583 nec
1283 5527 1684 5590 contemnendi,
1709 5543 1810 5579 non
1836 5526 1984 5579 vilem
2003 5526 2104 5594 igi-

513 5611 614 5656 tur.
641 5601 804 5655 Forte
831 5601 1098 5654 visibilem.
1133 5600 1250 5664 Sin,
1283 5600 1436 5668 ltylen
1466 5599 1782 5668 maviseum
1801 5598 1941 5668 _:_tliis
1969 5611 2102 5650 mss.

509 5681 566 5726 et
593 5672 723 5724 edit.
751 5673 1109 5740 interpretare
1140 5665 1441 5726 materiem.
1465 5669 1597 5724 Vide
1620 5666 1714 5720 lib.
1737 5681 1776 5733 ι,
1801 5665 2103 5723 Hexaeme-

511 5757 633 5806 ron,
665 5755 783 5808 rap.
817 5741 869 5804 1,
905 5757 1054 5797 num.
1087 5742 1138 5794 1.

583 5821 608 5856 ιε
642 5811 798 5865 item.
841 5811 998 5878 edit.,
1052 5811 1342 5880 plantatum
1385 5811 1454 5866 ad
1499 5809 1852 5868 Orientem...
1911 5815 1958 5864 et
1984 5823 2108 5880 pro-

2209 2974 2312 3020 est.

2281 3060 2334 3116 4.
2362 3061 2536 3118 Locus
2566 3071 2746 3124 autem
2774 3065 2894 3138 ejus
2922 3066 2975 3126 in
2999 3080 3108 3136 quo
3135 3075 3218 3122 est
3244 3065 3516 3140 plantatus
3543 3067 3592 3132 i,
3619 3065 3813 3142 volup-

2213 3165 2294 3212 tas
2322 3155 2538 3212 dieitur.
2563 3156 2718 3214 Unde
2751 3167 2806 3216 et
2853 3169 3071 3232 sanctus
3129 3159 3294 3216 David
3343 3161 3417 3218 ait
3443 3175 3456 3214 :
3486 3157 3572 3216 Ea:
3593 3168 3817 3218 torrente

2211 3247 2493 3320 voluptatis
2513 3257 2614 3303 tua:
2635 3250 2836 3318 potabis
2867 3267 2950 3306 eos
2970 3248 3091 3324 (Ps.
3117 3249 3384 3320 xxxv,9).
3415 3250 3616 3322 Legisti
3647 3251 3812 3308 enim:

2211 3339 2346 3408 Quia
2370 3341 2485 3412 fons
2505 3341 2731 3412 procedit
2766 3358 2829 3398 ex
2853 3341 3020 3410 Eden,
3052 3343 3140 3416 qui
3163 3343 3292 3414 rigat
3315 3344 3609 3414 paradisum
3633 3339 3814 3414 (Gem,

2213 3435 2302 3502 tul
2317 3432 2394 3506 0).
2418 3431 2566 3506 147
2587 3431 2611 3469 κ
2632 3433 3246 3508 llzeeigitursant-torum
3263 3435 3428 3508 ligna,
3443 3451 3559 3508 qua:
3574 3435 3818 3510 plantata

2213 3535 2340 3581 sunt
2387 3529 2438 3582 in
2495 3527 2766 3600 paradiso,
2797 3530 2952 3602 quasi
2980 3527 3247 3599 proﬂuvio
3287 3528 3520 3600 quodam
3553 3526 3817 3588 torrentis

2214 3620 2435 3694 spiritus
2457 3621 2762 3690 irrigantur.
2807 3619 2884 3676 De
2913 3637 3018 3694 quo
3048 3623 3207 3678 etiam
3262 3621 3389 3678 alibi
3414 3622 3492 3684 ait
3517 3639 3528 3676 :
3557 3618 3818 3677 Fluminis

2214 3699 2434 3786 impetus
2460 3715 2687 3787 lwtiﬁcat
2705 3715 2957 3772 civitatem
2985 3715 3081 3776 Dei
3109 3716 3227 3786 (Ps.
3247 3733 3370 3780 xcv,
3402 3715 3480 3788 5).
3513 3697 3608 3776 Est
3632 3723 3816 3770 autem

2215 3807 2412 3862 civitas
2441 3807 2527 3862 illa
2547 3823 2668 3878 qua:
2697 3824 2912 3866 sursum
2943 3818 3022 3864 est
3053 3809 3387 3865 Hierusalem
3416 3808 3606 3874 libera,
3631 3805 3682 3864 in
3706 3821 3814 3880 qna

2215 3897 2427 3952 diversa
2455 3908 2762 3952 sanctorum
2793 3899 2986 3954 merita
3007 3899 3358 3970 pullularunt.

2289 3989 2342 4044 5.
2375 3989 2430 4044 In
2488 3989 2592 4046 hoc
2640 4005 2770 4061 ergo
2821 3992 3077 4063 paradiso
3124 3991 3394 4050 hominem
3449 3991 3588 4048 Deus
3632 3991 3818 4062 posuit

2217 4098 2376 4153 quem
2403 4083 2709 4152 plasmavit.
2737 4084 2982 4156 lutellige
3004 4085 3166 4140 etiam
3199 4086 3321 4153 quia
3353 4103 3457 4141 non
3488 4101 3608 4140 eum
3638 4085 3816 4140 homi-

2217 4163 2340 4230 nem
2370 4177 2460 4245 qui
2504 4177 2799 4231 secundum
2845 4177 3133 4248 imaginem
3180 4179 3272 4232 Dei
3314 4185 3432 4244 est,
3484 4179 3676 4247 posuit,
3709 4177 3810 4233 sed

2217 4285 2337 4323 eutn
2362 4270 2452 4339 qui
2475 4273 2770 4324 secundum
2803 4285 3021 4340 Corpus.
3053 4269 3404 4342 lncorporalis
3425 4270 3566 4324 enim
3599 4270 3650 4323 lu
3683 4267 3810 4325 loco

2218 4381 2324 4420 non
2351 4373 2451 4420 est.
2477 4365 2664 4419 Posuit
2690 4373 2867 4420 autem
2901 4381 3024 4421 eum
3049 4366 3097 4420 in
3115 4345 3368 4438 paradiso
3390 4363 3528 4421 sicut
3557 4363 3724 4418 solem
3750 4361 3809 4418 in

2211 4456 2374 4525 coelo,
2397 4466 2800 4526 exspectantem
2815 4471 3039 4528 regnum
3053 4453 3806 4528 cmlorutn,quemadmodum

2212 4559 2458 4606 creatura
2490 4558 2769 4618 exspectat
2801 4551 3186 4607 revelationetn
3216 4551 3445 4605 ﬁliorum
3475 4549 3590 4604 Dei.

2285 4641 2338 4695 6.
2370 4641 2512 4711 Ergo
2541 4642 2584 4696 si
2630 4641 2910 4712 paradisus
2936 4655 3020 4698 eSt
3047 4645 3100 4698 in
3124 4659 3231 4714 quo
3259 4652 3415 4698 erant
3457 4651 3642 4698 exorta
3701 4640 3816 4696 vir-

2214 4731 2384 4803 gulta,
2413 4732 2625 4795 videtur
2650 4735 2933 4803 paradisus
2964 4735 3140 4790 anima
3171 4751 3290 4790 esse
3321 4751 3441 4806 quae
3497 4733 3816 4804 multiplicat

2214 4839 2402 4881 semen
2431 4835 2732 4896 acceptum,
2759 4827 2930 4898 inqua
2952 4827 3124 4890 virtus
3150 4843 3485 4899 unaquaeque
3515 4827 3812 4898 plantatur,

2214 4959 2427 5038 ductum
2452 4979 2560 5016 esse
2597 4978 2746 5018 onme
2777 4961 2976 5036 lignum
3005 4961 3279 5038 pulchrum
3320 4961 3388 5016 ad
3413 4962 3598 5030 visum,
3623 4967 3670 5038 et
3719 4961 3812 5016 bo-

2214 5049 2335 5086 uum
2360 5035 2427 5087 ad
2451 5051 2639 5089 escam.
2821 5033 2835 5036 ἡ
3007 5033 3012 5038 ’
3651 5033 3656 5038 ’

2289 5099 2314 5175 1}
2364 5105 2476 5160 Vel.
2509 5106 2642 5160 edit.
2665 5121 2789 5160 cum
2823 5105 2996 5160 tribus
3019 5118 3178 5168 mss.,
3210 5104 3457 5175 numquid
3479 5104 3734 5174 indigens.

2291 5173 2307 5212 ί
2341 5175 2546 5236 Eadem
2571 5176 2723 5242 edit.,
2751 5177 3067 5246 requiescere
3091 5173 3410 5246 dicuntur-in
3439 5175 3532 5232 illo
3561 5173 3703 5246 pacis
3724 5175 3813 5246 (u-

2213 5256 2372 5318 turw.
2420 5252 2509 5312 At,
2559 5245 2890 5318 requiescere,
2925 5245 3080 5308 abest
3137 5245 3204 5301 ab
3254 5245 3374 5306 aliis
3417 5245 3643 5316 edit.'et
3672 5245 3807 5302 mss.

2211 5317 2484 5372 omnibus.
2541 5315 2739 5371 Horum
2788 5315 2874 5370 alii
2917 5333 3040 5372 cum
3086 5328 3195 5372 vet.
3245 5319 3374 5372 edit.
3419 5317 3628 5386 legunt,
3662 5320 3810 5386 pacis

2216 5391 2406 5458 futura:
2429 5407 2446 5456 ;
2473 5388 2561 5460 alii
2587 5387 2775 5458 majori
2816 5403 3042 5444 numero
3067 5399 3120 5443 et.
3145 5390 3584 5460 antiquitate.....
3620 5390 3808 5459 futuri,

2213 5461 2385 5512 sancti
2421 5459 2689 5513 videlicet.

2277 5527 2304 5652 Ii
2347 5530 2503 5650 lium.
2535 5527 2668 5584 edit.
2715 5529 2853 5598 sola,
2881 5531 3143 5600 plautatus
3173 5530 3359 5585 dicitur
3385 5527 3554 5597 Edeu,
3586 5529 3681 5608 hoc
3705 5540 3808 5600 est,

2299 5617 2367 5652 un
2393 5617 2469 5652 as.

2213 5610 2469 5666 valuplas.

2287 5669 2311 5707 k
2345 5670 2471 5725 Mss.
2527 5679 2757 5734 septem.
2790 5679 2846 5724 et
2874 5672 3004 5742 edit.
3051 5672 3202 5732 Am.,
3233 5681 3528 5726 sanctorum
3559 5673 3808 5742 lumina';

2211 5739 2367 5806 Era.,
2397 5743 2939 5810 sanctorumﬂumina.
2961 5741 3087 5798 Gill.
3121 5757 3241 5794 cum
3271 5744 3390 5796 aliis
3420 5739 3810 5806 ttiss.,sancto¥

2207 5829 2324 5868 rum
2355 5814 2516 5884 ligna.
2549 5811 2708 5872 Rom.
2735 5826 2950 5881 vocem,
2981 5821 3278 5868 sanctorum
3303 5814 3690 5884 praetermittit.
