4150 6358
397 347 503 424 an

1568 353 1657 408 ne
1696 352 2042 412 ranamso
2079 354 2284 440 unca
2323 357 2524 414 unus.

3581 357 3644 410 Ξῖ
3655 357 3690 413 8

398 465 456 542 in
477 479 579 536 qua
606 473 730 538 erat
746 466 907 540 etiam
952 465 1158 540 lignum
1187 467 1332 534 vitae,
1363 465 1466 539 liqc
1496 474 1581 524 est
1609 467 1898 538 sapientia,
1921 473 1994 522 si-
2019 471 2076 531 Α
2099 471 2298 526 malum
2324 480 2426 536 est,
2460 471 2556 527 sed
2587 471 2640 526 in
2694 485 2984 528 commune
3029 472 3180 528 utile.
3213 471 3344 528 Nam
3371 471 3512 527 sicut
3541 469 3612 526 fel
3637 470 3691 524 in

398 568 490 616 cut
507 558 639 614 dixit
663 559 919 631 Salomon
946 559 1098 630 (Sap.
1119 575 1212 628 vti.
1235 557 1365 629 9.5):
1391 568 1416 597 α
1433 561 1559 630 quia
1589 559 1855 629 sapientia
1885 575 1990 617 non

394 652 466 726 de
495 663 635 707 terra
669 663 855 710 exorta
877 662 983 719 est,
1008 653 1100 708 sed
1129 654 1197 714 de
1228 653 1406 714 Patre.
1441 655 1538 709 Est
1559 656 1702 710 enim
1737 656 1993 725 splendor

402 744 540 810 lucis
570 755 812 814 aeterna},
841 753 896 802 et
932 747 1200 816 emanatio
1230 747 1612 817 omnipotentis
1629 748 1838 820 gloriae.

1010 881 1234 938 CAPUT
1278 882 1337 938 II.

401 993 552 1076 Quod
582 996 778 1076 lignum
823 997 1058 1050 scientiw
1085 996 1202 1051 boni
1227 1006 1270 1052 et
1310 998 1433 1053 mali
1454 998 1507 1052 in
1539 999 1782 1068 paradiso
1815 1001 1985 1071 fuerit,

468 1091 705 1167 quodque
736 1088 920 1144 ibidem
943 1107 1152 1158 serpens
1197 1091 1460 1157 exstiterit,
1485 1085 1584 1146 non
1616 1095 1991 1160 reprehenden-

466 1165 606 1257 dum.
641 1182 707 1236 Et
736 1183 860 1253 quid
907 1184 1141 1238 nonnulli
1193 1201 1282 1264 per
1310 1195 1610 1256 serpentem,
1641 1187 1916 1256 Adamum,
1946 1171 1992 1243 et

468 1269 634 1352 Evam
660 1275 1020 1330 intellexerint.
1205 1267 1208 1272 ’

464 1389 516 1442 7.
555 1388 686 1443 Erat
712 1397 890 1442 autem
918 1389 1124 1459 lignum
1155 1390 1398 1462 scientia:
1426 1391 1554 1460 boni
1583 1402 1637 1454 et
1665 1393 1789 1460 maii
1815 1394 1866 1448 in
1899 1411 1991 1466 pa-

390 1479 594 1558 radiso.
621 1481 714 1556 Sic
735 1483 876 1556 enim
907 1481 1076 1556 habes
1101 1501 1116 1537 :
1145 1482 1276 1551 Quia
1305 1484 1554 1557 produxit
1604 1484 1743 1555 Deus
1793 1487 1992 1559 lignum

389 1575 678 1651 speciosum
715 1576 786 1631 ad.
810 1585 1105 1652 aspectum,
1133 1586 1179 1650 et
1210 1575 1397 1650 bonum
1419 1578 1485 1647 ad
1509 1594 1696 1643 escam,
1723 1588 1770 1632 et
1797 1581 1992 1650 lignum

389 1669 504 1744 eine
536 1668 588 1720 in
624 1667 892 1739 paradiso,
915 1677 964 1723 et
989 1670 1183 1742 lignum
1214 1670 1439 1724 scientiw
1465 1669 1584 1742 boni
1609 1680 1656 1734 et
1687 1672 1809 1740 mali
1835 1669 1987 1741 (Cen.

387 1759 519 1836 iugi
546 1758 741 1833 Po~tea
763 1759 1063 1836 videbimus
1086 1771 1265 1818 utrum
1289 1761 1987 1836 ethocliguumspeciosum

2099 574 2255 634 parte
2283 577 2362 619 εει
2394 564 2660 632 corporis,
2691 573 2745 618 et
2765 573 2946 618 tamen
2969 565 3035 618 ad
3061 565 3222 619 totius
3251 562 3536 618 utilitatem
3560 575 3686 618 (εον-
3771 577 3774 580 '

2097 657 2245 726 poris
2271 659 2519 726 prodeSt:
2549 656 2619 711 ita
2645 656 3119 712 utilitatiomnium
3147 654 3479 725 profuturam
3509 654 3690 708 sciens

2099 749 2240 804 heus
2268 750 2554 806 scientiam
2605 750 2730 804 boni
2759 759 2814 805 et
2842 748 2991 816 mali,
3022 749 3076 804 in
3122 758 3275 819 parte
3301 747 3604 811 constituit,
3635 753 3694 821 ut

2092 843 2147 900 in
2174 858 2464 900 commune
2490 843 2789 914 prodesset.
3685 909 3688 912 ἢ

2165 935 2220 993 9.
2255 937 2496 1003 Denique
2523 945 2831 1006 serpentem
2883 937 2934 990 in
2965 935 3214 1005 paradiso
3246 933 3478 994 invenis,
3505 933 3686 1000 utique

2092 1046 2203 1086 non
2245 1032 2364 1087 sine
2390 1031 2481 1086 Dei
2532 1030 2810 1084 voluntate
2839 1037 3171 1097 generatum.
3209 1028 3262 1081 lu
3292 1025 3560 1095 serpentis
3596 1041 3690 1078 au-

2095 1131 2201 1177 tem
2229 1122 2395 1192 ﬁgura
2424 1122 2681 1178 diabolus
2709 1132 2810 1177 est.
2843 1120 3033 1177 Fuisse
3062 1123 3204 1176 enim
3231 1120 3504 1174 diabolum
3527 1120 3576 1172 in
3599 1133 3689 1187 pa-

2093 1214 2276 1272 radiso
2305 1206 2743 1270 etiitnthecbicl
2768 1213 3030 1280 propheta
3050 1212 3337 1281 docet,qui
3370 1210 3497 1265 dicit
3527 1224 3688 1276 super

2095 1307 2394 1376 principem
2424 1306 2551 1377 Tyri
2579 1324 2592 1360 :
2621 1305 2685 1359 In
2713 1306 2992 1374 voluptate,
3043 1304 3233 1375 inquit,
3267 1303 3497 1368 paradisi
3521 1306 3687 1373 factus

2093 1399 2378 1466 es(Ezech.
2407 1416 2598 1462 XttV'lll,
2619 1397 3051 1470 l'S).Priucipem
3079 1407 3261 1456 autem,
3281 1395 3410 1467 Tyri
3441 1395 3494 1449 iu
3521 1395 3684 1462 ﬁgura

2094 1494 2389 1562 accipimus
2431 1493 2650 1548 diaboli.
2708 1491 2978 1562 Numquid
3033 1499 3089 1545 et
3131 1489 3260 1548 hinc
3312 1487 3688 1546 accusnhiqus

2095 1585 2287 1651 Deum,
2311 1587 2433 1654 quia
2467 1587 2748 1642 thesauros
2775 1585 2891 1653 ejus
2923 1583 3223 1640 altitudinis
3251 1590 3308 1638 et
3329 1581 3566 1640 scientia
3593 1582 3685 1634 tib-

2094 1679 2372 1733 sconditos
2401 1679 2451 1732 in
2485 1678 2701 1734 Christo
2739 1686 2792 1732 et
2817 1677 3060 1732 occultos
3087 1673 3549 1745 comprehendere
3578 1688 3683 1727 nou

2095 1786 2407 1841 possumus,
2432 1771 2538 1826 nisi
2565 1785 2702 1839 quos
2728 1771 2841 1838 ipse
2870 1770 3114 1824 revelare
3141 1768 3389 1837 dignatus
3412 1776 3494 1822 est
3523 1768 3546 1818 ?
3573 1766 3682 1821 Re-

385 1847 455 1925 ξιιι
482 1857 781 1927 ῃςρεφιιιιιι,
815 1863 865 1905 ει
890 1852 1090 1930 bonum
1114 1851 1178 1924 ad,
1203 1867 1381 1906 escam
1417 1851 1573 1908 fuerit
1595 1852 1735 1914 sicut
1767 1864 1982 1910 CMB”!-
2018 1863 2064 1923 B
2091 1864 2289 1920 velavit
2315 1873 2516 1929 tamen,
2549 1873 2606 1918 ut
2637 1864 2870 1918 sciamus
2900 1863 3066 1917 etiam
3087 1862 3290 1920 diaboli
3323 1860 3580 1918 malitiam
3613 1859 3678 1914 ad

382 1941 464 2023 go
486 1945 630 2018 enim.
654 1943 772 2016 loco
800 1946 903 2020 ch
927 1946 1285 2024 opportunius
1318 1946 1702 2024 disputabitur,
1751 1963 1858 2018 quo
1889 1948 1986 2002 ho-

385 2036 590 2116 minem
613 2052 680 2116 ex
714 2036 815 2112 hoc
863 2048 1169 2114 gustantetn
1217 2043 1361 2117 ligno
1388 2043 1696 2117 invenimus
1739 2061 1861 2102 esse
1891 2047 1986 2102 de-

383 2140 622 2208 ρᾳυιῃιῃτ
687 2131 907 2209 ξιιιιξςίιιι
966 2134 1097 2208 nihil
1157 2137 1454 2210 habemus,
1507 2139 1651 2211 quod
1705 2156 1851 2196 nunc
1906 2158 1984 2196 re-

384 2221 727 2300 prehendere
758 2223 1075 2301 debeamus,
1121 2230 1226 2300 etsi
1255 2232 1522 2303 rationem
1551 2233 1690 2305 scire
1721 2248 1827 2290 non
1859 2249 1984 2304 pos-

383 2314 782 2397 qiutt‘tsmieque
811 2321 956 2375 enim
1013 2323 1066 2392 in
1119 2323 1221 2394 hac
1277 2336 1522 2380 creatura
1573 2326 1782 2399 mundi,
1814 2328 1982 2397 siqua

380 2410 542 2488 nobis
564 2411 806 2489 difﬁcilia
836 2413 1115 2489 intellectu
1137 2418 1408 2485 videntur,
1439 2428 1494 2474 et
1513 2419 1983 2489 incomprehensi-

378 2501 504 2581 bilia
561 2505 778 2578 ingenio
827 2519 1018 2581 nnatro
1054 2551 1068 2573 ,
1117 2511 1407 2568 temerario
1435 2511 1672 2583 quodam
1717 2512 1981 2569 debemus

377 2597 750 2676 condemnare
793 2600 1019 2672 judicio,
1054 2611 1113 2672 ut
1169 2615 1470 2660 creaturam
1499 2607 1855 2675 serpentium,
1884 2624 1980 2663 ve-

377 2695 672 2770 gentilique
703 2695 934 2765 alicujus
991 2697 1320 2770 animantis;
1348 2699 1545 2772 quippe
1601 2699 1848 2760 homines
1877 2717 1980 2770 qua

377 2784 595 2860 tagione
622 2785 833 2858 singula
862 2803 1096 2859 quaeque
1143 2792 1253 2846 sint
1292 2790 1429 2846 facta
1467 2791 1775 2862 intelligere
1802 2794 1979 2850 adhuc

377 2881 438 2952 et
464 2875 604 2948 scire
635 2890 742 2951 non
795 2892 1104 2950 possumus.
1137 2879 1225 2935 Sic
1247 2896 1374 2952 ergo
1400 2891 1455 2937 et
1492 2883 1546 2950 in
1577 2883 1874 2953 scripturis
1899 2887 1980 2946 di-

380 2963 522 3044 vitiis
552 2982 658 3022 non
694 2967 851 3038 facile
897 2969 1364 3048 reprehendamus
1404 2973 1607 3048 aliquid
1638 2975 1782 3049 quod
1819 2977 1980 3032 intel-

381 3055 552 3137 ligere
585 3074 690 3112 non
723 3074 1037 3136 possumus.
1077 3061 1215 3136 Sunt
1255 3064 1402 3142 enim
1429 3067 1658 3144 plurima
1701 3082 1822 3138 quae
1869 3083 1977 3124 non

381 3160 573 3231 nostra
604 3151 822 3228 ingenio
864 3155 1136 3230 metienda
1169 3165 1331 3224 sunt;
1365 3158 1461 3214 sed
1483 3173 1546 3212 ex
1580 3159 1869 3232 altitudine
1895 3162 1976 3218 di-

380 3229 522 3322 vinae
552 3243 924 3324 dispositionis
945 3254 1000 3318 et
1027 3247 1176 3316 verbi
1201 3262 1330 3320 sunt
1353 3229 1691 3324 aestimanda.
1731 3229 1736 3234 ’

452 3336 506 3412 β.
541 3335 692 3411 Pone
731 3339 898 3412 enim,
923 3339 1043 3414 sine
1087 3342 1403 3418 praeiudicio
1436 3353 1614 3420 tamen
1657 3345 1978 3414 assertionis

379 3429 597 3508 [uitii-te,
627 3430 751 3507 ideo
775 3433 869 3488 tibi
897 3432 1002 3503 hoc
1030 3434 1234 3508 lignum
1261 3435 1328 3492 de
1350 3437 1576 3506 scientia
1617 3439 1741 3493 boni
1763 3448 1818 3496 et
1849 3441 1976 3496 mali

381 3520 692 3606 implicata,
722 3525 846 3594 quia
890 3535 1240 3602 posteaquam
1291 3538 1644 3602 gustaverunt
1697 3547 1761 3586 ex
1789 3546 1855 3587 eo
1889 3532 1982 3590 ho-

381 3615 576 3692 mines,
609 3616 998 3694 intellexerunt
1024 3633 1084 3680 se
1113 3634 1233 3679 esse
1256 3620 1460 3694 nudos;
1491 3630 1730 3692 attamen
1758 3623 1824 3678 ad
1848 3638 1979 3688 cou-

383 3708 801 3782 sumntationem
843 3708 1041 3780 divinae
1068 3713 1404 3780 Operationis
1446 3711 1622 3776 dicam
1654 3715 1749 3782 tibi
1795 3726 1850 3771 et
1875 3715 1979 3772 hoc

380 3799 584 3879 lignum
636 3803 691 3872 in
744 3805 996 3880 paradiso
1049 3816 1342 3876 exortum,
1387 3816 1443 3874 et
1473 3808 1596 3876 ideo
1642 3825 1673 3866 ι
1712 3810 1822 3868 Deo
1853 3826 1978 3868 esse

382 3896 730 3969 permissum,
754 3907 811 3950 ut
837 3899 1108 3968 possimus
1128 3901 1648 3970 superentinentiam
1665 3904 1789 3960 boui
1813 3905 1974 3962 scire.

383 3988 666 4061 qumodo
687 3988 846 4062 148
860 3991 1002 4047 enim
1031 3993 1076 4047 si
1104 4008 1210 4058 non
1225 3997 1602 4060 essetscientia
1618 3972 1746 4052 boui
1763 3999 1952 4054 etmali
1965 4041 1978 4066 ,

384 4081 530 4166 ἱειξβν
555 4083 776 4152 δοημιη·
799 4093 855 4140 ει
881 4086 1079 4158 malum
1126 4086 1510 4152 discretionem
1542 4090 1776 4168 aliquam
1807 4091 1982 4149 disce.

385 4191 572 4257 nemus
592 4177 616 4236 ἰ
636 4177 770 4240 Nam
801 4193 978 4250 neque
1025 4179 1170 4250 quod
1214 4181 1416 4246 malum
1441 4191 1580 4250 erat,
1612 4184 1811 4240 malum
1838 4185 1983 4256 judi-

384 4282 640 4341 caremus
667 4283 811 4336 esse,
849 4270 951 4328 nisi
984 4280 1130 4328 esset
1179 4272 1407 4334 scientia
1434 4273 1557 4340 boni
1586 4291 1598 4330 :
1630 4275 1858 4334 scientia
1887 4292 1984 4332 au-

385 4367 494 4446 tem,
524 4360 665 4432 hbiti.
705 4376 829 4418 esse
874 4378 979 4420 non
1013 4373 1214 4432 posset,
1241 4363 1270 4402 ι)
1302 4366 1404 4432 nisi
1444 4376 1591 4426 esset
1645 4378 1699 4434 et
1745 4369 1978 4433 bonum:

390 4465 566 4526 neque
616 4468 805 4525 rursus
849 4455 991 4525 quod
1044 4456 1243 4522 bonum
1301 4467 1438 4524 crat,
1485 4461 1748 4525 sciremus
1781 4463 1979 4518 bonum

386 4559 531 4618 esse,
584 4545 688 4610 nisi
730 4555 875 4603 esset
928 4549 1152 4606 scientia
1202 4550 1347 4610 mali.
1382 4549 1527 4626 Cape
1577 4557 1888 4624 exemplum
1915 4556 1985 4611 de

388 4637 505 4714 ipsa
535 4637 846 4718 conditione
893 4638 1117 4710 humani
1148 4643 1415 4713 corporis.
1465 4634 1672 4716 Nempe
1723 4645 1885 4712 habet
1929 4653 1986 4702 et

388 4729 802 4804 amaritudinem
825 4730 1114 4804 quamdam
1169 4731 1333 4802 iellis,
1355 4749 1476 4804 qua:
1505 4738 1548 4805 si
1581 4736 1632 4794 in
1687 4751 1978 4794 commune

388 4821 712 4898 prospicias,
740 4821 806 4886 ad
833 4823 1064 4894 saiutem
1088 4823 1322 4894 hominis
1352 4826 1498 4898 utiiis
1521 4827 1811 4896 invenitur.
1839 4831 1979 4902 Ergo

388 4919 444 4988 et
469 4912 612 4996 quod
640 4912 841 4998 malum
871 4923 1142 4988 putamus,
1177 4917 1496 4990 plerumque
1538 4935 1645 4989 non
1677 4937 1776 4993 per
1795 4924 1980 4988 omnia

447 5077 491 5153 λι
521 5070 840 5153 Ambrosius
867 5072 1030 5153 etiam
1060 5073 1157 5128 inf.
1185 5089 1236 5129 c.
1281 5075 1348 5153 {2’3
1371 5085 1425 5131 et
1464 5078 1588 5153 alibi
1613 5077 1755 5153 hunc
1787 5079 1978 5135 librum

391 5141 580 5219 tribuit
610 5143 890 5219 Salomoni
916 5145 1067 5215 juxta
1118 5147 1380 5217 temporis
1406 5150 1487 5202 sui
1513 5151 1819 5219 Opinionem
1847 5168 1860 5205 :
1888 5152 1983 5206 sed

391 5214 1066 5293 pseudepigraphumu’eum
1111 5214 1247 5293 esse
1287 5227 1470 5283 postea
1502 5214 1682 5293 docuit
1715 5222 1984 5293 Hierony-

392 5299 536 5357 mus,
562 5295 617 5339 et
647 5302 676 5339 a
700 5288 976 5341 nonnullis
1017 5289 1346 5357 scriptorum
1376 5303 1616 5346 veterum
1638 5291 1828 5347 Iudaeo
1860 5288 1988 5348 Plii-

393 5354 527 5436 iqni,
555 5359 994 5436 puta‘ant'iquiori
1029 5354 1247 5436 ascribi.
1273 5359 1426 5436 Unde
1447 5361 1690 5418 Cassiod.
1713 5363 1842 5436 Sen.
1873 5364 1983 5417 div.

555 5419 628 5481 'c.
661 5427 694 5482 ὅ
727 5444 739 5481 :
781 5419 1128 5506 Hieronymus
1156 5469 1170 5493 ,
1228 5432 1442 5506 inquit,
1477 5435 1668 5506 iusserit
1708 5434 1990 5506 Sapientiae

395 5495 716 5579 librumnon
749 5514 784 5552 a
828 5495 1126 5579 δαιοιὶιρης,
1161 5511 1219 5555 ut
1245 5495 1365 5579 usus
1399 5504 1566 5567 habet,
1594 5507 1681 5579 sed
1711 5521 1741 5558 a
1768 5495 1988 5562 Philone

395 5567 694 5644 doctissimo
719 5569 940 5644 quodam
993 5569 1198 5637 Iudaeo,
1236 5575 1395 5644 fuisse
1439 5577 1805 5641 conscriptum,
1837 5593 1987 5638 quem

397 5638 848 5714 pseudogrupimm
873 5645 1194 5714 prtenotavit,
1219 5638 1487 5714 prapterea
1509 5638 1651 5712 quod
1688 5638 1986 5711 usurpatio.

396 5724 511 5789 item
529 5711 749 5789 nominis
778 5724 949 5789 portat
971 5711 1225 5789 ulterius.
1249 5711 1462 5789 Putavit
1488 5717 1778 5786 aliquando
1807 5722 1990 5789 Augu-

397 5781 572 5862 stinus
590 5781 839 5862 eumdem
860 5783 1052 5862 librum
1076 5785 1145 5838 ab
1170 5783 1300 5862 1Ιεεειι
1330 5785 1482 5862 Sirac
1509 5781 1768 5862 scriptum
1792 5781 1987 5862 luisse,

309 5869 332 5881 δ
399 5850 496 5906 sed
523 5850 736 5910 doctior
786 5853 1131 5926 postmodum
1163 5853 1338 5914 factus
1377 5858 1570 5915 incerti
1599 5850 1834 5916 auctoris
1863 5850 1987 5916 esse

2090 1958 2320 2012 salutem
2346 1955 2603 2025 prodesse
2633 1955 2958 2011 hominibus.
2985 1955 3097 2012 Non
3122 1954 3262 2024 quod
3284 1953 3534 2010 diabolus
3558 1968 3681 2022 pro-

2090 2048 2249 2116 desse
2276 2049 2426 2116 velit,
2458 2048 2554 2104 sed
2583 2048 2724 2118 quod
2754 2047 3014 2102 malitiam
3044 2047 3162 2116 ejus
3187 2047 3350 2101 etiam
3375 2059 3684 2115 repugnan—

2091 2142 2160 2198 tis
2200 2143 2472 2198 convertit
2512 2143 2672 2197 nohis
2719 2142 2980 2196 Dominus
3035 2142 3100 2196 ad
3157 2141 3408 2198 salutem.
3444 2139 3683 2209 Denique

2089 2236 2251 2305 hujus
2297 2236 2502 2296 malitia
2531 2236 2636 2298 Job
2683 2237 2856 2294 sancti
2884 2235 2984 2294 viri
3038 2233 3165 2292 fecit
3193 2248 3316 2290 esse
3343 2234 3595 2287 virtutem
3627 2239 3683 2287 et

2087 2332 2409 2403 patientiam
2459 2331 2768 2386 clariorem.
2814 2329 2980 2396 Hujus
3012 2327 3216 2384 malitia
3261 2326 3526 2396 justitiam
3557 2324 3680 2394 ejus

2087 2426 2370 2490 exercuit;
2398 2434 2456 2481 ut
2483 2432 2718 2480 certaret
2742 2434 2794 2480 et
2815 2424 3073 2490 vinceret,
3098 2432 3152 2478 et
3173 2421 3454 2478 victoriam
3478 2433 3681 2474 corona

2085 2529 2427 2589 sequeretur.
2459 2517 2630 2573 Nemo
2656 2515 2800 2573 enim
2841 2517 2942 2571 nisi
2973 2516 3062 2586 qui
3094 2515 3332 2584 legitime
3369 2509 3681 2575 certaverit,

2085 2620 2402 2672 coronatur.
2431 2611 2632 2680 Joseph
2681 2625 2897 2680 quoque
2935 2607 3252 2664 castimonia
3284 2619 3577 2672 numquam
3609 2603 3676 2657 ad

2085 2705 2256 2760 nostri
2282 2704 2595 2758 memoriam
2623 2702 2979 2772 pervenisset,
2996 2700 3097 2754 nisi
3121 2697 3314 2755 mulier
3329 2696 3534 2752 domini
3561 2694 3678 2766 ejus

2085 2797 2490 2854 contubernalis
2518 2797 2700 2867 ignitis
2719 2795 2917 2850 diaboli
2940 2795 3162 2865 spiculis
3185 2793 3400 2850 incitata
3416 2798 3685 2848 tentasset

2085 2892 2205 2958 ejus
2227 2889 2626 2956 aﬂ‘ectum,nisi
2651 2900 2925 2958 postremo
2964 2887 3270 2944 aliectasset
3323 2886 3444 2953 ejus
3489 2883 3681 2938 interi-

2085 2991 2223 3047 tum,
2256 2997 2362 3050 quo
2387 2980 2587 3036 clarior
2632 2988 2775 3035 esset
2799 2978 3117 3035 castimonia
3143 2977 3275 3042 viri,
3303 2977 3394 3045 qui
3449 2984 3678 3030 mortem

2084 3088 2184 3145 pro
2215 3073 2466 3127 castitate
2502 3071 2908 3138 contempserit.
2942 3069 3034 3125 Vis
3059 3069 3199 3124 scire
3227 3068 3512 3123 consilium
3541 3067 3638 3120 Dci
3665 3066 3689 3119 ‘t

2085 3163 2292 3232 Nempe
2313 3161 2532 3216 diabolo
2557 3168 2779 3218 auctore
2802 3175 2962 3214 neces
2992 3160 3240 3214 videntur
3264 3158 3422 3226 justis
3445 3156 3682 3211 homini.

2007 3259 2054 3322 C
2085 3255 2185 3322 bus
2219 3253 2534 3324 praeparari,
2558 3253 2800 3310 exerceri
2829 3265 3043 3322 quoque
3071 3248 3362 3320 parricidia
3395 3247 3630 3302 ﬁliorum
3663 3263 3678 3310 ;

2085 3356 2326 3414 attamen
2361 3344 2619 3408 Dominus
2649 3337 2810 3400 etiam
2852 3343 3122 3400 Abraham
3148 3341 3250 3400 hac
3287 3349 3402 3396 arte
3430 3339 3680 3405 tentavit,

2085 3450 2142 3507 ut
2173 3439 2442 3502 immolari
2480 3438 2584 3494 sibi
2615 3437 2782 3500 tilium
2837 3437 2905 3491 ab
2949 3436 3139 3496 eodem
3198 3433 3516 3504 postularet.
3565 3432 3679 3500 Qua

2086 3517 2384 3590 tentatione
2424 3530 2694 3585 Abraham
2717 3529 2890 3588 ﬁdelis
2912 3540 2994 3584 est
3023 3528 3254 3584 Domino
3269 3526 3679 3596 comprobatus,

2084 3625 2231 3696 quod
2263 3641 2291 3680 a
2323 3623 2626 3680 devotionis
2676 3619 2934 3692 obsequio
2957 3636 3057 3701 nec
3086 3621 3270 3676 dilecti
3300 3619 3394 3675 ﬁlii
3445 3617 3678 3674 misera-

2086 3721 2233 3776 tione
2262 3727 2546 3774 revocatus
2587 3717 2673 3772 sit.
2709 3716 2783 3770 Ita
2813 3731 2940 3785 ergo
2971 3723 3024 3770 et
3050 3715 3252 3784 lignum
3278 3713 3522 3768 scientia)
3542 3711 3669 3765 boui

2086 3820 2143 3868 et
2165 3795 2370 3867 mali'in
2399 3809 2689 3882 paradiso;
2723 3808 2867 3877 quod
2899 3813 3016 3863 erat
3059 3808 3364 3877 speciosum
3390 3804 3457 3860 ad
3479 3787 3676 3869 visum,

2085 3913 2142 3960 et
2180 3905 2380 3959 bonum
2407 3903 2472 3957 ad
2497 3917 2676 3958 escam
2707 3901 2889 3971 specie
2919 3899 3218 3954 videbatur.
3251 3896 3368 3955 Non
3399 3897 3544 3952 enim
3571 3911 3669 3951 usu

2085 3997 2288 4053 bonum
2320 3995 2388 4049 ad
2442 4009 2622 4049 escam
2653 4002 2801 4058 erat;
2845 3992 3099 4062 quoniam
3142 4005 3264 4045 esca
3307 3987 3425 4060 ejus
3469 3988 3684 4043 videtur

2089 4088 2398 4148 hominibus
2420 4088 2683 4146 obfuisse.
2711 4086 2850 4156 Ergo
2881 4095 2966 4141 est
2999 4084 3144 4155 quod
3191 4083 3417 4153 singulis
3467 4092 3682 4148 noceat,

2087 4183 2143 4243 in
2169 4195 2458 4239 commune
2481 4180 2669 4250 prosit,
2686 4177 2911 4236 utJudte
2937 4177 3120 4238 nocuit
3145 4173 3522 4240 diabolus,sed
3543 4190 3684 4244 pra:-

2090 4281 2173 4332 ter
2203 4273 2349 4330 illum
2380 4287 2569 4330 omnes
2593 4270 2868 4342 apostolos
2888 4267 3294 4340 coronavit,qui
3318 4267 3540 4330 malitize
3562 4267 3682 4338 ejus

2087 4372 2416 4427 tentameuta
2446 4364 2712 4420 vicerunt.

2166 4457 2324 4532 ιω
2351 4457 2436 4514 10.
2470 4457 2656 4528 Itaque
2678 4471 2851 4526 neque
2873 4454 3247 4522 dubitandum,
3277 4469 3452 4524 neque
3500 4468 3686 4526 reprc-

2090 4551 2438 4610 hendendum
2473 4551 2616 4620 quod
2638 4551 2690 4608 in
2718 4547 2972 4620 paradiso
2999 4548 3248 4604 diabolus
3288 4555 3443 4614 erat;
3467 4546 3685 4617 quando

2092 4645 2314 4716 quidem
2345 4643 2633 4700 occludere
2653 4643 2856 4698 sanctis
2885 4657 2989 4696 non
3014 4643 3187 4710 potuit
3215 4641 3338 4705 iter,
3363 4655 3431 4702 ne
3459 4641 3578 4709 quis
3601 4655 3686 4695 as-

2092 4738 2372 4793 cenderet.
2407 4737 2594 4806 Neque
2635 4736 2777 4789 enim
2807 4735 2966 4804 justis
2997 4733 3384 4792 habitationem
3417 4731 3686 4789 incolatus

2090 4837 2367 4904 tamquam
2399 4843 2684 4899 possessor
2703 4827 2924 4897 eripuit.
2947 4827 3076 4881 Esto
3093 4825 3236 4882 enim
3267 4833 3324 4878 ut
3349 4825 3562 4894 aliquos
3593 4825 3688 4879 dc-

2089 4923 2237 4982 sides
2260 4932 2422 4994 atque
2447 4922 2675 4978 vitiosos
2713 4921 2783 4976 ab
2812 4919 3049 4976 incolatu
3095 4931 3346 4989 superna:
3387 4918 3687 4988 possessio-

2092 5075 2622 5149 protittntiavit.Vide
2648 5077 2887 5143 lib.tt,c.
2911 5075 2965 5140 4,
2993 5075 3232 5149 Retraet.
3258 5090 3277 5149 _;
3314 5073 3352 5127 l.
3377 5073 3505 5149 _u_de
3529 5074 3683 5149 Doct.

2091 5144 2323 5217 Christ.,
2346 5166 2395 5205 c.
2427 5151 2482 5214 8,
2517 5161 2570 5204 et
2628 5149 2844 5217 Specul.
2882 5163 2945 5200 ac
2976 5157 3133 5201 notas
3155 5145 3224 5200 ibi
3257 5145 3308 5199 iu
3340 5144 3524 5198 ultima
3556 5145 3685 5198 edit.

2093 5225 2389 5292 subjecms.
2419 5222 2769 5277 Communior
2791 5218 2890 5292 a-vi
2913 5218 3084 5272 nostri
3110 5217 3443 5292 Scriptorum
3471 5219 3689 5292 Senten-

2093 5296 2167 5349 tia
2195 5286 2281 5348 cst
2307 5309 2442 5362 opus
2467 5292 2596 5346 illud
2627 5307 2692 5346 ex
2726 5287 3504 5362 plurimarumsententiarum
3533 5286 3693 5362 Salo-

2098 5369 2274 5420 monis
2326 5357 3013 5432 compilationeaquodatu
3041 5359 3142 5432 pio
3197 5357 3520 5432 ac__er_udit_t_i
3573 5358 3689 5411 viro

2098 5437 2390 5505 prodiisse,
2441 5428 2533 5504 qui
2569 5428 2988 5505 proinde'divini
3038 5431 3218 5505 huius
3255 5429 3374 5505 libri
3406 5428 3687 5498 collector,

2093 5501 2348 5565 Salomon
2375 5501 2503 5560 vero
2530 5504 2796 5575 genuinus
2823 5511 3012 5575 auctor
3039 5502 3145 5556 dici
3185 5501 3398 5575 debeat.

2165 5578 2190 5617 ι)
2222 5579 2294 5632 ita
2327 5572 2567 5646 plerique
2598 5590 2726 5628 mss.
2772 5572 2900 5646 Alii,
2933 5573 3315 5646 etantgedit,
3339 5573 3444 5628 ‘niu’
3491 5581 3692 5627 essetet

2091 5651 2236 5704 mali.
2269 5642 2422 5702 Rom.
2453 5642 2659 5710 adjicit,
2689 5644 2883 5698 malum
2933 5645 3066 5697 enim
3093 5642 3311 5696 discerni
3365 5655 3469 5696 n'on
3504 5651 3688 5713 potest,

2091 5721 2192 5773 nisi
2247 5737 2336 5787 per
2364 5719 2627 5776 scientiam
2658 5717 2794 5772 boni.
2821 5713 2932 5770 Sed
2962 5727 3028 5770 ea
3055 5715 3320 5787 nusquam
3365 5714 3494 5770 alibi
3534 5728 3689 5783 repe-

2090 5784 2327 5849 riuntur.
2765 5789 2770 5794 ’
3179 5803 3184 5812 '
3272 5784 3280 5810 ⁹
