4150 6358
493 339 606 402 2⁸19

1821 333 2068 414 ssuc'rt
2107 334 2425 392 AMBROSll

3687 339 3802 396 980

487 462 576 518 nis
604 461 870 517 averterit
898 502 914 530 ,
964 459 1092 517 illud
1122 457 1291 515 multo
1319 455 1601 528 augustius
1638 455 1916 525 multoque
1963 455 2084 527 pul—
2110 459 2165 518 Α
2188 464 2236 510 te
2257 459 2375 527 [om
2396 457 2512 510 vita:
2533 455 2650 528 (Ps.
2683 459 2991 530 xxxv,10).
3020 458 3284 532 Denique,
3297 460 3512 530 [lumina
3535 459 3600 514 de
3621 468 3803 514 ventre

489 555 685 612 ebrius
715 554 856 625 quod
886 564 1192 609 sanctorum
1219 550 1560 606 orationibus
1586 549 1931 615 excludetur,
1963 564 2086 604 cum

489 648 824 716 completum
851 645 1014 700 fuerit
1046 646 1173 701 illud
1207 663 1220 698 :
1268 643 1512 698 Videbam
1539 656 1777 698 sutanam
1804 644 1935 698 sicut
1983 642 2092 711 [ul-

493 758 594 814 gur
624 741 826 795 dccaelo
847 740 1106 794 cadentem
1129 737 1284 808 (Luc.
1340 754 1422 802 tx,
1454 739 1568 807 18).
1588 737 1731 806 Ergo
1760 753 1864 791 non
1885 748 2094 791 metua-

495 847 620 888 mus
650 849 798 896 emn,
830 835 924 903 qui
953 847 1196 901 eou~que
1223 831 1471 886 infirmus
1493 840 1596 897 est,
1629 838 1687 884 ut
1711 838 1768 884 et
1789 830 1909 899 ipse
1931 843 2093 884 casu-

496 937 593 978 rus
644 923 716 977 sit
759 924 810 977 in
847 933 1070 978 terram.
1104 925 1328 993 Accepit
1366 923 1585 993 quidem
1633 923 1874 978 tentandi
1925 922 2097 977 licen-

493 1013 626 1069 tiam
661 1015 798 1070 :sed
833 1031 936 1070 non
993 1018 1201 1086 accepit
1229 1017 1444 1086 copiam
1493 1015 1809 1081 subrueudi,
1865 1015 1967 1069 uisi
2001 1029 2095 1072 sua

495 1117 692 1176 Sponte
715 1108 925 1168 labatur
956 1107 1205 1163 infirmus
1241 1108 1469 1163 allectus
1499 1149 1513 1173 ,
1545 1109 1634 1178 qui
1680 1109 1782 1163 sibi
1835 1109 2096 1163 auxilium

497 1214 606 1255 non
653 1202 797 1255 norit
824 1216 1121 1257 arcessere.
1171 1201 1241 1256 Et
1289 1201 1410 1257 ideo
1455 1218 1557 1272 qua
1592 1201 1779 1256 fraude
1809 1204 2098 1256 tentaverit

493 1295 730 1364 primum
782 1295 1078 1362 hominem,
1106 1296 1304 1366 quidve
1335 1297 1388 1350 in
1421 1296 1642 1352 homine
1669 1296 1936 1366 putaverit
1974 1309 2098 1349 esse

497 1387 840 1453 tentandum,
872 1403 981 1458 quo
1007 1388 1239 1453 ordine,
1281 1403 1388 1459 qua
1441 1398 1558 1444 arte
1584 1402 1916 1458 cognoscere
1962 1400 2099 1456 Opus

497 1492 603 1550 est,
631 1491 688 1536 ut
715 1496 909 1537 cavere
934 1483 1224 1553 possimus.

574 1573 663 1629 11.
695 1572 949 1646 Plerique
991 1586 1168 1629 tamen
1191 1574 1282 1645 qui
1310 1573 1499 1629 volunt
1544 1575 1597 1630 in
1631 1573 1881 1645 paradiso
1910 1573 2099 1629 diabo-

499 1667 613 1722 lum
645 1683 750 1721 non
777 1667 964 1735 fuisse,
990 1668 1116 1723 licet
1150 1669 1200 1724 in
1246 1670 1386 1725 caelo
1417 1678 1681 1724 astantem
1738 1685 1858 1722 cum
1891 1669 2101 1738 angelis

501 1758 819 1828 legerimus,
854 1775 922 1814 ne
973 1772 1159 1816 nostro
1185 1776 1440 1816 sermone
1492 1763 1774 1817 videantur
1823 1762 2024 1818 offendi
2049 1772 2095 1828 ιι,

2199 553 2309 622 ejus
2334 550 2497 619 ﬂuent
2535 567 2684 621 aqua:
2706 553 2831 606 sive
2859 551 3036 624 (Joan.
3067 569 3163 619 vti,
3187 554 3301 623 58).
3323 553 3388 609 Et
3421 553 3540 609 fons
3573 554 3798 624 legitur,

2199 652 2252 696 ct
2281 642 2474 697 fluvius
2497 643 2690 712 legitur
2711 646 2798 714 qui
2829 645 3012 714 irrigat
3042 646 3276 717 paradisi
3314 647 3518 717 lignum
3552 647 3800 702 fructuo-

2198 751 2338 800 sum,
2371 737 2509 807 quod
2534 737 2670 792 ferat
2695 739 2922 794 fructum
2945 739 2998 794 in
3023 741 3185 794 vitam
3218 749 3499 797 aeternam.
3528 742 3625 797 llic
3659 756 3797 811 ergo

2201 831 2340 895 f0ns,
2366 833 2507 886 sicut
2532 834 2731 902 legisti,
2755 837 2872 906 fons
2893 835 3037 890 enim
3066 835 3263 904 inquit,
3283 836 3512 905 procedit
3533 852 3597 890 ex
3622 833 3795 902 Edon,

2201 921 2252 975 id
2282 930 2386 986 εει,
2433 923 2486 976 in
2537 925 2715 978 anima
2764 935 2852 979 tua
2894 925 3012 980 fons
3041 938 3146 981 est.
3181 925 3338 983 Unde
3361 927 3621 984 Salomon
3674 928 3796 983 ait:

2200 1013 2324 1068 Bibe
2355 1032 2536 1083 nquam
2561 1015 2624 1070 de
2650 1018 2750 1070 tuis
2779 1017 2936 1084 vasis,
2968 1028 3014 1072 et
3043 1017 3108 1072 de
3130 1033 3401 1091 puteorum
3446 1028 3650 1073 tuorum
3673 1023 3799 1090 [on-

2199 1107 2332 1160 tibtts
2360 1106 2540 1178 (Prov.
2574 1124 2627 1172 v,
2681 1106 2794 1179 15).
2826 1109 2922 1163 llic
2945 1123 3026 1164 εει
3045 1108 3166 1164 fons
3195 1111 3286 1180 qui
3320 1111 3565 1180 procedit
3604 1127 3671 1166 ex
3701 1111 3796 1166 illa

2201 1202 2493 1254 exercitata
2527 1209 2581 1254 ut
2611 1199 2765 1270 plena
2799 1203 3091 1272 voluptatis
3139 1203 3317 1256 anima
3349 1219 3362 1255 :
3391 1201 3478 1257 hic
3536 1201 3657 1255 fons
3703 1201 3799 1272 qui

2164 1339 2168 1344 .
2200 1294 2386 1364 irrigat
2407 1293 2732 1364 paradisum,
2769 1294 2868 1350 hoc
2892 1304 2998 1364 est,
3020 1294 3246 1352 virtutes
3268 1293 3462 1350 anima:
3479 1293 3801 1350 eminentis-

2200 1387 2338 1442 simo
2369 1387 2564 1442 merito
2586 1385 2928 1456 pullulantis.

2274 1481 2361 1535 l-i.
2395 1479 2464 1536 Et
2490 1480 2756 1544 dividitur,
2798 1481 2991 1552 iuqttit,
3021 1480 3102 1535 hic
3129 1484 3246 1551 fons
3284 1481 3340 1534 in
3375 1488 3598 1552 quatuor
3624 1477 3800 1532 initia.

2206 1571 2408 1626 Nomen
2431 1582 2504 1627 est
2531 1573 2619 1626 uni
2653 1572 2852 1628 Phison
2881 1590 2901 1629 :
2939 1573 3021 1628 hic
3051 1583 3126 1628 est
3145 1573 3233 1643 qui
3263 1573 3445 1627 circuit
3471 1587 3672 1627 omnem
3695 1580 3802 1625 ter-

2202 1684 2313 1721 ram
2345 1666 2575 1734 Evilath,
2606 1667 2693 1721 ubi
2721 1676 2792 1721 est
2817 1683 3025 1721 aurum.
3056 1665 3232 1721 Terra:
3251 1676 3422 1720 autem
3447 1665 3591 1719 illius
3615 1679 3801 1718 aurum

2204 1763 2390 1813 bonum
2417 1768 2490 1813 est
2510 1801 2526 1828 ,
2556 1757 2642 1812 ubi
2671 1767 2744 1813 est
2773 1757 3136 1824 carbunculus,
3183 1765 3231 1811 et
3270 1757 3407 1828 lapis
3441 1755 3700 1826 prasinus.
3733 1752 3802 1809 Et

501 1853 801 1910 secundum
841 1869 995 1908 soam
1023 1856 1289 1925 accipiant
1338 1855 1668 1911 voluntatem
1702 1857 2104 1925 iulerpretatin-
2134 1855 2177 1914 Β
2206 1870 2390 1907 nomen
2443 1852 2669 1908 secundo
2729 1851 2870 1907 Geon
2907 1868 2925 1906 :
2967 1851 3050 1904 hic
3107 1859 3182 1904 est
3236 1851 3324 1918 qui
3370 1849 3552 1903 circuit
3599 1862 3800 1902 omnem

501 1957 627 2001 nem
650 1944 808 1998 istius
838 1945 1102 2000 lectionis.
1141 1946 1405 2017 Namquef
1426 1957 1551 2002 ante
1583 1964 1683 2002 nos
1705 1947 1804 2002 fuit
1833 1947 2016 2020 (Philo
2048 1949 2103 2002 in

503 2036 595 2092 lib.
618 2037 681 2092 de
704 2037 890 2091 Mundi
919 2039 1172 2110 api/icio),
1221 2041 1311 2110 qui
1348 2057 1443 2109 per
1468 2039 1495 2078 δ
1523 2042 1854 2112 voluptatem
1899 2049 1955 2095 et
1979 2057 2104 2096 sen-

501 2143 621 2186 sum
652 2131 1151 2199 praevaricationem
1180 2135 1248 2186 ab
1282 2134 1500 2190 homine
1550 2137 1939 2190 memoraverit
1983 2151 2104 2192 esse

501 2225 872 2290 commissam,
899 2226 971 2280 'in
1023 2229 1206 2296 specie
1245 2229 1516 2297 serpentis
1549 2228 1773 2299 figuram
1829 2230 2104 2299 accipiens

504 2317 904 2385 delectationis,
929 2318 982 2374 in
1010 2321 1180 2391 figura
1213 2323 1460 2376 mulieris
1495 2337 1714 2377 sensum
1745 2324 1909 2377 animi
1954 2339 2106 2378 men-

503 2410 683 2480 tisque
706 2414 1065 2474 constituens,
1097 2429 1258 2484 quam
1291 2413 1528 2492 αἴσθησιν
1579 2425 1774 2469 vocant
1824 2415 1998 2472 Graeci
2032 2434 2044 2470 :
2081 2428 2102 2455 ο

503 2500 732 2572 decepto
755 2511 935 2557 autem
959 2519 1125 2558 sensu
1159 2506 1644 2572 praevaricatricem
1675 2508 1974 2563 secundum
2023 2508 2108 2563 lti-

501 2596 728 2648 storiam
755 2603 994 2650 mentem
1017 2598 1268 2662 asseruit,
1299 2613 1460 2666 quam
1507 2597 1678 2654 Graeci
1720 2607 1838 2656 νοῦν
1889 2612 2102 2656 vocant.

506 2682 678 2739 Recte
723 2686 886 2756 igitur
934 2689 986 2741 in
1017 2687 1209 2744 Grzeco
1257 2697 1376 2751 νοῦς
1427 2691 1526 2744 viri
1577 2691 1802 2762 figuram
1849 2696 2057 2765 accepit
2087 2736 2102 2757 ,

507 2773 748 2838 αἴσθησις
771 2779 1033 2833 mulieris.
1060 2779 1214 2836 Unde
1248 2791 1304 2836 et
1334 2782 1551 2851 quidam
1600 2785 1768 2838 Adam
1792 2793 1908 2841 νοῦν
1940 2796 2107 2842 terre-

506 2883 636 2924 num
669 2872 1008 2941 interpretati
1039 2883 1186 2928 sunt.
1217 2875 1470 2930 Dominus
1487 2887 1667 2932 autem
1718 2879 1960 2950 virgines
1988 2881 2107 2938 illas

507 2963 566 3015 in
601 2961 1154 3036 Evangelio(Matth.,
1189 2984 1322 3036 xxv,
1355 2970 1381 3024 1
1414 2979 1458 3022 et
1489 2969 1877 3042 seq.)accensis
1901 2974 2106 3030 facibus

506 3054 595 3110 vel
620 3057 902 3111 exstinctis
923 3069 1303 3128 exspectantes
1329 3063 1516 3132 sponsi
1535 3064 1826 3119 adventum
1854 3081 1952 3135 pro
1977 3081 2106 3121 sen-

506 3148 661 3204 sibus
688 3150 771 3204 vel
801 3152 1022 3222 integris
1052 3156 1399 3223 sapit-utinm,
1425 3156 1507 3212 vel
1534 3159 1807 3228 corruptis
1839 3160 2101 3232 insipien-

2207 1948 2552 2020 xEthiopiam.
2589 1946 2654 2002 Et
2679 1949 2871 2017 ﬂumen
2895 1947 3102 2001 tertium
3120 1944 3292 2018 Tigris
3323 1960 3343 1999 :
3370 1943 3453 1997 hic
3481 1943 3661 2012 estqui
3705 1956 3798 1994 sa-

2207 2041 2282 2095 dit
2313 2053 2493 2095 contra
2530 2041 2790 2112 Assyrios.
2813 2039 2878 2094 Et
2898 2041 3088 2110 ﬂumen
3129 2047 3370 2109 quartum
3390 2046 3464 2090 est
3509 2032 3802 2104 Euphrates

2207 2137 2363 2210 (Gen.
2390 2152 2446 2200 ιι,
2482 2135 2549 2191 10
2575 2144 2620 2188 et
2646 2133 2802 2204 seq.).
2827 2132 2956 2188 Hmc
2979 2132 3140 2202 igitur
3166 2141 3397 2202 quatuor
3417 2138 3540 2184 sunt
3557 2125 3803 2192 ﬂumina,

2210 2231 2311 2285 hoc
2351 2240 2453 2296 est,
2497 2227 2795 2285 secundum
2847 2226 3121 2282 Hebraeos.
3163 2223 3378 2293 Ganges
3401 2229 3579 2276 autem
3607 2234 3805 2275 secun-

2209 2325 2334 2379 dtun
2363 2325 2604 2388 Graecos,
2635 2321 2727 2393 qui
2759 2319 2878 2376 fluit
2907 2329 3093 2373 contra
3140 2315 3366 2371 Indiam.
3425 2315 3576 2370 Geou
3619 2323 3806 2368 autem

2211 2417 2384 2480 Nilus,
2445 2415 2534 2486 qui
2582 2412 2775 2469 circuit
2820 2421 3019 2467 terram
3052 2408 3268 2481 Egypti
3315 2406 3405 2461 vel
3445 2405 3804 2474 Ethiopiam.

2211 2507 2595 2576 Mesopotamia
2623 2515 2804 2561 autem
2853 2505 3074 2569 dicitur,
3103 2502 3246 2574 quod
3275 2500 3452 2571 Tigris
3477 2510 3533 2555 et
3559 2497 3807 2569 Euphra-

2212 2612 2292 2655 tes
2321 2601 2635 2656 iucluserint
2661 2613 2888 2664 eam;eo
2913 2597 3057 2668 quod
3102 2599 3242 2652 inter
3285 2595 3392 2650 duo
3420 2594 3535 2649 haec
3581 2591 3806 2648 ﬂumina

2210 2698 2501 2752 constituta
2531 2695 2629 2762 sit,
2651 2695 2795 2765 quod
2822 2693 2984 2749 etiam
3013 2693 3169 2761 longe
3200 2690 3388 2760 positis
3405 2702 3602 2743 nomen
3628 2687 3805 2758 ipsum

2210 2799 2262 2844 et
2295 2789 2476 2859 opinio
2527 2787 2829 2842 communis
2877 2783 3165 2854 expressit.
3197 2780 3302 2837 Sed
3349 2777 3804 2851 quemadmodum

2212 2881 2330 2937 fons
2361 2881 2557 2935 dicitur
2579 2879 2856 2949 Sapientia
2889 2879 3004 2932 Dei.
3041 2876 3183 2931 Fons
3216 2873 3362 2930 enim
3403 2881 3486 2928 est
3506 2871 3808 2927 secundum

2212 2975 2560 3044 Evangeliutu
2589 2973 2776 3028 dicens
2801 2991 2814 3026 :
2845 2971 2908 3028 Si
2931 2971 3044 3042 quis
3072 2970 3201 3034 sitit,
3229 2968 3397 3022 veniat
3421 2965 3489 3020 ad
3520 2983 3618 3034 me,
3649 2974 3699 3020 et
3725 2965 3808 3019 bi-

2211 3071 2292 3124 bat
2322 3070 2503 3142 (Joan.
2553 3084 2648 3132 vu,
2676 3064 2790 3136 37);
2817 3065 2938 3120 fons
2966 3073 3050 3119 est
3078 3073 3133 3118 et
3159 3061 3454 3116 secundum
3488 3060 3810 3131 prophetam

2211 3164 2298 3232 qui
2319 3163 2391 3215 ait
2417 3183 2430 3218 :
2478 3159 2653 3214 Venite
2674 3170 2723 3214 et
2752 3159 2886 3212 edite
2931 3158 2995 3212 dc
3027 3156 3150 3210 meis
3180 3153 3398 3223 panibus
3419 3195 3434 3219 ,
3465 3162 3513 3207 et
3552 3153 3702 3206 bibite
3724 3151 3807 3206 ei-

506 3240 640 3296 tium
671 3245 869 3311 posuit.
895 3245 1030 3298 Nam
1061 3246 1106 3300 si
1141 3249 1270 3313 Eva,
1301 3248 1403 3304 hoc
1427 3258 1529 3311 est.
1560 3266 1753 3305 sensus
1778 3252 1964 3321 primm
1988 3268 2107 3307 mu-
2132 3247 2178 3311 C
2210 3270 2330 3307 num
2349 3253 2489 3324 quod
2518 3252 2699 3306 miscui
2724 3249 2864 3304 vobis
2889 3247 3072 3321 (Prov.
3133 3263 3208 3313 ts,
3240 3246 3317 3316 5).
3353 3243 3508 3300 Sicut
3527 3259 3658 3315 ergo
3687 3243 3810 3300 fons

506 3335 658 3390 lieris
678 3353 935 3394 accenSas
957 3339 1234 3396 habuisset
1265 3341 1408 3396 faces
1430 3385 1444 3404 .
1473 3346 1765 3414 numquam
1786 3347 2108 3414 praevarica-

511 3428 675 3483 tionis
697 3445 808 3483 sua:
837 3445 936 3484 nos
975 3433 1257 3487 ‘criuiculis
1307 3435 1656 3505 implicasset,
1711 3451 1886 3506 neque
1921 3453 1986 3492 ex
2016 3437 2107 3492 illa

509 3517 726 3574 virtutis
747 3521 1154 3578 immortalitate
1180 3525 1492 3581 cecidisset.

1129 3657 1356 3715 CAPUT
1394 3659 1483 3716 lll.

507 3770 622 3829 Per
645 3775 837 3844 fontem
863 3773 1118 3846 paradisi,
1149 3773 1453 3843 Christum;
1483 3794 1576 3850 per
1619 3786 1843 3849 quatuor
1889 3780 2108 3850 ﬂumina

580 3866 704 3921 inde
731 3868 974 3936 orientia,
1004 3868 1212 3924 virtutes
1242 3871 1552 3939 cardinales,
1583 3880 1634 3928 et
1680 3883 1904 3942 quatuor
1928 3873 2108 3928 mundi

578 3971 756 4016 (states
781 3961 1062 4034 designari.

578 4077 670 4132 12.
704 4077 798 4132 Est
819 4093 949 4150 ergo
977 4079 1259 4148 paradisus
1281 4089 1430 4135 terra
1456 4081 1704 4152 quaedam
1734 4079 1950 4149 fertilis,
2003 4081 2105 4136 hoc

504 4179 613 4235 est,
642 4172 822 4225 anima
845 4171 1096 4239 fecunda,
1129 4175 1182 4228 in
1212 4174 1356 4229 Eden
1381 4176 1644 4244 plautata,
1684 4176 1786 4230 hoc
1816 4186 1899 4231 est
1926 4177 1976 4230 in
2006 4191 2103 4232 vo-

505 4261 712 4332 luptate
739 4263 970 4332 quadam
1004 4265 1085 4319 vel
1116 4265 1412 4320 exercitata
1458 4275 1601 4321 terra
1628 4309 1643 4331 ,
1690 4266 1744 4320 in
1773 4283 1879 4337 qua
1910 4269 2105 4323 anima:

503 4353 577 4408 sit
606 4355 916 4410 delectatio.
943 4355 1036 4410 Est
1061 4357 1226 4410 etiam
1251 4363 1370 4418 νοῦς
1403 4367 1672 4428 tamquam
1708 4358 1878 4412 Adam
1906 4377 1919 4412 :
1947 4368 2032 4414 est
2051 4369 2106 4416 et

505 4458 722 4511 sensus,
758 4455 1030 4516 tamquam
1055 4448 1182 4501 Eva.
1209 4452 1286 4500 Ac.
1314 4463 1380 4502 ne
1431 4448 1662 4503 haberes
1685 4450 1826 4519 quod
1857 4449 1922 4504 ad
1955 4449 2105 4504 infir-

509 4555 655 4594 mum
687 4547 1034 4610 retorqueres
1083 4550 1311 4607 naturte,
1347 4541 1430 4594 vel
1457 4543 1522 4596 ad
1554 4542 1845 4598 obnoxiam
1887 4543 1938 4597 in
1970 4543 2105 4599 tole-

502 4631 689 4686 randis
732 4632 988 4703 periculis
1014 4633 1405 4699 conditionem,
1443 4635 1730 4691 considera
1758 4651 1878 4706 qua:
1906 4636 2102 4692 habeat

505 4724 684 4779 anima
711 4725 813 4779 ista
840 4725 1100 4781 subsidia.

578 4815 664 4870 15.
698 4814 829 4870 Erat
855 4815 977 4872 fons
998 4818 1087 4886 qui
1137 4817 1390 4889 irrigaret
1429 4821 1763 4888 paradisum.
1795 4822 1895 4891 Qui
1953 4823 2094 4891 fons,

505 4905 606 4961 nisi
629 4907 890 4963 Dominus
916 4907 1380 4965 Jews-Christus!
1415 4912 1559 4968 Fons
1581 4916 1702 4967 vitae
1732 4925 1950 4972 aeternae
1979 4926 2061 4970 est
2081 4958 2097 4983 ,

501 5000 716 5057 sicutet
746 5001 942 5064 Pater;
971 5003 1092 5073 quia
1116 5004 1374 5075 scriptum
1388 5018 1498 5062 est:
1519 5007 1676 5080 150
1689 5010 1944 5077 Quoniam
1957 5009 2100 5080 apud

573 5210 600 5239 ι
648 5199 799 5255 lianc
848 5197 1014 5275 fuisse
1067 5199 1459 5275 catholicorum
1501 5203 1856 5270 quorumdam
1887 5203 2100 5275 npinio-

497 5287 622 5345 nem
651 5313 666 5337 ,
697 5283 752 5345 ut
780 5271 1092 5345 paradisum
1127 5281 1179 5345 et
1213 5287 1332 5334 quae
1380 5273 1449 5328 de
1490 5277 1760 5341 serpentis
1785 5271 1948 5345 atque
1977 5277 2102 5330 Eva:

497 5344 774 5414 colloquio
804 5345 855 5396 in
883 5342 1082 5397 Genesi
1136 5343 1416 5409 leguntur,
1455 5345 1571 5398 solo
1600 5361 1763 5400 sensu
1808 5342 2100 5414 allegorico

492 5413 1012 5487 ipterpretftrentur,
1059 5415 1394 5487 Augustinus
1428 5416 1464 5470 Ι.
1495 5432 1607 5475 vut.
1635 5433 1684 5470 c.
1719 5420 1740 5470 1
1775 5426 1831 5471 et
1881 5433 1997 5487 Seq.
2030 5418 2100 5471 de

498 5483 636 5536 Gen.
671 5485 735 5538 ad
767 5485 874 5556 litt.
907 5496 1097 5538 auctor
1122 5494 1224 5540 est.
1259 5483 1410 5539 Unde
1456 5504 1562 5540 non
1597 5489 1788 5540 mirum
1837 5489 1880 5543 si
1923 5483 2100 5556 optio-

498 5567 622 5607 nem
645 5561 781 5628 ttanc
807 5555 971 5611 faciat
1014 5557 1352 5610 Ambrosius.
1382 5557 1509 5611 Eam
1544 5569 1722 5612 tamen
1752 5559 1830 5612 sic
1861 5560 2100 5628 intellige

497 5631 557 5675 ut
585 5626 866 5698 veritatem
899 5628 1360 5693 praevaricationis
1382 5630 1676 5698 primormn
1710 5639 2016 5697 parentum,
2036 5626 2099 5684 ac

500 5696 706 5772 peccati
739 5699 1038 5772 .origiuaiis
1071 5712 1272 5772 sariam
1317 5696 1515 5754 tectam
1567 5696 1719 5752 Velit.
1758 5699 1813 5772 id
1866 5702 2094 5769 ipsemet

496 5775 620 5844 cum
653 5762 868 5844 ultimis
888 5768 1268 5844 hujuscapitis
1297 5773 1478 5844 verbis
1505 5782 1728 5844 apperte
1753 5762 1912 5827 docet
1931 5813 1947 5838 ,
1966 5783 2090 5844 tum

496 5833 618 5890 aliis
637 5833 882 5904 ejusdem
903 5833 1028 5894 libri
1056 5833 1211 5911 locis,
1241 5851 1298 5900 et
1342 5843 1410 5900 iis
1455 5833 1693 5900 maxime
1731 5857 1871 5915 quos
1912 5833 1983 5900 ad
2001 5855 2090 5908 as-

2213 3345 2337 3399 vitte
2363 3354 2448 3398 est
2483 3342 2760 3413 Sapientia
2783 3383 2798 3408 ,
2847 3340 2968 3396 fons
3007 3338 3196 3410 gratia:
3224 3335 3481 3407 spiritalis
3510 3354 3524 3389 :
3559 3336 3630 3390 ita
3682 3334 3810 3390 fons

2215 3437 2472 3490 virtutum
2504 3446 2588 3490 est
2611 3446 2952 3496 czeterarum.
2975 3447 3095 3502 quae
3119 3445 3217 3484 nos
3245 3429 3310 3487 ad
3335 3438 3549 3483 aeternae
3583 3439 3807 3481 cursum

2214 3530 2452 3600 dirigunt
2475 3530 2620 3584 vitae.
2651 3529 2729 3584 Ex
2761 3529 2861 3584 hac
2883 3527 3044 3598 igitur
3073 3525 3250 3579 anima
3271 3537 3391 3594 qua:
3407 3520 3550 3576 culta
3571 3527 3675 3584 est,
3692 3533 3808 3574 non

2213 3637 2279 3676 ex
2302 3637 2363 3676 ea
2385 3637 2506 3691 qua:
2525 3619 2725 3676 inculta
2749 3618 2873 3674 fons
2898 3619 2997 3673 iste
3020 3613 3282 3688 procedit,
3307 3623 3363 3668 ut
3389 3612 3576 3682 irriget
3594 3607 3810 3681 paradi-

2213 3729 2356 3779 sum,
2380 3712 2484 3768 hoc
2505 3720 2611 3779 est,
2640 3710 2886 3782 quaedam
2903 3709 3237 3765 diversarum
3269 3704 3469 3760 fruteta
3496 3704 3753 3758 virtutum
3787 3741 3805 3768 ,

2210 3823 2436 3878 quarum
2464 3816 2592 3861 sunt
2619 3815 2852 3876 quatuor
2889 3803 3041 3859 initia
3073 3805 3125 3857 in
3147 3816 3267 3872 qua:
3292 3798 3558 3870 sapientia
3591 3798 3690 3853 ista
3719 3795 3806 3851 di-

2209 3898 2429 3954 viditur.
2459 3898 2590 3967 Quae
2615 3905 2742 3952 sunt
2765 3906 2997 3968 quatuor
3017 3894 3169 3950 initia
3197 3894 3454 3947 virtutum
3473 3933 3488 3958 ,
3515 3890 3618 3945 nisi
3637 3903 3807 3944 unum

2210 3991 2530 4063 prudentiae,
2557 3989 2705 4044 aliud
2738 3988 3111 4057 temperantia:
3134 4028 3150 4052 ,
3183 3985 3418 4053 {tertium
3447 3980 3803 4048 fortitudinis,

2208 4095 2462 4157 quartum
2509 4084 2733 4156 iustitia:
2768 4081 2971 4156 (Plato,
3000 4081 3089 4136 lib.
3125 4095 3199 4147 tv,
3255 4078 3319 4133 de
3349 4075 3551 4146 Repub.
3577 4074 3638 4146 )i
3673 4073 3809 4143 Qua:

2207 4179 2366 4234 etiam
2391 4178 2665 4245 sapientes
2691 4175 2844 4229 istius
2875 4174 3059 4228 mundi
3087 4187 3156 4228 ex
3183 4170 3381 4226 nostris
3408 4175 3680 4235 assumpta
3699 4205 3715 4230 ,
3746 4165 3805 4222 in

2209 4287 2430 4327 suorum
2461 4273 2658 4340 scripta
2687 4270 2947 4324 librorum
2993 4267 3401 4322 transtulerunt.
3442 4261 3625 4329 itaque
3658 4259 3804 4315 sicut

2209 4365 2330 4420 fons
2359 4365 2664 4434 sapientizc,
2697 4363 2768 4417 ita
2807 4363 2969 4417 etiam
2993 4360 3212 4416 flumina
3259 4359 3360 4414 ista
3397 4364 3629 4426 quatuor
3646 4366 3802 4424 qua:-

2205 4457 2329 4512 dam
2359 4472 2430 4511 ex
2452 4457 2546 4510 illo
2568 4456 2716 4511 fonte
2737 4454 3006 4509 manantia
3038 4463 3165 4508 sunt
3213 4451 3408 4506 fluenta
3446 4447 3726 4502 virtutum.

2281 4549 2370 4603 15.
2411 4548 2610 4604 Phison
2642 4547 2804 4618 igitur
2831 4545 3112 4617 prudentia
3139 4552 3223 4598 est
3243 4584 3256 4606 ,
3287 4552 3341 4597 et
3374 4540 3496 4595 ideo
3522 4539 3682 4594 habet
3705 4537 3804 4594 bo-

2207 4659 2334 4698 num
2361 4659 2574 4709 aurum,
2599 4642 2945 4712 splendidum
2975 4637 3392 4701 carbunculum,
3424 4643 3480 4689 et
3524 4633 3804 4703 prasinum

2202 4736 2458 4807 lapidem.
2485 4738 2686 4790 Aurum
2713 4736 2858 4789 enim
2896 4747 2992 4802 pro
3023 4730 3257 4785 inventis
3288 4725 3646 4798 prudentibus
3687 4723 3802 4780 fre-

2203 4839 2433 4900 quenter
2462 4827 2783 4897 accipimus.
2839 4825 2995 4883 Unde
3045 4833 3099 4879 et
3129 4822 3394 4878 Dominus
3420 4834 3520 4890 per
3548 4815 3802 4888 Prophe-

2205 4931 2312 4974 tam
2335 4919 2412 4973 ait
2443 4933 2458 4974 :
2493 4918 2626 4972 Dedi
2655 4918 2733 4971 illi
2759 4934 2946 4972 aurum
2978 4924 3024 4970 et
3047 4925 3314 4986 argentum
3338 4911 3513 4984 (Osci:
3549 4908 3704 4977 11,8).
3731 4906 3805 4963 Et

2206 5009 2378 5066 David
2406 5009 2476 5065 de
2501 5009 2863 5081 prudentibus
2889 5005 3060 5061 dicit:
3094 5005 3155 5060 Si
3206 5001 3479 5057 dormiatis
3524 5001 3659 5054 inter
3686 5012 3799 5054 me-

2210 5203 2496 5260 truendum
2545 5211 2825 5274 peccatum
2859 5200 3124 5272 originale
3168 5199 3502 5271 Augustinus
3553 5194 3797 5263 adhibet,

2208 5279 2548 5334 manifestum
2573 5287 2674 5330 est.
3015 5303 3018 5306 ~

2279 5348 2306 5387 δ
2329 5349 2463 5404 Oelo
2495 5363 2625 5401 mss.
2656 5389 2671 5411 ,
2703 5345 2790 5415 qui
2819 5361 2907 5414 per
2926 5345 3257 5398 voluntatem.
3288 5341 3394 5398 Alii
3425 5355 3488 5415 ac
3516 5339 3649 5415 edit.
3669 5379 3686 5404 ,
3709 5337 3802 5408 qui

2208 5437 2298 5490 per
2322 5422 2652 5492 voluptatem.
2695 5411 2828 5492 Sed
2857 5415 2951 5492 bis
2992 5415 3218 5492 vocnbus
3271 5413 3582 5492 promiscue
3627 5411 3801 5467 ferme

2207 5485 2591 5546 utuntur'mss.
2620 5487 2761 5556 quod
2785 5487 2954 5541 semel
2984 5485 3261 5540 monuisse
3287 5485 3538 5540 sufficiat.

2283 5573 2305 5600 ο
2341 5564 2411 5616 Ita
2443 5576 2575 5616 mss.
2599 5551 2787 5612 decem
2823 5574 2835 5609 :
2867 5558 3206 5612 Divioneusis
3233 5571 3385 5620 vero,
3414 5571 3478 5610 ac
3506 5553 3637 5610 edit.
3668 5551 3794 5606 Am.

2207 5643 2262 5689 et
2317 5633 2458 5696 Pet.,
2482 5632 2745 5698 deceptum
2776 5638 2946 5682 autem
2995 5643 3221 5694 sensum,
3253 5633 3362 5682 etc.
3397 5626 3523 5680 Era.
3555 5623 3682 5680 Gill.
3739 5631 3801 5677 et

2202 5703 2363 5757 Rom.
2415 5719 2536 5758 cum
2580 5699 2699 5753 aliis
2749 5713 2904 5770 mss.,
2948 5699 3212 5770 deceptum
3244 5707 3415 5753 autem
3461 5713 3554 5769 per
3588 5709 3796 5751 sensum

2201 5784 2420 5830 mentem
2450 5769 2931 5846 prtevaricutricem,
2963 5783 3071 5826 etc.
