4150 6358
323 341 422 400 281

1488 337 1577 393 DE
1616 335 1961 393 PARADISO
1999 335 2200 394 LIBER
2242 339 2446 398 UNUS.

325 459 440 512 dies
468 457 656 523 cteros,
684 469 864 527 penna
888 454 1135 510 columbae
1163 453 1528 523 deargentatte,
1559 460 1606 504 et
1630 451 1916 520 posteriora
1946 455 1989 510 Α
2021 466 2178 520 quem
2250 453 2497 508 incolunt
2550 451 2755 526 Assyrii
2782 493 2798 517 ,
2853 449 2956 506 hoc
3009 455 3094 504 est
3144 446 3446 520 dirigentes
3511 445 3619 500 hoc

327 550 470 604 dorsi
497 549 610 620 ejus
630 549 684 602 in
712 548 877 620 specie
905 547 1016 599 auri
1044 543 1163 616 (Ps.
1193 559 1368 605 vau,
1405 542 1495 614 14)
1521 559 1535 596 :
1569 559 1634 598 eo
1659 543 1801 612 quod
1832 557 1923 596 ve-

343 643 446 696 teri
493 654 542 696 et
581 656 727 696 novo
753 641 842 708 qui
889 639 1165 693 inhaeserit
1203 638 1576 700 Testamento,
1609 637 1661 692 in
1693 638 1804 706 ipsa
1835 651 1923 690 se-

328 744 480 788 creta
505 732 786 800 sapientia:
816 731 911 785 Dei
935 729 1317 798 disputationis
1340 731 1510 798 possit
1537 730 1780 782 ubertate
1801 741 1922 795 pro—

328 827 547 882 cedere.
571 826 682 879 lloe
711 841 840 895 ergo
871 824 1066 879 bonttm
1100 839 1290 878 aurum
1315 831 1341 859 ⁸
1363 822 1514 885 dicit,
1539 837 1645 876 non
1666 821 1791 876 illud
1807 835 1921 874 tuo-

330 918 514 975 netale
561 918 704 988 quod
753 916 1102 987 corruptibile
1151 931 1213 970 ae
1267 927 1541 971 terrenum
1589 926 1693 969 est.
1752 913 1923 968 Habet

331 1011 498 1066 etiam
525 1009 885 1079 splendidum,
943 1010 1140 1079 inquit,
1197 1009 1606 1072 carbunculum,
1663 1008 1817 1080 151
1866 1005 1961 1092 ἰιιιὶ

329 1118 438 1174 quo
461 1100 676 1172 quidam
701 1101 895 1156 anima:
923 1112 1124 1157 nostra:
1169 1103 1304 1156 vivit
1335 1101 1620 1172 igniculus.
1650 1100 1821 1154 llabet
1868 1099 1960 1174 et”

333 1198 608 1268 prasinum
637 1197 894 1266 lapidem,
926 1198 1016 1267 qui
1058 1197 1230 1252 viride
1266 1197 1519 1268 quiddam
1548 1205 1709 1266 atque
1757 1193 1922 1248 vitale

323 1285 530 1342 coloris
557 1289 639 1343 sui
668 1289 849 1359 specie
877 1297 1152 1343 ostentare
1179 1289 1410 1342 videtur.
1445 1286 1636 1342 Virent
1663 1287 1806 1341 enim
1835 1301 1923 1340 ar-

330 1380 487 1436 busta
516 1396 637 1452 qua:
659 1382 878 1449 vivunt,
905 1392 1159 1437 arescunt
1202 1395 1388 1437 contra
1416 1396 1770 1451 qumcumque
1802 1396 1922 1434 mo-

329 1473 546 1529 riuntur
569 1491 582 1527 :
609 1474 748 1530 viret
778 1485 922 1530 terra
945 1474 1072 1529 dum
1096 1475 1273 1540 ﬂoret,
1298 1475 1471 1529 virent
1496 1484 1547 1528 et
1571 1474 1775 1528 semina
1797 1473 1921 1527 dum

327 1576 714 1639 prorumpunt.
746 1568 810 1623 Et
834 1568 974 1622 bene
1005 1569 1179 1637 prittto
1207 1569 1325 1622 loco
1362 1567 1450 1621 hic
1493 1566 1685 1620 ﬂuvius
1717 1567 1925 1636 positus

326 1670 411 1714 est
430 1659 650 1723 Phison,
683 1661 773 1730 qui
799 1661 1096 1716 secundum
1139 1661 1394 1716 llebrteos
1416 1658 1442 1697 ι)
1472 1661 1676 1714 Phison
1697 1660 1918 1725 dicitur,

325 1753 432 1808 hoc
468 1761 553 1809 est
579 1795 596 1821 ,
643 1755 752 1808 oris
785 1755 1048 1818 mutatio;
1080 1755 1202 1823 quia
1236 1768 1340 1808 non
1372 1767 1531 1806 unam
1563 1763 1776 1821 gentem
1819 1752 1926 1806 cir-

2024 547 2167 598 cnim
2193 547 2462 615 significat
2496 547 2896 618 interpretatio.
2931 546 3072 615 Ergo
3099 546 3428 615 quicumque
3463 539 3620 596 forti-

2026 637 2211 693 tudine
2249 640 2415 694 anitni
2449 641 2856 707 przcvaricantia
2885 637 3131 709 corporis
3153 637 3280 697 vitia
3309 636 3620 706 eaptivave-

2023 732 2098 784 rit
2119 730 2356 799 dirigens
2378 733 2443 788 ad
2474 749 2706 803 superna
2731 775 2745 797 ,
2792 733 2896 788 iste
2924 732 3084 803 hnjus
3138 731 3377 786 ﬂuminis
3427 727 3623 784 similis

2023 825 2340 878 restituatur.
2372 825 2437 879 Et
2463 825 2764 880 ideoetiam
2795 825 3057 879 fortitudo
3080 824 3149 880 de
3173 824 3267 878 illo
3305 823 3395 894 qui
3442 829 3526 876 est
3566 820 3620 875 ln

2023 917 2308 989 paradiso,
2352 916 2502 972 fonte
2551 928 2784 971 emanat.
2830 917 3112 972 Fortitudo
3161 927 3340 971 autem
3387 913 3618 985 quodam

2023 1028 2184 1068 cursu
2219 1011 2405 1081 rapido
2454 1011 2762 1066 resistentia
2794 1026 3022 1082 qumque
3050 1009 3478 1070 transverberat,
3512 1018 3614 1059 nec

2023 1107 2292 1175 aliquibus
2313 1120 2504 1162 cursus
2530 1105 2646 1176 ejus
2669 1106 3176 1176 impedimentorum
3215 1106 3388 1158 hmret
3433 1101 3622 1157 obsta-

2024 1200 2178 1254 culis.

2099 1294 2184 1350 18.
2215 1293 2448 1361 Quartus
2481 1302 2564 1348 est
2590 1293 2783 1347 ﬂuvius
2836 1291 3162 1361 Euphrates,
3191 1291 3281 1361 qui
3321 1290 3510 1345 Latine
3541 1288 3624 1345 fe-

2024 1387 2276 1444 cunditas
2324 1397 2486 1457 atque
2533 1386 2862 1440 abundantia
2922 1384 3194 1439 fructuum
3229 1393 3574 1451 nuncupatur
3602 1424 3618 1450 ,

2028 1480 2326 1549 praeferens
2377 1479 2648 1549 quoddam
2690 1477 2896 1547 insigne
2923 1476 3182 1546 justitite,
3229 1490 3347 1543 quae
3401 1487 3620 1527 omnem

2028 1571 2200 1642 pascit
2219 1570 2631 1625 animam.Nulla
2648 1569 2790 1624 enim
2805 1569 3227 1623 ahundantiores
3247 1565 3401 1638 152
3417 1567 3626 1619 videtur

2030 1664 2237 1718 fructus
2267 1663 2466 1716 habere
2495 1664 2686 1726 virtus,
2737 1677 2895 1732 qnam
2931 1661 3156 1729 aequitas
3183 1668 3343 1725 atque
3369 1656 3578 1726 jttstitia
3605 1694 3624 1724 ,

2029 1771 2150 1826 quae
2182 1755 2352 1823 magis
2381 1755 2499 1807 aliis
2525 1769 2679 1822 quam
2711 1753 2810 1807 sibi
2843 1751 3083 1822 prodest,
3120 1759 3174 1803 et
3204 1749 3461 1803 utilitates
3497 1761 3622 1801 suas

325 1845 593 1911 cumlluit,
622 1847 716 1900 sed
745 1847 906 1901 etiam
935 1863 1029 1917 per
1059 1846 1280 1917 Lydiam
1314 1845 1447 1899 ﬂttit.
1480 1844 1596 1900 Non
1642 1846 1920 1922 enimwan-
1952 1838 2001 1897 B
2029 1847 2251 1916 negligit
2272 1846 2580 1900 communia
2606 1845 2964 1897 emolumenta
2991 1855 3334 1911 praepollens.
3369 1839 3621 1909 Plerique

324 1944 480 2007 gusta
528 1937 801 2006 quaedam,
831 1937 924 1992 sed
971 1937 1122 1992 dives
1150 1937 1440 1991 utilitatum
1491 1936 1773 2006 prudentia
1817 1947 1921 2004 est,

325 2043 448 2100 quae
469 2028 716 2099 pluribus
741 2029 931 2097 prosit.
962 2029 1088 2084 Ideo
1115 2029 1316 2098 prima,
1345 2039 1405 2084 ut.
1455 2029 1498 2083 si
1528 2030 1650 2100 quis
1677 2029 1744 2084 de
1770 2044 1927 2099 para-

326 2119 450 2174 diso
480 2121 641 2176 fuerit
673 2136 946 2190 egressus,
977 2123 1124 2176 velut
1149 2122 1416 2191 quoddam
1456 2137 1578 2176 eum
1621 2122 1926 2192 prudentiae

325 2209 530 2267 ﬂumen
547 2211 800 2281 excipiat,
817 2228 883 2268 ne
899 2215 1010 2268 cito
1038 2215 1207 2282 possit
1231 2229 1484 2270 arescere
1509 2233 1521 2267 :
1547 2215 1640 2269 sed
1674 2230 1769 2285 per
1788 2215 1927 2269 hanc

325 2303 393 2358 ad
427 2304 733 2374 paradisum
775 2305 929 2360 facile
979 2315 1313 2362 revertatur.
1363 2307 1460 2360 llic
1503 2306 1694 2361 ﬂuvius
1725 2323 1752 2360 a
1788 2307 1924 2361 mul-

327 2394 396 2448 tis
450 2393 761 2448 hominibus
817 2395 1212 2465 frequentatur,
1268 2398 1830 2468 pulchritudinemque
1870 2407 1925 2452 et

323 2484 662 2542 fertilitatem
715 2489 1005 2542 maximam
1061 2490 1264 2545 habere
1315 2491 1648 2560 perhibetur.
1687 2491 1752 2545 Et
1803 2491 1924 2544 ideo

323 2579 695 2648 prudentiain
736 2582 918 2650 specie
965 2581 1122 2651 hujus
1171 2583 1458 2652 accipitur,
1493 2599 1611 2645 utne
1659 2583 1924 2652 plurimos

321 2663 740 2732 fructus-attulit
769 2679 819 2732 in
849 2677 1062 2732 Domini
1094 2678 1348 2733 adventu.
1395 2681 1571 2746 Atque
1597 2678 1647 2732 in
1677 2689 1920 2732 extrema

322 2776 592 2823 terrarum
625 2769 765 2834 ﬂuit,
793 2769 918 2838 quia
951 2785 1046 2839 per
1080 2770 1411 2838 Sapientiam
1439 2785 1629 2823 omnes
1679 2771 1924 2826 homines

325 2869 456 2914 sunt
481 2859 770 2927 redempti.
795 2858 953 2916 Unde
975 2869 1031 2914 et
1089 2861 1291 2915 dictum
1314 2871 1393 2916 est
1427 2878 1438 2913 :
1471 2862 1539 2914 In
1585 2879 1786 2916 onmem
1824 2871 1927 2915 ter-

325 2967 443 3006 ram
473 2953 629 3006 exiuit
651 2969 811 3008 sonus
851 2969 1054 3028 eorum,
1083 2965 1128 3007 et
1167 2955 1221 3008 in
1251 2955 1381 3023 ﬁnes
1407 2955 1546 3008 orbis
1595 2964 1747 3009 terra:
1775 2956 1926 3010 verba

326 3058 508 3098 eorum
533 3043 654 3114 (Ps.
687 3059 840 3110 xvut,
872 3044 950 3115 5).

401 3138 488 3192 16.
541 3137 953 3193 Secttndus'est.
991 3138 1190 3192 ﬂuvius
1237 3137 1584 3208 Geon,juxta
1633 3155 1792 3208 quem
1840 3138 1924 3193 lex

2032 1938 2367 2009 Euphratem
2399 1938 2502 1993 ἀπὸ
2529 1944 2619 1991 τοῦ
2645 1938 2985 2012 εὐφραίνεσθαι
3027 1933 3228 1987 dictum
3256 1939 3443 2002 ptttant
3468 1973 3482 1996 ,
3520 1930 3623 1985 hoc

2027 2041 2111 2086 est
2138 2047 2166 2084 a
2194 2029 2429 2085 Iaztando
2453 2071 2467 2094 ,
2497 2045 2563 2083 eo
2586 2027 2724 2098 quod
2759 2027 3038 2081 hominum
3071 2040 3238 2095 genus
3275 2024 3421 2076 nullo
3450 2022 3625 2094 magis

2026 2141 2185 2196 qnam
2213 2124 2417 2194 iustitia
2441 2131 2495 2177 et
2523 2121 2777 2190 :equitatc
2807 2121 3040 2175 lzetetur.
3072 2117 3302 2173 Causam
3325 2125 3504 2171 autem
3524 2132 3622 2171 cur

2027 2216 2208 2272 crctcri
2254 2232 2357 2287 qua
2403 2224 2709 2269 commeant
2741 2213 2926 2276 ﬂuvii,
2969 2212 3351 2267 describuntur
3376 2210 3626 2280 regiones

2026 2311 2292 2374 locorum,
2325 2324 2428 2379 qua
2459 2308 2758 2377 Euphrates
2777 2315 3067 2370 commeat,
3088 2319 3190 2359 non
3214 2303 3609 2368 describantur,

2029 2407 2174 2461 illam
2204 2403 2532 2471 accepimus.
2566 2403 2689 2471 quia
2730 2416 2864 2470 aqua
2895 2399 3013 2468 ejus
3044 2399 3222 2452 vitalis
3251 2397 3534 2461 aSseritur,
3569 2404 3624 2450 et

2026 2515 2148 2570 qua:
2178 2497 2358 2551 foveat
2389 2504 2549 2565 atque
2573 2504 2784 2563 augeat.
2812 2493 2965 2548 Unde
2979 2490 3140 2548 eumd
3160 2497 3346 2548 Anxen
3373 2491 3629 2546 llebrteo-

2027 2609 2146 2647 rmn
2177 2602 2230 2646 et
2266 2589 2608 2659 Assyriorum
2661 2585 2952 2656 prudentes
2981 2584 3237 2638 dixerunt
3266 2601 3277 2635 :
3312 2592 3500 2636 contra
3531 2597 3627 2636 au-

2030 2695 2134 2740 tent
2169 2683 2338 2738 fertur
2360 2696 2480 2736 esse
2511 2697 2645 2750 aqua
2681 2681 2908 2733 aliorum
2939 2679 3242 2732 ﬂuminum.
3277 2676 3479 2730 Deinde
3500 2676 3627 2746 quia

2028 2777 2119 2830 ubi
2147 2775 2451 2845 prudentia,
2484 2774 2554 2826 ibi
2577 2784 2631 2827 et
2662 2771 2906 2825 malitia:
2940 2768 3412 2832 ubifortitudo,ibi
3444 2777 3500 2822 et
3524 2765 3628 2822 ira-

2028 2867 2219 2922 cundia
2237 2885 2250 2920 :
2268 2868 2356 2922 ubi
2373 2865 2725 2936 temperantia
2742 2864 3082 2934 plerumque,
3118 2862 3189 2916 ibi
3212 2860 3627 2930 intemperantia

2029 2969 2132 3024 est,
2148 2961 2352 3014 autalia
2370 2960 2495 3013 vitia
2511 2968 2634 3012 sunt
2657 2977 2670 3010 :
2697 2957 2782 3011 tibi
2807 2954 3227 3022 autemjustitia,
3247 2953 3317 3007 ibi
3337 2953 3628 3007 concordia

2030 3054 2285 3108 virtutum
2314 3035 2397 3107 est
2425 3065 2741 3106 cmtcrarutu
2767 3067 2780 3115 ;
2826 3049 2950 3103 ideo
2975 3063 3080 3101 non
3109 3063 3175 3100 ex
3206 3047 3337 3101 locis
3362 3062 3463 3118 qna
3488 3047 3624 3114 ﬂuit,

2033 3144 2135 3198 hoc
2157 3154 2261 3210 est,
2294 3160 2398 3196 non
2418 3159 2482 3196 ex
2513 3153 2661 3210 parte
2682 3139 3050 3211 Cognoscitur.
3082 3137 3195 3190 Non
3224 3139 3365 3191 cniut
3395 3151 3517 3206 pars
3543 3147 3630 3191 est

325 3229 450 3285 data
471 3241 557 3286 est
579 3230 859 3298 lsraelitis,
886 3245 1008 3287 cum
1032 3241 1218 3286 essent
1244 3233 1295 3286 itt
1315 3231 1552 3304 Egypto
1590 3234 1867 3288 constituti
1894 3250 1908 3299 ;
1938 3241 1983 3301 C
2013 3236 2352 3303 jnstitia,sed
2381 3235 2530 3305 quasi
2556 3231 3090 3288 tttalerestnntnium.
3116 3229 3171 3283 In
3195 3230 3278 3283 his
3298 3244 3426 3298 ergo
3448 3228 3626 3282 ﬂumi-

327 3333 468 3380 utex
497 3324 734 3398 Egypto
766 3328 1104 3389 recederent,
1154 3337 1206 3382 et
1238 3329 1498 3383 succincti
1553 3328 1764 3382 lumbos
1792 3328 1922 3382 ede-

324 3427 448 3472 rent
467 3433 690 3489 agnutn,
732 3419 877 3489 quod
925 3420 1138 3491 insigne
1167 3430 1250 3475 est
1296 3421 1689 3489 temperantize.
1735 3419 1924 3476 Castos

322 3510 469 3565 enim
496 3522 550 3566 et
577 3511 943 3566 sanetilicatos
970 3521 1182 3582 oportet
1216 3514 1424 3568 Domini
1458 3519 1656 3583 pascha
1677 3515 1923 3570 celebra-

322 3617 408 3660 re.
429 3601 500 3658 Et
528 3603 652 3660 ideo
675 3604 825 3674 juxta
869 3606 1028 3660 istum
1062 3606 1281 3661 ﬂuvium
1312 3607 1548 3676 legitima
1597 3609 1771 3677 primo
1823 3609 1923 3664 ob-

323 3697 597 3752 servantia
624 3699 918 3754 constituta
949 3706 1064 3764 est;
1113 3701 1235 3768 quia
1278 3699 1546 3770 significat
1592 3716 1787 3756 nomen
1820 3701 1922 3754 hoc

319 3789 612 3858 quemdam
667 3799 828 3844 terra:
879 3790 1106 3845 hiatum.
1166 3792 1315 3846 Sicut
1375 3793 1586 3862 igiturc
1617 3803 1814 3848 terram
1865 3803 1922 3849 et

322 3895 682 3952 quaecumque
706 3882 790 3937 vel
823 3893 1174 3952 purgamenta
1211 3885 1297 3938 vel
1330 3884 1548 3940 frondes
1580 3886 1633 3939 in
1679 3903 1739 3940 ea
1771 3897 1916 3954 sunt,

323 3971 507 4027 hiatus
530 3973 788 4029 absorbet
821 3991 834 4028 :
867 3975 940 4029 ita
964 3976 1183 4030 castitas
1219 3991 1412 4031 omnes
1441 3979 1686 4048 corporis
1714 3981 1922 4048 passio-

321 4080 428 4123 nes
451 4066 667 4123 abolere
688 4069 988 4123 consuevit.
1017 4068 1314 4140 Meritoque
1354 4071 1422 4126 ibi
1466 4072 1694 4140 primum
1726 4073 1917 4128 obser-

320 4160 524 4216 vantia:
549 4160 861 4216 constitutio
881 4202 895 4225 ,
923 4162 1047 4231 quia
1091 4177 1184 4231 per
1238 4163 1406 4233 legem
1438 4164 1761 4219 absorbetur
1792 4181 1918 4220 car-

319 4255 448 4310 nale
477 4262 782 4324 peccatunt.
818 4255 962 4310 Bene
1003 4270 1132 4326 ergo
1174 4254 1348 4318 Geon,
1399 4256 1448 4309 itt
1481 4271 1590 4324 quo
1621 4258 1788 4326 figura
1835 4267 1920 4312 est

319 4347 614 4412 castitatis,
641 4347 929 4402 circumire
957 4355 1152 4410 terram
1177 4346 1541 4416 {EthiOpicam
1590 4349 1829 4414 dicitur;
1861 4360 1918 4404 ut

321 4441 513 4497 abluat
543 4454 742 4507 Corpus
781 4439 1070 4508 abjectntn,
1104 4448 1159 4494 et
1182 4440 1363 4494 carnis
1412 4441 1688 4496 vilissima:
1722 4443 1916 4497 restin-

315 4543 452 4606 guat
479 4534 810 4588 incendium.
831 4532 1107 4602 Ethiopia
1137 4535 1283 4587 enim
1323 4534 1530 4602 abiecta
1559 4545 1613 4589 et
1663 4535 1783 4590 vilis
1813 4534 1916 4589 La-

2030 3332 2186 3386 nilms
2207 3340 2436 3400 quatuor
2459 3329 2682 3382 virtutes
2712 3324 3044 3396 principales
3069 3323 3624 3393 qnatuorexprimun-

2027 3433 2132 3487 tur,
2168 3437 2289 3492 quin
2322 3421 2483 3475 veluti
2517 3419 2696 3473 mundi
2732 3419 2886 3472 istius
2911 3419 3250 3471 incluserunt
3277 3425 3537 3485 tempora.

2102 3515 2190 3570 19.
2221 3515 2459 3569 Primum
2491 3514 2647 3583 igitur
2676 3524 2888 3580 tempus
2926 3527 2992 3564 ex
3022 3509 3208 3564 mundi
3245 3508 3506 3579 principio
3536 3521 3624 3562 us-

2025 3628 2129 3684 que
2154 3612 2219 3664 ad
2238 3611 2497 3665 diluvium
2530 3608 2828 3677 prudentiae
2857 3604 2978 3670 fuit,
3008 3621 3115 3676 quo
3144 3605 3196 3658 itt
3226 3603 3620 3684 temporejusti

2027 3681 2378 3762 numerantur
2400 3704 2535 3760 Abel
2571 3718 2600 3756 a
2634 3702 2742 3756 Deo
2769 3701 2946 3770 justus
2969 3701 3147 3754 dictus
3191 3681 3434 3770 (Malui,
3460 3711 3618 3763 um,

2024 3801 2148 3872 35);
2181 3809 2235 3855 et
2263 3801 2424 3862 Enos,
2453 3798 2553 3852 hoc
2576 3805 2657 3852 est
2687 3797 2852 3850 homo
2873 3795 2938 3848 ad
2974 3795 3262 3863 imaginem
3291 3792 3381 3845 Dei
3407 3789 3578 3844 factus
3601 3830 3618 3855 ,

2023 3893 2114 3962 qni
2139 3892 2375 3961 speravit
2405 3891 2654 3943 invocare
2685 3903 2880 3942 nomen
2917 3884 3129 3938 Domini
3170 3884 3264 3936 Dei
3297 3898 3311 3946 ;
3341 3891 3396 3934 et
3426 3879 3618 3935 Enoch

2023 3985 2112 4054 qni
2142 3985 2339 4038 dicitur
2391 3981 2581 4035 Latine
2634 3981 2726 4034 Dei
2788 3978 2982 4049 gratia,
3035 3986 3222 4045 raptus
3271 3973 3336 4027 ad
3378 3972 3614 4035 malum;

2023 4089 2078 4133 et
2094 4079 2205 4132 Noe
2227 4077 2388 4146 quiet
2415 4079 2531 4143 ipse
2558 4075 2755 4143 justu=,
2788 4083 2838 4126 et
2862 4070 3109 4142 qttmdant
3134 4068 3337 4139 requiei
3368 4065 3649 4145 directio.‘

2095 4171 2186 4225 20.
2219 4169 2528 4225 Secundum
2557 4175 2767 4235 tempus
2790 4176 2874 4219 est
2902 4163 3176 4219 Abraham
3203 4169 3258 4215 et
3288 4159 3435 4214 Isaac
3455 4167 3509 4212 et
3531 4157 3624 4213 Ja-

2022 4265 2148 4331 Colt,
2192 4264 2631 4332 reliquorumque
2662 4271 2918 4312 numerus
2946 4253 3396 4326 patriarcharum,
3432 4252 3484 4306 in
3500 4250 3621 4322 qul-

2023 4359 2122 4411 hus
2143 4367 2287 4411 casta
2321 4366 2373 4410 et
2416 4370 2546 4425 pura
2571 4352 2811 4422 qumdam
2854 4349 3209 4418 temperantia
3237 4345 3515 4416 religionis
3541 4343 3621 4400 ef-

2021 4447 2190 4502 fulsit.
2228 4447 2608 4500 lmmaculatus
2637 4446 2776 4498 enim
2818 4442 2967 4496 Isaac
2997 4456 3094 4512 per
3137 4439 3618 4509 repromissionem

2022 4539 2254 4595 Abrahae
2277 4540 2433 4593 datus
2464 4548 2549 4593 est
2600 4536 2761 4599 ﬁlius,
2804 4550 2911 4589 non
2967 4543 3074 4587 tam
3103 4531 3403 4600 corporalis
3433 4538 3618 4598 partus

318 4627 433 4682 tina
466 4625 916 4695 interpretatione
969 4625 1235 4695 signatur.
1277 4626 1416 4692 Quid
1449 4637 1628 4682 autem
1651 4628 1914 4698 abiectius
1941 4634 1994 4695 D
2020 4648 2180 4703 quam
2232 4633 2429 4686 divinze
2457 4645 2655 4685 munus
2683 4628 2981 4699 prteferens
3023 4625 3393 4694 indulgentia',
3424 4622 3475 4676 in
3509 4635 3617 4691 quo

318 4726 511 4774 nostro
559 4717 838 4786 corpore?
889 4717 1027 4784 Quid
1067 4727 1176 4772 tam
1206 4717 1499 4787 AithiOpi-ee
1545 4719 1742 4787 simile,
1772 4723 1914 4792 quod

317 4812 483 4868 etiam
512 4812 723 4882 nigrum
755 4819 840 4866 est
866 4810 1190 4880 quibusdam
1223 4812 1460 4865 tenebris
1495 4814 1880 4881 peccatorum?

393 4905 483 4960 17.
510 4905 728 4960 Tertius
753 4914 838 4958 est
867 4902 1063 4958 ﬂuvius
1085 4903 1282 4971 Tigris,
1309 4906 1399 4972 qui
1427 4903 1576 4959 vadit
1597 4918 1784 4961 contra
1811 4907 1917 4962 As-

326 4995 529 5068 syrios,
556 4994 624 5050 ad
650 5011 812 5066 quem
847 4995 1230 5064 praevaricator
1251 4993 1413 5049 Israel
1428 4995 1672 5063 captivus
1697 4997 1922 5053 estduc-

317 5097 427 5145 tus.
495 5089 592 5144 llic
656 5087 850 5143 ﬂuvius
907 5088 1106 5142 dicitur
1153 5088 1393 5143 velocior
1449 5102 1572 5142 esse
1625 5091 1875 5146 omnibus
1907 5133 1924 5157 ,

391 5212 418 5240 ⁸
448 5202 539 5258 Sic
562 5201 688 5256 Era.
721 5200 852 5255 edit.
887 5216 1007 5254 cum
1031 5215 1148 5268 seq.
1179 5212 1232 5253 et
1265 5201 1452 5268 paucis
1483 5215 1612 5254 mss.
1660 5203 1783 5257 Am.
1817 5218 1913 5257 au-

320 5283 432 5330 tem
461 5282 518 5328 et
547 5289 677 5328 mss.
709 5283 831 5326 octo
855 5313 870 5336 ,
898 5289 1078 5326 aurum
1107 5271 1297 5326 diceret
1348 5273 1598 5326 monetale
1625 5289 1639 5337 ;
1673 5273 1910 5329 Remen-

317 5347 538 5412 sis,.....
583 5361 687 5398 non
741 5345 1012 5397 monetttle.
1060 5343 1173 5398 Div.
1199 5385 1214 5408 ,
1256 5360 1441 5397 aurum
1487 5346 1771 5410 decorum,
1804 5361 1914 5400 mo-

319 5418 505 5472 netale.

389 5487 417 5526 δ
447 5488 577 5542 Mss.
611 5485 818 5556 aliquot
849 5524 863 5548 ,
894 5483 1091 5556 positus
1119 5494 1193 5538 est
1219 5485 1402 5550 Fison,
1458 5487 1636 5555 qui....
1673 5485 1914 5542 Feouson

317 5560 532 5613 dicitur.
565 5558 631 5611 Et
658 5553 802 5628 post_
839 5570 1004 5628 pauca
1036 5553 1192 5628 item.
1235 5557 1392 5622 edit.,
1445 5553 1754 5628 circumﬂuit
1787 5600 1801 5623 ,
1827 5561 1916 5614 sed

315 5633 607 5685 universam
639 5624 748 5698 fere
778 5625 1010 5679 Indiam.
1045 5624 1380 5698 Vet.omnes
1428 5639 1486 5682 ut
1518 5630 1569 5682 in
1617 5624 1784 5683 textu.
1819 5631 1911 5685 His

314 5701 476 5757 etiam
503 5697 770 5755 accedunt.
791 5711 922 5750 mss.
972 5697 1209 5765 exceptis
1239 5697 1452 5753 duobus
1477 5742 1492 5766 ,
1538 5700 1628 5754 ubi
1675 5699 1908 5757 habetur

317 5788 407 5844 per
434 5771 638 5844 Liuiam
663 5770 799 5840 fluit.

394 5852 417 5881 ο
450 5843 527 5900 lta
551 5837 684 5900 mss.
716 5837 960 5898 melioris
981 5847 1143 5896 notae.
1176 5837 1233 5896 In
1259 5838 1382 5895 aliis
1410 5854 1542 5898 vero
1590 5842 1732 5899 sicut
1767 5853 1823 5900 et
1851 5842 1908 5899 in

2024 4740 2151 4779 vere
2178 4724 2505 4778 intmaculati
2542 4723 2708 4792 ﬁgura
2739 4721 3037 4790 prmcessit,
3060 4727 3118 4771 ut
3145 4715 3439 4786 Apostolus
3459 4711 3620 4768 docet

2022 4817 2208 4871 dicens
2233 4834 2246 4869 :
2272 4816 2406 4882 Quia
2431 4815 2650 4868 Abraluc
2676 4813 2834 4867 dicta:
2859 4821 2978 4866 sunt
3009 4808 3450 4880 repromissioues,
3479 4814 3527 4859 et
3539 4819 3620 4858 se-

2023 4908 2150 4961 mini
2171 4908 2302 4972 eius.
2337 4905 2460 4960 Non
2493 4905 2638 4969 dicit,
2663 4913 2712 4959 et
2733 4903 3035 4966 seminibus,
3059 4910 3304 4968 tanquam
3333 4899 3386 4951 in
3416 4895 3595 4950 multis

2022 5002 2112 5057 sed
2159 5003 2290 5056 sicut
2339 5001 2394 5054 in
2439 5016 2584 5068 uno,
2631 5008 2679 5054 et
2724 4998 2904 5053 semini
2934 5007 3056 5062 tuo,
3103 4994 3188 5065 qui
3231 5001 3306 5046 est
3361 4989 3617 5046 Christus.

2030 5094 2172 5168 (Gai.
2207 5111 2288 5160 ιιι,
2325 5093 2436 5164 16).

2018 5194 2177 5264 είιὶἶίε
2200 5224 2390 5278 magna
2427 5208 2732 5272 diversitas,
2765 5203 2858 5278 sed
2882 5219 3004 5270 qua:
3020 5203 3086 5258 ad
3115 5215 3338 5257 sensum
3368 5211 3474 5250 non
3489 5209 3615 5264 per-

2020 5280 2209 5343 tineat,
2241 5277 2361 5334 cum
2387 5280 2438 5334 in
2469 5301 2534 5334 eo
2555 5283 2722 5349 posita
2746 5277 2813 5331 sit
2836 5285 2891 5329 ιιι
2916 5286 3070 5349 terra.
3106 5288 3224 5340 pro,
3252 5281 3440 5349 terruit}
3465 5283 3483 5331 ;
3503 5281 3616 5318 εον·

2020 5351 2130 5414 des,
2169 5340 2288 5420 pro,
2320 5340 2568 5419 frondes,-
2610 5352 2778 5411 hiatu,
2813 5363 2946 5412 pro,
2984 5345 3158 5398 hiatus
3191 5383 3206 5408 ,
3255 5347 3310 5394 et
3333 5340 3435 5392 alia
3467 5351 3619 5408 qua:-

2019 5421 2142 5492 dam
2169 5421 2478 5492 Itujusmodi
2507 5422 2824 5476 habeantur.

2091 5490 2118 5529 δ
2148 5485 2386 5548 Ιιιιίηεε.
2421 5508 2630 5556 omnes,
2656 5505 2719 5544 ac
2763 5499 2872 5541 vet.
2905 5485 3036 5541 edit.
3082 5496 3276 5556 magno
3316 5493 3608 5556 consensu.

2021 5563 2092 5618 At
2129 5565 2288 5618 Rom.
2340 5564 2496 5630 edit.,
2531 5551 2680 5616 Unde
2709 5557 3148 5630 Permiserim..."
3181 5553 3442 5617 dixerunt,
3473 5551 3613 5630 quod

2021 5645 2096 5690 est
2117 5637 2285 5702 αὔξειν
2317 5621 2517 5698 (it-arce,
2549 5633 2640 5686 ubi
2673 5643 2856 5702 vocent
2887 5622 3231 5702 Hebraicam,
3261 5638 3380 5702 quae
3408 5621 3614 5676 scriba-

2020 5722 2136 5762 rum
2170 5693 2378 5762 iitcttria
2401 5693 2614 5762 videtur
2642 5703 2728 5757 hic
2752 5699 2916 5752 fuisse
2935 5695 3136 5748 omissa
3163 5733 3179 5759 ,
3209 5693 3495 5749 restituere
3518 5706 3612 5747 co—

2017 5787 2141 5834 nata
2165 5790 2268 5834 est.
