4150 6358
528 271 640 342 285

1856 261 2470 334 ssuertauunont

3717 263 3831 320 284

604 385 700 460 Ἅι
729 383 972 458 Tertium
1019 393 1230 452 tempus
1250 390 1333 438 est
1361 380 1416 436 ἰιι
1453 381 1626 454 Moysi
1657 381 1776 452 i080
1816 387 1870 436 ει
1908 381 2122 438 οωιθτίε
2147 389 2203 448 Α
2227 387 2372 442 niam
2419 387 2512 458 qui
2554 396 2700 451 erat,
2741 387 3184 460 apprehenditur.
3217 387 3346 443 Erat
3365 394 3550 442 autem
3578 385 3634 440 in
3683 393 3830 440 terra

533 479 838 562 prophetis.
873 477 1085 547 Deﬁciet
1115 475 1248 530 enim
1272 491 1350 530 me
1377 485 1576 543 tempus
1601 475 1894 528 enarranda
1926 475 1988 528 de
2020 471 2122 529 Ge-

533 573 686 646 deon.
717 572 910 638 Barac,
938 571 1182 636 Samson,
1207 569 1400 636 David,
1431 569 1742 634 Salomone,
1785 580 1836 626 et
1861 569 2072 625 Samuel
2105 611 2119 634 ,

533 674 586 732 st,
610 665 810 732 (ceteris
839 665 1119 734 prophetis,
1161 663 1365 730 Anania
1387 705 1406 736 ,η
1435 663 1643 728 Azaria,
1680 661 1890 728 Misael,
1921 673 1970 716 et
2017 661 2126 714 Da-

531 759 658 824 niel,
691 757 836 824 Elia,
869 768 918 814 et
945 757 1134 820 Elist
1155 759 1246 829 qui
1275 774 1368 828 per
1393 758 1552 828 [idem
1580 757 1876 811 devicerunt
1921 773 2080 827 regna
2109 798 2124 824 ,

537 854 736 922 operati
762 860 882 908 sunt
899 851 1184 922 justitiam,
1215 859 1552 922 perceperunt
1577 850 2018 921 repromissiones,
2037 850 2127 904 ob-

531 954 829 1016 struxerunt
850 961 941 1000 ora
973 946 1202 1007 leonum.
1232 946 1560 1012 eminuerunt
1587 945 1826 998 virtutem
1849 945 1984 1014 ignis
2007 985 2023 1010 ,
2055 943 2132 1014 ef—

535 1039 846 1122 [ugaverunt
877 1044 903 1074 ⁸
933 1036 1072 1092 acies
1097 1037 1261 1110 gladii
1292 1077 1308 1102 ,
1357 1037 1655 1092 evaluerunt
1695 1038 1757 1090 de
1785 1035 2082 1106 inﬁrmitate
2114 1077 2130 1104 ,

538 1134 698 1204 fortes
747 1134 962 1202 fuerunt
1009 1132 1064 1184 in
1115 1131 1277 1196 bello,
1329 1141 1501 1185 castra
1550 1140 1794 1200 ceperunt
1842 1139 2131 1184 exterarum

539 1221 802 1295 (Heb.xt,
833 1223 904 1280 52
953 1232 998 1277 et
1048 1223 1202 1293 seq.).
1251 1221 1368 1280 Non
1423 1221 1692 1278 immerito
1747 1222 1907 1294 igitur
1953 1221 2008 1276 in
2050 1222 2134 1276 his

537 1316 750 1394 species
780 1314 1116 1378 fortitudinis
1153 1325 1256 1372 est.
1313 1315 1452 1371 Secti
1492 1316 1628 1370 enim
1655 1325 1797 1376 sunt,
1828 1315 1969 1370 sicut
1998 1313 2133 1370 infra

541 1407 734 1480 habes,
771 1411 972 1474 tentati,
1004 1411 1058 1464 in
1109 1411 1414 1466 mactatione
1441 1411 1606 1484 gladii
1627 1411 1838 1464 mortui.
1865 1409 2138 1464 Circumie-

542 1513 662 1558 runt
684 1505 740 1558 in
765 1505 996 1572 caprinis
1017 1503 1260 1576 pellibus,
1293 1515 1515 1575 egentes,
1565 1505 1863 1576 angnstiati,
1915 1513 1963 1558 et
1993 1503 2141 1558 dolo-

542 1598 687 1652 ribus
735 1598 949 1668 afﬂicti,
989 1614 1209 1670 quorum
1249 1598 1444 1652 meritis
1489 1614 1592 1652 non
1619 1605 1728 1651 erat
1764 1597 1950 1668 dignus
1979 1596 2137 1650 orbis.

547 1688 616 1762 ,ζη
653 1691 1014 1746 solitudinibus
1069 1703 1297 1748 errantes
1321 1733 1337 1759 ,
1382 1692 1436 1746 in
1475 1691 1749 1756 montibus,
1781 1691 1834 1744 in
1861 1691 2142 1761 speluncis,

2227 483 2602 552 plasmationis
2631 499 2764 539 sum.
2809 481 3178 554 Apprehendit
3219 497 3348 552 ergo
3375 495 3494 535 eum
3526 481 3702 532 virtus
3735 478 3830 532 Dei

2225 576 2496 646 inspirans
2521 591 2810 646 processus
2833 585 2886 630 et
2927 577 3260 630 incrementa
3293 574 3544 628 virtutis:
3591 571 3830 641 denique

2227 671 2282 725 in
2317 671 2564 740 paradiso
2619 686 2742 726 eum
2781 670 3096 735 collocavit;
3143 677 3202 724 nt
3249 671 3388 724 scias
3427 668 3828 738 apprehensum

2229 765 2384 834 quasi
2411 764 2652 820 afﬂatum
2681 764 2862 820 divina
2888 779 3010 820 esse
3038 764 3256 818 virtute.
3289 763 3408 830 Quo
3441 761 3542 816 loci
3577 759 3706 814 illud
3735 758 3836 813 ad-

2231 867 2412 924 verte,
2449 857 2618 928 (Dist.
2649 858 2752 922 40,
2781 873 2828 912 c.
2857 855 3004 912 Illud
3033 855 3234 926 autem)
3263 854 3386 926 quia
3437 861 3586 910 extra
3619 850 3835 922 paradi-

2233 965 2356 1006 sum
2411 949 2491 1004 vir
2541 950 2712 1006 factus
2767 960 2886 1018 est,
2941 959 2998 1006 et
3047 949 3241 1006 mulier
3281 949 3419 1004 intra
3475 946 3828 1018 paradisum,

2238 1055 2296 1098 ut
2347 1045 2604 1100 advertas
2656 1044 2796 1114 quod
2859 1059 2966 1100 non
3023 1044 3166 1110 loci,
3227 1059 3334 1097 non
3401 1041 3618 1112 generis
3681 1039 3836 1094 nobi-

2237 1137 2418 1205 litate,
2465 1137 2560 1192 scd
2603 1137 2802 1192 virtute
2823 1137 3191 1206 unusquisque
3218 1135 3440 1206 gratiam
3485 1133 3588 1188 sibi
3616 1145 3836 1201 compa-

2239 1238 2342 1284 rat.
2373 1227 2618 1298 Denique
2650 1238 2800 1284 extra
2829 1228 3140 1300 paradisum
3167 1227 3369 1296 factus,
3399 1227 3501 1280 hoc
3529 1233 3644 1290 est,
3677 1225 3730 1279 in
3754 1224 3838 1278 in-

2239 1320 2439 1377 feriore
2470 1322 2619 1384 loco,
2645 1323 2727 1376 vir
2752 1322 2948 1378 melior
2975 1321 3272 1386 invenitur;
3299 1330 3356 1376 et
3379 1321 3470 1376 illa
3493 1334 3615 1390 quae
3641 1320 3694 1373 in
3723 1333 3836 1372 me-

2203 1445 2214 1454 -
2242 1415 2378 1470 liore
2399 1415 2520 1470 loco
2551 1415 2654 1470 hoc
2679 1426 2756 1470 CSl
2777 1456 2792 1481 ,
2831 1416 2884 1470 in
2910 1415 3158 1484 paradiso
3187 1414 3322 1468 facta
3351 1421 3437 1468 est
3455 1455 3470 1479 ,
3499 1411 3723 1468 inferior
3753 1425 3838 1466 re-

2245 1508 2470 1578 peritur.
2499 1508 2692 1562 Mulier
2711 1509 2856 1563 enim
2883 1506 3029 1577 prior
3053 1505 3280 1576 decepta
3302 1515 3386 1560 est
3403 1547 3416 1568 ,
3443 1515 3499 1560 et
3519 1506 3694 1560 virum
3727 1504 3839 1572 ipsa

2245 1601 2480 1672 decepit.
2507 1601 2660 1658 Unde
2684 1604 2962 1672 apostolus
2983 1603 3176 1657 Petrus
3201 1600 3474 1670 subiectas
3497 1599 3707 1654 fortiori
3731 1597 3841 1650 vasi

2250 1694 2504 1750 mulieres
2557 1703 2774 1749 sanctas
2823 1695 2956 1748 viris
2999 1695 3112 1748 suis
3155 1693 3305 1746 velut
3343 1691 3578 1746 dominis
3623 1689 3844 1744 obedire

548 1795 600 1858 et
635 1786 688 1850 in
717 1787 876 1856 foveis
923 1795 1072 1840 terra:
1115 1785 1280 1858 (Ibid.
1335 1801 1465 1852 xvu,
1523 1786 1634 1856 '58).
1670 1785 1838 1842 Recte
1877 1785 2042 1857 igitur
2083 1785 2140 1840 in
2169 1791 2218 1851 B
2244 1777 2564 1845 memoravit
2597 1787 2640 1858 (1
2677 1787 2788 1842 Pet.
2845 1804 2922 1853 Ill,
2955 1787 3038 1860 ι).
3072 1787 3142 1841 Ει
3167 1786 3364 1842 Paulus
3389 1785 3460 1839 ait
3491 1783 3657 1850 :Quia
3682 1781 3846 1836 Adam

549 1879 636 1949 his
657 1882 890 1947 speciem
921 1877 1252 1934 fortitudinis
1295 1881 1646 1934 collocamus.

620 1969 710 2040 22.
752 1969 1063 2026 Secundum
1089 1980 1268 2026 autem
1303 1971 1652 2042 Evangelium
1677 1969 1836 2042 digna
1868 1979 1950 2026 est
1978 1969 2149 2041 ﬁgura

545 2063 772 2136 iustitia:
785 2065 909 2134 quia
925 2067 1093 2120 virtus
1120 2074 1204 2120 est
1231 2064 1282 2118 in
1305 2065 1532 2120 salutem
1545 2065 1692 2120 omni
1717 2064 1872 2137 153
1883 2065 2147 2120 credenti.

552 2154 796 2228 Denique
815 2154 934 2224 ipse
963 2155 1222 2214 Dominus
1247 2155 1324 2222 ait
1350 2172 1364 2210 :
1398 2155 1761 2220 Sinebmodo;
1783 2157 2002 2210 siceru'm
2014 2156 2153 2211 decet

554 2265 648 2306 nos
699 2249 912 2316 implere
939 2265 1142 2318 omnem
1185 2251 1449 2322 justitiam
1487 2249 1840 2323 (Malllt.,‘lll,
1869 2249 1960 2320 15)
1995 2265 2152 2320 ερυω

552 2339 774 2411 quidem
808 2355 1006 2410 parvus
1034 2351 1356 2408 caeterarum
1399 2351 1484 2398 est
1523 2341 1752 2402 fecunda
1784 2343 2060 2397 virtutum.
2095 2341 2152 2396 lu

551 2446 661 2508 quo
690 2431 938 2502 quamvis
964 2433 1144 2504 aliqua
1179 2434 1368 2488 harum
1388 2449 1522 2503 quas
1551 2433 1806 2500 diximus,
1836 2434 2153 2504 principalis

556 2529 642 2592 est
669 2523 842 2578 virtus
875 2540 889 2588 ;
923 2523 976 2578 in
1022 2538 1088 2594 eo
1119 2524 1284 2590 etiam
1334 2534 1548 2580 canorae
1584 2533 1782 2594 praesto
1818 2533 1987 2590 sunt;
2029 2524 2154 2595 quia

558 2612 692 2694 ipsa:
725 2615 828 2678 sibi
859 2625 985 2684 sunt
1027 2630 1288 2674 connexa:
1317 2625 1696 2686 concretisque
1726 2615 1973 2672 virtutes.
2021 2615 2156 2669 Nam

558 2708 744 2778 utique
769 2705 909 2766 Abel
935 2708 1136 2780 justus,
1172 2719 1224 2764 et
1249 2708 1576 2768 fortissimus
1615 2724 1677 2762 ac
1728 2709 2155 2778 patientissimus

557 2797 854 2868 Abraham,
889 2809 942 2856 et
990 2800 1395 2872 prudentissimi
1433 2800 1755 2872 propheta}:
1789 2801 2000 2869 Moyses
2029 2815 2158 2856 vero

557 2893 802 2968 eruditus
849 2893 901 2948 in
954 2894 1102 2948 omni
1142 2894 1408 2964 sapientia
1453 2893 1864 2964 ASgyptiorum,
1900 2893 2158 2962 majorem

561 2989 904 3062 honestatem
935 2986 1228 3054 aestimavit
1251 2984 1470 3059 Egypti
1511 2986 1782 3042 thesauris
1807 2983 2160 3055 opprobrium

562 3078 788 3146 Christi.
825 3079 893 3136 Et
939 3081 1059 3152 quis
1105 3080 1401 3151 sapientior
1435 3094 1596 3150 quam
1631 3079 1864 3134 Daniel?
1898 3078 2162 3135 Salomo’n

2251 1901 2354 1938 non
2379 1893 2454 1938 est
2481 1884 2720 1938 seductus
2747 1899 2766 1936 .°
2795 1881 2981 1936 mulier
3005 1891 3176 1936 autem
3203 1881 3414 1934 seducta
3455 1881 3510 1932 in
3543 1877 3848 1944 prwnaricn-

2253 1978 2390 2032 tione
2419 1979 2518 2048 fuit
2551 1977 2598 2049 (I
2628 1975 2766 2030 Tim.
2796 1993 2854 2040 ιι,
2891 1974 3004 2048 Η).
3042 1975 3110 2030 Et
3153 1973 3280 2030 inde
3317 1971 3683 2028 contuendum
3729 1970 3852 2042 quia

2255 2084 2416 2124 nemo
2444 2069 2606 2124 debet
2653 2067 2756 2122 sibi
2804 2066 2964 2122 facile
3011 2079 3360 2136 praesumere.
3407 2063 3541 2119 Nam
3585 2077 3712 2118 ecce
3767 2061 3854 2115 illa

2257 2178 2378 2232 qum
2401 2162 2454 2218 in
2485 2161 2857 2231 adjumentum
2883 2159 3022 2214 facta
3049 2169 3126 2214 est
3157 2159 3306 2221 viro,
3335 2154 3588 2226 prazsidio
3607 2153 3752 2208 virili
3779 2151 3858 2206 in-

2258 2255 2435 2324 diget;
2477 2254 2600 2322 quia
2649 2252 2732 2307 vir
2771 2259 2932 2322 caput
2959 2260 3043 2305 est
3087 2248 3366 2304 mulieris:
3417 2247 3514 2302 ille
3554 2253 3731 2300 autem
3769 2241 3858 2313 qui

2259 2347 2632 2416 adiumentum
2686 2347 2870 2399 uxoris
2916 2343 3224 2398 habiturum
3278 2353 3336 2394 se
3397 2352 3517 2393 esse
3569 2335 3859 2398 credebat,

2259 2441 2443 2510 lapsus
2466 2449 2550 2496 est
2577 2455 2670 2509 per
2697 2453 2940 2494 uxorem.
2970 2437 3122 2492 Unde
3149 2449 3309 2490 nemo
3338 2431 3495 2506 155.
3513 2431 3670 2486 debet
3704 2425 3864 2484 facile

2261 2532 2420 2586 alteri
2458 2547 2517 2586 se
2543 2530 2770 2586 credere
2793 2571 2807 2594 ,
2843 2528 2944 2582 nisi
2975 2528 3129 2596 cujus
3157 2527 3410 2580 virtutem
3457 2522 3725 2591 probarit,
3761 2534 3866 2574 nec

2262 2638 2516 2693 arrogare
2547 2623 2648 2676 sibi
2675 2623 2764 2690 qui
2789 2637 2846 2674 se
2873 2635 2968 2690 pro
2991 2620 3194 2674 auxilio
3217 2617 3418 2688 putarit
3438 2616 3693 2670 adscitum
3717 2629 3729 2666 :
3762 2611 3864 2666 sed

2263 2719 2434 2785 magis
2461 2716 2502 2770 si
2537 2715 2805 2770 invenerit
2827 2713 3106 2768 fortiorem
3136 2713 3220 2766 cui
3246 2726 3304 2765 se
3335 2709 3554 2780 putabat
3581 2721 3701 2762 esse
3731 2721 3868 2776 prae-

2263 2809 2436 2876 sidio,
2461 2808 2530 2862 ab
2567 2809 2682 2878 ipso
2711 2808 2936 2878 gratiam
2963 2815 3269 2868 mutuetur,
3301 2803 3440 2858 sicut
3473 2811 3524 2854 et
3557 2801 3704 2854 viros
3743 2813 3866 2852 mu-

2265 2901 2490 2956 lieribus
2515 2900 2774 2954 honorem
2805 2899 3083 2969 impertire
3111 2895 3386 2966 apostolus
3407 2894 3597 2948 Petrus
3621 2891 3866 2961 praecipit

2265 2995 2451 3050 dicens
2479 3013 2492 3049 :
2531 2993 2644 3050 Viri
2665 2994 2898 3047 similiter
2923 2991 3266 3046 cohabitantes
3297 2981 3572 3043 secundant
3599 2985 3866 3040 scientiam

2269 3096 2528 3156 tamquam
2553 3086 2826 3154 inﬁrmiori
2847 3085 2953 3138 vasi
2975 3081 3210 3136 muliebri
3235 3081 3581 3151 impertientes
3600 3076 3863 3139 honorem,

558 3187 774 3244 quoque
804 3171 1129 3242 sapientiam
1172 3176 1416 3244 poposcit
1446 3212 1461 3236 ,
1501 3183 1555 3228 et
1594 3172 1809 3230 meruit.
1837 3171 2050 3236 Dictum
2080 3177 2155 3223 est

2269 3193 2526 3250 tamquam
2559 3177 2814 3233 cohwredi
2840 3178 3018 3251 gratia:
3047 3178 3194 3241 vitm;
3221 3183 3275 3230 ut
3305 3191 3368 3228 ne
3387 3173 3734 3249 impediantur
3755 3185 3870 3224 ora-

559 3278 692 3336 ergo
736 3263 805 3320 de
845 3271 1080 3334 quatuor
1101 3265 1361 3320 virtutum
1384 3262 1718 3334 ﬂuminibus,
1747 3277 1976 3332 quorum
2004 3271 2162 3330 potus

560 3368 646 3414 est
677 3358 843 3424 utilis.
891 3358 958 3414 Et
1001 3358 1124 3429 quia
1161 3358 1360 3426 Phison
1407 3373 1596 3412 aurum
1629 3357 1831 3412 bonum
1880 3365 2042 3412 terra:
2065 3395 2078 3422 ,
2109 3363 2168 3410 et

565 3451 980 3522 carbunculum,
1040 3461 1096 3512 et
1144 3449 1385 3522 lapidem
1427 3453 1706 3522 prasinum
1757 3449 1958 3506 habere
1985 3450 2166 3506 dictus

565 3554 671 3620 est.
703 3544 807 3600 hoc
828 3559 1044 3616 quoque
1069 3544 1228 3616 quale
1246 3545 1317 3600 sit
1340 3544 1771 3614 consideremus.

637 3637 731 3710 23.
775 3637 997 3698 Videtur
1028 3636 1172 3692 enim
1216 3637 1370 3696 nobis
1411 3647 1680 3708 tamquam
1726 3650 1918 3692 aurum
1965 3635 2165 3690 bonum

569 3731 749 3808 Eoos,
795 3733 886 3804 qui
928 3731 1220 3802 prudenter
1263 3731 1354 3802 Dei
1385 3745 1582 3800 nomen
1628 3730 1769 3788 scire
1815 3730 2166 3792 desideravit.

567 3823 756 3896 Enoch
785 3833 966 3900 autem
995 3825 1086 3898 qui
1114 3824 1404 3890 translatus
1448 3831 1558 3892 est,
1603 3833 1658 3882 et
1689 3833 1916 3884 mortem
1957 3839 2064 3880 non
2091 3826 2172 3880 vi-

569 3919 680 3992 dit,
711 3919 1072 3976 carbunculus
1101 3917 1315 3990 quidam
1344 3925 1430 3974 est
1453 3917 1589 3990 lapis
1617 3917 1746 3972 boni
1776 3917 1984 3982 odoris,
2010 3931 2169 3982 quem

569 4014 826 4088 operibus
839 4014 951 4074 suis
969 4021 1186 4068 sanctus
1199 4011 1382 4078 Enoch
1399 4013 1509 4086 Deo
1525 4012 1972 4084 detulit,gratiam
1987 4028 2174 4082 quam-

572 4107 695 4180 gam
718 4105 894 4178 iactis,
909 4106 1219 4178 etmoribus
1231 4107 1465 4178 spirans.
1483 4105 1596 4161 Nec
1611 4121 1741 4162 vero
1759 4115 2031 4178 tamquam
2050 4120 2174 4176 pra-

570 4199 724 4276 §inus
753 4199 889 4272 lapis
918 4201 1135 4272 vitalem
1165 4201 1405 4268 colorem
1437 4199 1691 4270 praetulit.
1727 4199 2004 4270 Siquidem
2033 4198 2174 4254 dilu-

571 4283 642 4364 vii
687 4302 933 4368 tempore
978 4295 1127 4362 solus
1153 4295 1299 4350 velut
1321 4294 1386 4348 ad
1433 4294 1626 4350 futura:
1665 4292 2070 4360 constitutionis
2098 4292 2177 4346 vi-

570 4388 681 4462 tale
706 4401 890 4456 semen
925 4388 978 4444 in
1007 4389 1101 4446 illa
1135 4403 1264 4444 arca
1287 4395 1370 4442 est
1389 4395 1720 4442 reservatus.
1753 4385 1898 4455 Ergo
1927 4387 2066 4440 bene
2091 4401 2179 4452 pa-

573 4479 790 4550 padisus
813 4480 904 4551 qui
945 4481 1189 4554 pluribus
1217 4478 1528 4536 ﬂutninibus
1560 4477 1847 4546 irrigatur,
1879 4476 2174 4532 secundum

2268 3274 2428 3328 tiones
2453 3283 2630 3327 vestrm
2661 3272 2704 3342 (l
2729 3270 2845 3326 Pet.
2870 3286 2950 3334 nl,
2977 3268 3055 3340 7).

2338 3366 2430 3420 25.
2477 3365 2618 3435 Ergo
2657 3363 2865 3434 positus
2895 3372 2978 3417 est
3006 3361 3059 3415 in
3089 3360 3340 3432 paradiso
3368 3359 3482 3424 vir,
3511 3359 3647 3413 facta
3691 3363 3775 3412 est
3815 3355 3868 3409 in

2269 3459 2522 3530 paradiso
2563 3456 2780 3512 mulier.
2813 3454 2920 3512 Sed
2961 3455 3122 3510 etiam
3167 3463 3294 3508 tunc
3342 3451 3654 3522 priusquam
3698 3461 3870 3503 ascr-

2273 3561 2437 3624 pente
2467 3551 2660 3606 mulier
2686 3551 3061 3619 deciperetur,
3106 3547 3292 3601 habuit
3323 3546 3421 3599 viri
3447 3535 3710 3614 gratiam,
3738 3555 3874 3611 quo-

2271 3648 2414 3703 niam
2445 3646 2516 3702 de
2565 3646 2682 3700 viro
2728 3653 2942 3714 smnpta
2979 3649 3108 3697 est:
3149 3641 3272 3696 licet
3322 3639 3428 3693 hoc
3478 3643 3874 3693 sacramentum

2273 3755 2526 3810 magnum
2565 3739 2664 3804 sit,
2717 3740 2858 3794 sicut
2895 3734 3187 3805 Apostolus
3231 3729 3612 3801 dixit(EpItes.
3669 3743 3721 3794 ν,
3752 3727 3870 3799 52).

2275 3835 2344 3890 Ει
2373 3834 2496 3888 ideo
2536 3845 2754 3888 causam
2797 3833 2920 3884 vitae
2947 3845 3010 3884 ex
3053 3844 3118 3882 eo
3165 3829 3346 3881 traxit.
3389 3825 3620 3894 Ideoque
3647 3820 3716 3876 de
3753 3823 3874 3873 viro

2277 3936 2484 3982 tantum
2527 3925 2802 3994 Scriptura
2833 3922 2995 3988 dixit,
3029 3921 3152 3991 quia
3197 3919 3366 3990 posuit
3393 3933 3510 3972 eunt
3535 3917 3590 3971 in
3635 3912 3876 3986 paradiso

2275 4021 2478 4091 operari
2511 4029 2560 4074 et
2597 4017 2874 4072 custodire.
2905 4015 3023 4072 Non
3055 4013 3194 4068 idem
3225 4022 3307 4066 est
3336 4009 3549 4078 operari
3587 4015 3642 4061 et
3687 4015 3870 4060 custo-

2277 4115 2415 4170 dire.
2445 4113 2502 4168 ln
2547 4125 2716 4181 opere
2743 4109 2888 4164 enim
2921 4106 3139 4177 quidam
3183 4102 3398 4159 virtutis
3441 4113 3727 4169 processus
3757 4105 3876 4161 est,

2279 4208 2332 4262 in
2374 4203 2618 4262 custodia
2647 4203 2894 4274 qumdam
2935 4196 3328 4256 consummatio
3355 4193 3532 4262 aperis
3561 4189 3877 4259 deprchen-

2279 4299 2455 4364 ditur;
2505 4313 2572 4354 eo
2620 4295 2763 4364 quod
2813 4294 2968 4365 quasi
2997 4297 3362 4349 consummata
3407 4283 3697 4342 custodiat.
3745 4283 3879 4339 llaec

2279 4393 2389 4448 duo
2440 4392 2510 4446 ab
2557 4391 2775 4446 homine
2825 4385 3206 4458 requiruntur,
3251 4391 3390 4438 utet
3433 4379 3688 4447 operibus
3739 4392 3878 4432 nova

2279 4493 2486 4557 qtuerat
2507 4527 2522 4551 ,
2553 4492 2608 4539 et
2648 4491 2802 4554 parta
2833 4480 3130 4542 custodiat.
3156 4475 3299 4549 quod
3331 4483 3414 4530 est
3441 4471 3712 4544 generale.
3754 4470 3898 4526 Phi-.

575 4570 852 4636 Orientem
898 4579 1012 4640 est,
1056 4585 1165 4626 non
1210 4577 1398 4626 contra
1435 4568 1749 4640 Orientem,
1801 4566 1906 4630 hoc
1948 4577 2056 4632 est,
2093 4583 2155 4624 se

2281 4578 2372 4634 Ion
2401 4585 2580 4632 autem
2603 4617 2618 4641 ,
2652 4575 2908 4646 quoniam
2946 4571 3212 4644 Spiritalia
3247 4568 3470 4624 Judaico
3501 4583 3605 4621 non
3638 4557 3883 4635 capiebat

578 4663 834 4734 cumdum
881 4663 1034 4732 illum
1085 4663 1362 4731 Orientem
1393 4663 1479 4736 cui
1512 4677 1708 4718 nomen
1742 4671 1826 4724 est
1867 4661 2094 4726 Oriens,
2127 4661 2180 4714 id

579 4767 664 4824 est
696 4755 990 4820 secundum
1018 4755 1292 4824 Christum
1311 4797 1326 4824 ,
1355 4755 1446 4826 qui
1469 4755 1637 4826 'jubar
1665 4755 1931 4825 quoddam
1964 4763 2182 4810 aeterna:

579 4848 722 4912 lucis
743 4847 968 4917 eﬂ'udit,
990 4859 1046 4922 et
1075 4857 1160 4908 est
1187 4850 1241 4908 in
1283 4849 1433 4912 Eden
1455 4891 1470 4918 ,
1503 4849 1605 4910 hoc
1634 4859 1750 4917 est,
1781 4849 1836 4912 in
1883 4849 2177 4922 voluptate.

1204 4969 1566 5044 CAPUTIV.

591 5101 778 5160 Virum
803 5102 857 5156 in
890 5101 1134 5174 paradiso
1163 5116 1265 5155 non
1296 5104 1520 5173 factum,
1557 5098 1646 5154 sed
1670 5099 1933 5174 positum:
1963 5107 2015 5152 at
2041 5097 2094 5151 in
2127 5111 2183 5149 eo

599 5183 612 5204 ἲ
661 5197 852 5272 factum
885 5181 1169 5274 iitulierem,
1205 5208 1294 5270 per
1321 5183 1475 5262 quam
1512 5189 1605 5246 ille
1630 5185 1728 5266 fuit
1760 5187 2020 5268 deceptus.
2051 5187 2184 5258 Tum

661 5289 789 5376 quid
811 5290 874 5350 sit
903 5285 1144 5360 operari,
1175 5295 1230 5354 et
1249 5285 1525 5360 custodire
1546 5285 1570 5350 ‘i

663 5428 756 5496 24.
786 5426 854 5498 Et
884 5425 1226 5502 apprehendit
1253 5425 1392 5498 Deus
1421 5423 1680 5496 hominem
1701 5439 1847 5492 quem
1866 5421 2004 5494 fecit,
2037 5431 2082 5480 et
2109 5437 2194 5492 po-

589 5521 694 5580 suit
718 5537 836 5576 eum
863 5522 918 5576 in
951 5518 1200 5594 paradiso
1224 5518 1429 5590 aperari
1454 5557 1468 5582 ,
1498 5526 1546 5573 et
1566 5514 1838 5570 custodire.
1878 5513 2036 5568 Vides
2061 5528 2194 5583 quo-

671 5663 696 5724 ξι
727 5655 850 5710 llss.
871 5655 1096 5724 aliquot,
1127 5664 1180 5708 et
1207 5650 1450 5723 qutcdam
1469 5648 1670 5724 Paris,
1699 5625 2006 5724 σπυρίσι-ψει.

671 5721 699 5760 ι)
728 5725 858 5779 Mss.
906 5715 1351 5793 octo,'sine'nos
1401 5722 1648 5793 implere,
1697 5715 1823 5786 etc,‘
1879 5715 1970 5780 alii
2009 5715 2184 5785 sicut.

599 5801 659 5850 et
681 5793 812 5853 edit.
837 5835 855 5868 ,
884 5796 994 5856 sine
1020 5797 1211 5858 modo;
1239 5797 1314 5856 sic
1333 5795 1500 5866 sitim,
1525 5801 1634 5852 etc.
1693 5843 1714 5861 ι
1753 5839 1765 5863 ,

2286 4670 2504 4737 allecto,
2525 4679 2546 4708 ο
2571 4669 2712 4724 intra
2736 4665 2963 4723 moralia
2993 4678 3052 4719 se
3085 4664 3276 4728 tenuit,
3309 4669 3367 4716 ut
3395 4659 3602 4715 dice'et
3631 4657 3746 4712 hinc
3775 4655 3882 4710 duo

2287 4763 2493 4834 quaeri,
2524 4775 2687 4830 opera
2718 4761 2770 4815 in
2811 4772 2974 4829 agro,
3017 4753 3321 4811 custodiam
3353 4753 3568 4806 domus.
3601 4749 3668 4804 Et
3697 4761 3883 4818 quam-

2285 4857 2368 4912 vis
2399 4855 2680 4925 paradisus
2708 4847 3193 4922 operibus,inquit,
3227 4843 3496 4901 ruralibus
3525 4855 3632 4896 non
3664 4837 3882 4910 egeret;

2288 4959 2472 5004 tamen
2517 4945 2644 5016 quia
2693 4945 2900 5014 primus
2945 4941 3111 4996 homo
3156 4938 3242 4993 lex
3293 4934 3628 5007 posteritatis
3679 4931 3888 4990 futurus

2289 5057 2424 5112 erat,
2447 5049 2569 5104 ideo
2593 5045 2822 5118 legitimi
2847 5045 3010 5100 etiam
3035 5042 3086 5096 in
3111 5037 3364 5111 paradiso
3386 5033 3412 5073 ά
3435 5035 3674 5107 speciem
3703 5045 3887 5086 susce-

2290 5141 2366 5212 pit
2397 5139 2636 5206 laboris,
2671 5145 2732 5194 ut
2755 5151 2854 5193 nos
2882 5134 2950 5191 ad
2985 5132 3356 5212 operationem
3387 5138 3440 5184 et
3471 5125 3768 5182 custodiam
3797 5121 3892 5176 do-

2289 5211 2385 5288 biti
2409 5231 2576 5286 oftleii
2594 5273 2606 5292 ,
2633 5239 2688 5284 et
2711 5211 3072 5282 luereditariic
3094 5219 3460 5280 successionis
3481 5229 3678 5272 munus
3701 5213 3891 5268 astrin-

2289 5333 2462 5395 geret.
2501 5315 2623 5377 Haec
2656 5319 2764 5375 duo
2793 5332 2924 5388 ergo
2964 5332 2994 5370 a
3024 5323 3075 5370 te
3105 5313 3394 5383 exiguntur
3429 5310 3545 5364 sive
3575 5304 3888 5369 moraliter,

2292 5421 2407 5478 sive
2435 5416 2769 5490 spiritaliter.
2801 5411 2953 5480 Quod
2981 5411 3144 5466 etiam
3181 5407 3424 5476 psalmus
3454 5412 3506 5460 te
3539 5399 3894 5472 prepheticus

2294 5514 2486 5592 docet,
2527 5513 2652 5584 quia
2684 5510 2946 5578 scriptum
2973 5511 3092 5560 est:
3128 5500 3249 5555 Nisi
3283 5497 3537 5576 Dominus
3567 5491 3896 5564 tediﬁcaverit

2371 5659 2394 5686 ο
2435 5646 2560 5702 Mss.
2592 5644 2851 5702 Clarum,
2889 5640 3024 5692 intra
3045 5632 3281 5688 mortalia
3305 5647 3360 5685 se
3385 5630 3564 5702 tenuit.

2368 5717 2396 5755 ἀ
2435 5701 2592 5774 Itoni.
2619 5715 2776 5784 edit.,
2805 5701 3064 5788 specimen
3091 5704 3315 5776 suscepit
3339 5701 3552 5778 laboris.
