4150 6358
347 309 455 368 285

1527 298 1614 353 DE
1654 295 1998 356 PARADISO
2035 293 2241 350 LIBER
2282 292 2481 349 UNUS.

3531 284 3638 343 286

347 423 594 486 domum;
638 420 694 474 in
742 433 926 474 vanum
969 415 1325 471 laboraverunt
1365 410 1452 486 qui
1494 408 1752 479 tediﬁcant
1803 421 1937 460 eam.
1967 409 2020 467 Α
2049 404 2324 478 pluraliter
2359 402 2507 457 dicit.
2559 399 2779 474 Sciebat,
2816 399 2968 478 Quiut
3010 397 3477 468 prmtjaricatmam
3521 411 3641 452 mu-

349 515 402 571 Ν
409 517 471 570 isi
513 515 763 568 Dominus
789 509 1080 565 custodierit
1108 507 1360 560 civitatem.
1381 546 1392 567 ,
1437 503 1489 556 in
1517 517 1698 555 vanum
1728 498 1941 571 vigilant

346 609 431 684 qui
463 608 760 664 custodiunt
792 622 918 659 eam.
947 601 1074 680 (Ps.
1105 615 1294 659 cxxvr,
1331 596 1416 667 1.)
1448 595 1611 649 Vides
1642 594 1763 647 illos
1796 590 1942 645 labo-

347 717 471 771 rare
510 701 599 771 qui
643 699 694 753 in
738 697 916 766 operis
957 702 1079 749 sunt
1122 687 1600 758 :ndificationisqne
1643 697 1939 756 praeessu;

350 770 488 846 istos
521 770 650 846 vero
680 787 906 859 vigilare
936 787 1024 858 qui
1044 784 1156 855 jam
1181 781 1478 838 custodiam
1510 777 1742 854 perfecti
1764 772 1943 844 operis

348 892 695 958 receperunt.
729 880 883 937 Unde
915 890 968 934 et
1009 877 1265 933 Dominus
1294 884 1319 911 λ
1351 871 1628 946 Apostolis
1656 867 1811 941 quasi
1835 867 1940 936 jam

348 976 806 1054 perfectiOribu's:
847 971 1104 1044 Vigilate,
1138 968 1341 1038 inquit,
1373 979 1418 1019 et
1459 974 1634 1030 orate,
1659 979 1720 1016 ne
1746 960 1944 1014 intretis

350 1053 403 1144 in
435 1068 758 1123 lentationetn
796 1064 1014 1140 (Matth.
1069 1077 1234 1126 xxvi,
1268 1060 1392 1132 M);
1423 1058 1665 1114 bdocens
1695 1053 1944 1131 perfectae

345 1174 553 1238 natura:
585 1177 812 1226 munus,
845 1169 899 1215 et
935 1159 1111 1229 plenas
1142 1155 1357 1210 virtutis
1396 1152 1625 1228 gratiam
1675 1165 1796 1205 esse
1831 1163 1946 1202 ser-

345 1253 576 1328 vandam
597 1295 612 1320 ,
641 1268 740 1308 nec
770 1266 1094 1324 quemquam
1125 1248 1290 1306 etiam
1329 1245 1708 1316 perfectioretu
1734 1239 1836 1296 nisi
1866 1239 1948 1295 vi-

343 1346 624 1419 gilavcrit,
656 1344 741 1402 sui
772 1343 972 1400 debere
995 1357 1119 1398 esse
1146 1354 1419 1395 securum.

975 1473 1205 1532 CAPUT
1247 1474 1310 1528 V.

347 1597 697 1654 Examinatur
734 1601 1047 1663 praeceptum
1077 1589 1141 1642 de
1170 1604 1271 1642 non
1303 1585 1500 1641 edendo
1529 1583 1593 1638 de
1614 1584 1753 1657 ligno
1785 1581 1950 1636 scien-

422 1693 506 1745 tiw
531 1689 653 1742 boni
679 1696 726 1741 et
753 1685 912 1752 ntali,
939 1683 999 1738 'et
1025 1682 1162 1735 circa
1188 1681 1241 1735 id
1283 1687 1588 1752 emergentes
1616 1675 1948 1746 difﬁcultates

422 1784 799 1838 dissolvuntur.

420 1902 514 1958 26.
558 1898 628 1954 Et
670 1897 912 1970 prwcepit
961 1893 1212 1948 Dominus
1258 1889 1396 1945 Deus
1439 1889 1567 1944 Adae
1605 1888 1819 1942 dicens:
1866 1884 1952 1940 Ere

351 1996 489 2050 omni
536 1995 674 2070 ligno
703 1990 840 2062 quod
883 2000 954 2044 est
985 1989 1036 2042 in
1077 1985 1318 2058 paradiso
1347 1983 1414 2037 ad
1461 1999 1660 2049 escam,
1695 1981 1856 2046 edes:
1888 1981 1953 2035 de

353 2090 490 2162 tigno
527 2101 696 2141 autem
718 2083 855 2153 quod
904 2091 973 2135 est
1006 2081 1228 2134 scientia:
1259 2077 1374 2132 boni
1405 2087 1449 2130 et
1485 2076 1610 2129 ntali
1641 2090 1744 2128 non
1772 2073 1949 2128 edetis.

357 2183 471 2258 Qua
495 2182 578 2236 die
613 2190 779 2235 autem
816 2174 1248 2230 manducaveritis
1293 2188 1356 2226 ea:
1381 2188 1437 2226 eo
1473 2179 1636 2224 morte
1666 2167 1954 2222 moriemini

356 2276 549 2354 (Gem,
581 2291 650 2344 ll,
703 2275 769 2329 16
801 2282 846 2327 et
871 2273 990 2344 l7).
1023 2272 1136 2340 Qua
1182 2270 1426 2332 ratione,
1474 2269 1564 2326 ubi
1598 2265 1858 2338 praecepit
1887 2278 1954 2318 ex

355 2372 502 2430 omni
554 2371 698 2444 ligno
742 2366 1044 2433 edendum,
1091 2363 1438 2434 singulariter
1481 2361 1714 2426 dixerit,
1769 2357 1903 2414 Ede:
1935 2373 1954 2412 :

356 2464 448 2538 ubi
476 2473 654 2517 autem
683 2460 750 2516 de
782 2459 927 2530 ligno
957 2458 1201 2514 scientia:
1229 2455 1356 2509 boni
1387 2464 1440 2509 et
1484 2453 1611 2516 mali
1641 2450 1952 2521 pluraliter,

359 2553 482 2609 Non
504 2552 693 2619 edetis,
762 2551 996 2618 dixerit,
1026 2564 1134 2604 non
1181 2549 1350 2608 otiosa
1399 2546 1643 2618 quaestio.
1681 2542 1878 2598 Verum
1911 2540 1956 2595 si

354 2649 643 2719 diligenter
693 2643 981 2708 intendas,
1048 2641 1450 2712 Scripturarutn
1500 2638 1821 2692 anetoritatc
1857 2634 1954 2687 ab-

356 2742 495 2806 solvi
524 2749 719 2811 potest.
753 2738 905 2806 Quod
930 2737 1074 2792 enim
1109 2737 1339 2796 bonum,
1368 2733 1472 2788 hoc
1499 2742 1581 2788 est
1611 2729 1912 2785 faciendum
1942 2747 1954 2783 :

363 2832 510 2904 quod
581 2839 760 2885 autem
806 2830 1008 2886 bonum
1042 2837 1096 2882 et
1149 2826 1484 2890 faciendum,
1537 2838 1844 2878 consonans
1905 2830 1960 2876 et

361 2923 832 3003 adha‘renszquod
863 2937 992 2976 vero
1023 2930 1211 2992 turpe,
1241 2920 1343 2973 hoc
1368 2918 1522 2994 155
1537 2917 1844 2982 dissonans,
1879 2915 1960 2968 in-

363 3018 722 3094 compositum
749 3057 764 3081 ,
793 3025 954 3084 atque
993 3013 1287 3068 discretqu
1317 3022 1418 3064 est.
1470 3011 1537 3063 Et
1559 3009 1681 3063 ideo
1706 3007 1961 3066 Dominus

362 3109 624 3165 unitatem
680 3122 893 3177 semper
950 3105 1273 3170 intendens,
1333 3101 1630 3156 secundum
1703 3099 1961 3153 unitatem

2045 498 2232 553 lieretu
2253 539 2268 563 ,
2305 508 2358 553 et
2385 498 2507 554 ideo
2535 514 2632 570 per
2657 496 3017 576 pluralitatcm
3042 494 3278 556 ostendit
3307 508 3412 549 non
3450 506 3640 549 serva-

2046 603 2218 658 turos,
2248 592 2372 664 quia
2396 592 2626 662 plurium
2653 589 2886 650 discreta
2911 588 3179 644 sententia
3210 596 3311 648 est.

2114 687 2204 740 27.
2245 685 2312 740 Et
2352 696 2607 755 quantum
2651 684 2722 746 ad.
2747 684 3106 752 Septuaginta
3142 683 3383 737 virorum
3422 686 3643 734 sentcn-

2045 782 2180 835 tiam
2215 788 2452 848 spectat,
2498 779 2733 834 solutum
2762 786 2845 834 est
2877 777 3021 858 quod
3063 777 3332 840 movebat.
3383 775 3488 830 Sed
3519 773 3643 842 quia

2047 872 2404 950 Symmachus
2427 880 2714 950 utrumque
2738 859 3082 942 singulariter
3107 869 3264 934 dixit,
3291 867 3643 937 intelligimus

2046 964 2099 1046 id
2123 973 2363 1020 secutum
2389 1006 2402 1028 ,
2427 964 2548 1038 quia
2587 963 2638 1016 in
2670 962 2786 1033 lege
2818 978 3034 1033 quoque
3065 978 3188 1016 cum
3223 962 3479 1032 populum
3510 958 3644 1012 allo-

2047 1058 2227 1132 quitur
2278 1058 2454 1122 Deus,
2501 1054 2850 1127 singulariter
2906 1053 3182 1124 loquitur,
3229 1053 3372 1116 sicut,
3414 1051 3581 1110 habes
3626 1063 3643 1104 :

2048 1148 2217 1214 Audi,
2259 1145 2458 1211 Israel,
2507 1146 2761 1210 Dominus
2806 1142 2949 1199 Deus
3005 1155 3159 1210 tuus,
3211 1143 3356 1202 Deus,
3394 1159 3527 1206 unus
3573 1148 3647 1194 est

2050 1241 2239 1316 (Dent.
2286 1259 2365 1307 v1,
2412 1239 2517 1312 4);
2562 1251 2646 1307 et,
2696 1239 2891 1310 Diliges
2947 1238 3214 1302 dominum
3279 1237 3447 1290 Deum
3508 1245 3650 1288 tuum

2049 1333 2224 1408 (Ibid.
2277 1333 2365 1405 6).
2415 1333 2524 1388 Nec
2554 1328 3655 1404 mihiprzejudicatSymmachiinterpre-

2053 1413 2214 1492 tatio,
2245 1427 2335 1495 qui
2364 1425 2621 1486 unitatem
2652 1423 2828 1490 Patris
2851 1432 2906 1477 et
2940 1422 3063 1478 Filii
3088 1421 3277 1478 videre
3301 1436 3406 1475 neu
3441 1420 3646 1487 potuit;

2051 1520 2153 1576 etsi
2179 1519 2461 1598 aliquoties
2493 1520 2544 1574 in
2588 1534 2840 1576 sermone
2866 1527 2920 1573 et
2953 1516 3143 1586 Aquila
3167 1522 3220 1570 et
3259 1514 3376 1585 ipse
3413 1512 3647 1568 confessi

2049 1615 2178 1668 sint.
2214 1613 2322 1670 Nec
2360 1615 2640 1686 quisquam
2679 1612 2744 1666 de
2775 1609 3003 1678 ecquod
3034 1607 3514 1679 prtevaricaturum
3551 1619 3650 1674 po-

2053 1707 2237 1782 pulum
2279 1707 2456 1760 divina
2489 1705 2735 1760 mandata
2767 1703 3116 1774 singulariter
3144 1701 3470 1771 alloquitur,
3503 1705 3655 1766 putet

1978 1800 2026 1860 B
2054 1793 2317 1870 superiori
2347 1809 2566 1855 nostroc
2593 1799 2810 1854 obvium
2841 1812 2960 1858 esse
2985 1795 3240 1860 sermoni;
3273 1794 3395 1864 quia
3422 1791 3654 1862 pepulus

2054 1892 2364 1949 Judasorum
2409 1894 2572 1954 etiam
2598 1892 2944 1961 singulariter
2985 1890 3108 1944 data
3150 1888 3460 1956 pra'scripta
3486 1884 3659 1940 viola-

2055 1989 2149 2042 vit.
2179 1988 2288 2044 Lex
2316 1989 2458 2042 enim
2492 1986 2786 2058 spiritualis
2809 1993 2892 2040 est
2918 2002 2929 2037 :
2963 1992 3016 2050 et
3057 1982 3180 2039 ideo
3204 1982 3436 2038 alterum
3466 1980 3520 2033 in
3544 1992 3661 2042 ser-

2056 2097 2249 2148 mone,
2292 2082 2520 2148 alterum
2567 2080 2618 2134 in
2651 2074 3154 2156 praedestinatioue,
3181 2073 3366 2126 divino
3401 2070 3657 2141 populum

2057 2176 2201 2240 Deus
2257 2175 2633 2246 alloquebatur
2674 2171 2915 2227 oraculo.
2977 2169 3218 2240 Denique
3271 2167 3344 2222 ait
3387 2184 3399 2219 :
3447 2162 3474 2202 ἀ
3534 2163 3660 2218 Νοη

2056 2286 2239 2339 coqttes
2283 2285 2474 2342 agnum
2521 2268 2575 2322 in
2620 2267 2749 2326 lacte
2794 2265 2976 2319 matris
3034 2278 3141 2318 sua:
3173 2259 3383 2334 (Exod.
3451 2273 3652 2325 xxxiv,

2055 2362 2185 2431 26).

2129 2457 2218 2516 28.
2267 2466 2289 2493 ο
2310 2441 2506 2514 Facilis
2530 2455 2727 2512 abhinc
2746 2460 3136 2524 praeceptorum
3160 2447 3460 2514 ccelestium
3489 2445 3663 2501 series

2059 2547 2369 2618 videretur;
2413 2548 2514 2604 nisi
2564 2546 2920 2624 quaestionem
2970 2542 3183 2613 plurimi
3219 2545 3662 2602 commoverent,

2060 2642 2254 2713 quibus
2303 2639 2620 2711 responderi
2685 2646 2904 2707 oportet
2950 2651 2978 2690 a
3021 2635 3206 2699 nobis;
3256 2648 3323 2687 ne
3387 2631 3663 2700 simplices

2062 2743 2274 2792 mentes
2300 2731 2563 2798 malitiosa
2595 2729 3042 2801 interpretatiooe
3075 2725 3379 2789 traducant.
3410 2723 3665 2793 Plerique

2061 2828 2238 2895 enim,
2265 2841 2494 2898 quorum
2518 2831 2705 2888 auctor
2756 2821 3000 2894 Apelles,
3045 2820 3181 2882 sicut
3203 2817 3370 2886 habes
3400 2815 3453 2884 iu
3487 2815 3658 2884 trige-

2064 2924 2203 2994 sime
2227 2931 2280 2988 et
2304 2932 2494 2984 octavo
2518 2928 2663 2988 tonio
2687 2917 2802 2988 eius
2821 2957 2834 2979 ,
2862 2915 2959 2988 has
2981 2912 3310 2984 quaestiones
3333 2914 3662 2982 proponunt:

2066 3015 2350 3088 Quomodo
2381 3015 2582 3086 lignum
2604 3012 2727 3072 vita:
2757 3013 2877 3081 plus
2901 3010 3115 3080 operari
3150 3008 3364 3078 videtur
3385 3006 3451 3060 ad
3474 3007 3662 3072 vitam,

2067 3126 2226 3182 quam
2251 3105 2541 3164 insufflatio
2564 3106 2696 3160 Dei?
2726 3105 2925 3158 Deinde
2947 3104 2989 3157 si
3014 3103 3286 3171 hominem
3314 3117 3419 3164 non
3448 3099 3659 3169 perfec-

365 3203 640 3288 przecepit.
666 3201 906 3278 Denique
926 3200 1181 3253 unitatem
1205 3205 1490 3272 operatur,
1523 3193 1612 3263 qui
1646 3191 1768 3247 fecit
1813 3201 1956 3244 utra-

2067 3214 2175 3258 tum
2229 3201 2355 3256 fecit
2398 3201 2575 3264 Deus;
2603 3197 2967 3278 unusquisque
2997 3205 3175 3249 autem
3207 3210 3301 3263 per
3345 3193 3665 3247 industriam

366 3284 471 3368 que
521 3310 706 3348 unum.
747 3293 858 3350 Nec
906 3291 1080 3345 solum
1132 3296 1394 3367 utraque,
1442 3285 1536 3340 sed
1567 3284 1730 3339 etiam
1777 3297 1966 3337 omnes

367 3406 554 3445 unum.
618 3389 818 3442 Omnes
861 3387 1005 3441 enim
1060 3367 1225 3456 unum
1277 3396 1496 3466 corpus,
1548 3389 1603 3436 et
1651 3393 1817 3433 unum
1858 3378 1968 3448 spi-

366 3484 530 3540 ritum
565 3497 685 3538 esse
725 3496 823 3536 nos
859 3479 1042 3550 jussit.
1091 3477 1196 3533 Per
1240 3477 1419 3531 omnia
1469 3485 1649 3530 autem
1699 3467 1968 3546 primoge-

369 3577 550 3643 nitus,
601 3591 721 3631 cum
764 3574 835 3630 sit
878 3573 930 3628 in
974 3570 1180 3627 unitate
1227 3587 1349 3626 eum
1399 3570 1588 3638 Patre,
1620 3567 1964 3638 'conjunetis-

371 3673 542 3740 simus
585 3670 732 3728 Patri
779 3684 996 3742 semper
1035 3677 1118 3722 est
1159 3667 1329 3738 :quia
1371 3664 1604 3722 Verbum
1661 3661 1777 3718 erat
1825 3660 1966 3730 apud

374 3765 564 3822 Deum.
598 3763 835 3836 Denique
858 3741 966 3818 ait:
1005 3760 1112 3835 Ego
1141 3770 1188 3813 et
1223 3741 1381 3812 Pater
1405 3775 1564 3812 unum
1585 3773 1756 3810 sumus
1783 3751 1962 3827 (Joan.

372 3873 438 3922 Χ,
468 3857 610 3924 50);
669 3867 726 3910 ut
789 3856 1049 3916 unitatem
1097 3853 1201 3908 sibi
1252 3851 1550 3920 majestatis
1579 3857 1633 3902 et
1673 3847 1970 3902 divinitatis

374 3964 498 4006 cum
531 3950 690 4004 Patre
719 3963 840 4002 esse
885 3953 1229 4012 monstraret.
1283 3927 1389 4000 Sed
1431 3953 1483 3998 et
1509 3957 1608 4010 nos
1649 3957 1812 3995 unum
1849 3954 1971 3994 esse

377 4043 666 4128 prmcepit,
696 4051 750 4097 et
791 4055 902 4095 sua:
934 4049 1137 4094 naturae
1184 4039 1517 4118 unitatisque
1565 4034 1969 4102 similitudinem

376 4127 430 4196 in
457 4151 554 4194 nos
577 4135 765 4208 gratiae
800 4133 1090 4206 ad0ptione
1140 4131 1428 4186 transfodit
1455 4131 1642 4183 dicens
1669 4146 1682 4181 :
1711 4127 1870 4182 Pater
1897 4127 1970 4190 si-

377 4239 462 4304 cut
493 4244 585 4302 ego
616 4236 660 4282 et
695 4236 750 4280 tu
787 4241 946 4280 unum
973 4240 1180 4287 sumus,
1209 4225 1282 4276 ita
1322 4232 1369 4276 et
1391 4223 1477 4276 isti
1513 4219 1662 4276 nobis
1690 4235 1848 4272 unum
1873 4218 1973 4272 sint

376 4320 566 4394 (Joan.
616 4335 754 4385 xvtt,
801 4318 934 4387 '22).
986 4317 1132 4389 Ergo
1171 4315 1259 4371 ubi
1290 4316 1488 4382 bonum
1517 4313 1794 4388 prmcipit,
1840 4323 1974 4366 tam-

374 4429 535 4492 quam
565 4412 630 4468 ad
660 4429 822 4467 unum
854 4411 1096 4484 praecipit
1140 4410 1358 4477 dicens,
1405 4406 1561 4462 Edes.
1596 4406 1786 4472 Unitas
1828 4403 1972 4459 enim

375 4507 718 4597 praevaricari
753 4521 861 4561 non
909 4514 1106 4584 potest.
1137 4503 1239 4560 Ubi
1281 4519 1410 4568 vero
1440 4504 1505 4576 de
1546 4503 1689 4573 ligno
1730 4499 1974 4555 scientia:

2073 3295 2344 3368 propriam
2390 3291 2778 3362 perfectionem
2804 3288 2905 3343 sibi
2930 3286 3144 3341 virtutis
3167 3285 3419 3340 adsciscit
3443 3303 3456 3340 :
3485 3297 3665 3339 nonne

2069 3388 2284 3446 videtur
2349 3385 2469 3455 plus
2518 3383 2620 3450 sibi
2662 3381 2826 3438 homo
2873 3378 3186 3450 acquirere,
3226 3392 3384 3447 quam
3435 3377 3483 3432 ei
3529 3377 3669 3432 Deus

2068 3477 2329 3536 contulit?
2369 3477 2611 3534 Tertium
2651 3474 2915 3544 objiciunt
2967 3490 2980 3524 :
3022 3471 3090 3525 Et
3129 3471 3173 3524 si
3215 3468 3382 3524 homo
3427 3483 3531 3523 non
3571 3484 3670 3539 gu—

2070 3581 2308 3644 staverat
2361 3581 2631 3640 mortem,
2699 3567 2884 3638 utique
2946 3579 3108 3640 quam
3172 3578 3277 3628 non
3323 3568 3677 3634 gustaverat,

2069 3671 2211 3744 scire
2243 3684 2348 3734 non
2394 3674 2626 3748 Potcral.
2669 3663 2812 3739 Ertio
2857 3660 2900 3734 si
2948 3675 3053 3728 ηυιι
3111 3666 3458 3734 velavela"
3512 3654 3669 3748 156

2071 3761 2368 3830 nesciebat;
2389 3760 2433 3834 si
2455 3756 2727 3826 nesciebat
2745 3757 2934 3824 timere
2951 3768 3057 3808 non
3081 3757 3310 3820 paterat.
3331 3748 3554 3822 Frusu-a
3570 3747 3671 3818 igi—

2072 3863 2160 3924 tur
2181 3855 2321 3912 Deus,
2346 3861 2573 3918 morte!!!
2599 3864 2696 3924 pro
2725 3856 2936 3916 terrore
2974 3842 3173 3919 obiecit
3196 3884 3211 3910 ν
3235 3855 3395 3914 quam
3421 3839 3670 3911 homines

2073 3962 2181 4024 pen
2207 3944 2486 4018 timebant.

2145 4040 2237 4106 29.
2283 4039 2562 4104 Discamus
2621 4033 2784 4106 igitur
2836 4029 2980 4108 quod
3017 4029 3092 4104 ibi
3139 4027 3343 4100 lignum
3396 4023 3519 4084 vita:
3581 4022 3673 4096 ubi

2074 4133 2234 4202 etiam
2261 4131 2460 4202 lignum
2505 4127 2743 4194 scientitn
2770 4124 2897 4192 boui
2921 4131 2974 4200 et
2999 4119 3125 4194 mali
3161 4116 3474 4192 produxerit
3502 4114 3670 4184 Deus.

2079 4227 2254 4296 [labes
2301 4224 2442 4288 enim
2470 4222 2592 4300 quia
2619 4218 2867 4301 produxit
2898 4217 3098 4288 lignum
3127 4217 3251 4282 vitae
3281 4211 3296 4249 τ
3324 4214 3373 4268 ἐν
3405 4213 3548 4286 μέσῳ
3577 4216 3671 4266 τοῦ

2077 4317 2436 4398 παραδείσω),
2477 4313 2580 4370 hoc
2622 4321 2736 4382 est,
2789 4312 2841 4382 ip
2871 4307 3050 4382 medio
3096 4304 3351 4378 paradisi.
3386 4303 3541 4376 Apud
3575 4317 3684 4359 nos

2078 4394 2220 4490 enim
2251 4414 2298 4468 ἐν
2321 4413 2463 4486 μέςῳ
2495 4408 2808 4478 intelligitur
2828 4445 2842 4470 ,
2871 4403 3014 4475 quod
3046 4403 3096 4457 in
3123 4400 3301 4475 medio
3333 4394 3674 4475 produxerit.

2083 4505 2228 4575 Ergo
2269 4503 2320 4570 in
2355 4501 2535 4574 tpedio
2565 4498 2812 4580 paradiSo
2837 4507 2891 4553 et
2917 4499 3023 4554 vita
3050 4502 3190 4558 erat,
3212 4503 3236 4540 8
3267 4501 3321 4548 et
3336 4505 3499 4562 capsa
3526 4503 3676 4544 mor-

376 4584 500 4687 boni
533 4612 586 4656 θι
614 4599 902 4664 ιιιίιιὶ.ἀίείι
927 4615 1031 4655 non
1059 4613 1180 4653 esse
1201 4597 1521 4672 gustandum
1541 4637 1554 4662 ,
1583 4594 1738 4668 quasi
1761 4593 1826 4647 ad
1855 4591 1973 4662 plu-
2000 4589 2052 4650 D
2079 4601 2164 4674 tis.
2197 4596 2441 4668 Intelligo
2465 4595 2587 4666 quia
2613 4609 2717 4650 non
2741 4593 2902 4658 homo
2932 4591 3057 4656 fecit
3083 4589 3280 4656 vitam,
3305 4585 3400 4642 sed
3434 4584 3519 4644 vel
3547 4598 3678 4655 ope—

375 4712 462 4764 res
489 4695 650 4762 dicit,
679 4693 798 4748 Non
827 4693 1004 4747 edetis.
1033 4693 1183 4759 Quod
1214 4692 1356 4754 enim
1404 4690 1816 4761 prohibitorium
1853 4695 1968 4754 est,

377 4797 648 4859 tamquam
673 4784 916 4858 pluribus
943 4785 1260 4856 imperatur.
1290 4784 1404 4854 Ego
1433 4792 1611 4848 tamen
1643 4769 1786 4844 aliud
1817 4789 1968 4851 puto,

377 4891 431 4944 et
456 4881 583 4954 quid
609 4880 843 4944 futurum
868 4881 966 4948 sit,
993 4879 1044 4946 in
1070 4879 1184 4960 ipso
1207 4877 1316 4945 iam
1343 4876 1432 4930 Dei
1462 4889 1713 4944 sermone
1735 4871 1969 4943 reperio.

378 4974 456 5056 De
483 4975 626 5046 omni
656 4975 798 5048 ligno
835 4971 1157 5044 gustandum
1187 4970 1319 5025 Atla:
1347 4969 1448 5024 soli
1493 4966 1781 5052 praecepit,
1812 4979 1973 5048 quem

377 5077 716 5150 servaturum
749 5069 993 5132 sciebat:
1027 5067 1094 5134 de
1117 5067 1262 5138 ligno
1290 5074 1469 5136 sutum
1497 5059 1739 5116 scientiae
1773 5059 1898 5114 boni
1921 5067 1976 5113 et

378 5163 506 5219 mali
537 5179 646 5220 non
669 5178 790 5219 esse
816 5160 1140 5234 gustandum
1158 5202 1172 5227 ,
1202 5160 1312 5231 jam
1337 5172 1444 5232 non
1467 5153 1846 5232 singulariter,
1878 5153 1975 5209 sed

451 5317 632 5372 “'Mss.
662 5315 819 5371 Rem.
864 5323 919 5369 et
947 5314 1118 5378 Clam,
1150 5311 1410 5383 Apostolis
1437 5307 1744 5380 quibusdam
1773 5308 1976 5378 perfec-

378 5387 622 5450 tioribns,
661 5402 783 5458 qnte
815 5385 980 5458 lectio
1005 5384 1215 5438 videtur
1245 5399 1364 5438 esse
1393 5383 1646 5449 genuina.

450 5459 478 5498 δ
520 5458 649 5514 Ms.
669 5455 925 5527 quinque.
947 5455 1131 5507 docens
1152 5471 1240 5524 per
1255 5463 1406 5508 recite
1428 5462 1624 5527 natura:
1640 5465 1846 5520 munus,
1867 5458 1975 5514 etc.

456 5541 477 5570 ο
519 5529 654 5585 Cod.
688 5526 834 5593 Div.,
864 5527 1170 5579 obviandum
1190 5536 1262 5579 est
1286 5526 1527 5580 sermoni.

451 5599 479 5650 ἀ
507 5601 583 5666 Ita
619 5614 750 5655 mss.
785 5591 1119 5666 antiquiores
1148 5612 1211 5656 ex
1246 5595 1386 5649 LXX
1417 5595 1616 5664 loterp.
1647 5591 1786 5659 apud
1817 5606 1973 5662 quos,

375 5674 466 5746 pjbz
517 5673 726 5746 éy'qiast;
772 5667 921 5745 ἄρνα.
965 5667 1104 5746 Alii,
1133 5673 1214 5746 _et
1256 5678 1364 5721 vel.
1417 5666 1579 5733 edit.,
1638 5681 1740 5720 non
1795 5679 1977 5733 coques

383 5737 839 5812 event.'Vulgata'.
877 5782 889 5794 .
929 5780 941 5792 .
980 5780 992 5792 .
1026 5737 1250 5812 nardum.

459 5825 482 5852 ο
525 5815 655 5872 Mss.
677 5807 793 5872 fere
818 5812 887 5870 ad
912 5823 1101 5879 unum,
1135 5809 1336 5878 facilius
1357 5807 1422 5865 ab
1443 5807 1586 5876 hinc,
1617 5815 1723 5866 etc.

2078 4691 2280 4762 rando,
2324 4689 2410 4745 vel
2457 4685 2812 4754 custodiendo
2863 4681 3251 4752 mandatapei
3308 4678 3483 4750 potuit
3527 4676 3682 4734 inve-

2077 4786 2217 4854 nire.
2261 4783 2392 4848 Erat
2430 4789 2607 4848 autem
2649 4778 2781 4846 vita,
2825 4777 2966 4840 sicut
3027 4772 3322 4842 Apostolus
3366 4771 3528 4837 dixit,
3581 4769 3678 4824 ab-

2078 4875 2313 4947 scendita
2353 4889 2471 4942 cum
2510 4870 2712 4942 Christo
2759 4869 2814 4930 in
2857 4865 2963 4922 Deo
2993 4863 3199 4938 (Catos.
3252 4878 3331 4934 ui,
3380 4861 3457 4930 ὅ).
3506 4859 3677 4916 llomo

2078 4986 2208 5040 ergo
2231 4970 2344 5038 sive
2373 4969 2423 5030 in
2450 4965 2638 5020 umbra
2662 4963 2785 5033 vita;
2806 4971 2923 5034 erat
2942 4957 2968 4996 ιι
2995 4966 3213 5038 propter
3230 4956 3394 5026 vitam
3415 4952 3672 5023 futuram,

2078 5053 2202 5138 quia
2252 5061 2443 5116 umbra
2473 5065 2558 5114 est
2597 5056 2714 5122 lucc
2755 5069 2875 5128 qua:
2902 5062 3066 5126 'puuc
3115 5058 3302 5122 nostra
3356 5058 3436 5114 est
3483 5043 3678 5100 vitain

2083 5135 2260 5224 terra,
2287 5154 2400 5224 sive
2422 5152 2475 5210 in
2502 5147 2735 5228 quodam
2770 5146 2994 5220 pignore
3031 5145 3154 5212 vitae
3184 5150 3332 5212 erat,
3365 5139 3490 5213 quia
3515 5135 3683 5192 liabe-

2162 5306 2183 5345 (
2219 5307 2347 5361 Mss.
2378 5318 2570 5361 omnes
2601 5311 2708 5356 tam
2739 5302 3062 5372 depravatos
3091 5296 3433 5372 characteres
3459 5289 3681 5372 Qrmcos

2085 5360 2396 5441 exhibent,
2432 5386 2486 5428 ut
2539 5376 2640 5444 lvgi
2688 5360 2970 5444 nequeant
3018 5369 3256 5444 Quidam
3309 5378 3443 5415 Vero
3489 5360 3680 5444 Latine

2083 5432 2619 5522 scribuntpdpa’nosf
2645 5432 3113 5522 enittt:_irttelfigilltf
3142 5441 3195 5502 ill
3241 5448 3486 5522 ᾳιηιτειιζδ-
3523 5432 3678 5522 ‘E‘m-

2088 5511 2211 5575 Am.
2238 5562 2250 5581 ,
2278 5511 2514 5593 hyaciw
2537 5511 2733 5593 ῥέξῃς,
2769 5516 2944 5593 Quare
2971 5511 3020 5572 in
3046 5511 3394 5593 corruptione
3427 5511 3572 5558 tanta
3596 5517 3684 5558 sa-

2085 5593 2194 5647 tius
2219 5577 2432 5644 videt'ur
2461 5577 2714 5641 ab'editis
2745 5598 2850 5638 non
2883 5577 3184 5647 discedere.

2159 5644 2188 5712 is
2226 5663 2412 5724 Plures
2440 5672 2594 5724 mssa,
2621 5665 2668 5710 et
2700 5649 2910 5708 causam
2936 5647 3115 5724 mortis
3144 5644 3534 5724 intelligeqnia,
3569 5655 3685 5712 etc,

2157 5730 2184 5770 ιι
2226 5721 2353 5789 Mss.
2388 5744 2556 5801 prope
2580 5718 2790 5794 omnes,
2820 5729 3030 5791 promer
3058 5718 3278 5787 ﬁgurant
3304 5721 3576 5788 futuram,
