4150 6358
568 277 681 335 287

1889 277 2132 336 ΞΑ,Νοτί
2171 279 2494 336 AMBROSII

3741 287 3890 350 .288

573 397 662 450 bat
689 396 1107 453 insufflationem
1136 394 1253 452 Dei.
1285 395 1530 452 Habebat
1555 408 1686 465 ergo
1715 395 1907 465 pignus
1939 396 2160 449 immor-
2187 403 2236 460 Α
2267 409 2492 450 noscere
2521 395 2707 467 utique
2747 410 2852 451 non
2887 397 2940 452 in
2977 399 3096 453 sola
3137 407 3193 454 et
3234 399 3600 469 perfunctorie
3629 401 3888 457 scientia

571 489 832 544 talitatis:
861 487 956 544 sed
990 489 1040 542 in
1072 489 1258 542 umbra
1290 487 1412 542 vitae
1444 487 1652 556 positus
1681 488 2053 542 absconditam
2085 488 2164 542 vi-

571 593 679 638 tam
725 599 846 638 cum
893 581 1110 638 Christo
1161 583 1212 636 in
1245 583 1356 637 Deo
1396 582 1603 652 vulgari
1648 584 1878 652 quodam
1925 593 2068 636 tactu
2109 591 2164 636 et

571 687 790 746 aspectu
831 676 1014 732 videre
1042 683 1096 730 et
1121 689 1318 744 capere
1349 689 1456 729 non
1483 683 1714 744 poterat.
1754 676 1822 730 Et
1851 675 1894 728 si
1925 675 2160 730 nondum

572 777 854 838 peccator,
915 783 1021 824 non
1073 778 1252 824 tamen
1311 769 1671 838 incorruptae,
1727 768 2162 839 inviolabilisque

569 870 809 925 naturae;
843 871 902 915 ut
939 870 1062 932 pote
1087 863 1180 934 qui
1215 875 1402 932 postea
1433 877 1654 934 peccato
1697 867 1882 936 lapsus
1917 875 2036 930 est,
2069 879 2164 919 ne-

569 971 835 1026 quaquam
868 971 1050 1012 autem
1079 957 1258 1014 adhuc
1287 970 1564 1030 peccator.
1613 962 1858 1033 Denique
1887 961 1940 1015 in
1969 960 2161 1014 umbra

566 1047 691 1106 vita:
736 1057 899 1104 erat:
947 1050 1038 1120 qui
1071 1061 1255 1106 autem
1303 1060 1620 1122 peccatores
1661 1065 1818 1119 sunt,
1871 1054 1924 1109 in
1972 1053 2161 1108 umbra

568 1141 760 1195 mortis
790 1149 937 1196 sunt.
970 1141 1322 1200 Peccatorum
1350 1145 1496 1200 enim
1525 1146 1788 1216 p0pulus,
1811 1146 1950 1200 sicut
1977 1146 2162 1202 Esaias

567 1233 728 1290 docet
760 1232 943 1304 (Esai.
999 1251 1056 1290 rx
1079 1277 1096 1302 ,
1122 1235 1200 1306 2),
1231 1235 1456 1292 sedebat
1496 1239 1548 1294 in
1582 1239 1770 1292 umbra
1814 1239 2034 1306 mortis,
2076 1240 2163 1294 cui

567 1325 657 1380 lux
687 1335 804 1381 orta
830 1341 927 1397 per
955 1327 1052 1382 Dei
1100 1327 1359 1398 gratiam,
1393 1344 1498 1384 non
1542 1345 1638 1400 per
1679 1345 1776 1384 sua
1825 1331 2036 1386 virtutis
2081 1341 2165 1386 est

568 1418 840 1472 meritum.
877 1417 1020 1488 Ergo
1061 1419 1204 1474 inter
1248 1420 1665 1478 insulllationem
1715 1423 1841 1488 Dei,
1886 1432 1942 1478 et
1982 1439 2162 1478 escam

565 1508 696 1578 ligni
731 1509 856 1563 vitre
887 1511 1030 1563 nulla
1073 1511 1353 1566 discretio.
1387 1513 1494 1568 Nec
1529 1513 1800 1570 hominem
1833 1516 1954 1586 quis
1985 1527 2164 1586 potest

569 1601 754 1658 dicere
782 1604 902 1674 plus
926 1605 1026 1658 sibi
1061 1622 1219 1675 posse
1244 1607 1558 1676 acquirere,
1585 1625 1744 1679 quam
1773 1609 1952 1665 divina
1979 1611 2030 1666 ei
2063 1613 2166 1666 lar-

569 1697 736 1766 gitate
762 1698 1024 1752 collatum
1055 1708 1157 1754 est.
1191 1699 1403 1755 Utinam
1435 1711 1716 1770 acceptum
1765 1713 1950 1759 tenere
1979 1721 2168 1774 posse—

2265 497 2380 550 est,
2433 487 2532 564 sed
2583 489 2635 542 in
2681 503 2867 544 eorum
2913 493 3232 560 operatione
3271 508 3390 564 qua:
3427 503 3682 564 oporteat
3723 494 3886 550 fieri.

2263 575 2514 648 Oportuit
2561 593 2739 634 autem
2791 580 3064 636 hominem
3125 583 3348 638 obedire
3393 585 3684 654 mandato,
3754 601 3887 640 non

2263 671 2565 726 obediendo
2605 683 2783 727 autem
2827 676 3214 744 przevaricatus
3262 685 3364 730 est.
3418 676 3586 746 Igitur
3631 678 3728 746 qui
3755 692 3886 733 non

2265 765 2534 828 obedivit,
2581 768 2820 831 erravit,
2862 768 2986 838 quia
3021 771 3395 838 praevaricatio
3427 781 3712 840 peccatum
3753 781 3880 827 est.

2264 857 2631 914 Vernmetiam
2659 861 2703 914 si
2735 870 3035 916 extenuare
3079 863 3246 918 velint
3277 863 3380 917 vim
3413 865 3774 934 cognitionis,
3805 873 3884 920 ut

2265 949 2687 1020 perfunctoriam
2735 952 3018 1008 scientiam
3063 954 3196 1008 boni
3237 963 3294 1010 et
3340 954 3467 1009 mali
3511 955 3878 1010 interdictam

2267 1051 2488 1112 putent,
2523 1044 2576 1098 in
2609 1059 2674 1100 eo
2707 1059 2924 1116 quoque
2955 1047 3417 1116 praevaricationis
3443 1047 3599 1116 culpa
3635 1057 3724 1102 est
3753 1063 3876 1104 non

2265 1135 2540 1192 obcditum
2582 1151 2705 1192 esse
2733 1137 3027 1204 mandato;
3073 1141 3197 1209 quia
3233 1140 3398 1194 etiam
3451 1139 3876 1196 tumultuariam

2265 1229 2546 1284 scientiam
2591 1230 2720 1285 boni
2749 1241 2804 1286 et
2829 1231 2956 1285 mali
2997 1231 3261 1288 Dominus
3285 1232 3429 1287 Deus
3475 1235 3684 1304 putavit
3723 1233 3880 1288 inhi-

2267 1320 2517 1375 beudam.

2337 1411 2427 1465 51.
2457 1411 2576 1468 Alia
2603 1414 2830 1483 qurestio
2863 1433 2877 1469 :
2909 1415 3008 1483 Qui
3061 1429 3168 1470 non
3215 1418 3496 1486 cognoscit
3543 1417 3748 1472 bonum
3797 1426 3864 1472 et

2267 1503 2468 1557 malum
2494 1545 2508 1568 ,
2541 1503 2672 1558 nihil
2703 1522 2732 1560 a
2757 1507 2983 1576 parvulo
3013 1508 3196 1562 distat.
3251 1509 3470 1564 Parvuli
3513 1519 3694 1565 autem
3717 1503 3870 1580 apud

2261 1595 2463 1666 justum
2501 1597 2742 1666 judicem
2771 1601 2919 1654 nulla
2951 1602 3235 1670 estculpa.
3275 1602 3464 1658 Justus
3506 1614 3688 1658 autem
3730 1619 3872 1673 ope-

2267 1699 2417 1742 rator
2439 1691 2624 1744 mundi
2649 1707 2940 1761 numquam
2966 1695 3250 1764 parvulum
3279 1705 3528 1750 vocasset
3550 1698 3604 1750 in
3625 1697 3870 1766 culpam,

570 1803 710 1845 mus.
741 1789 919 1844 Labor
943 1791 1144 1862 etenim
1170 1801 1354 1846 noster
1381 1809 1446 1848 eo
1471 1795 1702 1863 prolicit,
1735 1805 1791 1850 ut
1815 1811 1937 1866 qua:
1969 1799 2162 1851 tributa

2273 1792 2492 1854 propter
2537 1786 2680 1852 quod
2734 1803 2838 1840 non
2883 1799 3214 1858 cognoverat
3267 1790 3465 1844 bonunt
3521 1799 3576 1843 et
3623 1789 3870 1855 malum;

571 1888 728 1946 sunt,
779 1895 1136 1936 resumamus.
1189 1882 1430 1937 Tertium
1479 1887 1602 1938 illud
1648 1887 1788 1956 quod
1824 1887 2168 1958 propositum

571 1979 688 2038 est,
741 1973 866 2042 quia
897 1973 988 2042 qui
1027 1983 1259 2030 mortem
1301 1992 1404 2030 non
1447 1985 1790 2047 gustaverat,
1837 1989 2068 2034 mortem
2103 1981 2170 2034 ti-

575 2077 726 2118 mere
770 2078 876 2118 non
918 2073 1160 2133 poterat,
1191 2066 1351 2122 facile
1393 2083 1457 2123 ex
1495 2071 1802 2124 communis
1835 2082 2038 2126 naturae
2071 2085 2166 2127 usu

573 2153 968 2212 absolutionem
999 2157 1178 2212 habet.
1215 2159 1309 2214 Est
1344 2160 1490 2216 enim
1524 2171 1714 2216 natura
1748 2163 1966 2217 insitum
1995 2165 2170 2219 omni-

575 2247 674 2303 bus
705 2249 1070 2306 animantibus
1091 2294 1105 2318 ,
1139 2263 1198 2307 ut
1219 2255 1380 2308 etiam
1413 2269 1535 2325 quae
1565 2258 1804 2310 nondum
1835 2259 1938 2312 sibi
1969 2275 2169 2315 nocere

570 2353 797 2410 experta
833 2351 987 2409 sunt,
1035 2345 1189 2413 quasi
1219 2349 1378 2400 noxia
1421 2347 1795 2402 reformident.
1843 2349 1994 2404 Unde
2024 2352 2168 2407 enim

570 2434 834 2489 columbae
860 2436 914 2489 in
935 2436 1053 2504 ipso
1075 2438 1156 2491 Sui
1186 2450 1311 2494 ortu
1331 2447 1356 2476 ει
1375 2441 1474 2494 visi
1499 2449 1677 2496 terror
1692 2444 1992 2513 accipitris?
2015 2446 2170 2502 Unde

570 2526 682 2595 lupi
731 2529 922 2583 nvibus
960 2519 1365 2598 formidabiles,
1420 2533 1584 2602 pullis
1615 2535 1806 2590 milvi?
1843 2537 1997 2605 Quod
2035 2541 2080 2593 si
2114 2541 2166 2594 in

573 2617 642 2674 iis
666 2637 786 2690 qua:
819 2622 1210 2678 irrationabilia
1237 2635 1362 2678 sunt
1387 2628 1716 2694 animantia,
1742 2631 1956 2700 quidam
1990 2633 2055 2687 de
2076 2633 2172 2688 ad-

573 2728 734 2768 verso
777 2730 980 2784 genere
1022 2720 1376 2774 animantium
1424 2723 1686 2778 naturalis
1734 2733 1818 2779 est
1866 2735 2077 2794 terror,
2111 2739 2170 2784 ut

573 2807 740 2860 etiam
771 2807 1160 2864 irrationabilia
1206 2827 1426 2867 sensum
1473 2812 1744 2883 fugienda:
1792 2820 1984 2873 mortis
2027 2821 2170 2874 acci-

579 2895 772 2966 piant:
800 2907 1005 2967 quanto
1045 2902 1218 2970 magis
1259 2903 1311 2957 in
1345 2904 1519 2974 primo
1545 2905 1764 2962 homine
1807 2911 2033 2966 rationis
2063 2914 2168 2966 uti-

573 3005 679 3058 que
730 2989 1081 3061 plenissimo,
1133 2997 1396 3052 naturalis
1443 2999 1690 3070 quaedam
1742 3003 1926 3073 opinio
1977 3005 2169 3059 mortis

574 3081 762 3137 debuit
788 3098 911 3139 esse
933 3086 1186 3143 vitandae.

1191 3226 1418 3284 CAPUT
1463 3229 1546 3286 Vl.

574 3338 720 3393 Alias
747 3339 920 3409 plures
942 3341 1292 3396 dubitationes
1313 3345 1450 3398 circa
1476 3357 1790 3416 pmceptum
1819 3347 1947 3400 Adae
1967 3349 2169 3417 datum,

789 3441 836 3483 et
863 3430 990 3485 Eua:
1017 3436 1493 3502 praevaricationem
1521 3439 1770 3492 excitatas
1808 3437 1983 3492 diluit.

647 3547 736 3603 50.
781 3547 988 3604 Rursus
1024 3549 1365 3608 faciuntalias
1411 3555 1742 3621 quaestiones
1791 3555 1894 3610 hoc
1947 3556 2110 3612 modo
2153 3575 2166 3610 :

572 3639 692 3696 Non
732 3657 950 3714 semper
991 3644 1110 3718 (ιι,
1139 3663 1192 3717 q.
1225 3647 1288 3714 1,
1315 3662 1362 3700 c.
1400 3645 1527 3701 Non
1551 3647 1782 3720 semper)
1826 3650 2029 3705 malum
2085 3661 2171 3706 est

573 3753 682 3794 non
725 3737 948 3794 obedire
990 3751 1284 3811 praecepto.
1322 3741 1378 3796 Si
1406 3741 1550 3796 enim
1585 3743 1786 3798 bonum
1818 3753 1901 3800 est
1935 3760 2174 3816 praecep-

574 3839 722 3898 tum,
753 3829 982 3887 honesta
1019 3841 1105 3888 est
1124 3833 1404 3890 obeditio:
1439 3835 1582 3904 quod
1623 3837 1667 3890 si
1701 3837 2004 3907 improbum
2033 3855 2172 3908 pra:-

573 3931 792 3994 ceptum
810 3965 824 3989 ,
859 3939 967 3980 non
999 3925 1223 3982 obedire
1248 3925 1402 3982 utile.
1431 3927 1570 3999 Ergo
1595 3945 1700 3983 non
1731 3945 1947 4001 semper
1970 3933 2170 3987 malum

571 4025 654 4072 est
687 4033 793 4072 non
821 4017 1046 4073 obedire
1091 4029 1402 4090 prmoepto:
1449 4020 1543 4075 sed
1577 4021 1718 4076 bono
1750 4033 2024 4092 praecepto
2063 4040 2169 4080 non

573 4111 798 4168 obedire
827 4113 1132 4183 improbum
1161 4123 1265 4170 est.
1299 4114 1504 4169 Bonum
1533 4125 1712 4172 autem
1741 4129 1823 4172 est
1857 4118 2014 4190 157
2043 4135 2172 4189 0pc-

571 4205 836 4260 ratorium
863 4206 1189 4275 cognitionis
1231 4207 1358 4262 boni
1385 4216 1441 4262 et
1489 4209 1615 4263 mali
1664 4210 1897 4280 lignum;
1929 4211 2172 4280 quando-

572 4295 790 4366 quidem
842 4298 982 4351 Deus
1018 4307 1072 4352 et
1120 4299 1319 4353 bonum
1368 4311 1422 4354 et
1456 4301 1654 4354 malum
1704 4305 1872 4358 novit.
1931 4305 2171 4376 Denique

573 4389 649 4442 ait
677 4408 691 4444 :
738 4387 876 4444 Ecce
919 4389 1086 4444 Adam
1117 4395 1286 4460 factus
1327 4402 1399 4446 est
1429 4403 1690 4463 tamquam
1718 4393 1746 4434 δ
1769 4413 1904 4450 unus
1940 4409 2171 4453 nostrum

574 4479 728 4550 (Gen.
757 4497 814 4536 tu
833 4524 848 4548 ,
868 4481 982 4552 22).
1009 4483 1113 4548 ο,δί
1133 4483 1295 4553 igitur
1317 4486 1513 4540 bonum
1541 4497 1626 4542 est
1647 4491 1928 4545 scientiam
1967 4493 2170 4548 habere

573 4574 700 4629 boni
734 4587 786 4629 et
819 4577 979 4642 mali,
1015 4577 1153 4631 bona
1196 4585 1376 4633 autem
1405 4588 1489 4636 est
1524 4597 1682 4651 quam
1709 4584 1870 4639 etiam
1906 4585 2047 4641 Deus
2077 4585 2173 4640 ba-

574 4666 700 4734 bet,
749 4665 962 4722 videtur
1013 4670 1105 4739 qui
1163 4671 1442 4727 interdicit
1489 4687 1606 4728 eam
1666 4675 2005 4743 hominibus,
2059 4695 2166 4732 non

575 4771 722 4815 recte
771 4751 1146 4828 interdicere,
1177 4761 1338 4832 idque
1382 4775 1708 4836 prop0nunt.
1739 4767 1846 4824 Sed
1890 4771 1934 4824 si
1967 4771 2171 4826 intelli-

571 4863 700 4924 gant
727 4854 860 4922 quid
889 4857 962 4911 sit
988 4871 1342 4928 cognoscere,
1369 4876 1529 4931 quam
1554 4863 1659 4917 vim
1687 4864 1881 4920 habeat
1915 4865 2017 4922 hoc
2046 4881 2170 4922 ver-

571 4945 698 5002 bum
726 4963 739 5001 :
770 4947 814 5002 si
855 4947 936 5003 sic
965 4950 1268 5019 intelligant
1303 4953 1756 5022 quemadmodum
1786 4966 2040 5024 oportet,
2083 4977 2170 5012 co-

569 5041 742 5111 gnovit
771 5041 915 5096 enim
937 5041 1193 5098 Dominus
1214 5047 1300 5111 qui
1320 5055 1439 5100 sunt
1467 5047 1630 5118 ipsius
1657 5047 1734 5119 (ll
1766 5048 1898 5101 Tim.
1953 5066 2013 5114 tt,
2041 5051 2164 5122 19y;

569 5133 826 5204 cognovit
855 5135 1043 5205 utique
1069 5150 1164 5190 eos
1196 5135 1286 5206 qui
1311 5153 1474 5192 unum
1503 5153 1570 5193 ex
1594 5137 1841 5207 pluribus
1867 5139 1990 5193 facti
2017 5150 2163 5208 sunt,

568 5225 623 5282 in
650 5229 845 5298 quibus
868 5227 1170 5296 inhabitat,
1205 5239 1259 5286 et
1291 5231 1345 5287 in
1397 5232 1592 5302 quibus
1639 5231 1996 5301 perambulat.
2028 5232 2167 5302 Cog-

640 5441 666 5469 ει
697 5432 824 5487 Mss.
853 5431 978 5488 Vat.
1017 5442 1072 5488 et
1104 5432 1161 5489 S.
1198 5432 1359 5487 Micb.
1391 5431 1563 5500 prima
1593 5443 1786 5495 manu,
1817 5429 1926 5482 viso
1971 5438 2166 5486 terren-

571 5509 655 5554 tur
698 5504 958 5572 accipitre.
1002 5505 1106 5559 Alii
1140 5503 1417 5565 nonnulli,
1464 5501 1754 5572 visu,ivel,
1784 5501 1893 5552 viso
1921 5509 2166 5556 terrorem

569 5571 850 5646 accipiunt.
881 5573 949 5646 In,
965 5575 1188 5646 reliquis
1215 5575 1327 5627 fere
1357 5573 1492 5626 nihil
1517 5571 1659 5646 sani.

641 5639 862 5714 bA’Rom.
889 5645 1019 5700 edit.
1041 5690 1055 5714 ,
1085 5639 1226 5699 unus
1258 5653 1489 5698 nostrum
1519 5643 1588 5696 ad
1615 5641 1880 5696 sciendum
1903 5639 2092 5695 bonum
2121 5653 2168 5697 et

571 5712 784 5766 malum.

572 5855 584 5870 δ
649 5789 672 5818 ο
713 5780 868 5837 Rom.
900 5785 1068 5853 edit.,
1111 5785 1310 5841 Bonum
1343 5795 1512 5840 autem
1543 5785 1736 5854 lignum
1777 5783 2078 5854 cognitionis
2120 5796 2166 5838 et

578 5904 638 5958 ἱ-

2269 1878 2394 1946 quia
2424 1879 2683 1946 parvulus
2727 1879 2844 1934 sine
2883 1881 2994 1934 ullo
3027 1891 3110 1935 est
3140 1883 3366 1936 crimine
3401 1883 3874 1952 prmvaricatiouis

2269 1981 2323 2024 et
2350 1971 2542 2041 culpae.
2580 1971 2774 2025 Verum
2799 1988 2918 2030 cum
2954 1974 3006 2026 in
3043 1974 3416 2044 superioribus
3441 1975 3740 2030 dixerimus
3765 1975 3876 2030 du-

2271 2064 2463 2133 plicem
2511 2079 2632 2120 esse
2673 2065 3008 2120 intellectum
3053 2067 3296 2121 scientia:
3345 2068 3470 2122 boni
3517 2078 3573 2122 et
3625 2067 3788 2134 mali,
3823 2069 3878 2123 si

2271 2155 2700 2222 perfunctoriam
2747 2158 3033 2212 scientiam
3065 2159 3395 2228 accipimus,
3447 2161 3630 2230 utique
3672 2157 3876 2214 falsum

2271 2257 2355 2304 est
2383 2251 2524 2320 quod
2559 2249 2690 2304 nihil
2748 2253 2910 2305 distet
2941 2267 2970 2306 a
3006 2253 3263 2322 parvulo,
3313 2253 3402 2322 qui
3457 2268 3559 2306 non
3617 2254 3882 2323 cognovit.

2269 2342 2472 2398 bonum
2503 2353 2560 2399 et
2607 2345 2832 2398 malum.
2889 2345 2946 2400 Si
2978 2357 3156 2400 autem
3190 2348 3381 2400 falsum
3433 2357 3515 2401 est
3564 2347 3708 2416 quod
3739 2347 3879 2401 nihil

2275 2435 2441 2489 distet
2471 2453 2500 2490 a
2531 2439 2792 2506 parvulo;
2821 2453 2950 2508 ergo
2995 2455 3098 2493 non
3131 2440 3392 2510 parvulus
3417 2439 3610 2494 Adam.
3657 2439 3714 2494 Si
3763 2455 3878 2494 non

2273 2531 2568 2599 parvulus,
2615 2531 2902 2585 ascribitur
2933 2532 3118 2602 utique
3171 2533 3220 2585 ei
3276 2534 3428 2600 quasi
3492 2549 3598 2585 non
3647 2532 3882 2602 parvulo

2274 2631 2576 2694 peccatum.
2633 2621 2688 2678 Si
2735 2633 3016 2694 peccatum
3071 2626 3400 2688 ascribitur,
3433 2627 3680 2694 sequitur
3711 2639 3878 2694 poena

2275 2727 2554 2788 peccatum
2581 2735 2596 2784 ;
2631 2719 2756 2786 quia
2783 2719 2978 2787 dignus
3004 2719 3278 2773 invenitur
3313 2735 3469 2787 parua
3499 2762 3512 2786 ,
3545 2719 3632 2789 qui
3683 2731 3882 2788 pecca-

2275 2821 2385 2865 tum
2428 2809 2644 2865 vitaret1
2675 2827 2780 2864 non
2821 2811 3154 2880 procuravit.
3189 2811 3375 2865 Potest
3421 2811 3584 2866 etiam
3635 2809 3783 2874 ﬁeri,
3817 2818 3880 2863 ut

2271 2905 2436 2959 etiam
2457 2905 2545 2973 qui
2573 2904 2850 2958 scientiam
2869 2919 2974 2958 non
3005 2904 3166 2958 habet
3191 2905 3312 2958 boni
3338 2915 3392 2958 et
3416 2904 3540 2958 tnali
3587 2901 3741 2972 (Esa.
3769 2918 3868 2968 vn,

2275 2997 2406 3070 16),
2439 3000 2695 3069 parvulus
2743 3014 2849 3052 non
2892 2999 2993 3064 sit;
3043 2999 3296 3068 quoniam
3349 2999 3658 3070 priusquam
3714 2998 3882 3053 scivit

2274 3109 2409 3164 puer
2441 3095 2638 3148 bonum
2666 3104 2720 3149 et
2751 3093 2974 3159 malum,
3011 3111 3116 3147 non
3143 3093 3378 3147 credidit
3405 3094 3647 3147 tnalitia'.
3679 3092 3745 3146 Et
3771 3092 3880 3147 ite-

2201 3211 2246 3274 ρ
2279 3202 2396 3241 rum
2439 3186 2606 3241 habes
2659 3204 2672 3240 :
2710 3187 2842 3252 Quia
2888 3188 3188 3258 priusquam
3233 3187 3362 3239 sciat
3409 3203 3540 3257 puer
3571 3201 3751 3238 vocare
3779 3200 3878 3252 pa-

2277 3288 2476 3332 tremet
2505 3290 2738 3345 utatrem,
2771 3280 2984 3348 accipiet
3026 3279 3263 3332 virtutem
3305 3275 3573 3341 Damasci,
3621 3287 3668 3329 et
3707 3277 3880 3344 spolia

2277 3373 2534 3428 Samaria:
2562 3371 2751 3445 (Esa.,
2782 3388 2901 3438 Vill,
2921 3371 3003 3444 4).
3035 3369 3312 3426 Perfectus
3341 3387 3469 3440 ergo
3495 3369 3589 3440 qui
3615 3379 3878 3439 operatur

2274 3467 2500 3530 bonum,
2523 3468 2686 3521 etiam
2710 3468 2756 3521 si
2783 3467 2912 3521 boni
2940 3475 2995 3520 et
3022 3466 3148 3522 mali
3189 3465 3471 3520 scientiam
3502 3479 3608 3517 non
3641 3463 3874 3530 adeptus

2275 3559 2378 3624 sit,
2414 3569 2470 3612 ut
2499 3560 2651 3613 multi
2683 3559 2996 3628 priusquam
3044 3561 3219 3613 sciant
3255 3557 3426 3626 legem
3457 3597 3471 3621 ,
3519 3555 3618 3624 ipsi
3651 3555 3753 3608 sibi
3785 3553 3876 3608 lex

2274 3661 2420 3705 sunt.
2451 3651 2604 3718 Quod
2637 3651 2940 3722 Apostolus
2969 3652 3282 3721 priusquam
3317 3648 3557 3702 diceret:
3595 3646 3716 3700 Non
3747 3661 3878 3699 con-

2275 3747 2505 3818 cupisces
2534 3745 2708 3818 (Rom.
2765 3762 2823 3810 ll,
2857 3743 2967 3817 M).
3003 3745 3199 3798 malum
3223 3759 3346 3798 esse
3372 3740 3874 3811 concupiscentiam

2275 3839 2575 3893 nesciebat.
2610 3839 2855 3906 Denique
2891 3838 3008 3906 ipse
3047 3837 3122 3890 ait
3157 3855 3168 3889 :
3201 3835 3481 3890 Peccatum
3526 3849 3626 3887 non
3657 3833 3876 3902 cognoui

2275 3932 2376 3984 nisi
2419 3947 2506 4001 per
2533 3931 2713 4000 legent.
2761 3927 2903 3982 Nam
2935 3929 3402 3995 concupiscentiam
3427 3926 3742 3989 nesciebam,
3770 3923 3876 3977 nisi

2276 4026 2358 4079 lea:
2387 4026 2578 4080 diceret
2605 4042 2623 4080 .'
2651 4023 2774 4078 Non
2798 4024 3125 4094 concupisces
3153 4021 3330 4093 (Rom.
3383 4035 3476 4083 vu,
3497 4016 3683 4089 7).‘Ad
3707 4031 3870 4086 quant

2275 4129 2483 4188 partem
2517 4119 2678 4173 etiam
2713 4133 2848 4187 puer
2895 4123 3075 4185 puleSl.
3104 4129 3226 4168 esse
3269 4111 3536 4183 perfectus
3563 4110 3688 4178 jure
3712 4115 3875 4162 natu-

2275 4227 2371 4275 περ,
2410 4211 2721 4280 priusquam
2774 4211 2910 4264 sciat
2953 4209 3446 4276 concupiscentiam
3475 4205 3671 4258 crimen
3697 4215 3825 4255 esse
3851 4243 3868 4268 ,

2275 4305 2361 4356 vel
2389 4303 2844 4371 concupiscentize
2872 4303 3075 4355 crimen
3101 4301 3367 4353 admittat.
3400 4297 3538 4366 Ergo
3567 4292 3870 4348 secundum

2277 4397 2703 4466 perl'unctoriam
2722 4396 3006 4451 scientiam
3031 4405 3054 4432 ε
3079 4393 3248 4448 noluit
3277 4395 3414 4447 Deus
3441 4390 3706 4446 hominem
3727 4388 3874 4443 scire

2275 4491 2418 4561 quod
2471 4491 2670 4545 malum
2715 4499 2840 4557 est,
2873 4505 2940 4544 ne
2971 4489 3121 4560 quasi
3171 4488 3519 4557 imperfectus
3563 4484 3733 4538 vitare
3759 4495 3873 4538 non

2197 4603 2250 4663 D
2279 4594 2486 4652 posset.
2533 4583 2648 4637 Non
2681 4582 2987 4637 obediendo
3030 4591 3209 4636 autem
3259 4579 3514 4634 mandato
3543 4577 3876 4634 incurrimus

2279 4677 2332 4731 in
2375 4677 2590 4747 culpam
2625 4695 2638 4730 :
2671 4691 2799 4748 ergo
2829 4678 3041 4747 culpam
3077 4675 3325 4729 fatemur.
3365 4673 3573 4728 Rursus
3613 4680 3792 4726 autem
3826 4671 3878 4726 si

2277 4771 2447 4826 altam
2472 4780 2528 4826 et
2559 4770 2876 4842 profundam
2908 4772 3068 4843 158
3091 4770 3370 4823 scientiam
3403 4767 3630 4822 dicitnus
3659 4765 3785 4818 boni
3817 4774 3880 4820 et

2279 4865 2427 4932 mali,
2458 4881 2579 4936 quae
2604 4864 2816 4936 quidem
2843 4863 3104 4934 profunda
3129 4860 3358 4916 scientia
3379 4859 3681 4929 perfectum
3711 4855 3873 4923 facit;

2277 4978 2388 5019 non
2417 4963 2602 5016 statim
2635 4969 2812 5015 autem
2848 4960 3105 5029 parvulus
3130 4957 3218 5026 qui
3254 4955 3321 5009 ad
3365 4953 3527 5007 altam
3556 4961 3611 5005 ct
3639 4949 3871 5020 profun-

2275 5053 2397 5108 dam
2421 5053 2703 5108 scientiam
2737 5051 3028 5128 pervenire
3049 5063 3155 5104 non
3181 5046 3386 5119 potuit,
3415 5054 3565 5100 recte
3589 5043 3732 5098 sicut
3757 5057 3874 5100 non

2275 5146 2530 5214 parvulus
2557 5143 2968 5199 condemnatur.

2349 5236 2439 5291 52.
2497 5235 2698 5290 Iterum
2742 5234 3074 5304 quaestiones
3097 5240 3289 5288 serunt
3319 5247 3332 5285 :
3362 5229 3465 5298 Qui
3519 5225 3726 5295 nescit,
3785 5226 3876 5281 in-

2272 5435 2390 5488 boui
2418 5433 2562 5487 mali.

2345 5503 2368 5541 ἀ
2403 5505 2529 5580 ltiss.
2562 5501 2940 5580 eteditrvet”
2967 5503 3253 5580 uitare‘uon
3285 5499 3472 5580 potuit.
3503 5567 3545 5580 ﬂ
3591 5570 3602 5580 _
3647 5569 3658 5580 .

2349 5587 2372 5608 ε’
2409 5575 2533 5628 Mss.
2571 5565 2942 5638 Mirbaelinus,
2971 5565 3312 5642 Big.,Gem.,
3342 5565 3872 5642 TltuJ’oluitiDeus.

2274 5647 2374 5700 Ms.
2405 5644 2799 5711 Lattdnnensis,
2831 5653 2885 5698 et
2907 5639 3210 5703 editfvet..,
3241 5641 3376 5693 novit
3413 5639 3574 5695 Deus.
3599 5639 3704 5695 Alii
3735 5655 3872 5696 mss.

2274 5728 2325 5772 et
2354 5717 2511 5768 Rulli.
2539 5713 2666 5767 edit.
2701 5717 2911 5782 melius,
2943 5716 3103 5768 uoluit
3131 5713 3286 5766 Deus.
