4150 6358
556 305 657 364 291

1867 291 1948 348 SA
1959 287 2115 347 Νετι
2154 287 2473 348 AMBROSH

3741 301 3855 358 29?.

624 421 716 476 56.
763 419 957 473 Iterum
985 414 1169 482 accipe
1195 429 1206 464 :
1232 411 1381 466 Scire
1410 406 1834 486 bonum’nndius
1854 412 1961 470 est,
1981 418 2142 473 quam
2177 407 2221 464 Α
2251 404 2520 458 sententia
2549 411 2604 458 et
2635 403 2889 474 Opinione
2919 407 3172 462 vincendi
3202 419 3347 465 sunt.
3383 408 3518 466 Cum
3547 413 3691 469 enim
3725 432 3853 470 non

558 514 805 575 nescire;
837 518 889 563 et
918 508 966 562 ei
993 507 1079 576 qui
1123 505 1316 557 bonum
1345 504 1481 556 sciat
1505 541 1519 565 ,
1555 499 1840 568 pulrhrutn
1886 509 1967 549 cst
2007 497 2148 549 scite

556 608 699 678 quod
719 606 916 660 malum
931 612 1136 666 ostntat
1154 604 1287 655 sciat
1305 612 1500 652 cavere
1523 594 1664 665 quod
1685 594 1882 647 malum
1906 603 2009 654 est,
2027 597 2153 645 etut

556 699 796 771 prudens
816 696 1006 751 subeat
1019 691 1283 747 custodiae
1295 688 1600 744 cautionem
1612 685 1838 740 .Rursus
1850 693 2026 736 autem
2044 695 2148 735 non

553 792 687 847 satis
711 802 797 848 est
827 789 930 845 hoc
958 787 1130 843 solum
1163 784 1322 857 ιω
1351 782 1491 837 scire
1520 779 1665 851 quod
1697 778 1894 832 malum
1923 785 2040 840 est;
2083 787 2153 828 ne

554 902 677 942 cum
701 884 900 938 malum
928 881 1102 947 scias,
1131 880 1356 934 scientia
1383 875 1515 931 boni
1547 875 1769 942 incipias
1817 870 2150 926 defraudari.

553 979 840 1036 Pulchrios
865 988 948 1032 est
965 977 1135 1046 igitur
1161 982 1223 1028 ut
1246 982 1532 1042 otiumque
1558 970 1830 1032 norimus;
1865 976 1923 1020 ut
1947 974 2003 1020 et
2028 964 2153 1035 quia

558 1073 763 1128 scimus
794 1071 996 1126 bonum
1017 1107 1034 1136 ,
1063 1067 1334 1137 fugiamus
1359 1064 1501 1134 quod
1531 1063 1733 1117 malum
1765 1069 1882 1124 est;
1911 1067 2056 1114 etes
2087 1071 2154 1111 eo

556 1163 700 1233 quod
729 1162 1110 1232 cognoscimus
1131 1159 1358 1222 malum,
1379 1155 1508 1211 boni
1532 1153 1758 1224 gratiam
1785 1150 2151 1221 praeferamus.

561 1255 671 1313 Sed
704 1256 774 1309 ita
803 1253 973 1308 debes
994 1261 1284 1320 utmutquc
1306 1250 1475 1316 scire,
1509 1255 1569 1301 ut
1613 1253 1670 1300 et
1693 1242 1960 1315 profunde
1989 1253 2157 1296 nove-

564 1350 642 1405 ris
663 1391 678 1417 ,
708 1358 766 1404 et
793 1347 936 1419 quod
967 1346 1188 1400 noveris
1215 1342 1537 1413 exsteqttaris
1564 1383 1579 1405 ,
1611 1348 1870 1408 actusque
1914 1336 2156 1392 scientiae

559 1453 845 1513 congruat.
879 1439 1136 1509 Alioquin
1171 1435 1596 1491 tolerabiliorem
1635 1431 1913 1500 Scriptura
1956 1427 2158 1483 indicat

558 1551 683 1591 eum
714 1533 870 1606 (Luc.
917 1548 1030 1599 xu,
1064 1527 1190 1602 Π),
1241 1527 1331 1600 qui
1362 1535 1651 1594 utrumque
1699 1527 1941 1586 nesciat,
1993 1533 2154 1590 quam

559 1631 652 1702 qui
689 1627 1060 1701 perfunctorie
1102 1632 1395 1693 utrumque
1442 1619 1714 1691 cognovit.
1767 1617 1972 1702 Gravat
2012 1615 2154 1668 enim

561 1725 724 1789 scire,
753 1722 896 1790 quod
919 1721 1005 1776 vel
1035 1716 1258 1789 exsequi
1286 1717 1370 1772 vel
1397 1716 1572 1770 vitare
1597 1713 1624 1752 ι)
1653 1727 1760 1766 non
1788 1694 1972 1782 possis
2001 1721 2160 1778 :gra-

2252 499 2584 554 Testamenti
2625 513 2730 553 non
2781 499 3018 556 refutant
3059 502 3252 570 tidem,
3300 508 3551 576 exemplo
3592 518 3722 562 sunt
3762 525 3855 563 ar-

2251 592 2447 663 guendi
2469 634 2484 659 ,
2512 603 2570 647 ut
2594 604 2750 648 vetus
2773 594 2999 649 credant
3034 612 3046 647 :
3078 597 3334 666 quoniam
3363 613 3482 670 cum
3525 600 3629 654 sibi
3669 600 3858 657 divina

2254 695 2524 756 precepts
2556 691 2611 742 et
2649 685 2789 742 facta
2821 690 3181 756 conveniant,
3213 692 3374 744 unius
3393 693 3637 747 auctoris
3661 692 3860 748 'I‘eSta-

2254 791 2497 836 mentum
2549 791 2839 850 utrumque
2870 781 3041 852 liquet
3083 797 3204 838 esse
3248 784 3598 840 credendum.
3633 785 3863 841 Discant

2253 873 2420 944 igitur
2461 888 2570 928 non
2599 873 2929 942 superﬂuum
2954 917 2970 943 ,
2999 891 3109 930 non
3141 875 3399 946 iniustum
3433 877 3596 932 etiam
3639 893 3860 947 prava-

2256 966 2496 1020 ricaturo
2525 968 2900 1036 praescriptum
2947 979 3068 1023 esse
3111 967 3446 1024 mandatum.
3485 968 3622 1025 Nam
3649 971 3710 1024 'et
3739 971 3862 1041 ipse

2259 1059 2516 1112 Dominus
2551 1058 2709 1114 .Icsus
2735 1060 2899 1130 elegit
2927 1060 3117 1116 iudam
3137 1104 3150 1126 ,
3181 1077 3341 1132 quem
3362 1063 3694 1134 proditorem
3720 1064 3858 1118 scieo

2256 1154 2368 1209 bat.
2395 1154 2570 1219 Quem
2599 1156 2643 1208 si
2685 1169 2784 1225 per
2830 1155 2983 1228 161
3011 1155 3432 1226 imprudentiam
3481 1158 3713 1212 electum
3761 1169 3858 1227 pu-

2247 1257 2405 1315 tant,
2438 1249 2638 1304 divinae
2679 1250 2946 1319 derogant
2987 1251 3264 1320 potestati.
3291 1251 3405 1306 Sed
3435 1251 3538 1307 hoc
3577 1252 3857 1306 :cstimare

2259 1356 2364 1393 non
2393 1349 2642 1410 possunt,
2665 1355 2786 1395 cum
2807 1340 3089 1412 Scriptura
3113 1343 3300 1398 dicat:
3325 1344 3460 1412 Quia
3491 1344 3682 1399 sciebat
3701 1345 3857 1399 Jesus

2259 1436 2374 1505 quis
2393 1452 2509 1490 eum
2535 1437 2835 1507 proditurus
2859 1435 3180 1506 essettloan.
3208 1453 3282 1503 vr,
3327 1435 3447 1511 65).
3469 1436 3859 1494 'Cont'icescant

2260 1531 2421 1598 igitur
2446 1539 2837 1600 repugnatores
2871 1532 2957 1585 isti
2987 1532 3190 1587 veteris
3211 1531 3564 1588 Testameuti.

2331 1620 2421 1674 '59.
2469 1619 2575 1676 Sed
2623 1620 2874 1690 quoniam
2905 1622 3065 1677 etiam
3093 1623 3483 1693 gentiiibus,si
3529 1624 3670 1679 forte
3712 1621 3856 1680 istud

2261 1711 2592 1782 objecerint,
2636 1715 3074 1786 rcSpOndendmn
3116 1715 3355 1784 videtur,
3401 1717 3494 1786 qui
3542 1718 3856 1788 exemplum

559 1826 649 1871 val
673 1817 825 1871 'Scit'e
855 1814 972 1869 Sine
1003 1827 1101 1868 σεο
1129 1821 1291 1880 atque
1314 1807 1828 1879 Ope’re‘cogﬂilitmis
1853 1802 2155 1873 Pmr'tmda'f-
2187 1803 2235 1862 Β
2265 1820 2370 1861 non
2427 1807 2722 1876 rccipiunt,
2767 1810 3038 1862 rationem
3088 1810 3307 1879 exigunt
3330 1808 3644 1878 {accipiant
3692 1809 3855 1864 etiam

562 1910 804 1978 Denique
827 1908 992 1962 obest
1017 1905 1090 1959 ad
1120 1902 1582 1958 existimationem
1608 1898 1827 1954 medico
1859 1896 2002 1952 scire
2028 1893 2154 1963 quid

561 2005 753 2072 prosit,
774 1999 976 2070 etquid
1008 2004 1200 2052 noceat
1219 1991 1522 2066 icgromtsi
1552 1991 1862 2060 cognitione
1887 2004 1948 2042 ea
1973 2001 2158 2056 quern-

559 2096 851 2151 admodum
895 2098 1148 2161 oportet,
1174 2097 1362 2143 utatur
1397 2105 1410 2140 :
1441 2094 1496 2141 et
1540 2085 1662 2139 ideo
1709 2097 1814 2138 non
1861 2089 1946 2135 est
1971 2078 2158 2149 cogni-

561 2192 637 2245 tio
665 2189 830 2254 ‘bona,
867 2185 969 2240 nisi
998 2199 1060 2239 ea
1089 2182 1259 2236 utaris
1282 2190 1340 2234 ut
1366 2185 1602 2250 oportet.

631 2303 721 2356 '57.
754 2301 885 2356 Item
911 2299 1096 2366 accipe
1121 2315 1132 2350 :
1155 2294 1274 2351 Non
1299 2295 1493 2348 frustra
1524 2290 1729 2361 lignum
1758 2283 2000 2341 scientize
2023 2279 2155 2338 boni

557 2404 614 2453 et
647 2395 771 2448 tnali
805 2391 1123 2463 productum
1153 2397 1236 2441 est
1267 2387 1319 2440 in
1353 2383 1530 2438 medio
1564 2380 1850 2452 paradiso:
1888 2386 1941 2431 et
1969 2375 2014 2428 si
2045 2373 2159 2428 cui-

559 2501 788 2557 cumque
836 2483 1041 2538 homini
1089 2480 1406 2551 productum
1455 2484 1633 2540 esset,
1665 2471 1937 2542 superﬂua
1985 2470 2155 2523 inter-

559 2581 744 2635 dictio.
793 2577 904 2632 Sed
937 2591 1111 2646 neqne
1155 2573 1352 2627 frustra
1383 2570 1581 2624 factum
1631 2577 1749 2634 est,
1801 2579 1974 2634 neque
2021 2561 2156 2627 alii,

561 2673 664 2728 nisi
697 2670 902 2726 homini
936 2670 1134 2724 factum
1166 2676 1252 2722 est
1273 2708 1288 2732 ,
1319 2666 1411 2735 qui
1456 2661 1764 2718 mandatum
1810 2657 2014 2726 accepit
2043 2675 2058 2721 ;
2094 2665 2150 2709 ut

561 2780 669 2820 non
701 2765 821 2820 solo
869 2777 969 2827 eo,
1004 2761 1096 2815 sed
1144 2771 1209 2814 eo
1240 2774 1361 2812 cum
1393 2756 1607 2811 caeteris
1635 2762 1895 2808 uteretur.
1941 2749 2073 2804 Nam
2110 2749 2158 2803 si

561 2858 730 2914 multa
772 2855 1066 2918 discutias,
1103 2850 1380 2920 complura
1422 2847 1664 2918 reperies
1695 2855 1749 2900 et
1780 2844 1938 2913 plane
1985 2841 2149 2895 innu-

563 2966 712 3006 mera
742 2991 756 3017 ,
792 2964 913 3019 qua:
943 2949 991 3002 ei
1041 2946 1134 3017 qui
1166 2945 1243 2999 uti
1277 2943 1515 3007 nesciat,
1555 2940 1762 3012 possint
1801 2951 2017 2992 nocere.
2051 2933 2162 2989 Nec

560 3043 705 3114 ipsas
732 3042 950 3096 divitias
998 3036 1579 3095 invenics‘fructnosas
1608 3076 1620 3097 ,
1654 3033 1697 3087 si
1748 3031 1952 3084 habens
2004 3028 2158 3083 dives

561 3139 801 3195 subsidia
830 3135 1096 3207 largitatis
1119 3174 1134 3199 ,
1160 3141 1329 3203 'noge‘t
1371 3128 1634 3186 alimenta
1668 3126 1991 3198 pauperibus
2016 3165 2030 3188 ,
2062 3137 2157 3177 ex-

2261 1900 2362 1969 ipSi
2393 1915 2495 1971 qua
2527 1900 2737 1954 ratione
2763 1901 2859 1957 Dei
2891 1901 3061 1956 Filius
3091 1903 3180 1956 vei
3225 1903 3650 1971 praavaricaturo
3693 1917 3847 1955 man-

2258 1994 2497 2059 daverit,
2532 1995 2615 2048 vel
2661 1994 2884 2062 elegerit
2931 1995 3291 2063 proditurum.
3323 1991 3558 2049 Venerat
3583 1992 3851 2048 lDominus

2257 2087 2416 2142 Jesus
2467 2102 2657 2142 omnes
2696 2088 2876 2142 salvos
2909 2088 3096 2143 facere
3128 2098 3452 2157 peccatores
3473 2129 3486 2152 ,
3519 2085 3680 2141 etiam
3712 2088 3855 2141 circa

2260 2180 2454 2248 impios
2496 2179 2787 2235 ostendere
2833 2195 2982 2235 suam
3027 2181 3216 2236 debuit
3241 2181 3602 2235 voluntatem.
3635 2179 3708 2235 Et
3737 2180 3858 2236 ideo

2261 2286 2359 2326 nec
2405 2269 2746 2341 proditurum
2796 2272 2983 2326 debuit
3030 2274 3352 2341 pra‘terire;
3403 2284 3457 2326 ut
3509 2271 3858 2327 adverterent

2261 2379 2480 2429 omnes,
2527 2364 2667 2434 quod
2703 2365 2754 2418 in
2796 2365 3064 2419 elecnonc
3107 2364 3269 2419 etiam
3307 2364 3602 2433 [uoditoris
3628 2365 3709 2417 sui
3737 2377 3850 2419 ser-

2260 2459 2556 2512 vandorum
2599 2458 2838 2511 omnium
2873 2458 3080 2527 insigne
3121 2458 3445 2525 praetendit,
3466 2473 3574 2512 nec
3603 2459 3652 2511 in
3676 2457 3856 2512 coite-

2260 2565 2352 2604 sus
2380 2559 2463 2605 est
2485 2550 2570 2604 vel
2601 2550 2791 2615 Adam,
2815 2551 2938 2620 quia
2963 2549 3271 2603 mandatum
3305 2550 3530 2619 accepit,
3556 2549 3639 2604 vel
3665 2547 3852 2612 ludas,

2262 2645 2383 2714 quia
2429 2645 2643 2698 electus
2692 2653 2795 2698 est.
2837 2642 2960 2696 Non
2989 2644 3136 2696 enim
3178 2643 3558 2698 necessitatem
3590 2642 3738 2694 Deus
3764 2640 3852 2694 vel

2263 2737 2338 2790 illi
2383 2736 2884 2806 praevaricationis,
2910 2735 3001 2790 vel
3043 2735 3178 2790 huic
3213 2734 3540 2805 proditiimis
3575 2733 3850 2802 imposuit,

2261 2829 2386 2899 quia
2430 2839 2654 2899 uterque
2675 2831 2728 2882 si
2761 2828 2903 2898 quod
2936 2837 3249 2898 acceperat,
3273 2828 3631 2893 custodisset,
3656 2843 3684 2880 a
3731 2841 3858 2897 pec-

2263 2930 2384 2974 cato
2413 2921 2690 2975 abstinere
2717 2922 2980 2989 potuisset
2996 2962 3009 2974 .
3034 2920 3283 2990 Denique
3306 2935 3406 2975 nec
3428 2919 3646 2975 Judzeos
3667 2933 3857 2972 omnes

2264 3015 2572 3068 credituros
2625 3013 2875 3078 sciebat,
2903 3026 2956 3068 ct
2981 3024 3174 3068 tamen
3215 3013 3292 3068 ait
3326 3029 3338 3067 :
3373 3010 3496 3067 Non
3519 3013 3640 3066 veni
3667 3010 3860 3064 nisiut!

2263 3121 2379 3158 oves
2410 3104 2638 3176 perditas
2668 3105 2852 3160 domus
2879 3105 3048 3159 Israel
3077 3105 3292 3178 (Matth.
3324 3121 3414 3171 xv,
3433 3103 3550 3174 24).
3576 3104 3718 3171 Ergo
3749 3117 3855 3156 non

559 3231 744 3287 cludat
796 3230 1010 3298 inopem
1066 3225 1310 3282 subsidio
1364 3223 1721 3283 destitutum,
1771 3193 1948 3273 aliena
1981 3222 2157 3270 extor-

2260 3197 2316 3252 ἰ
2333 3198 2630 3253 mandante
2654 3197 2808 3267 culpa
2833 3207 2937 3263 est,
2961 3197 3054 3251 sed
3083 3198 3133 3251 in
3157 3201 3856 3267 praevaricante-pcccatum

561 3335 757 3397 queat,
794 3323 920 3394 quia
951 3322 1205 3393 prtevalet
1238 3325 1530 3389 potestate.
1574 3311 1934 3369 Pulchritudo
1963 3311 2079 3379 ipsa
2105 3315 2162 3362 et

559 3419 766 3490 gratior
787 3417 1032 3486 corporis
1051 3415 1233 3468 't‘orma
1259 3411 1570 3480 frequenter
1598 3418 1619 3446 ε
1644 3407 1709 3460 in
1738 3405 1925 3458 vitium
1953 3446 1966 3469 ,
2002 3415 2161 3470 quam

563 3508 888 3565 deformitas
923 3504 1108 3560 tra‘bit.
1147 3503 1421 3572 Numquid
1464 3499 1627 3570 igitur
1657 3497 1939 3566 quisquam
1982 3491 2163 3547 defor-

564 3603 764 3658 miorcs
787 3641 802 3664 ,
837 3615 997 3667 quam
1035 3597 1376 3667 pulchriores
1420 3594 1558 3647 ﬁlios
1593 3590 1804 3645 habere
1851 3586 2160 3653 desiderat,

559 3703 621 3752 ‘et
665 3697 855 3767 inopes
899 3692 1076 3762 potius
1107 3689 1308 3744 liberos
1339 3702 1467 3741 suos
1506 3686 1652 3755 cupit
1683 3698 1838 3749 esse,
1877 3696 2036 3752 quam
2083 3678 2165 3746 di-

561 3787 734 3843 vites?
767 3787 923 3842 Plura
953 3779 1420 3850 sunt'bujusmodi
1454 3793 1572 3848 quae
1607 3792 1712 3831 non
1749 3774 1814 3829 ad
1855 3771 2166 3843 impruden-

561 3885 690 3940 tiam
725 3881 1003 3953 largientis
1031 3875 1315 3934 referenda
1358 3881 1514 3939 sunt,
1543 3872 1638 3927 sed
1694 3870 1758 3925 ad
1788 3868 1931 3924 male
1965 3866 2164 3921 utentis

559 3959 823 4034 erroretn.
862 3975 925 4031 Et
954 3973 1078 4031 ideo
1113 3981 1353 4028 utentem
1393 3965 1764 4030 accusandum
1799 3963 1976 4036 potius
2003 3976 2163 4032 quam

562 4067 879 4126 dunantem.

1155 4200 1388 4258 CAPUT
1429 4198 1573 4255 VIII.

567 4341 855 4401 Solvuntur
895 4337 1201 4410 qttwstioncs
1233 4337 1294 4392 de
1330 4332 1654 4404 prwscientia
1681 4331 1777 4386 Dei
1809 4333 1944 4387 circa
1969 4345 2166 4402 prwva-

631 4436 908 4490 ricationes
937 4435 1096 4499 Athe,
1143 4442 1188 4486 et
1232 4431 1530 4502 Opinionem
1557 4428 1674 4481 boni
1702 4437 1748 4482 et
1775 4428 1896 4482 mali
1924 4423 2164 4480 humanis

633 4528 882 4583 utentibus
910 4527 1156 4581 divinitus
1181 4525 1517 4594 impressam.

623 4704 718 4761 '38.
777 4703 979 4759 Iterum
1047 4701 1278 4772 qu:estio
1325 4697 1606 4754 :‘Sciebat
1669 4693 2156 4766 prtevaricaturum

559 4795 700 4853 Dens
728 4795 900 4852 Adam
927 4794 1177 4849 mandata
1203 4807 1321 4858 sua,
1350 4805 1417 4844 an
1449 4787 1762 4844 nesciebat?
1781 4787 1837 4841 Si
1861 4782 2158 4846 nesciebat,

562 4909 667 4947 non
720 4897 805 4946 est
849 4889 952 4944 ista
1005 4887 1205 4943 divina:
1243 4884 1545 4956 *potestatis
1591 4883 1821 4938 assertio
1852 4899 1866 4935 :
1902 4881 1946 4934 si
1977 4888 2160 4933 autem

561 4987 798 5050 sciebat,
831 4995 885 5040 et
913 4983 1267 5038 nihilominus
1298 4982 1481 5034 sciens
1509 4977 1832 5048 negligenda
1863 4973 2161 5041 mandavit,

562 5097 670 5137 non
717 5088 802 5134 est
831 5077 929 5132 Dei
977 5075 1179 5145 aliquid
1223 5071 1556 5142 superﬂuum
1609 5068 2162 5140 pra-cipere.Super-

563 5176 729 5232 ﬂuum
774 5182 956 5227 autem
1004 5169 1262 5240 praecepit
1305 5165 1642 5237 protuplasto
1671 5162 1747 5216 illi
1799 5161 1966 5224 Atla},
2018 5157 2161 5228 quod

569 5288 691 5327 eum
719 5276 942 5324 noverat
973 5266 1200 5319 minime
1233 5273 1570 5317 servaturum
1605 5276 1616 5313 :
1643 5258 1781 5313 nihil
1809 5264 1988 5310 autem
2013 5254 2166 5309 iDeus

562 5362 893 5432 superﬂuum
925 5359 1080 5423 facit;
1106 5371 1236 5426 ergo
1260 5371 1365 5409 non
1391 5362 1473 5408 est
1497 5353 1774 5421 Scriptura
1798 5348 2024 5405 ex‘Deo.
2043 5348 2164 5402 IIoc

564 5455 709 5508 enim
758 5455 1042 5524 objiciunt,
1078 5450 1170 5520 qui
1202 5446 1371 5502 Vetus
1403 5461 1508 5500 non
1546 5444 1813 5515 recipiunt
1843 5441 2164 5494 Testamen-

563 5552 672 5598 tum
693 5586 707 5610 ,
755 5554 810 5598 et
841 5545 936 5598 has
968 5544 1308 5598 interscrunt
1337 5538 1688 5610 quarstioncs.
1721 5533 1933 5589 'Verum
1969 5532 2020 5585 hi
2067 5545 2162 5585 sua

637 5688 663 5716 λ
705 5679 859 5732 Rom.
893 5677 1045 5732 cdit.:
1077 5684 1133 5731 ut
1165 5677 1290 5731 sciat
1313 5691 1526 5748 pravum
1547 5674 1729 5736 vitare,
1753 5677 1799 5723 et
1830 5665 2054 5737 prudens
2067 5667 2156 5737 ju-

570 5749 680 5804 beat
693 5748 945 5802 custodia.

640 5819 668 5862 ι’
707 5819 782 5878 Ita
825 5833 954 5874 mss.
993 5828 1049 5875 et
1077 5819 1208 5876 edit.
1265 5819 1436 5890 antiq.
1495 5827 1691 5886 magno
1742 5822 2030 5867 consensu.
2091 5810 2162 5866 At

2266 3301 2367 3345 est.
2404 3291 2468 3345 Et
2487 3290 2630 3360 quod
2660 3291 2711 3344 in
2745 3291 2856 3346 Deo
2879 3291 3011 3357 fuit,
3035 3290 3270 3346 ostendit
3288 3291 3550 3344 omnibus
3578 3289 3720 3357 quod
3746 3301 3861 3340 om-

2267 3402 2364 3441 nes
2393 3387 2558 3440 voluit
2594 3387 2850 3444 liberare.
2890 3386 3001 3443 Nec
3031 3396 3209 3442 tamen
3233 3388 3360 3442 dico
3387 3389 3510 3456 quia
3538 3385 3864 3457 praevarica-

2269 3478 2467 3532 tionem
2491 3479 2768 3534 nesciebat
2797 3480 3051 3545 futuram,
3079 3480 3242 3534 immo
3268 3479 3389 3549 quia
3415 3480 3623 3534 sciebat
3643 3491 3860 3532 assero:

2266 3568 2360 3623 sed
2384 3584 2488 3624 non
2511 3570 2639 3624 ideo
2669 3572 2949 3640 pereuntis
2977 3571 3277 3640 proditoris
3307 3570 3568 3624 invidiam
3599 3570 3649 3623 in
3677 3567 3862 3623 se-de—

2265 3663 2383 3718 buit
2433 3664 2713 3733 derivare,
2747 3675 2808 3720 ut
2853 3667 3220 3720 ascriberetur
3271 3666 3413 3730 Deo,
3443 3665 3586 3734 quod
3633 3671 3862 3733 uterque

2265 3759 2337 3812 sit
2379 3759 2582 3828 lapsus.
2638 3758 2793 3814 Nunc
2833 3767 3023 3815 autem
3041 3767 3283 3831 uterque
3311 3760 3670 3829 redarguitur,
3703 3767 3863 3828 atque

2266 3851 2707 3917 recouvincitur;
2750 3854 2873 3922 quia
2923 3863 2978 3908 et
3024 3854 3116 3908 ille
3162 3852 3473 3908 mandatum
3499 3869 3568 3906 ne
3586 3851 3864 3905 laberetur

2267 3947 2478 4015 accepit
2500 3988 2514 4014 ,
2544 3955 2600 4001 et
2626 3946 2726 4002 'liic
2755 3947 2917 4002 etiam
2947 3947 3010 4002 'in
3045 3948 3380 4018 apostolatus
3411 3961 3603 4001 munus
3624 3945 3862 3999 adscitus

2268 4050 2386 4105 est,
2421 4050 2477 4095 ut
2515 4041 2598 4096 vel
2648 4041 2909 4096 beneﬁcio
2941 4042 3046 4097 tDei
3081 4053 3432 4097 revocaretur
3469 4057 3496 4093 a
3543 4037 3864 4111 proditionis

2266 4133 2462 4189 aﬂ'ectu
2482 4149 2496 4199 ;
2515 4134 2676 4189 simul
2705 4145 2761 4190 ut
2783 4139 2910 4189 dum
2932 4136 3421 4200 alii-revincuntur,
3447 4133 3726 4204 prodesset
3747 4145 3867 4184 om-

2267 4225 2444 4281 nibus.
2474 4225 2590 4280 Non
2619 4228 2764 4282 enim
2789 4228 3120 4284 consisteret
3143 4239 3451 4298 peccatum,
3481 4225 3525 4278 si
3552 4222 3864 4278 interdictio

2267 4335 2374 4375 non
2400 4321 2613 4376 fuisset.
2640 4319 2758 4376 Non
2787 4325 3122 4376 consistente
3146 4329 3324 4375 autem
3356 4325 3574 4390 peccato
3591 4358 3604 4378 ,
3625 4327 3862 4370 non-so-

2269 4415 2378 4470 lum
2405 4416 2629 4476 malitia,
2657 4415 2753 4470 sed
2777 4416 2939 4469 etiam
2964 4416 3135 4469 virtus
3163 4413 3517 4469 fortassc‘non
3542 4418 3722 4465 esset:
3745 4423 3866 4478 qua:

2271 4509 2372 4562 nisi
2415 4508 2594 4576 aliqua
2637 4505 3124 4574 tnalitiaz'l'uissent
3147 4507 3405 4572 semina,
3442 4503 3527 4558 vel
3561 4501 3867 4557 subsistere

2184 4590 2238 4650 Β
2265 4601 2349 4657 vel
2397 4599 2642 4656 eminere
2684 4617 2791 4655 non
2844 4597 3220 4671 posset.’Quid
3251 4606 3335 4651 est
3363 4595 3507 4651 enim
3547 4600 3864 4664 peccatum,

2260 4694 2363 4749 nisi
2409 4693 2784 4764 prevaricatio
2830 4693 2962 4763 legis
3001 4691 3228 4756 divina},
3253 4697 3308 4744 et
3327 4687 3642 4744 ‘cwiestium
3670 4683 3864 4738 inobo-

2260 4787 2462 4842 dientia
2513 4785 2945 4856 praeceptorum?
2991 4783 3110 4838 Non
3157 4781 3300 4836 enim
3359 4779 3582 4834 auribus
3621 4769 3868 4843 corporis

2264 4882 2331 4938 de
2379 4881 2647 4937 mandatis
2691 4879 3009 4936 ctelestibus
3045 4877 3352 4948 iudicamus
3382 4890 3395 4926 :
3434 4873 3530 4927 sed
3559 4883 3682 4922 cum
3719 4871 3868 4921 esset

2269 4977 2361 5032 Dei
2412 4975 2635 5030 verbum
2658 5017 2670 5041 ,
2709 4973 2998 5044 Opiniones
3039 4971 3288 5042 quamam
3321 4965 3480 5020 nobis
3509 4961 3638 5019 boni
3666 4968 3721 5014 et
3743 4955 3870 5011 mali

2269 5067 2640 5137 pullularunt;
2685 5067 2811 5119 dum
2860 5065 2911 5119 id
2958 5065 3102 5134 quod
3153 5062 3354 5117 malum
3395 5068 3512 5121 est,
3552 5050 3870 5109 naturaliter

2271 5161 2622 5229 intelligimus
2665 5173 2788 5212 esse
2826 5157 3142 5221 vitandum,
3175 5164 3228 5210 et
3269 5152 3322 5208 id
3370 5148 3516 5221 quod
3556 5148 3758 5202 bonum
3784 5151 3872 5196 est

2269 5253 2589 5305 naturaliter
2615 5251 2770 5305 nobis
2798 5249 3154 5319 intelligimus
3185 5262 3307 5302 esse
3333 5253 3687 5315 praeceptum.
3715 5238 3771 5292 In
3787 5251 3868 5291 eo

2269 5344 2431 5414 igitur
2457 5357 2643 5396 Vocem
2673 5342 2886 5395 Domini
2906 5342 3148 5396 videmur
3174 5339 3385 5401 audire,
3405 5334 3549 5406 quod
3581 5333 3683 5386 alia
3700 5331 3872 5384 tioter-

2268 5436 2446 5501 dicat,
2478 5435 2583 5489 alia
2615 5435 2913 5504 praecipiat.
2951 5435 3017 5488 Et
3062 5434 3183 5488 ideo
3220 5433 3267 5486 si
3307 5428 3427 5501 quis
3468 5443 3574 5481 non
3600 5420 3872 5480 obedicrit

2271 5530 2377 5585 illis
2425 5546 2546 5599 quae
2589 5528 2758 5582 semel
2803 5544 2832 5583 a
2873 5529 2991 5583 Deo
3041 5533 3309 5599 praecepta
3360 5521 3662 5585 credimus,
3697 5529 3873 5589 patrm

2267 5665 2425 5722 Rom.
2460 5666 2612 5721 cdit.:
2642 5667 2802 5722 vitare
2821 5684 2923 5720 non
2946 5665 3085 5729 velis,
3111 5671 3164 5715 et
3189 5677 3292 5715 non
3319 5659 3506 5728 possis.

2343 5750 2364 5776 ί·
2397 5738 2567 5794 ³80111.
2601 5737 2723 5794 cod.
2755 5739 2804 5792 in
2833 5739 3007 5793 vitium
3039 5730 3578 5806 deformitatis'traltt't.
