4150 6358
251 297 361 354 295

1421 291 1510 348 DE
1551 291 1893 350 PARADISO
1927 292 2136 352 LIBER
2171 294 2378 354 UNUS.

3437 305 3546 364 293

252 413 524 467 obnoxius
540 411 858 468 aestimatur.
885 410 978 466 Dei
1000 417 1176 465 autem
1201 419 1528 478 praeceptum
1561 426 1668 464 non
1692 410 1845 480 quasi
1879 413 1919 467 Α
1949 424 2140 464 eorum
2187 410 2525 467 declinemus
2573 411 2832 468 invidism
2855 453 2870 477 ,
2898 411 3007 484 qui
3043 414 3121 470 ita
3143 411 3374 473 ‘dicunt:
3405 419 3554 486 Quo-

256 505 308 560 in
333 505 531 561 tabulis
555 506 780 574 lapideis
802 513 1104 559 atramento
1133 504 1359 572 legimus
1386 504 1722 573 inscriptum,
1749 501 1843 556 sed

255 601 513 654 cordibus
536 601 739 655 nostris
764 611 1006 654 tenemus
1034 600 1357 667 impressum
1386 597 1578 668 spiritu
1608 597 1699 652 Dei
1721 597 1846 650 vivi.

257 692 402 761 Ergo
449 693 637 762 Opinio
687 703 867 747 nostra
915 691 1027 762 ipsa
1079 691 1181 745 sibi
1229 691 1400 760 legem
1445 689 1592 744 facit.
1627 689 1683 745 Si
1708 689 1852 744 enim

259 793 450 854 gentes
490 799 611 853 qua:
657 784 830 854 legem
886 799 994 836 non
1041 782 1271 849 habent,
1305 782 1622 837 naturaliter
1647 797 1712 837 ea
1736 796 1855 852 qua:

262 873 402 946 legis
452 883 608 939 sunt,
644 874 876 938 faciunt;
909 875 1174 944 ejusmodi
1222 875 1396 944 legem
1445 889 1552 928 non
1600 875 1858 928 habentes

266 966 369 1036 ipsi
399 966 499 1022 sibi
539 975 665 1021 sunt
690 967 807 1032 lex,
839 967 927 1033 qui
954 967 1250 1022 ostendunt
1278 981 1413 1037 opus
1435 967 1570 1037 legis
1596 966 1859 1036 scriptum

267 1060 322 1115 in
343 1060 596 1116 cordibus
619 1061 753 1115 suis.
783 1059 978 1129 Opinio
999 1059 1160 1130 igitur
1194 1061 1425 1115 humana
1451 1060 1554 1115 sibi
1585 1067 1860 1130 tamqu

269 1153 364 1208 Dei
393 1154 476 1209 lex
506 1163 610 1208 est.

339 1245 429 1300 40.
459 1245 656 1300 lterum
684 1245 812 1303 hinc
840 1245 1001 1302 aliam
1033 1244 1238 1302 faciunt
1275 1245 1670 1317 quaestionem,
1701 1253 1762 1299 ut
1797 1245 1868 1299 ad

268 1337 497 1393 invicem
511 1338 747 1393 mandati
764 1340 879 1409 ejus
896 1339 1039 1410 quod
1055 1339 1293 1394 diximus
1306 1340 1356 1393 in
1373 1339 1605 1394 hominis
1616 1337 1868 1408 opinione

269 1431 598 1497 consistere,
633 1433 770 1488 hanc
801 1434 974 1503 ipsam
1003 1434 1316 1502 opinionem
1357 1433 1514 1504 ιω
1547 1431 1865 1501 impressam

274 1539 305 1578 a
347 1525 457 1580 Deo
503 1525 658 1580 nobis
687 1537 956 1595 tamquam
991 1525 1361 1596 praescriptum
1393 1527 1587 1579 divinae
1618 1524 1750 1592 legis
1777 1537 1868 1577 ac-

273 1625 485 1672 cusent.
511 1616 771 1685 Noverat,
797 1618 1066 1687 inquiunt,
1097 1616 1370 1670 hominem
1405 1624 1746 1684 peccaturum
1777 1610 1870 1681 qui

276 1711 484 1766 creavit
504 1726 650 1774 eum,
677 1719 732 1766 et
763 1711 860 1766 bas
881 1707 1166 1780 epiniones
1190 1709 1312 1764 boni
1339 1717 1394 1764 et
1424 1709 1546 1762 mali
1571 1705 1864 1776 impressit,

1955 503 2114 556 modo
2144 503 2317 556 bonus
2349 505 2488 559 Deus
2517 507 2605 576 qui
2633 521 2741 560 non
2784 507 2958 560 solum
2999 521 3190 578 passus
3219 520 3302 565 est
3326 513 3552 570 introire

1957 594 2009 648 in
2066 593 2208 648 hunc
2261 596 2515 650 nttmdttm
2574 598 2874 652 malitiam:
2910 599 3003 654 sed
3051 603 3220 656 etiam
3265 609 3316 658 in
3349 613 3551 659 tantam

1957 686 2330 741 confusionem
2383 690 2566 743 venire
2605 692 2874 758 permisit.
2903 689 3100 747 Verum
3125 693 3249 750 διῆρε
3277 696 3554 752 accusatio

1961 789 2089 833 tunc
2119 769 2297 835 locum
2330 782 2587 843 haberet,
2611 784 2663 838 si
2695 785 2767 838 ita
2793 786 2988 840 animm
3017 788 3129 842 vim
3159 798 3216 844 et
3239 789 3435 845 "int-ima
3466 805 3556 847 se-

1960 883 2108 928 creta
2133 873 2328 928 mentis
2353 874 2634 937 inliceret;
2669 887 2725 930 ut
2758 879 2904 933 nullo
2934 890 3297 952 pactoposset
3324 884 3556 953 aboleri,

1962 977 2016 1021 et
2062 967 2538 1022 immedicabiliunt
2593 969 2876 1026 vulnerum
2926 975 3094 1030 menti
3145 985 3308 1047 atque
3360 979 3556 1034 anima:

1966 1068 2163 1113 nostrae
2193 1060 2339 1114 virus
2363 1061 2656 1127 insideret;
2683 1075 2829 1118 esset
2858 1065 3005 1120 enim
3029 1068 3213 1137 aptior
3241 1069 3399 1140 hujus
3423 1086 3559 1142 qne-

1967 1150 2094 1205 rela:
2136 1150 2285 1206 locus
2305 1193 2319 1218 ,
2349 1152 2491 1222 quod
2520 1168 2642 1208 cum
2668 1156 2848 1209 omnia
2879 1158 3047 1226 possit
3069 1159 3250 1227 Deus,
3277 1147 3556 1220 hominem

1970 1254 2147 1300 tamen
2198 1247 2377 1316 perire
2426 1247 2498 1302 sit
2544 1261 2750 1316 passus.
2805 1249 3004 1305 Verum
3041 1263 3170 1307 'cum
3211 1255 3359 1310 Deus
3388 1256 3564 1312 nostri

1972 1338 2283 1394 misericors
2329 1342 2616 1410 respuendi
2659 1341 2863 1398 erroris
2902 1345 3146 1400 remedia
3169 1350 3567 1419 reservaverit,

1971 1433 2328 1505 abolendique
2356 1437 2531 1490 omnis
2569 1437 2805 1507 contagii
2841 1449 2957 1493 'tton
3005 1440 3305 1496 aboleverit
3338 1442 3572 1498 faculta-

1975 1540 2111 1593 tem;
2143 1529 2412 1598 quomodo
2439 1531 2810 1587 irrationabile
2840 1533 2922 1587 vel
2949 1533 3209 1601 injustum
3237 1543 3341 1601 est,
3373 1536 3414 1590 si
3435 1545 3571 1606 'pcr-

1974 1622 2124 1675 misit
2153 1633 2392 1677 nostrum
2421 1623 2700 1679 mater-iste
2726 1627 2919 1680 tentari
2948 1627 3566 1699 quadam‘trepidatione

1975 1712 2277 1793 fragilitatis
2306 1715 2588 1781 humanae;
2623 1726 2674 1771 ut
2707 1719 3023 1773 ueneratior
3051 1729 3235 1790 postea
3255 1724 3437 1793 gratia
3459 1727 3568 1794 per

275 1819 346 1858 an
387 1818 512 1872 non
546 1803 826 1858 moverat?
873 1802 944 1859 Ut
991 1803 1036 1857 si
1085 1803 1292 1857 dixeris
1321 1800 1444 1871 quia
1475 1816 1580 1854 non
1611 1809 1832 1854 noverat
1854 1839 1868 1865 ,
1893 1809 1949 1868 Β
1978 1806 2344 1871 prettitentiam
2369 1807 2693 1864 delictorum
2719 1810 2770 1864 in
2799 1811 3040 1867 hominis
3065 1814 3265 1869 rediret
3297 1813 3573 1884 affectum,

272 1897 508 1951 alienum
555 1911 584 1949 a
631 1895 914 1965 majestate
964 1895 1056 1950 Dei
1095 1895 1406 1949 sentias:si
1436 1905 1616 1947 autem
1660 1891 1870 1946 dixeris

273 1990 402 2060 quia
430 1988 611 2044 sciens
658 1989 798 2044 Deus
831 1997 1182 2058 peccaturum
1217 1986 1522 2053 hominem,
1554 1999 1872 2040 communes

277 2091 461 2137 tamen
489 2080 775 2152 opiniones
806 2081 855 2136 ei
885 2081 1011 2136 booi
1045 2089 1101 2135 et
1131 2080 1256 2134 ntali
1285 2080 1593 2149 impressit;
1628 2088 1681 2132 ut
1713 2093 1874 2147 prop-

276 2182 360 2228 ter
381 2175 766 2228 admixtionem
787 2174 1052 2228 malorum
1073 2170 1195 2226 vitm
1216 2172 1628 2242 perpetuitatem
1647 2185 1874 2225 servare

275 2285 384 2324 non
415 2277 620 2339 posset,
648 2269 789 2324 sicut
816 2269 868 2324 in
896 2268 986 2323 illo
1017 2283 1123 2322 non
1143 2280 1458 2337 praesagum
1493 2265 1680 2327 futuri,
1717 2265 1786 2316 ita
1818 2263 1873 2317 in

275 2361 380 2415 hoc
397 2377 502 2415 non
529 2360 727 2415 bonum
754 2361 917 2416 Deum
937 2358 1246 2429 signiﬁcare
1271 2358 1523 2412 videaris.
1548 2355 1726 2426 Atque
1749 2354 1875 2410 hinc

273 2462 716 2523 argumentantur
744 2452 870 2523 quia
909 2467 1018 2506 non
1045 2462 1129 2506 est
1154 2462 1403 2506 creatura
1429 2449 1668 2504 hominis
1696 2464 1726 2503 a
1766 2449 1876 2504 Deo

273 2544 434 2602 facta.
472 2544 608 2600 Nam
657 2545 798 2600 sicut
839 2560 1002 2614 supra
1029 2545 1371 2600 ostendimus
1392 2559 1488 2598 eos
1527 2544 1707 2598 dicere
1728 2543 1874 2614 quod

276 2654 381 2695 non
409 2647 493 2695 est
522 2639 834 2694 mandatum
871 2639 962 2694 Dei
981 2679 996 2702 .
1031 2639 1111 2693 sic
1139 2649 1195 2692 et
1223 2639 1308 2693 hic
1335 2637 1524 2692 dicunt
1550 2655 1563 2692 :
1592 2637 1706 2692 Non
1747 2651 1878 2706 ergo

276 2741 524 2786 creatura
551 2731 787 2786 hominis
809 2747 838 2784 a
873 2731 1005 2795 Deo,
1034 2730 1158 2801 quia
1191 2730 1333 2784 Deus
1362 2729 1561 2784 malum
1592 2744 1698 2784 non
1728 2728 1874 2783 fecit.

277 2823 453 2878 llomo
486 2833 666 2879 autem
717 2823 1029 2893 opinionem
1079 2825 1288 2893 accepit
1316 2824 1478 2888 mali,
1503 2823 1635 2877 dum
1665 2838 1694 2877 a
1725 2823 1880 2878 malis

281 2916 592 2986 praecipitur
613 2916 910 2971 absunere.
932 2916 1041 2970 [loc
1063 2925 1241 2970 autem
1263 2930 1464 2984 genere
1489 2915 1653 2969 alium
1679 2915 1880 2970 bonum

282 3009 477 3074 Deum,
508 3009 675 3064 alium
699 3017 1043 3077 operatorem
1069 3008 1304 3062 hominis
1321 3017 1586 3063 conantur
1611 3023 1877 3062 asserere.

281 3100 491 3168 Quibus
546 3099 984 3170 respondendum
1031 3106 1117 3154 est
1171 3100 1315 3154 illico
1355 3098 1653 3154 secundum
1673 3098 1886 3166 Opinio-

1975 1910 2028 1951 et
2059 1898 2364 1968 fragilitatis
2391 1915 2505 1954 suae
2529 1903 2779 1958 conscius
2803 1904 2942 1972 quod
2963 1913 3076 1958 tam
3103 1906 3264 1963 facile
3284 1921 3323 1962 'a
3352 1908 3569 1963 divino-

1975 2006 2092 2044 rum
2123 1993 2500 2048 mandatorum
2529 1994 2684 2067 ]63
2709 1998 2856 2051 serie
2893 1998 3159 2054 deviando
3175 2001 3572 2072 trepidaverit,

1976 2091 2245 2151 tamquam
2269 2084 2480 2139 clavum
2505 2089 2697 2142 animte
2719 2088 3030 2144 fluctuantis
3054 2092 3303 2147 mandata
3329 2095 3574 2152 cmlestia

1977 2175 2191 2229 timeret
2215 2177 2499 2242 amittere;
2531 2178 2727 2234 divina:
2753 2181 3144 2238 misericordia:
3173 2186 3302 2254 'plus
3333 2186 3580 2243 tribuens

1976 2267 2118 2336 quod
2149 2269 2353 2337 recepit
2383 2271 2641 2326 amissum
2665 2314 2680 2341 ,
2713 2284 2768 2328 et
2793 2274 2898 2330 sibi
2924 2275 3124 2347 aliquid
3145 2285 3426 2349 usurpans
3450 2291 3576 2352 gra~

1979 2359 2066 2415 tite
2091 2361 2233 2430 quod
2265 2371 2589 2418 revertatur.

2520 2499 2748 2558 CAPUT
2799 2501 2893 2558 IX.

1981 2615 2061 2670 Au
2100 2614 2328 2670 decuerit
2364 2631 2395 2669 a
2436 2613 2544 2670 Deo
2569 2628 2878 2688 praeceptum
2905 2617 3101 2675 homini
3129 2620 3193 2676 de
3217 2621 3333 2677 cibo
3361 2622 3511 2690 dari;
3539 2631 3588 2679 et

2055 2725 2145 2762 cur
2170 2710 2222 2762 in
2247 2711 2582 2778 praponenda
2627 2728 2774 2780 ptem:
2804 2729 2905 2766 non
2933 2713 3128 2768 dictum
3166 2716 3354 2786 fuerit,
3384 2717 3587 2773 morie-

2057 2803 2221 2868 mini,
2253 2803 2341 2856 sed
2372 2814 2545 2857 morte
2577 2807 2927 2861 moriemini?

2056 2915 2145 2969 42.
2182 2914 2332 2970 Nunc
2362 2931 2482 2984 quae
2512 2916 2577 2970 sit
2606 2916 2697 2970 illa
2727 2919 3487 2994 ratio'consideremus,'quid
3503 2923 3586 2981 sit

1989 3006 2128 3060 istud
2159 3009 2300 3077 quod
2319 3009 2967 3066 'cumimandzttttm'daret
2995 3012 3198 3069 homini
3221 3017 3334 3082 ,'de
3374 3016 3465 3072 illa
3493 3019 3590 3073 ad-

1989 3099 2224 3152 mirabili
2272 3098 2536 3168 beataque
2575 3103 2682 3154 vita
2732 3104 3121 3171 pmseribens,
3157 3117 3226 3162 ne
3265 3118 3466 3163 contra
3511 3109 3593 3166 fa-

285 3210 411 3251 nem
459 3195 713 3250 suam.Si
737 3194 881 3247 enim
915 3193 1190 3247 hominem
1223 3193 1466 3246 uolunta
1504 3192 1612 3248 Deo
1642 3191 1879 3256 factum,
1910 3200 1955 3262 ε
1988 3190 2139 3245 ciens
2202 3201 2379 3246 morte
2436 3200 2770 3261 moreretur,
2813 3195 2883 3250 de
2925 3197 3314 3256 'tnandudtt'nd‘o
3365 3211 3422 3258 e‘t
3473 3217 3590 3260 non

282 3289 412 3357 quia
444 3295 702 3358 peccator
728 3294 812 3341 est
840 3284 1025 3348 homo,
1061 3295 1116 3340 et
1147 3285 1249 3340 hoc
1279 3283 1584 3354 refugiunt,
1621 3299 1686 3338 ne
1713 3285 1891 3339 bonus

284 3383 428 3438 Deus
477 3393 816 3452 peccatoretn
870 3380 1066 3436 fecisse
1109 3379 1375 3443 videatur,
1407 3380 1530 3448 quia
1564 3393 1670 3432 non
1700 3387 1892 3448 putant

285 3477 487 3532 bonum
514 3477 605 3547 qui
635 3475 828 3532 fecerit
854 3482 1231 3545 peccatorcm;
1260 3473 1448 3528 dicant
1486 3479 1666 3526 utrum
1695 3486 1891 3541 opera-

288 3583 528 3628 ratorem
579 3569 818 3624 hominis
865 3583 895 3622 a
941 3568 1053 3622 Deo
1106 3566 1305 3620 factum
1357 3573 1565 3634 putent.
1598 3564 1658 3620 Si
1689 3563 1889 3618 enima

291 3666 407 3721 Deo
454 3663 626 3718 factus
668 3669 754 3717 est
796 3661 922 3724 ille,
958 3668 1015 3713 ut
1065 3659 1281 3724 dicunt,
1324 3666 1580 3726 operator
1624 3655 1888 3721 hominis,

291 3757 566 3830 quomodo
591 3757 766 3810 bonus
798 3755 940 3810 Dens
967 3764 1310 3824 operatorem
1336 3752 1459 3806 mali
1491 3749 1655 3806 fecit?
1696 3750 1893 3820 Utique

296 3867 401 3907 non
454 3851 627 3904 bonus
649 3889 664 3913 ,
695 3863 819 3902 nam
862 3845 956 3916 qui
1006 3858 1346 3916 peecatorem
1377 3845 1500 3898 facit
1539 3859 1645 3897 non
1679 3842 1888 3907 bonus;

297 3945 600 4001 cavendum
633 3959 702 3996 ne
728 3941 942 4012 gravius
986 3941 1057 3994 sit
1099 3948 1442 4009 operatorem
1492 3937 1790 4004 peccatoris
1817 3937 1894 3992 fe-

299 4038 462 4094 cisse.
496 4033 691 4090 Debuit
707 4033 851 4088 enim
877 4033 1050 4086 bonus
1069 4031 1215 4086 Deus
1237 4029 1527 4100 prohibere
1559 4029 1894 4083 nativitatem

301 4129 455 4200 ejus,
498 4125 590 4196 qui
645 4123 850 4194 peccati
918 4123 1274 4178 substantiam
1327 4121 1562 4176 habebat
1613 4120 1894 4177 inducere.

303 4222 461 4294 Quod
485 4221 532 4276 si
557 4220 747 4276 dicunt
775 4233 883 4274 non
907 4231 1029 4272 esse
1056 4216 1295 4286 genitum
1339 4223 1682 4284 operatorem
1739 4216 1896 4282 mali,

305 4315 689 4388 requirendum
735 4321 914 4368 utrum
969 4310 1143 4366 bonus
1187 4309 1329 4363 Deus
1373 4309 1612 4379 potuerit
1653 4307 1901 4364 inhibere

307 4424 523 4480 quoquo
549 4407 711 4463 modo
732 4403 1077 4475 incipientem
1107 4401 1388 4467 malitiam,
1407 4417 1475 4456 an
1501 4416 1607 4457 non
1630 4402 1902 4472 poluerit?

312 4504 367 4560 Si
389 4503 532 4559 enim
563 4517 669 4555 nott
703 4499 894 4568 potuit,
920 4497 1169 4551 inllrmus
1200 4495 1281 4549 :si
1311 4495 1504 4566 potuit.
1537 4506 1589 4549 et
1617 4509 1723 4549 non
1751 4494 1900 4559 fecit,

1999 3283 2377 3338 manducando
2424 3287 2691 3353 putaverit
2718 3303 2840 3343 esse
2867 3291 3252 3348 mandandum.
3285 3294 3423 3352 Sunt
3448 3299 3594 3354 enim

1995 3377 2084 3445 qui
2121 3385 2324 3446 'putant
2371 3393 2710 3447 nequaquam
2753 3382 3065 3438 mandatum
3113 3385 3254 3441 istud
3301 3391 3596 3448 convenire

1997 3470 2119 3525 caeli
2143 3481 2198 3524 et
2233 3478 2392 3524 terra:
2424 3479 2583 3542 atque
2627 3478 2870 3530 omnium
2897 3478 3194 3547 'Crea-tori‘;
3239 3491 3591 3554 ’nequaquam

1997 3562 2220 3632 dignum
2246 3563 2726 3633 incolisuparadisi,
2752 3582 2817 3621 eo
2844 3570 3235 3636 quod-'illn'vitn
3267 3575 3460 3630 similis
3483 3577 3596 3632 An-

1995 3655 2238 3723 gelorum
2279 3655 2372 3708 sit.
2403 3656 2622 3711 Et-ideo
2650 3673 2756 3714 non
2792 3669 3067 3716 terrenum
3100 3674 3155 3718 et
3181 3665 3596 3736 oorruptihilem

1999 3746 2142 3800 hunc
2167 3747 2482 3802 cibum-esui
2512 3747 2679 3805 fuisse
2705 3765 2993 3820 possumus
3017 3756 3292 3812 mstimare
3309 3758 3474 3828 ;=quia
3503 3760 3600 3831 qui

1998 3857 2105 3895 non
2136 3841 2358 3906 bibunt,
2393 3856 2569 3912 neque
2598 3844 2954 3913 manducant,
2981 3849 3311 3904 erunt-sicut
3337 3853 3513 3922 angeli
3545 3854 3599 3909 in

1997 3937 2157 3992 creto.
2202 3934 2336 3990 Cum
2385 3937 2771 4006 igitur‘lncibo
2801 3955 2980 4010 neque
3011 3943 3294 4011 prmmium
3326 3944 3429 4011 sit,
3473 3947 3600 4015 quia

2000 4044 2124 4085 escn
2151 4043 2251 4083 nos
2278 4044 2384 4085 non
2411 4031 2760 4086 commendat
2789 4033 2950 4099 :Deo;
2982 4049 3159 4104 neque
3207 4049 3459 4108 magnum
3505 4054 3602 4109 pe-

2001 4123 2230 4178 riculum
2257 4123 2356 4188 sit,
2385 4123 2513 4193 quia
2551 4125 2831 4194 non-quod
2878 4127 3043 4182 intrat
3071 4127 3254 4196 in'os,
3283 4127 3311 4167 δ
3356 4131 3605 4202 coinqui-

2003 4228 2097 4273 nat
2141 4217 2447 4283 hominem,
2475 4218 2574 4274 sed
2615 4219 2758 4288 quod
2801 4221 2915 4275 exit
2953 4220 3021 4277 de
3050 4236 3146 4278 ore
3180 4241 3192 4276 :
3225 4222 3439 4280 videtur
3483 4225 3605 4282 sine

2006 4312 2216 4368 dubioa
2237 4321 2385 4367 tanto
2415 4322 2636 4368 auctore
2658 4330 2765 4368 non
2783 4327 2906 4370 esse
2938 4327 3288 4388 praeceptum,
3309 4320 3425 4375 nisi
3458 4319 3604 4378 hunc

2005 4407 2184 4462 cibum
2211 4409 2279 4462 ad
2312 4407 2462 4462 illum
2493 4408 3261 4481 propheticumreferam-quia
3290 4425 3608 4486 promagno

2007 4500 2230 4570 prmmio
2281 4501 2536 4556 Dominus
2579 4504 2780 4557 sanctis
2829 4503 3113 4572 pollicetur
3145 4507 3307 4561 suis:
3341 4507 3478 4564 “Ecce
3518 4511 3608 4576 qui

312 4612 420 4653 non
475 4599 670 4650 bonus.
729 4591 874 4662 Ergo
918 4590 963 4645 si
1011 4589 1111 4643 sibi
1155 4587 1258 4642 ista
1300 4603 1407 4640 llOll
1435 4592 1771 4658 congruunt,
1803 4600 1904 4641 nec
1928 4593 1982 4653 D
2006 4595 2230 4647 seruiunt
2263 4593 2412 4660 mihi,
2455 4593 2910 4649 manducantwos
2949 4608 3119 4652 autem
3154 4601 3402 4655 esurialis
3434 4600 3606 4673 (Emi.

315 4707 426 4745 suae
454 4689 555 4744 sibi
585 4686 966 4741 haereticorum
1009 4682 1339 4738 conveniunt
1375 4681 1689 4750 opiniones,
1730 4680 1908 4750 requi-

316 4797 498 4838 ramus
544 4795 610 4835 ne
655 4779 792 4834 forte
819 4775 1046 4832 rationis
1071 4774 1264 4839 fuerit,
1299 4789 1402 4842 qua
1430 4787 1593 4828 causa
1622 4773 1763 4827 Deus
1792 4773 1906 4828 sive

316 4873 483 4947 geniti
528 4873 649 4928 sive
694 4886 802 4926 non
841 4868 1010 4940 geniti
1045 4867 1202 4922 illius
1235 4864 1540 4936 opera’toris
1575 4865 1770 4920 siverit
1795 4879 1906 4918 ma-

316 4969 489 5023 litiam
532 4966 756 5022 introire
794 4962 848 5018 in
898 4962 1044 5018 hunc
1088 4959 1377 5025 mundum,
1409 4975 1534 5015 cum
1565 4960 1738 5030 possit
1766 4958 1909 5013 inhi-

316 5061 467 5119 bere.

387 5154 478 5212 M.
523 5153 710 5225 Itaque
740 5159 1024 5209 servantes
1052 5165 1220 5204 unum
1249 5156 1304 5204 et
1332 5129 1584 5203 eumdem
1615 5146 1786 5203 Deum
1817 5147 1914 5202 bo-

317 5265 446 5305 num
481 5258 642 5319 atque
670 5256 1036 5317 operatorem,
1072 5242 1123 5298 id
1154 5243 1198 5296 si
1234 5256 1549 5310 possumus,
1583 5250 1910 5305 astruamus,

317 5343 459 5416 quod
499 5343 687 5413 gratim
715 5349 740 5377 εί
774 5340 985 5408 utrique
1035 5333 1358 5400 Conveniat,
1409 5348 1508 5389 nec
1553 5333 1913 5388 accusationis

393 5475 420 5504 τι
448 5465 608 5519 Rom.
643 5459 801 5524 edit.,
831 5454 964 5525 quod
986 5452 1166 5522 gratia:
1197 5451 1371 5522 utique
1391 5451 1688 5525 conveniat.
1726 5450 1921 5525 Melius

320 5537 438 5592 alize
467 5550 588 5592 cum
609 5522 812 5586 mss....
842 5522 1038 5594 utrique
1056 5532 1351 5588 conventut,
1387 5524 1436 5576 id
1469 5533 1572 5589 est,
1603 5523 1792 5592 gratia:
1824 5522 1918 5576 Dei

323 5611 447 5665 boni
465 5652 479 5672 ,
513 5616 568 5660 et
593 5611 915 5672 oneratorts.

394 5680 420 5718 ι)
449 5663 575 5734 biss.
609 5663 738 5739 Th,,
775 5668 920 5733 Div.,
944 5664 1059 5734 Big.
1086 5674 1139 5718 et
1175 5663 1356 5739 Gem.
1389 5663 1742 5720 Communicat
1769 5680 1788 5718 :
1809 5679 1915 5739 non

325 5753 497 5814 male;
523 5751 576 5804 in
598 5737 930 5814 sacrisenim
961 5737 1322 5814 litteris.i_dem
1355 5750 1434 5814 est
1458 5753 1748 5814 continuae,
1772 5737 1918 5805 quod

326 5806 590 5900 pollutum
642 5832 739 5875 seu
775 5811 1137 5884 inquinatum.
1161 5806 1248 5862 'Et
1277 5806 1546 5877 ‘post'tria
1571 5809 1656 5862 vel
1689 5814 1920 5878 quatuor

2011 4701 2133 4751 va,
2165 4685 2274 4755 i3).
2313 4687 2409 4740 Hic
2447 4698 2530 4740 est
2555 4687 2701 4741 enim
2748 4688 2902 4744 cibus
2949 4689 3000 4743 in
3043 4706 3151 4760 quo
3187 4693 3296 4748 vita
3335 4694 3612 4752 'deiinitttr

2013 4786 2237 4842 aeterna,
2261 4793 2370 4848 quo
2397 4779 2643 4848 quisquis
2675 4778 2837 4834 fuerit
2863 4780 3245 4849 defraudatus,
3280 4796 3458 4844 morte
3489 4803 3610 4844 mo-

2011 4871 2200 4927 rietur.
2254 4872 2697 4942 Quandoquidem
2757 4875 2908 4944 panis
2953 4876 3115 4932 vivus
3168 4889 3330 4951 atque
3359 4883 3614 4941 'cmlestis

2016 4965 2130 5034 ipse
2175 4966 2430 5020 Dominus
2453 4968 2701 5038 est,-qui
2728 4970 2893 5022 vitam
2924 4969 3015 5024 dat
3047 4971 3172 5026 huic
3208 4974 3428 5031 mun'do.
3461 4976 3640 5045 Unde.

2016 5066 2070 5112 et
2101 5057 2218 5127 ipse
2241 5057 2356 5111 ait:
2386 5056 2506 5112 Nisi
2549 5061 2982 5116 manducaueritis
3009 5079 3433 5134 cumcurmeam,
3467 5069 3623 5122 cubi-

2016 5150 2191 5203 beritis
2217 5151 2518 5219 sanguinem
2552 5168 2717 5206 meum
2736 5195 2748 5217 ,
2778 5170 2880 5208 non
2919 5155 3164 5209 habebitis
3191 5158 3347 5210 vitam
3371 5169 3619 5215 aeternam

2021 5242 2222 5314 (leam,
2250 5261 2323 5311 v1,
2353 5243 2470 5316 54).
2503 5245 2632 5300 Erat
2657 5262 2788 5317 ergo
2827 5248 2980 5315 panis
3010 5248 3206 5318 aliquis
3229 5250 3312 5304 ’de
3345 5265 3622 5320 quo‘prse-

2017 5342 2310 5411 scripserat
2331 5339 2600 5394 edendum
2625 5340 2860 5410 paradisi
2878 5339 3088 5396 incolis.
3105 5341 3250 5409 Quis
3266 5343 3396 5398 ille?
3413 5343 3619 5418 ‘Accipe

2022 5458 2185 5538 verba
2228 5473 2356 5538 mss.
2389 5457 2534 5538 Dig...
2564 5458 2748 5524 Gem.,
2773 5458 2958 5521 Mich"
2990 5461 3247 5525 uidentur;
3275 5461 3453 5538 lienis.
3487 5465 3617 5538 Th.,

2020 5529 2224 5608 videtur
2243 5532 2355 5584 sine
2373 5529 2528 5582 dubio
2550 5540 2692 5582 tanto
2719 5542 2930 5608 au_ct_ore
2948 5535 3358 5608 ριξςξεενιαῃιξδ.
3379 5529 3618 5608 Theod.,

2020 5601 2290 5672 indignum
2332 5609 2474 5655 tanta
2507 5613 2736 5656 auctore.
2767 5601 2911 5672 Edit.
2945 5601 3072 5672 Gill.
3105 5618 3166 5655 ac
3195 5603 3380 5672 an.,
3414 5601 3622 5667 atumo

2021 5671 2230 5727 auctore
2276 5682 2622 5742 pt'teceptum;
2683 5672 2799 5724 Div.
2848 5671 3015 5725 Laud.
3069 5686 3192 5727 cum
3241 5671 3372 5731 edit.
3408 5682 3532 5735 Am.
3566 5692 3624 5740 et

2023 5743 2172 5814 Era.,
2205 5745 2317 5799 sine
2340 5742 2498 5799 dubio
2519 5752 2722 5798 atumto
2747 5752 3094 5798 tractarenon
3111 5760 3580 5824 essepmceptum.
