4150 6358
563 321 670 377 295

1923 303 2008 358 SA
2017 300 2173 356 NCTI
2211 300 2534 357 AMBROSII

3757 300 3877 360 296

562 449 720 504 quem
767 431 908 485 dicat
941 445 953 481 :
986 426 1216 488 Panem,
1246 418 1451 490 inquit,
1481 415 1785 488 angelorum
1818 414 2147 467 manducavit
2176 417 2226 474 Α
2255 423 2401 485 tyres
2429 416 2630 479 sancti,
2665 417 2753 485 qui
2781 416 2964 486 utique
3009 417 3319 472 moriuntur
3341 423 3401 472 ut
3438 417 3647 474 vivant.
3695 418 3871 475 Mori-

567 525 722 580 homo
753 524 872 596 (Ps.
904 533 1112 582 Lxxvn,
1136 515 1251 585 95).
1285 513 1380 567 Est
1405 510 1549 566 enim
1575 509 1749 563 bonus
1777 507 1931 576 panis
1951 548 1966 572 ,
2001 506 2043 559 si
2077 505 2156 560 la-

474 623 476 625 ’
561 619 674 672 cias
724 617 1056 669 voluntatem
1099 609 1216 662 Dei.
1251 605 1346 660 Vis
1388 603 1528 658 scire
1556 617 1718 672 quam
1748 600 1924 654 bonus
1967 597 2158 668 panis?

559 711 680 780 Ipse
709 709 880 764 Filius
908 703 1192 760 manducat
1218 699 1364 754 hunc
1393 712 1608 768 panem,
1643 696 1709 750 de
1731 709 1838 761 quo
1867 694 1943 747 ait
1967 711 1979 745 :
2008 692 2156 746 Meus

557 803 698 856 cibus
727 811 801 854 est
827 808 881 852 ut
912 797 1103 868 faciam
1143 793 1456 848 voluntatem
1498 787 1672 842 Patris
1692 787 1791 841 mei
1815 787 1901 856 qui
1935 787 1990 839 in
2019 786 2157 838 caelis

559 903 634 946 est
666 889 849 961 (Joan.
896 905 972 953 tv,
1002 885 1117 957 54).

629 985 719 1038 45.
763 980 960 1036 lterum
1004 977 1287 1034 videamus
1334 991 1440 1045 qua
1481 974 1692 1028 ratione
1723 969 1982 1026 Dominus
2016 969 2156 1023 Deus

557 1075 686 1132 Adae
713 1074 950 1141 dixerit,
976 1080 1137 1126 morte
1177 1068 1512 1124 moriemini:
1539 1067 1666 1138 quid
1692 1065 1941 1131 intersit,
1977 1074 2152 1118 utrum

557 1169 752 1238 aliquis
773 1169 956 1231 dicat,
986 1163 1310 1224 moriemini,
1343 1177 1410 1216 an
1436 1159 1599 1215 addat
1618 1200 1634 1226 ,
1663 1169 1824 1212 morte
1846 1157 2153 1210 moriemini.

557 1259 859 1316 Ostendere
904 1257 1049 1313 enim
1098 1256 1363 1311 debemus
1413 1252 1550 1308 nihil
1599 1250 1932 1320 superﬂuum
1973 1251 2026 1304 in
2062 1250 2154 1304 Dei

555 1367 678 1410 esse
704 1351 977 1407 mandato.
1011 1348 1198 1420 Itaque
1225 1349 1326 1402 hoc
1353 1345 1606 1400 arbitror.
1631 1341 1764 1398 Cum
1788 1343 1896 1397 duo
1923 1341 2026 1396 sibi
2047 1343 2156 1395 sint

554 1446 829 1502 contraria
854 1457 1000 1498 mors
1024 1451 1077 1496 et
1107 1444 1211 1494 vita
1232 1484 1247 1508 ,
1273 1438 1568 1494 secundum
1608 1436 1910 1504 simplicem
1949 1448 2156 1489 sermo-

559 1553 684 1594 nem
711 1553 740 1591 a
771 1537 878 1591 vita
913 1535 1096 1589 vivere
1122 1533 1386 1599 dicimus,
1419 1546 1450 1584 a
1478 1538 1653 1584 morte
1683 1527 1842 1582 mori.
1886 1528 1943 1583 Si
1973 1538 2154 1580 autem

553 1634 831 1704 geminare
861 1632 998 1687 velis
1025 1641 1332 1699 utramque,
1359 1629 1480 1699 quia
1513 1629 1622 1682 vita
1648 1628 1810 1680 vitam
1841 1626 1983 1689 facit,
2018 1624 2153 1679 dici-

559 1736 666 1794 tur,
699 1728 803 1780 vita
831 1725 970 1792 vivit,
992 1725 1132 1779 sicut
1155 1723 1321 1778 habes
1349 1723 1398 1774 in
1423 1721 1561 1790 lege.
1595 1719 1657 1773 Et
1690 1720 1814 1790 quia
1839 1733 1985 1772 mors
2012 1733 2152 1770 mor-

2264 515 2351 559 tur
2377 519 2399 544 ε
2428 523 2588 573 caro,
2620 509 2716 563 sed
2747 510 2876 562 vivit
2916 509 3086 580 gratia
3116 522 3477 564 mortuorum.
3531 511 3676 580 Ergo
3721 511 3875 566 absit

2259 613 2289 652 a
2319 600 2506 666 nobis,
2542 611 2598 654 ut
2634 601 2926 671 participes
2974 603 3164 657 mortis
3209 602 3454 657 vivamus
3489 621 3503 658 :
3535 601 3632 658 sed
3671 611 3867 660 contra

2261 693 2551 764 participes
2599 694 2718 748 vita:
2771 694 3088 748 moriamur.
3139 695 3372 751 Sanctus
3414 695 3560 752 enim
3600 710 3702 751 nec
3731 695 3869 751 vita:

2260 786 2416 842 istius
2442 803 2502 842 se
2531 787 2648 841 vult
2676 802 2798 843 esse
2829 789 3168 858 participem,
3199 790 3290 859 qui
3323 789 3399 844 ait
3430 807 3443 842 :
3477 787 3644 859 Cupio
3671 789 3868 845 dissol-

2261 878 2332 944 vi,
2352 887 2398 931 et
2425 895 2542 932 cum
2565 876 2770 933 Christo
2795 896 2941 944 esse;
2969 880 3131 934 multo
3162 881 3297 934 enim
3323 880 3509 934 melius
3552 879 3792 951 (Philip.
3820 895 3864 948 ι,

2257 970 2335 1043 3).
2373 972 2434 1026 Et
2463 973 2624 1040 alius,
2649 971 2765 1027 Heu
2790 989 2892 1039 me,
2917 974 3053 1044 quod
3077 975 3329 1030 incolatus
3355 992 3495 1030 meus
3517 976 3864 1046 prolongotus

2258 1074 2333 1117 est
2355 1063 2473 1133 (Ps.
2500 1080 2628 1120 cxix
2648 1106 2662 1129 ,
2695 1064 2788 1136 5)?
2821 1065 3019 1121 Dolens
3062 1067 3251 1137 utique
3277 1083 3398 1122 cum
3429 1069 3704 1124 consortia
3732 1069 3862 1126 vitae

2259 1167 2445 1227 speret
2492 1167 2746 1226 aeternae,
2801 1160 2958 1214 istius
2999 1161 3124 1215 vim
3161 1160 3451 1231 fragilitate
3480 1177 3540 1218 se
3563 1164 3857 1220 contineri.

2260 1249 2329 1304 Et
2358 1250 2477 1304 ideo
2504 1265 2721 1320 possum
2753 1267 2785 1307 e
2813 1252 3091 1307 contrario
3118 1253 3322 1319 dicere,
3341 1252 3464 1324 quia
3491 1254 3593 1309 etsi
3621 1255 3748 1309 vitae
3781 1257 3859 1312 vi-

2259 1359 2386 1399 vere
2411 1344 2610 1399 bonum
2641 1355 2760 1410 est;
2789 1346 2914 1400 vitae
2954 1355 3133 1400 tamen
3165 1346 3350 1402 vivere
3387 1348 3703 1417 ambiguum
3748 1349 3856 1415 sit,

2259 1436 2446 1491 Potest
2477 1437 2621 1491 enim
2639 1436 2743 1492 dici
2769 1439 2888 1506 quis
2909 1437 3036 1493 vitae
3060 1440 3264 1506 vivere,
3281 1438 3386 1494 hoc
3413 1448 3517 1505 est,
3543 1441 3668 1494 vitae
3692 1451 3856 1496 aeter-

2260 1547 2342 1584 nae
2395 1530 2548 1585 istius
2593 1529 2700 1584 vita
2749 1532 2996 1600 corporis
3043 1532 3294 1603 militare.
3347 1532 3532 1586 Potest
3556 1533 3717 1588 etiam
3749 1533 3854 1590 dici

2259 1622 2384 1674 vitae
2416 1621 2628 1686 vivere,
2663 1622 2764 1676 hoc
2790 1633 2905 1687 est,
2932 1622 3013 1677 vel
3043 1639 3462 1693 quemcumque,
3488 1623 3573 1679 vel
3603 1635 3854 1682 sanctum

2258 1715 2413 1769 istius
2454 1716 2577 1769 vitae
2626 1714 2826 1770 habere
2874 1715 3203 1771 desiderium
3256 1705 3586 1786 corporalis;
3617 1727 3678 1774 ut
3705 1721 3858 1777 verbi

556 1827 665 1875 tem
697 1818 842 1883 facit,
870 1816 1088 1880 dicitur,
1118 1823 1281 1868 morte
1302 1815 1571 1866 morietur.
1597 1811 1712 1866 Non
1746 1820 1829 1865 est
1860 1821 2037 1865 autem
2065 1795 2156 1863 su;
2186 1823 2234 1882 Β
2259 1807 2464 1876 gratia,
2496 1806 2542 1859 si
2583 1807 2704 1877 quis
2754 1807 2877 1862 ideo
2924 1809 3150 1863 honeste
3199 1819 3350 1879 putet
3373 1825 3498 1864 esse
3528 1811 3855 1882 vivendum,

559 1911 763 1983 perﬂua
796 1912 896 1964 ista
923 1908 1251 1979 geminatio:
1285 1913 1369 1961 est.
1392 1907 1534 1960 enim
1565 1905 1668 1959 vita
1693 1905 1758 1958 ad
1793 1913 2023 1957 mortem
2049 1943 2064 1968 ,
2095 1910 2150 1956 et

553 2015 640 2062 est
662 2019 808 2059 mors
829 2004 894 2057 ad
911 2002 1072 2056 vitam
1093 2016 1108 2066 ;
1129 2001 1251 2070 quia
1273 1999 1394 2068 quis
1423 1997 1612 2052 etdum
1645 1998 1795 2061 vivit,
1821 1993 2158 2068 1641110ΐί-

556 2104 675 2159 tur;
697 2104 752 2150 et
781 2094 908 2148 dmn
941 2093 1168 2146 moritur
1187 2091 1336 2145 vivit.
1358 2089 1666 2160 Fiuntergo
1688 2094 1918 2158 qnalunr
1966 2087 2154 2140 distiu-

559 2188 772 2244 ctiones
795 2187 898 2242 vita
931 2186 1130 2251 vivere,
1165 2191 1337 2239 morte
1359 2184 1520 2245 mori,
1543 2191 1568 2219 α
1599 2192 1774 2236 morte
1806 2183 2022 2244 vivere,
2047 2180 2155 2232 vita

555 2283 716 2338 mori.
743 2281 877 2337 Cum
904 2281 1066 2351 igitur
1090 2279 1208 2334 hanc
1235 2279 1306 2332 ita
1335 2293 1393 2331 se
1419 2275 1672 2339 habeant,
1697 2288 1824 2328 usus
1853 2284 1907 2328 et
1928 2288 2157 2328 consuc-

549 2374 753 2430 tudinis
787 2371 1163 2443 praeiudicium
1191 2369 1453 2424 debemus
1477 2367 1799 2430 excludere;
1845 2366 1972 2435 quia
2026 2381 2154 2418 usus

555 2467 658 2521 hoc
710 2465 873 2520 habet
918 2475 975 2518 ut
1023 2461 1388 2517 communiter
1434 2459 1639 2514 dicatur
1698 2459 1919 2522 vivere,
1962 2467 2016 2511 et
2065 2455 2155 2526 qui

556 2560 681 2612 vita:
713 2557 742 2594 ι)
770 2558 932 2618 vivit,
968 2565 1021 2610 et
1056 2555 1148 2624 qui
1177 2551 1338 2607 morti
1370 2552 1500 2606 vivit
1533 2569 1546 2605 :
1576 2561 1630 2605 et
1675 2553 2038 2604 communiter
2071 2548 2152 2602 di-

556 2661 712 2706 catur
740 2649 877 2703 mori
904 2648 991 2703 vel
1015 2647 1107 2702 ille
1131 2647 1223 2717 qui
1251 2644 1412 2701 morti
1443 2645 1693 2710 moritur,
1727 2644 1809 2699 vel
1841 2643 1931 2698 ille
1958 2642 2049 2712 qui
2079 2644 2158 2697 vi-

555 2751 626 2798 tae
657 2742 903 2796 moritur.
934 2741 1118 2811 Itaque
1151 2754 1214 2793 ex
1243 2749 1473 2808 quatuor
1509 2737 1613 2791 illis
1641 2737 1750 2791 duo
1776 2736 2064 2807 signilicat,
2099 2745 2158 2790 ut

555 2836 702 2891 dicat
739 2835 1009 2889 viventem
1042 2832 1257 2897 vivere,
1295 2845 1393 2885 nec
1426 2830 1623 2885 melius
1659 2829 2004 2900 deteriusque
2042 2828 2146 2882 dis.

554 2931 798 2999 tinguat,
829 2935 887 2982 et
928 2925 1073 2982 dicat
1122 2924 1443 2979 morientem
1493 2923 1663 2989 mori,
1704 2937 1804 2977 nec
1850 2922 1993 2976 inter
2044 2937 2157 2976 ma-

557 3022 662 3078 lam
693 3031 748 3075 et
777 3022 972 3075 bonam
1003 3027 1232 3074 mortem
1263 3017 1516 3072 videatur
1553 3031 1678 3072 esse
1707 3017 1986 3070 discretio.
2021 3014 2154 3069 Nam

555 3096 847 3173 indiscreta
895 3113 1141 3185 quaedam
1188 3114 1300 3166 vita
1346 3111 1698 3182 signiﬁcatur,
1733 3109 1908 3180 qualis
1939 3108 2158 3164 irratio-

2260 1907 2316 1953 ut
2362 1900 2406 1953 is
2446 1897 2842 1968 longawitatem
2890 1900 3012 1954 vita:
3045 1901 3200 1955 bonis
3232 1901 3439 1956 actibus
3465 1912 3857 1973 consequatur,

2257 1994 2444 2064 quales
2490 1993 2731 2064 plerique
2783 1995 3111 2052 infirmiores
3151 2006 3275 2051 sunt
3316 2012 3454 2068 quos
3485 1995 3602 2054 haec
3627 1999 3736 2053 vita
3763 1997 3860 2053 de—
3905 2045 3912 2058 .

2259 2085 2440 2141 lectat.

2329 2179 2422 2236 45.
2464 2181 2615 2237 Sicut
2662 2197 2792 2254 ergo
2836 2183 2962 2237 vitae
3007 2183 3191 2238 vivere
3224 2183 3354 2254 quid
3396 2184 3469 2238 sit
3509 2185 3856 2256 accepimus,

2259 2273 2385 2343 quid
2418 2273 2488 2327 sit
2517 2261 2673 2329 morti
2713 2276 2850 2330 mori
2885 2275 3246 2346 accipiamus,
3280 2277 3364 2331 vel
3403 2279 3563 2333 morti
3591 2276 3618 2316 ά
3651 2277 3856 2335 vivere.

2262 2367 2496 2422 Possunt
2529 2369 2672 2422 enim
2714 2385 2836 2424 esse
2877 2374 2968 2439 qui
3015 2373 3313 2424 moriantur
3354 2371 3547 2437 morti,
3575 2380 3627 2426 et
3661 2372 3751 2442 qui
3781 2371 3862 2425 vi-

2264 2473 2390 2518 vant
2443 2465 2588 2520 vitae.
2631 2465 2763 2520 Nam
2795 2475 2817 2503 ε
2849 2470 2939 2536 qui
2984 2483 3088 2522 non
3137 2468 3208 2521 ita
3249 2468 3407 2532 vivit,
3453 2477 3513 2524 ut
3557 2469 3858 2523 secundum

2258 2566 2486 2612 mortem
2510 2559 2702 2613 anima:
2719 2573 2832 2612 suae
2854 2560 3016 2626 vivat,
3034 2561 3076 2614 is
3103 2561 3263 2614 morti
3296 2561 3541 2628 moritur,
3563 2561 3717 2634 165
3733 2561 3860 2631 quia

2259 2666 2366 2705 non
2396 2659 2479 2705 est
2507 2651 2775 2707 obnoxius
2823 2656 3022 2718 morti,
3067 2653 3118 2706 id
3148 2663 3262 2715 est,
3299 2668 3470 2708 nexus
3511 2668 3632 2708 eum
3661 2668 3860 2707 aerum-

2260 2761 2406 2800 nosa:
2430 2748 2618 2801 mortis
2644 2747 2846 2810 amisit,
2874 2763 2980 2800 non
3002 2747 3398 2817 constringitur
3421 2747 3644 2800 vinculis
3664 2747 3861 2802 mortis

2258 2847 2499 2894 aeternae.
2553 2839 2796 2893 Mortuus
2841 2846 2926 2893 est
2972 2839 3172 2903 morti,
3204 2837 3306 2893 hoc
3352 2845 3470 2900 est,
3498 2847 3742 2892 mortuus
3775 2848 3863 2894 est

2261 2942 2502 3002 peccato,
2520 2939 2764 2986 mortuus
2780 2939 2865 2986 est
2885 2947 3088 3002 paenae:
3109 2931 3194 2984 cui
3221 2931 3562 3003 contrarium
3579 2941 3662 2985 est
3687 2945 3862 2998 pinnae

2259 3023 2459 3087 vivere,
2484 3023 2585 3076 hoc
2600 3022 2942 3092 e.~t,quaudo
2961 3021 3080 3092 quis
3111 3022 3244 3076 vivit
3272 3024 3337 3076 ad
3368 3038 3604 3092 plenam,
3637 3023 3767 3077 vivit
3795 3021 3862 3076 ad

2261 3128 2514 3173 mortem.
2559 3119 2660 3184 Qui
2697 3128 2876 3171 autem
2918 3118 3146 3171 moritur
3175 3117 3240 3171 ad
3267 3131 3514 3188 prauam,
3541 3117 3770 3171 moritur
3793 3115 3862 3172 ad

555 3212 816 3268 nabilium
843 3217 936 3266 aut
959 3208 1120 3266 etiam
1152 3208 1536 3279 parvulorum,
1568 3215 1626 3263 et
1667 3205 1959 3261 indiscreta
2008 3221 2155 3260 mors
2185 3219 2232 3282 ρ
2263 3223 2515 3266 mortem.
2549 3210 2647 3264 Est
2675 3210 2837 3265 etiam
2869 3210 2960 3280 qui
2993 3211 3044 3264 in
3079 3210 3177 3264 hac
3205 3210 3313 3263 vita
3346 3213 3553 3280 positus
3597 3209 3864 3266 moriatur

555 3321 730 3377 aeque.

626 3395 720 3451 44.
763 3397 1117 3466 Sequestrato
1137 3395 1300 3466 igitur
1332 3407 1431 3449 usu
1452 3391 1764 3457 communi,
1793 3391 1920 3462 quid
1953 3390 2024 3445 sit
2051 3389 2160 3444 vita

555 3491 771 3554 vivere,
801 3499 858 3545 et
888 3488 1030 3560 fquid
1074 3491 1144 3544 sit
1189 3498 1364 3543 morte
1406 3488 1569 3555 mori,
1605 3495 1662 3543 et
1691 3486 1820 3556 quid
1865 3486 1938 3540 sit
1976 3485 2161 3540 vivere

558 3583 744 3647 morti,
767 3592 821 3637 et
847 3582 985 3637 mori
1010 3581 1135 3636 vita:
1162 3581 1589 3636 consideremus.
1626 3580 1762 3634 Puto
1783 3579 1932 3635 enim
1963 3594 2160 3634 secun-

557 3674 688 3729 dum
712 3674 1046 3743 Scripturas,
1079 3673 1202 3744 quia
1226 3673 1333 3726 vita
1355 3674 1537 3728 vivere
1565 3671 1938 3728 admirabilem
1962 3686 2154 3740 quam-

558 3765 683 3821 dam
730 3766 876 3820 illam
921 3765 1086 3820 vitam
1130 3765 1455 3834 beatamque
1505 3762 1882 3834 signiticet,et
1909 3762 2054 3817 hunc
2081 3763 2160 3816 vi-

557 3860 718 3916 vendi
769 3875 924 3915 nsum
976 3859 1326 3930 spirandique
1382 3874 1579 3915 munus
1630 3874 1754 3914 cum
1807 3859 1982 3914 beatae
2033 3858 2158 3913 vitae

556 3955 730 4028 gratia
761 3954 929 4010 veluti
961 3953 1312 4025 conjunctum
1334 3995 1348 4020 ,
1383 3963 1437 4009 et
1477 3951 1708 4024 quadam
1743 3953 2157 4023 participatione

558 4049 882 4122 permixtum
913 4049 1292 4105 demonstrare
1322 4047 1590 4103 videatur.
1620 4045 1733 4102 Hoc
1757 4055 1841 4102 est
1861 4047 2007 4101 enim
2047 4047 2156 4101 vita

557 4145 774 4212 viverej,
816 4144 1014 4198 virtute
1041 4143 1252 4209 vivere,
1286 4142 1459 4197 beata:
1505 4141 1630 4195 vita:
1672 4149 1824 4195 actus
1873 4139 2074 4194 habere
2103 4140 2154 4192 in

557 4238 715 4294 iStius
754 4237 999 4305 corporis
1025 4235 1156 4290 vita.
1195 4235 1397 4290 Contra
1444 4244 1622 4289 autem
1654 4242 1829 4288 morte
1860 4235 1997 4287 mori
2027 4233 2154 4304 quid

557 4339 642 4386 est
670 4329 812 4384 aliud
835 4371 850 4395 ,
875 4329 980 4384 nisi
1004 4344 1128 4383 cum
1152 4339 1326 4383 morte
1354 4329 1602 4397 corporis
1635 4325 2034 4380 deformitatem
2077 4328 2152 4381 si-

557 4422 816 4494 gnilicare
842 4419 1128 4475 morientis
1153 4459 1169 4485 ,
1199 4419 1354 4487 cujus
1383 4428 1438 4472 et
1478 4432 1610 4472 caro
1639 4418 1913 4471 counnuni
1940 4417 2154 4471 vivendi

555 4528 782 4570 munere
826 4510 1200 4575 defraudetur,
1225 4519 1279 4564 et
1305 4509 1495 4586 (anima
1546 4508 1673 4562 vitae
1720 4516 1941 4561 aeternae
1993 4522 2150 4561 usum

2261 3304 2326 3358 ad
2357 3303 2544 3366 vitam,
2573 3304 2715 3358 sicut
2745 3303 2835 3358 ille
2861 3303 2953 3373 qui
2983 3303 3061 3357 ait
3093 3321 3105 3357 :
3145 3302 3268 3356 Vivo
3297 3314 3466 3357 autent
3480 3306 3597 3376 jam
3619 3321 3720 3357 ιιοιι
3743 3320 3859 3375 ego,

2260 3397 2378 3450 vivit
2423 3405 2592 3449 autem
2636 3397 2689 3448 in
2728 3411 2807 3450 me
2827 3383 3060 3450 Christus
3099 3393 3300 3467 (Galat.
3352 3411 3424 3459 II,
3484 3394 3600 3466 20).
3635 3395 3864 3451 Peccato

2260 3490 2405 3546 enim
2451 3498 2697 3543 mortuus
2736 3499 2855 3556 est,
2885 3489 2998 3543 Deo
3029 3489 3197 3553 vivit,
3247 3488 3352 3544 hoc
3380 3498 3502 3555 est,
3530 3503 3680 3544 mors
3708 3489 3762 3545 in
3793 3504 3862 3546 eo

2263 3588 2472 3634 mortua
2520 3590 2632 3645 est,
2659 3579 2752 3635 sed
2781 3580 2889 3635 vita
2911 3581 3072 3647 vivit,
3101 3581 3190 3652 qui
3237 3590 3324 3638 est
3370 3582 3630 3638 Dominus
3678 3581 3858 3638 Jesus.

2265 3673 2409 3744 Ergo
2476 3675 2613 3728 bona
2688 3673 2794 3729 vita
2867 3688 3053 3730 eorum
3112 3675 3204 3744 qui
3268 3676 3377 3730 Deo
3437 3677 3661 3742 vivunt,
3720 3675 3861 3731 mala

2265 3767 2374 3821 vita
2421 3782 2608 3821 eorum
2659 3767 2752 3837 qui
2803 3778 3024 3838 peccato
3074 3768 3279 3822 vivunt.
3334 3768 3429 3823 Est
3476 3770 3638 3824 etiam
3683 3770 3860 3826 media

2267 3860 2372 3914 vita
2395 3901 2409 3925 ,
2445 3867 2503 3912 ut
2529 3859 2885 3913 animantium
2937 3870 3256 3916 caeterorum
3277 3902 3289 3924 ,
3321 3862 3461 3916 sicut
3492 3861 3659 3917 babes
3687 3863 3862 3931 scrip-

2265 3960 2380 4006 tum
2423 3969 2435 4005 :
2483 3951 2752 4006 Producat
2807 3963 2943 4006 terra
2987 3954 3215 4006 animam
3270 3954 3515 4008 viventem
3579 3955 3860 4009 secundum

2259 4061 2419 4116 genus
2460 4041 2622 4116 (Gen.
2678 4059 2728 4109 ι,
2758 4041 2885 4113 24).
2922 4044 3015 4097 list
3042 4043 3206 4098 etiam
3235 4045 3340 4098 vita
3389 4055 3762 4111 mortuorum,
3805 4054 3861 4100 ut

2264 4137 2406 4192 Deus
2433 4137 2738 4203 Abraham,
2767 4147 2821 4192 et
2854 4138 2993 4192 Deus
3018 4137 3167 4193 Isaac
3189 4180 3202 4201 ,
3231 4149 3285 4194 et
3329 4139 3472 4193 Deus
3501 4139 3698 4205 Jacob;
3729 4140 3862 4210 quia

2262 4229 2402 4283 Deus
2432 4242 2770 4284 mortuorum
2805 4244 2912 4284 non
2945 4239 3066 4303 est,
3109 4229 3203 4284 sed
3238 4231 3498 4284 vivorum.
3530 4232 3666 4284 Sunt
3693 4232 3862 4287 etiam

2261 4322 2459 4391 quibus
2498 4325 2861 4377 communitas
2890 4333 2975 4376 est
3007 4323 3254 4392 quaedam
3293 4325 3478 4378 mortis
3503 4332 3559 4378 et
3586 4324 3706 4376 vitae
3730 4362 3747 4387 ,
3787 4323 3860 4380 de

2259 4417 2454 4486 quibus
2483 4416 2558 4470 ait
2585 4417 2877 4486 Apostolus
2912 4417 3098 4473 dicens
3129 4437 3141 4472 :
3177 4419 3238 4474 Si
3277 4419 3577 4474 commortui
3625 4419 3742 4474 estis
3764 4463 3778 4484 ,
3812 4428 3863 4474 et

2258 4509 2551 4562 conrivetis.
2586 4509 2646 4563 Si
2677 4511 2813 4562 enim
2853 4510 3216 4578 complantati,
3251 4513 3445 4582 inquit,
3475 4528 3652 4565 sumus
3678 4511 3861 4565 simili—

558 4607 762 4662 habere
809 4621 917 4660 non
967 4604 1172 4674 possit?
1203 4603 1298 4658 Est
1343 4601 1506 4657 etiam
1538 4602 1627 4672 qui
1661 4601 1768 4654 vita
1799 4601 2052 4666 moritur,
2100 4606 2236 4665 utD
2263 4601 2428 4653 tudini
2475 4602 2654 4654 mortis
2693 4605 2839 4674 ejus,
2891 4602 3045 4655 simul
3087 4613 3136 4657 et
3184 4604 3575 4657 resurrectionis
3627 4605 3860 4658 erimus:

558 4701 650 4771 qui
687 4699 818 4753 vivit
852 4712 1113 4768 corpore,
1145 4696 1243 4752 sed
1272 4704 1396 4750 actu
1433 4696 1661 4750 moritur
1695 4709 1834 4749 suo:
1865 4694 2052 4762 quales
2084 4694 2160 4748 illi

555 4800 705 4859 sunt,
725 4790 792 4845 de
810 4789 1004 4860 quibus
1031 4787 1106 4842 ait
1137 4787 1441 4858 Propheta:
1469 4785 1799 4841 Descendunt
1820 4787 1873 4839 in
1896 4783 2156 4847 infernum

557 4885 776 4939 viventes
802 4880 922 4954 (Ps.
954 4896 1060 4948 uv,
1089 4879 1204 4950 16).
1235 4879 1303 4934 Ει
1329 4879 1420 4934 illa
1447 4879 1516 4935 de
1541 4895 1645 4950 qua
1673 4879 1966 4949 Apostolus
1994 4877 2158 4933 dicit:

557 4979 812 5048 Quoniam
843 4977 1010 5031 vivens
1031 4983 1232 5028 mortuo
1248 4981 1324 5028 est
1359 4971 1413 5044 (l
1443 4971 1580 5028 Tim.
1604 4989 1737 5038 Lvn,
1785 4972 1864 5045 6).
1899 4972 2160 5040 Quartum

556 5081 830 5146 superest,
851 5068 999 5142 quod
1024 5077 1151 5126 sunt
1170 5065 1266 5139 qui
1291 5067 1452 5123 etiam
1483 5076 1659 5124 morte
1687 5067 1898 5134 vivunt,
1933 5077 1990 5122 ut
2017 5083 2165 5122 mar-

629 5281 657 5310 ει
690 5270 820 5326 Mss.
852 5281 1042 5323 omnes
1065 5307 1080 5332 ,
1107 5273 1271 5320 morte
1297 5264 1497 5330 vivere,
1531 5263 1637 5318 vita
1677 5263 1830 5320 mori.
1863 5264 1936 5320 At
1962 5273 2152 5320 contra

553 5344 716 5409 edit.,
744 5341 896 5396 morti
930 5341 1126 5405 vivere,
1162 5337 1457 5409 vitwrmori.

625 5414 653 5452 ι’
679 5407 807 5468 Mss.
859 5412 919 5468 S.
965 5409 1096 5475 Tb.,
1123 5408 1202 5463 vel
1239 5408 1328 5462 ille
1366 5409 1451 5478 qui
1494 5407 1924 5478 mortifmoritur,
1956 5408 2034 5462 vel
2062 5407 2154 5462 ille

553 5486 641 5558 qui
668 5490 802 5540 vitae.
836 5482 1022 5558 Itaque
1050 5497 1112 5558 ea:
1129 5489 1350 5558 quatuor
1371 5477 1499 5558 illis,
1521 5487 1626 5558 etc.
1656 5477 1839 5558 ιξειιιη
1858 5480 1938 5533 vel
1959 5480 2047 5534 ille
2065 5480 2154 5558 qui

554 5547 717 5610 morte
745 5547 986 5620 moritur,
1012 5554 1090 5608 vel
1127 5553 1216 5607 ille
1258 5552 1342 5622 qui
1370 5553 1472 5604 vita
1500 5549 1638 5622 vivit.
1663 5547 1879 5621 Itaque,
1918 5561 2051 5615 etc.,
2078 5547 2146 5605 ἰιι

555 5643 787 5709 quorum
817 5637 1008 5682 neutro
1034 5621 1288 5692 habetur,
1311 5632 1358 5676 et
1382 5622 1470 5692 qui
1495 5621 1612 5676 vita:
1635 5623 1783 5690 vivit,
1813 5632 1862 5676 et
1889 5624 1976 5694 qui
2000 5624 2151 5677 morti

639 5708 653 5748 t
683 5738 695 5750 .

554 5708 786 5824 mugilis.
817 5767 999 5838 Rem.,
1021 5769 1311 5826 moriuntur
1329 5783 1503 5838 carne,
1524 5765 1615 5824 sed
1635 5767 1806 5822 vivunt
1829 5767 1997 5841 gratia
2018 5782 2153 5822 mor-

553 5847 787 5897 tuorum.

583 5855 787 5896 uorum.

2261 4693 2477 4747 scientes
2532 4693 2652 4762 quia
2699 4703 2838 4747 vetus
2891 4695 3042 4747 homo
3080 4705 3251 4749 noster
3295 4696 3452 4751 simul
3503 4698 3739 4766 conﬁxus
3787 4707 3860 4751 est

2265 4787 2439 4852 cruci;
2471 4796 2525 4839 ut
2555 4786 2852 4840 destruatur
2884 4803 3076 4856 corpus
3105 4791 3331 4859 peccati,
3364 4799 3418 4842 ut
3450 4790 3586 4844 ultra
3616 4807 3715 4843 non
3746 4805 3856 4844 ser-

2262 4880 2463 4933 viamus
2511 4890 2736 4947 peccato.
2775 4877 2876 4946 Qui
2910 4878 2927 4917 ί
2959 4881 3095 4933 enim
3124 4891 3357 4934 mortuus
3397 4891 3505 4945 est,
3535 4883 3862 4954 justi/icatus

2267 4983 2341 5028 est
2365 4990 2395 5026 a
2422 4983 2628 5044 peccato
2657 4972 2834 5045 (Rom.
2890 4987 2965 5038 v1,
2993 4974 3071 5043 5).
3105 4975 3258 5029 Sicut
3285 4983 3462 5028 autem
3499 4977 3698 5045 liguras
3727 4975 3860 5029 mul-

2270 5077 2352 5122 tas
2381 5071 2504 5122 vitae
2535 5066 2788 5132 diximus,
2821 5064 2895 5120 ita
2917 5066 3078 5122 etiam
3111 5067 3300 5122 mortis
3330 5067 3689 5124 inveniemus.
3721 5066 3860 5122 Dici-

2329 5263 2355 5304 ἀ
2381 5266 2515 5351 μεθ.
2555 5274 2613 5323 et
2655 5275 2765 5324 vet.
2811 5269 2942 5326 edit.
2998 5285 3192 5342 magno
3239 5285 3542 5338 consensu,
3573 5272 3653 5327 vel
3693 5282 3853 5328 morte

2256 5355 2409 5394 ιιιοη.

2335 5453 2357 5481 ο
2391 5445 2520 5500 Mss.
2555 5446 2613 5502 S.
2646 5445 2800 5500 Rem.
2835 5455 2892 5500 et
2915 5443 2972 5500 S.
2997 5444 3126 5510 Tb.,
3162 5443 3304 5498 Nam
3325 5445 3414 5514 qui
3440 5463 3542 5499 non
3573 5447 3689 5501 vitae
3718 5447 3852 5511 vivit,

2257 5518 2537 5570 sectmdum
2568 5527 2780 5570 mortem
2815 5518 3002 5571 anima:
3038 5532 3146 5571 suta
3173 5517 3308 5572 vivit.
3345 5517 3403 5570 Is
3434 5519 3587 5571 morti
3615 5520 3857 5585 moritur,

2259 5588 2345 5654 qui
2368 5605 2468 5641 non
2489 5598 2563 5642 est
2586 5591 2857 5652 obnoxius,
2888 5599 2996 5643 etc.

2339 5699 2355 5737 ί
2403 5702 2505 5776 Qui
2528 5704 2659 5756 enim
2686 5711 2917 5776 mortuus
2937 5711 3026 5776 (est
3049 5745 3067 5776 ,_
3087 5702 3404 5772 justi/icatus
3447 5711 3522 5756 est
3551 5720 3584 5758 a
3628 5712 3855 5776 peccato.

2263 5771 2391 5829 Ilaec
2411 5775 2465 5829 in
2499 5789 2628 5832 mss.
2664 5773 2900 5846 quinque
2919 5771 3314 5831 desiderantur.
