4222 6364
368 303 473 362 297

1553 294 1642 352 DE
1683 291 2026 354 PARADISO
2061 291 2268 353 LIBER
2309 293 2511 354 UNUS.
2550 295 2552 298 ’

3557 305 3665 366 298

372 426 458 473 tur
493 415 637 472 cnim
686 421 834 468 mers
880 412 1058 478 mala,
1089 410 1386 467 secundum
1434 410 1566 466 illud
1597 429 1608 464 :
1641 411 1826 465 Anima
1852 428 1967 480 ιμιιε
1992 421 2044 479 Α
2073 412 2127 466 ni
2171 428 2293 468 esse
2337 413 2556 484 generis
2585 414 2898 486 propagatio
2922 453 2938 482 ,
2999 416 3371 485 pronuntiavit
3399 417 3660 480 Dominus

375 519 579 581 peccat,
629 509 742 578 ipsa
789 508 1034 559 morietur
1062 504 1288 575 (Ezeclt.
1319 521 1448 558 xvnt
1469 546 1484 569 ,
1513 503 1637 574 “20).
1673 505 1880 558 Dicitttr
1910 515 1963 559 et

371 619 519 659 mors
565 601 947 665 communiter,
979 598 1120 653 sicut
1147 597 1315 652 habes
1347 597 1493 650 verbi
1525 597 1696 666 gratia
1729 615 1740 648 :
1774 607 1800 634 ιι
1827 597 1963 662 Quia

369 696 538 753 Adam
583 695 719 751 vixit
759 702 839 749 tot
857 709 1059 758 annos,
1090 702 1145 747 et
1183 700 1425 746 mortuus
1455 700 1567 754 est,
1601 701 1656 745 et
1683 690 1964 760 appositus

369 802 449 848 est
475 791 541 846 ad
570 803 750 863 patres
782 803 933 844 suos.
968 788 1174 843 Dicitur
1220 785 1381 842 etiam
1427 800 1576 841 mors
1610 800 1714 854 per
1754 785 1962 855 baptis-

367 886 527 942 matis
572 893 968 940 sacramentum
989 922 1004 948 ,
1037 882 1176 936 sicut
1209 879 1377 935 habes
1409 897 1422 934 :
1452 878 1746 951 Consepulti
1785 893 1961 931 sumus

365 1003 482 1041 cum
506 985 596 1040 illo
626 1001 715 1049 per
747 983 1058 1056 baptismum
1100 980 1155 1034 in
1200 988 1362 1032 morte
1400 976 1420 1049 (
1449 976 1598 1032 Rom.
1647 991 1725 1041 vr,
1750 974 1785 1028 4
1806 972 1849 1044 ).
1893 974 1963 1028 Ει

364 1080 496 1135 alibi
530 1097 543 1134 :
573 1077 635 1134 Si
665 1085 836 1130 autem
857 1074 1047 1130 mortui
1085 1089 1264 1128 sumus
1291 1087 1407 1125 cum
1433 1068 1670 1136 Christo,
1701 1067 1960 1121 credimus

362 1177 514 1228 etiam
556 1171 695 1246 quod
726 1171 881 1226 simul
909 1170 1130 1247 vivemus
1169 1183 1285 1221 cum
1318 1164 1412 1219 illo
1445 1161 1621 1235 (Ibid.
1656 1159 1749 1232 8).
1792 1157 1958 1215 Vides

362 1271 488 1342 quia
539 1284 688 1324 mors
730 1261 1390 1338 quidembappellatione
1431 1259 1664 1324 dicatur,
1697 1254 1792 1310 sed
1843 1256 1960 1308 haec

360 1366 473 1418 vita
500 1363 571 1418 sit
601 1371 808 1417 nostra.

985 1492 1214 1551 CAPUT
1256 1493 1324 1549 X.

358 1617 462 1674 Cur
483 1616 736 1671 hominem
766 1612 900 1668 Deus
924 1628 1023 1666 non
1043 1607 1344 1681 approbarit
1374 1604 1470 1659 nisi
1494 1611 1607 1672 post
1629 1606 1817 1674 factam
1843 1615 1956 1654 mu—

431 1715 628 1780 lierem,
684 1719 731 1765 et
781 1710 835 1763 id
892 1709 1113 1761 maxime
1147 1703 1285 1774 quod
1320 1717 1408 1774 per
1437 1699 1571 1753 hanc
1601 1699 1688 1752 ille
1715 1699 1956 1768 deceptus

2067 525 2172 562 non
2202 525 2321 564 esse
2367 510 2563 564 bonum
2593 511 2765 564 solum
2793 525 2916 565 esse
2973 511 3266 570 hominem.
3300 515 3490 571 Maluit
3515 519 3659 572 enim

2069 604 2210 657 Deus
2245 608 2425 672 plures
2451 619 2570 658 esse
2591 620 2726 674 quos
2756 603 2933 658 salvos
2980 603 3159 660 facere
3187 616 3370 675 posset
3393 649 3407 670 .
3459 620 3512 662 et
3539 609 3662 681 qui-

2069 696 2168 751 bns
2200 698 2429 752 donaret
2473 709 2746 768 peccatum
2774 741 2789 764 ,
2841 716 2999 770 quam
3034 718 3196 755 unum
3239 704 3414 757 solum
3447 703 3614 758 Adam
3643 747 3658 770 ,

2067 794 2159 862 qui
2187 793 2319 847 liber
2350 803 2496 849 esset
2531 812 2557 847 a
2581 796 2760 865 culpa.
2796 795 3035 866 Denique
3055 799 3178 868 quia
3209 798 3348 853 idem
3380 800 3661 869 utriusque

2066 896 2253 940 auctor
2281 895 2364 941 est
2390 887 2569 956 aperis
2591 929 2606 952 ,
2642 889 2793 950 venit~
2815 890 2866 944 in
2897 881 3035 945 hunc
3067 893 3324 946 mundum
3351 935 3365 958 ,
3397 901 3456 946 ut
3481 895 3660 950 salvos

2067 977 2270 1033 laceret
2287 987 2619 1047 peccatores.
2637 980 2918 1036 Postremo
2946 998 3047 1038 nec
3063 981 3194 1038 Cain
3219 985 3662 1053 parricidiireum

2066 1074 2380 1143 priusquam
2408 1085 2690 1144 generaret
2719 1075 2878 1140 lilios,
2910 1093 3099 1147 passus
3125 1088 3208 1133 est
3237 1081 3477 1136 interire.
3517 1082 3658 1152 Ergo

2065 1176 2284 1236 propter
2333 1167 2737 1235 generationem
2793 1171 3150 1226 successionis
3183 1171 3429 1227 humanae
3475 1174 3664 1229 debuit

2064 1258 2260 1312 mulier
2281 1259 2437 1328 adjici
2462 1260 2578 1314 viro
2613 1259 2763 1328 (Vid.
2791 1261 2852 1316 S.
2877 1261 3010 1334 Aug.
3043 1264 3081 1317 ι.
3105 1280 3141 1318 ιι
3163 1275 3338 1318 contra
3363 1264 3478 1320 Jul.
3513 1265 3654 1334 Pel.,

2061 1367 2106 1407 ο.
2144 1353 2194 1417 7,
2231 1370 2283 1406 n.
2338 1352 2453 1422 20).
2487 1354 2724 1423 Denique
2755 1355 2853 1409 hoc
2882 1355 2998 1423 ipsa
3049 1357 3212 1411 verba
3243 1358 3522 1413 declarant
3577 1359 3656 1414 di-

2061 1444 2234 1500 centis
2264 1445 2358 1499 Dei
2385 1486 2399 1510 ,
2452 1460 2558 1499 non
2591 1445 2787 1500 bonum
2835 1447 3006 1501 solum
3037 1463 3158 1504 esse
3187 1451 3478 1505 hominem.
3522 1453 3654 1508 Nam

1991 1591 1998 1598 ,
2059 1540 2162 1593 etsi
2195 1538 2388 1593 mulier
2419 1539 2563 1605 prior
2596 1549 2878 1608 peccatura
2909 1551 3028 1596 erat
3055 1584 3068 1608 ,
3105 1553 3284 1598 tamen
3333 1545 3660 1615 redemptio-

2060 1646 2182 1685 nem
2213 1632 2314 1685 sibi
2348 1632 2583 1699 paritura
2607 1647 2714 1687 non
2764 1633 2949 1688 debuit
2978 1635 3047 1689 ab
3095 1652 3193 1691 usu
3223 1637 3419 1692 divinae
3463 1655 3654 1709 opera-

2062 1723 2223 1776 tionis
2251 1722 2485 1778 excludi.
2508 1724 2764 1792 Quamvis
2780 1727 2921 1780 enim
2943 1727 3114 1783 Adam
3133 1744 3236 1783 non
3269 1742 3351 1784 est
3372 1731 3649 1800 seductus,

429 1805 749 1876 peccaverit;
805 1803 1026 1871 itemque
1079 1814 1170 1852 cur
1217 1796 1393 1850 eadem
1443 1809 1544 1846 non
1593 1791 1657 1844 de
1700 1800 1859 1857 terra,
1893 1807 1934 1842 ui

2058 1815 2248 1869 mulier
2274 1826 2452 1870 autem
2499 1816 2719 1872 seducta
2750 1827 2806 1872 et
2847 1820 2897 1873 in
2953 1824 3394 1889 praevaricatione
3445 1791 3651 1895 fuerit,

429 1900 631 1962 Adam,
664 1897 752 1952 sed
775 1898 838 1950 de
866 1904 1006 1948 costa
1034 1893 1144 1963 ejus
1175 1901 1346 1944 creata
1372 1888 1436 1944 sit
1464 1887 1489 1938 Ξ)

428 2016 518 2073 46.
561 2017 692 2072 Item
723 2015 824 2070 alia
855 2011 1086 2084 quzestio
1113 2053 1127 2078 ,
1153 2009 1277 2080 quia
1304 2007 1442 2062 dixit
1485 2003 1748 2060 Dominus
1777 2021 1789 2058 :
1831 2001 1948 2058 Non

351 2130 427 2176 est
443 2119 632 2174 bonum
669 2112 838 2170 solum
878 2125 986 2164 esse
1008 2105 1264 2159 hominem
1290 2100 1446 2175 (Gen.
1477 2116 1515 2154 ιι
1545 2141 1558 2164 ,
1596 2098 1704 2170 18).
1766 2097 1947 2152 Primo

343 2214 589 2270 omnium
621 2220 887 2276 cognosce
925 2200 1048 2273 quia
1096 2201 1150 2253 in
1183 2193 1556 2266 superiOribus
1582 2233 1597 2253 .
1643 2191 1728 2246 ubi
1764 2189 1943 2243 homi-

342 2323 470 2364 nem
506 2304 660 2358 linxit
691 2275 830 2354 Deus
860 2296 928 2350 de
959 2295 1087 2348 limo
1118 2301 1278 2346 terra:
1302 2330 1317 2353 ,
1351 2302 1456 2342 non
1487 2283 1692 2339 addidit
1721 2304 1733 2336 :
1770 2281 1834 2336 Et
1867 2281 1943 2335 vi-

339 2403 416 2456 dit
434 2400 567 2454 Deus
583 2397 702 2468 quia
713 2394 898 2447 bonum
909 2397 983 2445 est
998 2385 1225 2457 (Gen.t,l
1241 2385 1316 2437 let
1328 2379 1458 2450 seq.)
1470 2375 1942 2448 ,quemadmodum

338 2496 392 2551 in
427 2491 654 2565 singulis
683 2485 938 2558 operibus
967 2482 1098 2536 suis.
1119 2477 1253 2533 Nam
1285 2477 1329 2529 si
1356 2473 1580 2528 dixisset
1609 2469 1717 2524 illic
1743 2468 1941 2524 bonum

341 2605 495 2654 esse,
523 2564 648 2658 quia
682 2581 844 2638 homo
894 2578 1067 2633 lactus
1095 2581 1218 2635 est,
1279 2567 1616 2624 inveniretur
1674 2564 1776 2616 hoc
1823 2574 1944 2615 esse

242 2677 254 2688 ’
339 2682 706 2744 contrarium,
739 2686 796 2731 ut
822 2675 908 2729 hic
940 2686 1044 2727 non
1075 2683 1195 2724 esse
1226 2666 1425 2720 bonum
1454 2661 1702 2722 diceret,
1735 2670 1855 2709 cum
1889 2653 1940 2706 in

337 2773 712 2848 superioribus
739 2770 939 2826 bonum
973 2778 1094 2819 esse
1125 2759 1369 2815 dixisset.
1425 2752 1532 2809 Sed
1582 2750 1684 2806 hoc
1735 2747 1808 2802 ibi
1852 2761 1943 2801 co-

335 2844 562 2943 gnosce,
591 2865 680 2920 ubi
711 2863 885 2918 solum
908 2857 1078 2914 Adam
1108 2853 1254 2909 fecit.
1283 2851 1549 2906 Caeterum
1582 2844 1673 2900 ubi
1697 2855 1943 2896 commu-

339 2933 486 3021 niter
515 2953 928 3029 comprehendit
955 2959 1011 3007 et
1040 2949 1212 3002 virum
1240 2955 1292 2999 et
1325 2942 1612 3022 mulierem
1646 2938 1816 2990 l'actos
1838 2975 1853 3000 ,
1878 2933 1942 2987 li-

337 3067 425 3112 cet
452 3071 519 3109 ne
549 3054 620 3107 ibi
643 3028 862 3122 quidem
889 3043 1085 3100 dixerit
1105 3037 1444 3110 specialiter;
1471 3044 1649 3087 tamen
1669 3028 1791 3100 quia
1814 3041 1938 3096 pos-

336 3157 422 3203 tea
455 3147 656 3200 habes:
696 3139 839 3195 Vidit
864 3136 1002 3190 Deus
1024 3133 1196 3189 omnia
1226 3145 1340 3200 qua:
1379 3127 1539 3198 fecit,
1566 3133 1613 3178 et
1640 3137 1754 3177 ecce
1793 3127 1938 3174 erant

2052 1911 2198 1966 salva
2228 1920 2402 1965 tatnen
2422 1953 2436 1977 ,
2467 1913 2669 1982 inquit,
2702 1915 2802 1968 erit
2832 1931 2927 1985 per
2953 1915 3180 1971 ﬁliorum
3209 1920 3647 1988 generationem,

2008 2045 2010 2047 .
2049 2003 2190 2058 inter
2216 2019 2350 2075 quos
2379 2006 2650 2073 generavit
2678 2018 2730 2060 et
2763 2006 3093 2080 Christum(l
3111 2009 3243 2089 Tim.
3275 2026 3338 2069 ιι.
3376 2012 3441 2066 14
3463 2024 3508 2066 ει
3531 2014 3644 2084 15).

2119 2094 2209 2150 48.
2250 2095 2360 2151 Nec
2391 2096 2516 2150 illud
2540 2098 2770 2152 otiosum
2799 2099 2910 2169 (55,
2940 2117 2989 2166 q.
3021 2101 3072 2166 5,
3104 2119 3152 2156 c.
3177 2101 3285 2156 Nec
3300 2103 3481 2176 itlua),
3507 2105 3655 2174 quod

2049 2203 2156 2242 non
2185 2187 2252 2242 de
2280 2187 2466 2242 eadem
2490 2199 2639 2249 terra
2668 2191 2734 2243 de
2765 2207 2868 2258 qua
2897 2191 3192 2258 plasmatus
3220 2205 3303 2249 est
3331 2196 3522 2259 Adam,
3553 2197 3650 2254 sed

2048 2281 2117 2337 de
2163 2283 2330 2351 ipsius
2371 2283 2499 2337 Adae
2554 2294 2705 2338 costa
2756 2285 2890 2338 laeta
2921 2285 2990 2339 sit
3017 2287 3246 2352 tnulier;
3281 2299 3335 2341 nt
3383 2290 3647 2347 sciremus

2048 2393 2208 2432 unam
2233 2378 2284 2432 in
2314 2377 2433 2432 viro
2455 2388 2506 2433 et
2525 2380 2747 2434 muliere
2765 2381 3009 2448 corporis
3040 2397 3158 2437 esse
3191 2394 3458 2452 naturam,
3481 2403 3644 2441 nnmn

2047 2469 2250 2525 fontem
2283 2473 2498 2541 generis
2518 2471 2755 2526 humani.
2789 2471 2916 2527 Ideo
2941 2489 3046 2528 non
3079 2473 3186 2528 duo
3207 2495 3234 2528 a
3262 2477 3528 2546 principio
3571 2479 3645 2533 fa-

2046 2564 2115 2618 cti
2130 2565 2216 2618 vir
2236 2572 2291 2619 et
2318 2565 2528 2630 mulier,
2547 2581 2719 2634 neque
2741 2567 2844 2620 duo
2874 2566 2996 2631 viri,
3030 2583 3202 2638 neque
3223 2568 3348 2624 dna:
3368 2572 3640 2640 mulieres,

2046 2656 2142 2710 sed
2184 2655 2416 2726 primum
2450 2657 2569 2721 vir,
2600 2657 2797 2713 deinde
2844 2675 2910 2713 ex
2937 2675 3004 2714 eo
3029 2659 3241 2716 mulier.
3276 2662 3447 2718 Unam
3497 2665 3643 2719 enim

2046 2757 2295 2803 naturam
2348 2749 2538 2804 volens
2570 2751 2846 2806 hominum
2880 2753 3210 2808 constituere
3247 2758 3408 2823 Deus,
3439 2756 3505 2812 ab
3537 2773 3644 2813 uno

2046 2844 2312 2914 principio
2348 2854 2612 2899 creatura:
2643 2845 2803 2916 lmjus
2835 2847 3101 2917 incipiens
3130 2849 3418 2904 multarum
3451 2862 3506 2906 et.
3534 2853 3668 2907 disv

2044 2936 2256 3006 parium
2273 2946 2580 2992 naturarum
2595 2937 2792 3007 eripuit
2806 2939 3643 3017 lacu|tatem.Faciamus,inquit,

2044 3029 2092 3083 ei
2118 3029 2437 3101 adjutorium
2465 3030 2632 3084 simile
2659 3031 2754 3084 sibi
2779 3031 2931 3103 (Gen.
2967 3049 3024 3097 lt,
3059 3034 3169 3106 18).
3206 3037 3548 3105 Adjulorium
3573 3040 3643 3096 ad

2043 3122 2450 3188 generationem
2501 3123 2903 3178 Constitutionis
2963 3124 3214 3182 humana:
3265 3131 3636 3200 intelligimus.

339 3243 472 3297 bona
501 3237 648 3293 valde
669 3232 823 3302 (Gen.
856 3247 896 3295 I,
923 3225 1015 3299 51)
1040 3267 1056 3292 ,
1085 3223 1362 3280 evidenter
1388 3219 1691 3274 declaratur
1737 3213 1937 3268 bonum
1967 3223 2013 3288 ρ
2046 3210 2112 3266 Et
2140 3227 2266 3266 vere
2296 3213 2492 3266 bonum
2525 3214 2874 3283 adjutorimu.
2905 3216 3036 3270 Nam
3065 3219 3107 3271 si
3134 3234 3230 3288 pro
3255 3221 3478 3276 meliore
3500 3225 3642 3278 acci-

331 3347 460 3390 esse
509 3326 652 3400 quod
681 3335 735 3380 et
763 3324 843 3378 vir
870 3322 939 3377 sit
969 3323 1139 3374 lactus
1161 3359 1176 3383 ,
1211 3326 1266 3372 et
1294 3307 1538 3368 mulier.‘

341 3459 346 3462 -
404 3425 496 3480 47.
527 3397 641 3478 Sed
660 3434 729 3474 ex
755 3415 1163 3485 hacqurestione
1180 3411 1284 3463 alia
1305 3405 1534 3474 qumstio
1549 3413 1736 3456 rursus
1777 3397 1934 3471 166

331 3517 579 3584 emergit.
599 3511 878 3582 Quomodo
895 3508 1038 3565 enim
1064 3505 1278 3576 quando
1295 3501 1441 3556 solus
1455 3498 1627 3552 lactus
1641 3505 1721 3551 est
1735 3493 1932 3556 Adam,

331 3630 439 3668 non
466 3609 671 3666 dictum
701 3613 785 3662 est
804 3605 1002 3660 bonum
1055 3613 1178 3655 esse
1210 3599 1404 3650 factum
1455 3591 1627 3646 Adam
1671 3607 1684 3642 :
1717 3585 1933 3656 quando

331 3717 512 3760 autem
543 3711 599 3757 et
648 3698 844 3755 mulier
873 3711 939 3751 ex
969 3709 1034 3750 eo
1084 3692 1223 3746 facta
1278 3697 1401 3753 est,
1456 3695 1582 3740 tunc
1631 3697 1752 3738 esse
1790 3681 1932 3735 bona

333 3795 516 3852 omnia
543 3790 1001 3861 comprehensum
1025 3785 1149 3840 est?
1178 3783 1329 3838 Licet
1357 3779 1464 3835 illic
1492 3792 1708 3832 omnem
1739 3773 1930 3828 lamia-

329 3891 471 3947 verit
496 3897 798 3944 creaturam
828 3925 843 3945 .
875 3893 929 3938 et
957 3876 1322 3936 universitatis
1350 3871 1555 3929 creatio
1580 3871 1652 3925 sit
1681 3867 1926 3937 probata,

325 3985 586 4056 quoniam
614 3982 668 4035 in
713 3978 929 4034 homine
975 3986 995 4013 ο
1053 3980 1258 4028 naturae
1291 3967 1545 4038 praedicta
1570 3959 1929 4018 communitas

326 4054 413 4136 est
440 4096 453 4131 :
486 4087 663 4132 tamen
685 4088 792 4128 non
822 4069 1032 4126 videtur
1061 4066 1294 4120 otiosum
1316 4104 1330 4128 ,
1364 4075 1470 4130 qua
1491 4057 1700 4112 ratione
1724 4054 1812 4108 ubi
1834 4066 1927 4106 so-

326 4173 413 4228 lus
443 4169 618 4225 factus
642 4175 727 4223 est
752 4164 957 4228 Adam,
1009 4176 1114 4215 non
1147 4157 1320 4212 solmn
1353 4166 1686 4224 nequaquam
1732 4144 1928 4218 pratdi-

326 4266 472 4322 catio
491 4262 616 4318 boni
647 4259 970 4330 complacito
1009 4253 1162 4324 Operi
1207 4248 1415 4319 adjecta
1456 4245 1565 4312 sit;
1619 4240 1713 4297 sed
1764 4238 1923 4294 etiam

329 4361 534 4416 dictum
563 4359 635 4413 sit
665 4371 772 4411 non
820 4367 939 4408 esse
969 4351 1168 4407 bonutn
1219 4349 1392 4403 solum
1441 4341 1715 4396 hominem
1751 4354 1764 4390 τ
1798 4349 1923 4390 cum

331 4456 568 4509 sciamus
598 4449 740 4519 quod
773 4453 1058 4514 antequam
1093 4441 1248 4496 ﬁeret
1277 4438 1491 4499 mulier,
1523 4449 1630 4488 non
1659 4427 1925 4486 erraverit

325 4547 540 4610 Adam;
598 4552 783 4614 postea
810 4520 944 4594 vero
996 4551 1154 4608 quam
1194 4533 1389 4588 mulier
1436 4539 1518 4584 est
1547 4531 1725 4592 tacta,
1777 4523 1924 4592 prior

2043 3304 2126 3373 pis
2154 3303 2478 3374 adjutorium
2508 3349 2522 3370 ,
2556 3307 2730 3375 major
2759 3308 3002 3377 qmedam
3034 3309 3086 3363 in
3119 3326 3285 3366 causa
3331 3314 3640 3382 generatio-

2041 3399 2126 3452 nis
2156 3399 2399 3467 operatio
2447 3401 2691 3455 mulieris
2716 3403 3021 3470 reperitur;
3078 3405 3220 3460 sicut
3269 3407 3424 3463 istius
3476 3416 3637 3466 terra:

2038 3489 2158 3562 quae
2193 3493 2398 3547 semina
2431 3495 2605 3563 primo
2635 3507 2855 3565 accepta
2887 3496 3192 3552 cobibendo
3233 3501 3490 3568 paulatim
3524 3486 3639 3559 l’otlt

2035 3600 2135 3640 suo
2161 3587 2475 3642 adolescere
2527 3590 2684 3654 facit,
2716 3599 2772 3644 et
2817 3591 3063 3660 producit
3093 3591 3146 3646 in
3183 3607 3443 3664 segetem.
3480 3596 3534 3652 In
3567 3614 3633 3654 eo

2036 3679 2196 3749 igitur
2225 3679 2552 3750 adjutorinm
2588 3683 2785 3736 bonum
2820 3685 3084 3751 mulieris,
3117 3664 3634 3758 quamquametiam

2035 3774 2258 3829 inferior
2300 3773 2512 3828 dicatur
2569 3776 2822 3845 adjutor;
2876 3787 2932 3830 ut
2981 3787 3034 3830 et
3084 3780 3134 3832 in
3184 3797 3280 3835 usu
3334 3785 3632 3852 reperimus

2036 3867 2292 3932 humano,
2308 3870 2428 3940 quia
2449 3869 2710 3940 dignitate
2727 3871 2960 3940 potiores
2978 3873 3131 3944 167
3146 3875 3461 3948 plerumque
3481 3879 3634 3948 adju-

2035 3970 2208 4018 torem
2239 3963 2421 4019 meriti
2453 3961 2726 4019 inferioris
2755 3965 3081 4021 adsciscunt.

2647 4108 2876 4167 CAPUT
2900 4110 2992 4166 XI.

2034 4227 2306 4294 Quomodo
2333 4225 2583 4281 animalia
2613 4225 2767 4282 ducta
2785 4229 2979 4299 fuerint
3003 4230 3070 4282 ad
3099 4230 3301 4302 Adam;
3327 4236 3452 4304 quid
3477 4256 3632 4311 sopor

2102 4321 2326 4392 ejusdem
2355 4330 2405 4376 et
2431 4330 2586 4375 costa:
2609 4322 2885 4389 wdiﬁcatio
2925 4340 3016 4376 nos
3048 4313 3265 4393 doceat;
3313 4331 3437 4398 quid
3480 4333 3633 4389 etiam

2104 4427 2382 4469 memorata
2404 4416 2651 4468 animalia
2680 4416 2733 4468 in
2757 4416 3054 4482 paradisum
3079 4420 3301 4476 adducta
3317 4423 3630 4496 signiﬁcem;

2100 4516 2147 4560 et
2175 4523 2274 4576 quo
2299 4516 2449 4576 pacto
2469 4509 2601 4580 justi
2622 4507 2674 4560 in
2705 4507 3002 4576 paradisum
3036 4514 3352 4581 rapiantur?

329 4641 569 4695 divinum
597 4625 942 4706 praevaricata
974 4629 1281 4684 mandatum
1311 4665 1326 4689 ,
1368 4624 1531 4680 etiam
1557 4621 1732 4673 virum
1766 4628 1921 4669 suum
1951 4651 2003 4711 Β
2101 4623 2192 4680 49,
2225 4625 2419 4692 δμωαί,
2450 4641 2590 4680 nunc
2609 4641 2705 4680 cur
2731 4625 2877 4680 Deus
2923 4627 3101 4684 adhuc
3147 4629 3360 4690 ﬁnxerit
3381 4636 3448 4692 de
3476 4645 3618 4694 terra

327 4734 559 4789 traxerit
586 4733 636 4784 in
664 4743 902 4785 errorem
925 4768 940 4791 ,
971 4722 1367 4781 etincentivum
1394 4718 1512 4789 ejus
1535 4712 1827 4771 exstiterit.
1861 4709 1919 4764 Si

327 4828 487 4898 igitur
513 4839 643 4879 vero
670 4823 842 4891 culpa:
866 4828 1054 4873 auctor
1073 4826 1172 4888 test
1202 4811 1394 4867 mulier
1418 4851 1434 4878 ,
1463 4802 1917 4880 quemadmodum

326 4934 426 4990 pro
459 4918 599 4971 bono
630 4915 840 4970 videtur
868 4909 1120 4980 adjecta?
1155 4907 1349 4962 Verum
1379 4903 1425 4958 si
1447 4899 1763 4958 consideres
1791 4895 1917 4970 quia

324 5013 437 5068 Deo
466 5008 831 5066 universitatis
879 5014 962 5060 est
1016 5017 1145 5058 cura
1174 5042 1188 5066 ,
1239 4997 1486 5054 invenies-
1535 4999 1656 5066 plus
1705 4997 1919 5063 placere

326 5105 558 5161 Domino
588 5101 843 5158 debuisse
871 5097 922 5152 id
948 5096 1000 5152 in
1032 5109 1139 5165 quo
1161 5102 1305 5148 esset
1334 5104 1495 5146 causa
1527 5083 1915 5149 universitatis,

325 5215 485 5272 quam
516 5193 982 5253 condemnandum
1016 5191 1181 5246 fuisse
1210 5187 1338 5242 illud
1367 5187 1418 5240 in
1451 5198 1558 5256 quo
1588 5190 1732 5238 eSsct
1758 5195 1919 5234 causa

325 5293 553 5367 peccati.
585 5291 655 5347 Et
679 5290 803 5348 ideo
819 5289 941 5361 quia
972 5304 1036 5344 ex
1070 5285 1186 5341 viro
1213 5283 1330 5341 solo
1362 5296 1466 5336 non
1493 5290 1698 5351 poterat
1729 5277 1920 5331 huma-

393 5466 419 5494 ει
457 5456 533 5510 Ita
565 5471 697 5510 mss.
730 5465 784 5511 et
812 5463 918 5509 vot.
973 5452 1102 5507 edit.
1135 5449 1298 5503 Rom.
1327 5489 1342 5512 ,
1371 5442 1631 5498 Abraham
1659 5438 1783 5493 vixit
1811 5454 1908 5490 an-

318 5545 432 5583 nos.
579 5528 647 5580 ad
674 5529 923 5600 populum
961 5540 1131 5579 suum.
1162 5519 1308 5574 Ilaud
1343 5517 1478 5568 male
1509 5512 1908 5600 forsitanilege-

316 5582 484 5662 retur,
518 5600 656 5667 Quia
674 5582 912 5662 'qu'idam,
947 5607 1054 5651 etc.
1090 5603 1148 5647 ut
1173 5600 1314 5667 esset
1341 5582 1906 5667 exemplnmindeter-

317 5655 598 5727 minatum.
630 5655 736 5726 Sed
756 5686 874 5726 snte
902 5655 1220 5724 auctoritate
1250 5664 1300 5716 in
1327 5669 1530 5714 textum
1556 5655 1684 5710 nihil
1733 5655 1906 5708 intru-

321 5744 525 5872 dimi.
567 5830 697 5871 mss.
725 5814 870 5878 Vat.,
901 5763 1168 5876 Th‘.,l)iv.
1194 5850 1208 5874 ,
1237 5807 1294 5864 S.
1328 5804 1428 5859 Th.
1453 5844 1468 5870 ν
1494 5799 1663 5878 ῙδέΨδῖ
1690 5807 1745 5852 et
1774 5795 1906 5878 eAll”

317 5868 541 5946 Anu—et
569 5868 712 5943 lira.
757 5868 884 5940 Μ-έ.
921 5868 1050 5937 vero
1082 5868 1220 5953 BigI,
1253 5879 1408 5936 Gem.
1439 5868 1493 5931 et
1534 5871 1729 5938 Miclt.,
1763 5868 1902 5923 vides

598 5981 878 6044 Ρηιιοι..
911 5975 1090 6039 XIV.

2029 4731 2218 4774 omnes
2251 4719 2454 4775 bestias
2480 4721 2615 4788 agri,
2648 4729 2702 4772 et
2731 4721 2910 4772 omnia
2944 4721 3178 4778 Volatilia
3207 4729 3330 4781 creti
3377 4740 3430 4784 et
3457 4732 3630 4787 adduo

2028 4813 2166 4868 xerit
2191 4827 2254 4868 ea
2280 4813 2345 4867 ad
2376 4811 2588 4877 Adam,
2621 4819 2680 4865 ut
2723 4811 2929 4867 videret
2959 4817 3084 4885 quid
3132 4791 3347 4875 vocaret
3375 4839 3458 4878 ea.
3511 4826 3628 4894 Qua

2027 4902 2236 4956 ratione
2267 4901 2370 4955 hoc
2402 4900 2597 4954 factum
2638 4909 2756 4964 est,
2817 4917 2938 4982 cum
2999 4910 3367 4964 tantummodo
3427 4915 3625 4976 bestias

2029 4993 2164 5064 agri.
2193 5002 2248 5048 et
2273 4991 2510 5046 Volttlllla
2539 4991 2746 5048 cmliad
2761 4992 2932 5049 Adam
2956 4997 3240 5054 adduxerit
3262 5002 3438 5059 D..-.us?
3461 5009 3631 5066 Erant

2025 5088 2168 5144 enim
2202 5101 2392 5156 pecora
2421 5085 2712 5139 secundum
2761 5102 2930 5156 genus
2975 5103 3150 5146 suum.
3187 5093 3428 5167 Denique
3460 5101 3626 5158 habes

2026 5181 2162 5237 infra
2185 5198 2197 5234 :
2225 5180 2361 5248 Quia
2387 5180 2626 5249 imposuit
2661 5179 2832 5234 Adam
2853 5184 3058 5237 nomina
3081 5189 3311 5242 omnibus
3333 5195 3620 5263 pecoribus,

2025 5283 2072 5332 et
2097 5275 2331 5330 omnibus
2351 5273 2520 5328 bestiis
2551 5274 2683 5345 agri.
2699 5274 2828 5329 Atla:
2847 5290 3016 5331 autem
3038 5295 3140 5334 non
3162 5291 3234 5336 est
3262 5284 3496 5342 inventus
3523 5289 3626 5343 ad-

2013 5435 2134 5506 quia
2169 5450 2305 5516 mors
2329 5431 2552 5516 "quidem
2585 5433 3253 5516 appellatione_judicatur
3280 5488 3295 5510 ,
3339 5450 3431 5503 sed
3483 5451 3595 5511 licet:

2013 5500 2121 5582 etc.
2172 5506 2311 5582 tam.
2357 5505 2514 5582 Gn._,
2547 5500 2688 5582 vides
2828 5548 2884 5562 ..
2934 5500 3139 5566 dicatur
3191 5500 3294 5570 sed.
3329 5500 3440 5575 is.
3479 5500 3616 5582 ἱεῖᾸῖ

2011 5581 2115 5657 vita
2141 5579 2204 5630 sit
2232 5575 2608 5657 nostra._Ront.
2639 5576 2895 5649 denique,
2927 5585 3065 5638 vides
3092 5590 3214 5657 quia
3236 5590 3344 5645 hate
3685 5574 3692 5580 η

2016 5650 2240 5713 dicatur,
2275 5647 2366 5702 sed
2396 5650 2498 5701 vita
2529 5648 2592 5700 sit
2625 5641 2820 5706 ηοειηξ,
2883 5641 2891 5647 '
3104 5641 3116 5657 ι
3202 5641 3207 5642 ί

2087 5731 2118 5804 ξ,
2155 5721 2228 5774 Ita
2259 5735 2355 5804 sex
2388 5736 2514 5772 mss.
2653 5723 2782 5775 edit.
2831 5734 2935 5804 vel.
2963 5725 3146 5804 qodex
3205 5721 3319 5792 Div.
3373 5749 3425 5794 et
3457 5741 3590 5802 Rom

2014 5790 2954 5885 attt:2_crs'!39:“:t’:s§:€aaetc-At
2986 5785 3616 5885 ειειη-δοτιιηιιιιοηίὶιῦἒὶ

2013 5865 2069 5920 in
2095 5837 2227 5921 born“
2250 5837 2954 5933 ηαωΐωιυρΐωώεῶἃῗωη..
2986 5837 3141 5858 ..ωη-
3157 5837 3220 5861 at.
3242 5837 3264 5863 ι
3280 5837 3358 5879 ιιι,
3373 5837 3618 5885 quoniam

3025 5969 3103 6030 10
