4150 6358
543 309 654 376 999

1887 301 2132 364 SANCTI
2173 303 2498 367 AMBROSII

3741 299 3846 362 300

534 436 687 507 jutor
739 427 922 485 similis
951 425 1032 482 illi
1061 421 1214 495 (Gen.
1247 436 1303 485 ιι,
1336 417 1450 490 ‘20).
1503 417 1633 486 Quae
1681 417 1842 489 igitur
1873 419 2144 476 absolutio
2169 423 2224 483 Α
2250 421 2338 476 tali
2373 419 2620 491 paradiso
2643 418 2842 474 locavit
2867 460 2882 482 ,
2917 417 3020 474 hoc
3049 427 3172 486 est,
3227 419 3508 491 passiones
3557 422 3804 492 corporis
3827 461 3842 484 ,

545 534 628 581 est
661 564 678 589 ,
715 521 816 576 nisi
848 521 968 590 quia
992 514 1264 570 indomita:
1291 511 1509 574 b8FliiC,
1559 519 1612 565 et
1641 510 1876 566 volatilia
1907 511 2029 566 εαξιὶ
2061 511 2142 564 di-

548 615 673 670 vina
699 619 966 684 potestate
993 607 1060 664 ad
1108 607 1382 662 hominem
1412 603 1788 659 deducuntur?
1823 604 1896 658 De
1933 602 2146 674 pecori-

548 709 651 764 bus
680 717 860 761 autem
891 701 1109 758 domitis
1139 697 1530 770 congregandis
1560 709 1616 754 et
1637 699 1802 754 homo
1834 697 2020 753 habuit
2051 711 2146 767 po-
2193 737 2200 742 .

549 811 816 859 testatum.
848 797 1030 866 itaque
1060 795 1190 850 illud
1221 793 1416 848 divina:
1447 793 1778 864 operationis
1811 790 1972 846 fuerit
1998 831 2010 854 ,
2043 791 2146 846 hoc

547 894 798 948 humana:
837 888 1147 960 diligentias.
1184 887 1358 941 Simul
1401 885 1588 956 accipe
1614 901 1719 955 qua
1769 899 1930 939 causa
1963 883 2144 937 omnia

547 983 776 1042 deducta
809 979 998 1038 sintad
1017 979 1210 1049 Adam,
1241 987 1300 1034 ut
1324 979 1376 1034 in
1407 979 1657 1034 omnibus
1675 975 1886 1032 videret
1908 991 1972 1031 ex
1993 983 2144 1030 utro-

545 1095 650 1151 que
679 1093 812 1133 sexu
867 1075 1222 1130 substantiam
1265 1081 1519 1128 constare
1551 1081 1796 1137 natura},
1829 1069 1882 1125 id
1929 1079 2046 1135 est,
2077 1083 2148 1124 ex

544 1171 788 1226 masculo
825 1177 880 1224 et
926 1167 1122 1223 femina
1149 1207 1162 1230 ,
1195 1176 1250 1221 et
1277 1166 1393 1236 ipse
1435 1179 1534 1220 usu
1563 1165 1918 1234 exemploque
1947 1177 2150 1234 cogno-

543 1275 722 1323 sceret
770 1261 1138 1320 necessarium
1182 1261 1286 1316 sibi
1335 1261 1668 1316 consortium
1709 1257 1950 1314 mulieris
1995 1257 2146 1328 adje-

543 1367 712 1416 ctum.

619 1451 706 1507 ΞΟ.
753 1449 822 1504 Ει
851 1449 1062 1504 immisit
1087 1491 1104 1516 ,
1153 1449 1362 1518 inquit,
1401 1447 1540 1503 Deus
1584 1463 1822 1518 saporem
1853 1448 1906 1500 in
1930 1444 2098 1499 Adam
2127 1485 2142 1510 ,

544 1555 594 1600 et
620 1543 924 1598 obdormivit
954 1539 1114 1612 (Ibid.
1141 1581 1156 1606 ,
1189 1541 1254 1595 2|
1285 1541 1326 1611 ).
1367 1539 1499 1609 Quis
1557 1549 1640 1595 est
1663 1543 1762 1595 iste
1809 1553 1970 1609 sopor
1993 1583 2008 1606 ,
2045 1537 2146 1592 nisi

545 1635 670 1707 quia
702 1634 976 1706 paulisper
1002 1631 1072 1686 ad
1097 1631 1404 1702 coniugium
1435 1631 1800 1702 copulandum
1825 1645 1946 1686 cum
1973 1631 2148 1684 inten-

545 1728 722 1784 dimus
755 1729 1014 1792 animum,
1046 1726 1212 1782 veluti
1234 1727 1470 1781 intentos
1493 1725 1680 1780 oculos
1705 1723 1772 1780 ad
1798 1725 1890 1780 Dei
1916 1736 2142 1792 regnum

2247 525 2300 570 ct
2327 515 2616 570 vanitatem
2648 513 2932 584 quamdam
2961 515 3333 571 ﬂuctuantium
3367 517 3454 573 vel
3485 518 3726 572 inanium
3756 531 3848 570 co-

2245 611 2558 680 gitationum
2586 653 2601 678 ,
2639 611 2782 682 quod
2833 610 2950 680 ipse
2977 613 3146 667 ποειτί
3198 611 3358 669 fuerit
3386 623 3580 669 auctor
3625 612 3844 668 erroris.

2245 703 2540 762 Considera
2569 705 2698 777 quid
2728 705 2870 760 dicat
2898 723 2912 759 :
2951 705 3168 774 Habere,
3203 707 3394 778 inquit,
3427 715 3732 780 potestatem
3763 707 3846 776 pi-

2247 798 2410 854 scium
2438 799 2614 864 maris,
2647 807 2696 851 et
2723 797 3010 853 volatilium
3047 800 3180 866 casti,
3228 811 3274 855 et
3303 801 3532 855 omnium
3567 800 3850 870 repentium

2247 905 2362 960 qua!
2381 899 2562 964 repunt
2586 907 2740 960 super
2753 901 2940 946 terram
2955 889 3107 964 (Gen.
3133 909 3171 961 ι,
3193 893 3478 964 28).Vides
3492 894 3638 964 quod
3655 894 3744 950 ille
3757 894 3848 950 tibi

2249 983 2498 1038 tribuerit
2525 993 2880 1054 potestatem:
2907 995 2966 1040 ut
3009 985 3078 1041 de
3101 987 3356 1043 omnibus
3372 985 3618 1058 judicare
3649 999 3706 1041 tu
3747 988 3844 1044 de-

2247 1075 2398 1142 beas,
2429 1077 2762 1148 singulorum
2791 1093 2988 1149 genera
3013 1079 3204 1149 judicii
3235 1082 3310 1136 tui
3365 1081 3551 1136 sobria
3583 1081 3850 1136 definitio-

2249 1185 2316 1225 ne
2345 1169 2673 1227 discernere.
2713 1170 2930 1227 Vocavit
2959 1171 3026 1228 ad
3059 1183 3112 1228 te
3153 1174 3334 1230 omnia
3367 1175 3548 1239 Deus;
3601 1181 3663 1228 ιιι
3689 1189 3846 1245 supra

2249 1266 2427 1319 omnia
2457 1273 2693 1320 mentem
2723 1275 2866 1320 tuam
2895 1280 3276 1336 cognosceres.
3299 1267 3405 1322 Cur
3430 1281 3552 1337 quae
3583 1267 3678 1321 tibi
3703 1267 3851 1320 simi-

2249 1355 2316 1410 lia
2347 1355 2568 1412 minime
2595 1359 2838 1426 reperisti
2861 1399 2878 1426 ,
2931 1359 3235 1415 adsciscere
3263 1359 3358 1414 tibi
3385 1368 3440 1414 et
3474 1359 3730 1430 copulare
3757 1375 3848 1414 vo-

2251 1449 2394 1504 luisti
2421 1449 2444 1502 ?
2475 1449 2630 1504 Dedit
2673 1451 2768 1504 tibi
2799 1460 2950 1506 certe
2977 1468 3194 1508 sensum
3223 1467 3328 1522 quo
3375 1453 3623 1508 universa
3653 1465 3848 1520 cogno-

2249 1557 2452 1610 scct'cs,
2473 1551 2528 1597 et
2545 1540 2654 1598 1’de
2681 1543 2910 1614 cognitis
2927 1543 3222 1614 judicares,
3249 1545 3552 1614 meritoque
3577 1543 3644 1598 de
3671 1544 3762 1597 illo
3782 1543 3852 1598 fe-

2249 1633 2428 1689 cundo
2475 1633 2704 1704 paradisi
2760 1650 2890 1706 agro
2917 1635 3123 1706 ejectus
3170 1651 3230 1692 es
3262 1679 3276 1702 ,
3331 1638 3458 1707 quia
3497 1651 3604 1692 non
3639 1635 3853 1707 potuisti

2251 1741 2468 1782 servare
2511 1725 2846 1782 mandatum.
2895 1728 3110 1784 Sciebat
3160 1729 3302 1784 enim
3339 1729 3480 1784 Deus
3509 1743 3634 1784 esse
3668 1739 3720 1785 te
3751 1729 3850 1783 fra-

545 1821 810 1878 inclinare
844 1831 1004 1891 atque
1049 1819 1326 1876 inﬂectere
1351 1819 1600 1875 videmur
1638 1821 1702 1874 ad
1735 1817 2022 1889 quemdam
2063 1831 2152 1872 so—
2181 1823 2230 1885 Β
2255 1817 2418 1888 gilem
2447 1861 2461 1886 ,
2493 1819 2698 1874 sciebat
2721 1819 2966 1890 judicare
2997 1838 3101 1876 non
3151 1835 3343 1891 posse;
3373 1823 3496 1876 ideo
3535 1821 3668 1876 dixit
3707 1822 3850 1892 quasi

545 1927 730 1969 mnum
761 1914 914 1969 istius
939 1915 1126 1968 mundi
1148 1955 1162 1979 ,
1195 1921 1249 1968 et
1280 1915 1550 1983 paulisper
1572 1912 1880 1968 obdormire
1906 1910 2102 1966 divinis
2130 1951 2144 1977 ,

546 2006 674 2062 dum
705 2007 760 2061 in
786 2005 1136 2062 saecularibus
1165 2005 1560 2076 mundanisque
1583 2004 2018 2076 requiescimus?
2045 2003 2150 2058 De-

546 2101 707 2170 nique
737 2110 1084 2171 posteaquam
1114 2115 1364 2170 soporem
1393 2100 1618 2154 inmisit
1644 2101 1696 2154 in
1731 2099 1921 2160 Adam,
1942 2107 1994 2152 et
2025 2095 2152 2152 dor-

543 2193 733 2260 mivit,
788 2205 912 2250 tunc
951 2195 1228 2264 aediﬁcavit
1258 2191 1512 2248 Dominus
1559 2191 1700 2248 Deus
1759 2202 1954 2247 costam
2000 2207 2152 2260 quam

541 2281 760 2360 sumpsit
789 2291 853 2346 de
875 2291 1042 2346 Adam
1065 2293 1118 2346 in
1151 2291 1434 2346 mulierem.
1467 2293 1635 2358 Bene,
1660 2293 1961 2361 aediﬁcavit,
1991 2291 2148 2356 dixit,

544 2385 634 2440 ubi
664 2385 730 2440 de
753 2383 996 2440 mulieris
1023 2387 1298 2440 creatione
1326 2385 1668 2456 loquebatur,
1699 2383 1902 2462 quialin
1949 2383 2066 2438 viro
2100 2393 2155 2438 et

540 2479 771 2534 muliere
804 2477 997 2534 domus
1023 2479 1238 2533 videtur
1266 2479 1511 2550 quredam
1543 2479 1701 2549 plena
1730 2493 1852 2534 esse
1869 2477 2150 2548 perfectio.

539 2571 642 2640 Qui
670 2573 786 2629 sine
818 2587 984 2628 uxore
1007 2580 1110 2638 est,
1142 2573 1290 2642 quasi
1316 2572 1430 2625 sine
1461 2572 1622 2626 domo
1653 2573 1762 2638 sit,
1797 2573 1877 2626 sic
1903 2571 2148 2626 habetur.

544 2663 698 2719 Sicut
729 2663 874 2720 enim
899 2665 986 2719 vir
1015 2663 1248 2736 publicis
1277 2663 1494 2729 ofﬁciis,
1530 2665 1599 2718 ita
1630 2665 1822 2720 mulier
1841 2663 2157 2720 domesticis

546 2756 866 2812 ministeriis
895 2757 1126 2812 habilior
1157 2761 1472 2813 aestimatur.
1496 2757 1790 2814 Considera
1811 2761 1936 2826 quia
1957 2775 2020 2814 ex
2035 2773 2156 2815 cor-

538 2865 674 2920 pore
723 2858 931 2906 costam
976 2851 1208 2920 sumpsit
1237 2892 1253 2916 ,
1314 2867 1423 2906 non
1481 2865 1546 2906 ex
1571 2852 1750 2906 anima
1795 2851 2094 2921 portionem
2131 2871 2146 2922 ;

545 2943 650 3000 hoc
683 2953 708 2981 ι
739 2953 822 3002 est
843 2987 858 3009 ,
892 2959 998 3001 non
1043 2945 1226 3000 anima
1255 2959 1322 3000 ex
1365 2946 1544 3000 anima
1573 2987 1588 3014 ,
1623 2945 1716 3002 sed
1748 2961 1808 3002 os
1837 2945 1905 3001 de
1933 2947 2154 3004 ossibus

555 3038 692 3095 meis
723 3047 778 3094 et
800 3053 926 3093 caro
959 3038 1026 3094 de
1047 3051 1211 3095 carne
1241 3053 1362 3094 mea
1391 3037 1508 3094 haec
1542 3039 1824 3095 vocabitur
1851 3039 2064 3096 mulier.

622 3129 712 3186 51.
739 3129 882 3203 Ergo
909 3145 1124 3186 causam
1155 3131 1404 3186 humanae
1418 3131 1784 3201 generationis
1806 3133 2151 3202 agnovimus.

2254 1909 2648 1982 fragilioribus:
2671 1911 2720 1964 N
2727 1913 2846 1967 alite
2850 1911 3094 1985 judicare
3123 1921 3180 1966 ut
3209 1929 3308 1967 non
3321 1909 3850 1986 judicemini(Mattlt.

2257 2019 2353 2068 vn,
2385 2005 2458 2074 1).
2493 2004 2638 2075 Ergo
2662 2006 2784 2076 quia
2811 2005 2970 2060 scivit
2999 2006 3268 2062 infirmum
3301 2019 3354 2062 te
3379 2022 3499 2062 esse
3527 2007 3596 2061 ad
3625 2007 3858 2078 judican-

2257 2097 2407 2164 dum,
2443 2100 2617 2154 Voltlll
2649 2100 2994 2155 obedientem
3025 2115 3148 2156 esse
3177 2101 3470 2166 mandato;
3503 2102 3626 2156 ideo
3667 2115 3860 2170 praere-

2254 2203 2402 2264 ptum
2421 2192 2780 2262 posuit.Quod
2792 2181 2958 2249 sinon
2977 2195 3262 2264 pnevariea
3273 2203 3356 2248 tus
3370 2208 3540 2260 esses,
3558 2194 3854 2266 perieulum

2259 2286 2447 2342 incerti
2493 2285 2682 2356 judicii
2739 2287 2980 2343 incidere
3009 2289 3364 2358 nequivisses.
3401 2288 3586 2358 Itaque
3607 2289 3856 2358 quoniam

2255 2380 2500 2450 judicare
2527 2381 2772 2448 voluisti,
2805 2381 2930 2437 ideo
2947 2381 3180 2436 addidit:
3215 2379 3348 2436 Ecce
3365 2382 3530 2435 Adam
3549 2393 3572 2422 ο
3597 2381 3766 2452 {actus
3783 2390 3856 2436 est

2265 2485 2526 2545 tamquam
2557 2491 2694 2529 unus
2724 2491 2788 2530 ea:
2815 2475 2960 2530 nobis
2986 2517 3001 2542 ,
3039 2484 3096 2529 ut
3144 2477 3272 2530 sciat
3322 2477 3510 2530 bonum
3567 2483 3618 2530 el
3669 2475 3858 2528 malum

2263 2565 2419 2640 (Gen.
2457 2583 2537 2633 ιιι,
2563 2569 2677 2638 ‘22).
2709 2568 2940 2624 Voluisti
2974 2570 3066 2624 tibi
3097 2585 3351 2640 arrogare
3391 2568 3656 2636 judicium
3681 2611 3696 2632 ,
3736 2567 3854 2624 ideo

2261 2677 2480 2734 poenam
2511 2665 2666 2733 pravi
2705 2664 2892 2735 iudicii
2921 2664 3156 2720 refutare
3207 2679 3314 2720 non
3343 2665 3527 2720 debes.
3565 2665 3748 2720 Posuit
3780 2673 3857 2718 ta-

2262 2771 2384 2811 men
2439 2765 2490 2809 te
2514 2765 2703 2812 contra
2747 2757 3082 2828 paradisum,
3139 2773 3206 2814 ne
3240 2759 3560 2813 memoriam
3591 2756 3714 2828 ejus
3743 2771 3858 2826 pos-

2263 2847 2340 2904 sis
2363 2846 2599 2903 abolere.

2335 2939 2424 2997 55.
2453 2941 2694 3011 Denique
2735 2942 2866 3014 justi
2903 2945 2960 3000 in
3009 2944 3316 3016 paradisum
3371 2959 3518 3014 saape
3551 2943 3850 3013 rapiuntur,

2263 3037 2402 3092 sicut
2455 3045 2510 3092 ct
2550 3035 2744 3094 Paulus
2797 3047 2982 3108 raptus
3016 3049 3098 3094 est
3133 3040 3186 3094 in
3215 3037 3544 3109 paradisum,
3575 3047 3630 3092 et
3657 3034 3854 3091 audivit

2263 3129 2432 3184 verba
2461 3128 2772 3184 ineffabilia.
2791 3131 2858 3186 Et
2883 3141 2936 3186 tu
2961 3131 3056 3184 sia
3077 3131 3248 3200 primo
3277 3129 3420 3184 creto
3437 3129 3504 3183 ad
3533 3127 3854 3192 secundum,

548 3223 654 3281 Sed
697 3223 821 3296 quia
855 3224 1142 3295 plerosque
1173 3233 1354 3280 movet
1383 3225 1470 3295 qui
1499 3223 1812 3294 diligentius
1845 3225 2144 3290 intuentur,
2173 3209 2220 3273 C
2253 3239 2284 3278 a
2309 3226 2550 3282 secundo
2571 3227 2636 3281 ad
2669 3228 2883 3282 tertium
2911 3230 3104 3282 mentis
3138 3234 3244 3282 strue
3269 3225 3458 3295 vigore
3487 3225 3734 3295 rapiaris,
3755 3221 3854 3276 hoc

545 3319 819 3390 quomodo
839 3319 881 3374 si
913 3319 998 3374 vel
1028 3319 1202 3386 primo
1235 3335 1487 3390 magnum
1517 3333 1711 3374 munus
1741 3319 1836 3373 Dei
1881 3317 1980 3373 fuit
2009 3319 2150 3374 circa

549 3413 820 3479 homines,
855 3421 912 3466 ιιι
941 3412 993 3467 in
1025 3412 1275 3482 paradiso
1300 3413 1548 3467 homines
1573 3413 1973 3466 collocarentur
2001 3453 2015 3478 ,
2065 3412 2152 3470 vel

552 3515 736 3576 postea
785 3520 1100 3576 magnorum
1133 3506 1498 3560 remuneratio
1525 3505 1802 3558 videretur
1830 3518 1955 3559 esse
1985 3504 2149 3558 meri-

555 3608 755 3666 torum,
789 3607 846 3653 ut
874 3598 940 3653 ad
966 3597 1269 3668 paradisum
1291 3597 1467 3668 justus
1499 3599 1868 3667 unusquisque
1891 3597 2150 3666 rapiatur,

557 3691 811 3748 dicuntur
835 3691 994 3747 etiam
1026 3691 1214 3746 bestia:
1267 3704 1322 3745 et
1378 3705 1569 3761 pecora
1620 3688 1757 3760 agri,
1815 3699 1869 3744 et
1913 3690 2152 3745 volatilia

555 3785 677 3843 caeli
709 3787 760 3840 in
793 3785 1042 3856 paradiso
1071 3783 1254 3840 fuisse.
1276 3783 1431 3839 Unde
1455 3783 1694 3854 plerique
1711 3782 2016 3852 paradisum
2040 3783 2156 3838 ani-

554 3895 697 3936 mam
728 3879 964 3936 hominis
1003 3893 1124 3933 esse
1149 3877 1456 3946 voluerunt,
1496 3877 1548 3931 in
1581 3893 1680 3947 qua
1709 3877 1967 3932 virtutum
2001 3891 2153 3948 qum-

552 3975 674 4032 datn
704 3975 942 4045 germina
995 3972 1376 4044 pullulaverint
1406 3989 1420 4027 :
1453 3971 1725 4026 hominem
1782 3979 1958 4026 autem
1992 3977 2048 4026 et
2087 3971 2154 4026 ad

553 4071 904 4143 operandum,
940 4077 994 4124 et.
1023 4068 1092 4122 ad
1123 4066 1534 4124 custodiendum
1565 4065 1873 4136 paradisum
1905 4081 2024 4122 esse
2055 4081 2153 4136 po-

557 4165 742 4228 situm,
775 4162 880 4217 hoc
900 4170 1005 4226 est,
1029 4169 1264 4216 mentem
1293 4161 1527 4216 hominis
1549 4160 1703 4232 cujus
1729 4160 1894 4216 virtus
1919 4162 2154 4218 animam

557 4255 766 4310 videtur
795 4253 1068 4319 excolere,
1099 4268 1198 4307 nec
1225 4253 1398 4307 solum
1430 4253 1698 4318 excolere,
1725 4253 1822 4309 sed
1847 4255 2008 4309 etiam
2032 4269 2155 4310 cum

560 4347 876 4411 excoluerit,
900 4343 1192 4400 custodire.
1225 4345 1384 4416 168
1410 4345 1794 4400 Bestiteaulem
1827 4347 1959 4416 agri,
1984 4359 2037 4402 et
2063 4363 2158 4401 vo-

558 4441 724 4497 latilia
753 4439 876 4495 coeli
905 4454 1023 4507 clum
1047 4437 1382 4492 adducuntur
1395 4438 1460 4491 ad
1479 4437 1670 4500 Adam,
1691 4439 2157 4493 nOStriirrationa-

557 4531 698 4592 biles
730 4544 909 4588 motus
934 4538 1094 4597 sunt,
1127 4545 1194 4585 eo
1224 4529 1364 4600 quod
1411 4529 1598 4584 beStiae
1633 4531 1716 4585 vel
1747 4545 1942 4600 pecora
1963 4574 1978 4596 ,
2009 4547 2158 4602 quac-

2257 3325 2341 3372 est
2366 3359 2379 3382 ,
2415 3319 2558 3388 quod
2591 3319 2823 3388 primum
2853 3320 3218 3389 unusquisque
3241 3317 3404 3372 homo
3429 3325 3516 3372 est
3537 3313 3858 3386 corporalis,

2257 3413 2497 3465 secundo
2527 3411 2805 3479 animalis,
2841 3412 3000 3466 tertio
3028 3410 3286 3482 spiritalis
3317 3427 3330 3463 :
3365 3413 3408 3466 si
3440 3410 3512 3464 ita
3541 3408 3770 3478 rapiaris
3787 3403 3854 3460 ad

2259 3506 2478 3559 tertium
2509 3509 2737 3575 coelum,
2767 3515 2824 3562 ut
2849 3507 3032 3562 videas
3081 3506 3342 3576 fulgorem
3379 3504 3568 3574 gratias
3607 3499 3862 3574 spiritalis

2257 3593 2532 3670 (animalis
2557 3603 2700 3656 enim
2729 3599 2893 3656 homo
2920 3617 3038 3670 qua:
3059 3599 3418 3669 suntspiritus
3442 3598 3536 3652 Dei
3561 3593 3782 3666 nescit),
3807 3601 3862 3648 et

2259 3689 2382 3746 ideo
2405 3694 2548 3748 tertii
2574 3693 2696 3750 caeli
2734 3693 2984 3749 ascensio
3027 3693 3122 3748 tibi
3147 3688 3606 3748 estdnecessaria
3633 3734 3648 3757 ,
3691 3699 3750 3744 ut
3773 3701 3860 3742 ra-

2259 3785 2424 3858 piaris
2456 3787 2510 3841 in
2553 3785 2900 3858 paradisum:
2945 3785 3172 3855 rapicris
3195 3784 3306 3854 jam
3341 3785 3464 3838 sine
3501 3783 3778 3854 periculo,
3807 3793 3861 3839 ut

2261 3883 2437 3952 possis
2487 3881 2785 3951 dijudirare
2834 3879 3057 3944 omnia,
3111 3877 3238 3947 quia
3295 3876 3556 3947 Spiritalie
3603 3875 3858 3948 diiudicat

2259 3977 2440 4040 omnia
2469 4019 2481 4038 ,
2511 3976 2624 4047 ipse
2648 3983 2826 4030 autem
2857 3989 2884 4029 a
2910 3973 3130 4029 nemine
3163 3971 3508 4040 dijudicatur.
3545 3971 3612 4026 Et
3643 3972 3864 4025 fortasse

2260 4071 2411 4142 quasi
2437 4070 2611 4124 adhuc
2639 4067 2865 4140 fragilis,
2897 4066 3084 4122 audies
3113 4066 3274 4120 verba
3291 4063 3584 4120 ineffabilia
3601 4077 3720 4134 qtae
3743 4077 3846 4118 non

2261 4163 2420 4218 liceat
2449 4161 2652 4216 homini
2677 4161 2819 4231 loqui
2843 4178 2854 4212 :
2885 4166 3078 4214 ettunc
3103 4157 3246 4228 quod
3263 4157 3540 4226 acceperis
3562 4163 3864 4221 reservato,

2261 4265 2312 4308 et
2339 4253 2478 4325 quod
2507 4253 2740 4308 audieris
2763 4250 3051 4306 custodito.
3077 4249 3272 4303 Paulus
3293 4249 3570 4317 apostolus
3590 4245 3866 4303 custodie-

2263 4347 2352 4402 bat
2379 4363 2446 4401 ne
2477 4347 2748 4400 laberetur
2769 4386 2782 4410 ,
2823 4345 2906 4399 vel
2939 4343 3076 4398 alios
3101 4349 3249 4396 certe
3271 4341 3488 4397 faceret
3524 4355 3732 4396 errare.
3762 4341 3880 4394 Aut.

2263 4439 2495 4496 fortasse
2519 4439 2640 4494 ideo
2667 4438 2796 4494 dicit
2827 4438 3026 4492 Paulus
3050 4478 3064 4502 ,
3097 4451 3210 4507 qua:
3248 4451 3350 4490 non
3371 4437 3522 4489 liceat
3543 4433 3742 4488 homini
3791 4433 3868 4486 lo-

2263 4536 2352 4606 qui
2375 4533 2440 4606 (ll
2453 4533 2679 4600 Coum,
2709 4534 2742 4588 ti
2762 4544 2807 4586 et
2831 4533 2908 4602 7);
2931 4531 3052 4601 quia
3075 4537 3192 4584 erat
3211 4528 3388 4584 adhuc
3414 4530 3714 4598 incorpore
3739 4539 3869 4580 eon-

562 4627 686 4683 dam
716 4627 946 4682 diversa:
976 4623 1086 4678 sint
1110 4624 1356 4692 corporis
1386 4623 1666 4694 passiones
1688 4665 1704 4691 ,
1754 4625 1838 4680 vel
1881 4625 2158 4682 turbulen.
2185 4618 2240 4678 D
2265 4631 2503 4694 stitutus,
2540 4630 2638 4680 hoc
2670 4637 2776 4693 est,
2801 4624 3016 4679 videbat
3047 4623 3198 4677 istius
3219 4621 3464 4690 corporis
3485 4616 3868 4691 passiones,vi-

563 4721 732 4776 tiores
753 4763 768 4788 ,
817 4719 902 4772 vel
931 4718 1092 4772 etiarn
1123 4717 1504 4787 languidiores.
1557 4717 1804 4774 Volatilia
1833 4727 2009 4774 autem
2037 4721 2162 4778 coeli

563 4809 693 4882 quid
725 4807 871 4863 aliud
898 4808 1228 4862 :estimamus
1252 4849 1266 4873 ,
1303 4807 1404 4862 nisi
1437 4810 1624 4865 inanes
1659 4811 2011 4880 cogitationes
2039 4831 2162 4886 quae

566 4905 712 4961 velut
763 4901 1061 4957 volatilium
1117 4915 1268 4955 more
1323 4913 1558 4957 nostram
1607 4903 1994 4962 circumvolant
2045 4909 2162 4962 ani-

564 5013 738 5066 mam,
765 5005 814 5049 et
849 4993 954 5048 huc
975 5001 1136 5063 atque
1167 4993 1297 5048 illuc
1321 4995 1466 5048 vario
1491 5007 1634 5052 motu
1663 5015 1806 5069 szepe
1838 5001 2162 5056 traducunt?

562 5092 857 5165 Propterea
885 5087 1064 5144 nullus
1093 5089 1343 5141 iuventus
1393 5097 1474 5144 est
1501 5092 1666 5145 menti
1709 5103 1908 5148 nostrae
1965 5096 2158 5152 similis

561 5189 801 5259 adiutor,
839 5183 943 5240 nisi
984 5195 1174 5238 sensus
1197 5222 1212 5246 ,
1247 5179 1347 5236 hoc
1369 5189 1481 5249 est,
1525 5181 1778 5248 αἴσθησις.
1812 5187 2053 5243 Similem
2083 5189 2158 5244 si-

558 5280 616 5337 bi
641 5281 810 5336 sola-m
831 5283 948 5337 νοῦς
980 5283 1165 5329 noster
1191 5271 1362 5343 potuit
1391 5273 1652 5331 invenire.

630 5373 718 5430 52.
761 5371 867 5434 Sed
897 5369 1036 5426 forte
1064 5382 1258 5440 arguas
1286 5409 1302 5436 ,
1333 5368 1460 5440 quia
1517 5371 1635 5425 haec
1663 5386 1876 5444 quoque
1910 5373 2048 5430 Deus
2095 5377 2148 5432 in

628 5567 652 5594 ο
692 5556 766 5612 Ita
807 5568 938 5610 mss.
967 5565 1156 5606 omnes
1194 5564 1314 5606 cum
1345 5557 1455 5624 ant.
1487 5549 1628 5624 edit.
1666 5552 1740 5608 At
1785 5551 1944 5608 Rom.
1975 5555 2142 5624 edit.,

557 5625 651 5681 hoc
677 5637 767 5687 est,
801 5643 900 5680 non
931 5624 1158 5696 animum
1203 5638 1266 5675 ea:
1308 5623 1508 5696 quinta.
1540 5622 1630 5696 sed
1655 5641 1710 5678 os
1729 5625 1792 5679 de
1825 5627 2024 5682 ossibus
2049 5669 2064 5696 ,
2097 5622 2146 5684 et

557 5715 758 5752 carnem
779 5697 842 5750 de
863 5712 1034 5750 carne.
1069 5691 1198 5748 Haec
1223 5694 1405 5748 mulier
1431 5693 1710 5749 vocabitur.

626 5769 655 5808 δ
697 5775 818 5839 Mss.
857 5767 1010 5839 item.
1043 5765 1287 5839 et_Dt_v_.,
1317 5765 1379 5819 de
1395 5767 1706 5839 _cogit_atibus
1723 5769 1982 5839 judicare.

633 5850 654 5879 ε
698 5838 827 5895 Mss.
868 5837 1022 5893 Gem.
1053 5877 1070 5906 ,
1097 5836 1156 5893 S.
1181 5836 1284 5892 Th.
1319 5845 1374 5894 et
1388 5837 1447 5896 S.
1471 5836 1640 5896 ‘Mich.
1670 5880 1684 5908 ,
1713 5836 1884 5912 factus
1907 5859 1958 5900 ea
2003 5860 2140 5901 unus

2267 4724 2430 4779 debat
2451 4722 2620 4794 legem
2658 4719 2836 4776 carnis
2853 4733 2964 4773 sua:
2990 4726 3382 4786 repugnantem
3404 4713 3508 4784 legi
3533 4712 3730 4768 utentis
3756 4723 3866 4766 sua:

2269 4815 2418 4890 (Vid.
2439 4815 2500 4871 S.
2521 4815 2653 4886 Aug.
2682 4815 2719 4868 Ι.
2750 4829 2785 4868 ιι
2800 4821 2976 4866 contra
3003 4809 3206 4863 Julian.
3241 4806 3386 4874 PaL,
3408 4806 3518 4872 αδ,
3543 4823 3598 4861 ιι.
3623 4802 3731 4876 15).
3757 4805 3866 4858 lloc

2267 4911 2412 4966 enim
2433 4909 2573 4964 malo
2589 4905 2910 4976 intelligi,ne
2926 4903 3205 4958 videamur
3224 4896 3682 4970 quemdam!”
3693 4894 3866 4950 adhuc

2268 5003 2436 5059 futuri
2467 5001 2688 5073 periculi
2727 4999 2976 5070 ejactare
3028 5007 3310 5051 terrorem.
3353 4992 3412 5049 Si
3442 4991 3588 5047 enim
3624 4991 3710 5046 vel
3745 5002 3870 5059 pro-

2271 5099 2550 5168 pterhanc
2575 5097 2736 5151 vitam
2764 5092 3057 5156 securitas,
3100 5099 3157 5144 ut
3183 5087 3364 5143 nullos
3407 5083 3868 5158 pmvaricationis

2271 5201 2398 5265 post
2419 5191 2556 5246 hanc
2589 5189 2778 5246 luturm
2803 5190 3026 5259 laqueos
3056 5183 3410 5240 formidemus
3435 5197 3600 5253 τοι·εο
3625 5181 3871 5252 quicum-

2270 5303 2380 5358 que
2421 5285 2584 5342 l‘uerit
2635 5287 2687 5340 in
2745 5282 2996 5356 paradiso
3055 5277 3374 5335 ascensione
3417 5275 3637 5332 virtutis
3688 5273 3872 5330 audiet

2269 5379 2528 5452 mysteria
2553 5378 2646 5433 Dei
2667 5391 2864 5433 arcana
2891 5375 2982 5431 illa
3009 5381 3171 5445 atque
3197 5378 3403 5427 secreta
3429 5387 3442 5423 :
3475 5368 3660 5425 audiet
3688 5368 3870 5424 dicen-

2253 5576 2318 5616 επ
2351 5561 2518 5624 nobis,
2544 5569 2598 5614 ut
2625 5559 2760 5614 scias
2783 5559 2970 5612 bonum
2994 5563 3038 5610 et
3052 5552 3270 5624 malum.

2323 5630 2350 5670 ά
2393 5619 2520 5687 Mss.
2552 5633 2732 5696 Gem.,
2760 5631 2900 5698 Big.,
2929 5629 2986 5683 S.
3016 5623 3118 5682 Th.
3149 5635 3206 5698 et
3229 5623 3286 5680 S.
3311 5619 3471 5680 Mich.
3499 5663 3518 5691 ,
3551 5621 3867 5682 necessaria.

2253 5704 2494 5776 Rapieris
2525 5704 2578 5756 in
2601 5697 2936 5776 paradisum,
2965 5697 3215 5776 rapie_r_is-,
3247 5705 3350 5750 etc.

2329 5767 2352 5812 έ
2376 5774 2454 5830 Ita
2478 5767 2610 5832 mss;
2637 5785 2782 5830 octo.
2811 5771 2940 5840 Alii,
2966 5777 3022 5827 et
3059 5767 3192 5826 edit.
3217 5779 3408 5824 clunes
3437 5807 3456 5838 ,
3467 5769 3680 5839 jactare
3729 5781 3872 5826 erro-

2250 5861 2379 5902 rem.

3439 5903 3464 5912 -ι
