4150 6358
267 308 368 368 501

1414 311 1503 369 DE
1540 305 1894 370 PARADISO
1928 307 2136 368 LIBER
2175 309 2378 369 UNUS.

3467 317 3574 376 502

272 438 377 484 tem
406 426 690 482 Dotninum
720 436 744 466 ι
791 434 1059 496 tamquam
1111 425 1307 483 latroni
1357 425 1430 479 illi
1465 440 1496 478 a
1539 425 1749 481 scelere
1792 423 1861 479 ad
1889 427 1941 486 Α
1969 425 2078 480 Deo
2100 423 2224 494 quid
2252 425 2588 490 observaret,
2620 431 2923 494 acceperat.
2979 423 3170 496 Neque
3213 425 3358 481 enim
3408 427 3579 487 habes

268 522 691 590 confessionem,
713 520 842 576 etad
867 519 1022 576 fidem
1039 535 1068 574 a
1094 519 1375 574 latrocinio
1395 517 1688 574 revertenti
1712 535 1725 570 :
1768 515 1877 572 Ho-

277 615 362 670 die
391 632 587 672 mecum
608 618 705 672 eris
727 617 778 670 in
809 615 1052 687 paradiso
1083 613 1233 686 (Luc.
1263 629 1418 679 χχιιι,
1453 613 1572 683 45).

879 750 1106 808 CAPUT
1144 748 1260 804 ΧΠ.

277 869 543 942 Serpentis
581 869 746 941 qualis
789 869 950 940 fuerit
981 866 1233 937 sapientia
1265 881 1282 918 :
1309 866 1568 935 quomodo
1611 835 1878 918 mulierem

267 1007 276 1016 .
347 983 613 1039 aggressus
637 966 742 1031 sit;
773 964 1004 1034 qualisve
1034 962 1188 1033 hujus
1228 961 1516 1032 responsio,
1550 975 1701 1031 quam
1725 959 1879 1030 longa

351 1062 600 1135 digressio
621 1060 684 1117 de
705 1059 926 1128 quadam
951 1058 1090 1112 circa
1112 1073 1224 1111 eam
1239 1073 1347 1111 rem
1393 1053 1713 1109 dubitatione
1751 1069 1878 1107 cou-

346 1157 595 1226 sequitur.

348 1270 674 1339 5i.Serpens
696 1277 865 1324 autent
887 1279 990 1323 erat
1013 1269 1292 1338 sapientior
1316 1268 1540 1321 omnium
1563 1266 1879 1322 bestiartrmb

274 1374 393 1432 qua:
416 1373 563 1416 erant
592 1379 746 1433 super
774 1371 984 1426 terram,
1016 1377 1143 1429 quas
1173 1361 1292 1432 fecit
1321 1358 1577 1412 Dominus
1629 1359 1765 1413 Deus
1794 1401 1807 1424 ,
1833 1368 1882 1413 et

275 1455 407 1510 dixit
430 1472 641 1526 serpens
668 1454 872 1508 mulieri
896 1469 914 1507 :
947 1452 1083 1518 Quid
1110 1454 1286 1520 utique
1304 1451 1434 1506 dixit
1481 1450 1637 1519 Deus,
1668 1469 1730 1506 ne
1759 1451 1882 1506 etla—

273 1551 340 1604 tis
367 1549 428 1602 ab
446 1549 584 1602 omni
606 1547 748 1618 ligno
768 1545 906 1617 quod
925 1555 997 1601 est
1025 1546 1078 1599 in
1104 1543 1519 1616 paradisowett.
1543 1560 1622 1608 ιιι,
1652 1545 1731 1615 i)?
1745 1545 1880 1600 Cum

276 1642 409 1698 dicit
436 1640 821 1711 sapientiorem
843 1649 1174 1711 serpentem,
1204 1637 1462 1710 intelligis
1507 1651 1672 1708 quem
1695 1638 1882 1708 loqua-

279 1745 386 1801 tur,
414 1735 467 1789 id
499 1744 602 1798 est,
630 1734 779 1796 illum
805 1732 1174 1788 adversarium
1229 1741 1470 1785 nostrum
1529 1730 1620 1800 qui
1671 1740 1878 1784 tantum

1982 519 2103 588 quia
2139 518 2350 572 mulieri
2371 517 2506 572 dixit
2535 518 2700 586 Deus,
2734 518 2828 573 sed
2878 517 2998 588 quia
3028 518 3162 575 Ada:
3187 519 3352 587 dixit;
3375 532 3428 578 et
3454 523 3578 580 ideo

1982 623 2080 678 per
2107 609 2278 663 Adam
2302 611 2618 680 cognovisse
2649 609 2841 666 mulier
2869 611 3186 666 aestimanda
3215 622 3315 668 est.

2053 702 2143 756 55.
2170 701 2513 769 Cognoscens
2545 703 2707 773 igitur
2735 702 2836 757 hoc
2869 704 2990 757 loco
3021 707 3338 761 tentamenti
3363 723 3535 778 genus
3563 751 3579 778 ,

1983 794 2210 864 plurima
2237 795 2397 849 etiam
2424 796 2547 851 aliis
2571 797 2707 852 locis
2732 800 3048 855 tentamenti
3074 815 3274 871 genera
3317 807 3580 874 reperies.

1983 887 2101 941 Alia
2134 896 2260 942 sunt
2293 903 2386 955 per
2411 889 2706 959 principem
2740 891 2895 946 istius
2941 895 3126 948 mundi
3161 935 3176 960 ,
3201 895 3291 964 qui
3333 900 3581 966 quaedam

1982 997 2188 1037 venena
2211 980 2496 1052 sapientia:
2528 983 2579 1036 in
2605 984 2746 1038 hunc
2779 986 3037 1040 mundum
3069 990 3338 1056 evomuit;
3375 1002 3429 1047 ut
3455 1008 3584 1048 vera

1983 1083 2234 1143 putarent
2257 1073 2508 1129 homines
2537 1090 2660 1130 esse
2691 1091 2810 1146 quae
2831 1076 2962 1131 falsa
2989 1091 3138 1148 sunt,
3159 1093 3214 1137 et
3245 1084 3426 1153 specie
3455 1100 3587 1156 qua-

1982 1166 2102 1220 dam
2135 1165 2411 1220 hominum
2434 1179 2722 1236 caperetur
2749 1168 2994 1223 aﬂ‘ecms.
3026 1170 3140 1226 Non
3191 1176 3335 1230 enim
3365 1192 3585 1245 semper

1983 1261 2136 1330 quasi
2166 1272 2386 1330 apertus
2418 1261 2590 1315 hostis
2641 1261 2941 1332 ingreditur
2974 1281 2986 1315 :
3020 1264 3116 1318 sed
3165 1276 3291 1322 sunt
3339 1270 3589 1337 quiat-dam

1983 1361 2282 1422 potestates
2305 1369 2426 1423 qua:
2455 1369 2698 1408 amorem
2741 1355 2998 1408 simulent
3031 1395 3045 1422 ,
3075 1357 3412 1430 gratiamque
3453 1378 3590 1432 pra:-

1990 1447 2255 1512 tendant;
2290 1455 2347 1500 ut
2369 1447 2624 1514 paulatim
2659 1447 3072 1517 cogitationibus
3097 1451 3300 1505 nostris
3326 1466 3596 1508 venenum

1984 1557 2098 1597 sua:
2127 1542 2428 1612 iniquitatis
2458 1541 2765 1607 infundant,
2794 1558 2822 1594 ιι
2851 1542 3050 1611 quibus
3072 1544 3326 1600 oriuntur
3353 1547 3443 1602 illa
3473 1563 3596 1618 pec-

1985 1648 2103 1692 cata
2133 1652 2253 1707 quae
2281 1636 2362 1691 vel
2391 1652 2457 1690 ex
2485 1635 2869 1702 delectatione,
2903 1639 2986 1690 vel
3015 1653 3080 1691 ex
3113 1639 3346 1706 quadam
3396 1641 3596 1697 mentis

1986 1729 2578 1800 facilitatenascuutur.
2606 1728 2742 1783 Sunt
2767 1729 2930 1783 etiam
2979 1728 3100 1782 aliae
3142 1740 3442 1799 potestates
3471 1747 3596 1802 qua:

276 1828 439 1883 habet
481 1827 641 1896 hujus
686 1826 1005 1896 sapientiam
1053 1823 1235 1879 mundi
1275 1822 1426 1896 (Vid.
1461 1821 1524 1877 S.
1550 1823 1678 1895 Aug.
1716 1823 1804 1876 lib.
1837 1838 1875 1877 ιι
1907 1825 1958 1886 Β
1985 1824 2144 1879 veluti
2169 1824 2534 1879 eolluctantur
2554 1821 2856 1876 nobiscum.
2886 1821 3041 1877 Unde
3071 1833 3124 1878 et
3144 1821 3444 1894 Apostolus
3473 1824 3547 1879 ait
3580 1843 3593 1878 :

275 1931 458 1976 contra
500 1919 613 1973 Jul.
654 1918 795 1986 Pel.,
827 1937 873 1973 ο.
901 1919 970 1984 5,
999 1936 1052 1972 η.
1084 1915 1194 1988 15).
1225 1916 1330 1972 Sed
1362 1925 1418 1970 et
1444 1917 1688 1985 voluptas
1717 1926 1882 1987 atque

274 2013 566 2071 delectatio
589 2014 726 2068 bene
756 2013 974 2082 sapiens
1000 2010 1220 2075 dicitur,
1245 2011 1372 2079 quia
1401 2019 1452 2065 et
1475 2011 1740 2079 sapientia
1763 2024 1883 2064 car-

275 2109 362 2162 nis
398 2119 418 2145 σ
454 2106 751 2176 appellatur
778 2105 1062 2174 sapientia,
1083 2105 1223 2158 sicut
1251 2101 1420 2158 hach
1452 2122 1466 2158 :
1506 2104 1640 2171 Quia
1685 2104 1884 2173 sapien-

275 2202 350 2254 tia
379 2202 548 2255 carnis
575 2200 784 2252 inimica
807 2209 876 2253 est
900 2197 1004 2252 Deo
1031 2203 1045 2269 (
1078 2199 1229 2253 Rom.
1263 2213 1378 2264 Vill,
1406 2197 1492 2270 7).
1517 2196 1586 2253 Et
1607 2197 1674 2253 ad
1697 2199 1883 2266 exqui-

277 2295 447 2350 renda
477 2293 896 2347 delectationum
927 2307 1122 2362 genera
1164 2293 1327 2347 astuti
1367 2300 1520 2356 sunt,
1557 2292 1679 2362 quia
1719 2308 1885 2363 appe-

279 2394 454 2442 tentes
487 2397 610 2440 sunt
639 2385 995 2456 relapsatum.
1029 2386 1153 2441 Sive
1179 2400 1312 2457 ergo
1355 2386 1771 2442 delectationem
1802 2387 1884 2440 iu-

277 2481 506 2550 telligas,
537 2479 782 2550 quadam
813 2491 893 2534 est
923 2479 1106 2533 divino
1135 2480 1361 2535 adversa
1389 2481 1666 2548 mandato,
1700 2490 1756 2536 et
1783 2481 1883 2535 ini-

275 2578 414 2632 mica
437 2576 686 2653 sensibus
711 2576 930 2630 nostris.
961 2574 1116 2630 Unde
1162 2586 1383 2631 sanctus
1411 2575 1608 2631 Paulus
1639 2576 1752 2630 ait:
1796 2575 1886 2630 Vi-

276 2670 372 2725 deo
415 2671 576 2724 aliam
616 2671 774 2742 legem
825 2669 877 2722 in
898 2669 1136 2723 membris
1189 2671 1315 2723 meis
1358 2679 1733 2740 repugnantem
1783 2670 1886 2741 legi

274 2764 460 2819 mentis
481 2779 624 2826 metu,
651 2771 700 2816 st
729 2761 1072 2831 captivantem
1097 2777 1176 2814 me
1205 2762 1258 2814 in
1280 2762 1390 2833 lege
1438 2763 1632 2831 peccati
1681 2763 1696 2829 (
1727 2761 1882 2816 Rom.

279 2871 378 2921 νιι,
400 2855 530 2925 25).
565 2855 621 2909 Si
652 2863 830 2908 autem
857 2854 921 2906 ad
952 2853 1220 2906 diabolum
1246 2853 1474 2916 referas,
1511 2869 1674 2908 verus
1708 2855 1887 2908 inimi-

279 2964 375 3004 cus
407 2949 728 3017 estgeneris
752 2947 992 3000 humani.
1019 2947 1148 3014 Qua:
1178 2953 1356 3002 autem
1394 2963 1554 3003 causa
1580 2948 1888 3002 inimicitia-

281 3057 402 3095 rum
443 3040 544 3094 nisi
578 3041 818 3092 iuvi-dia?
849 3037 1003 3094 Sicut
1059 3039 1314 3093 Salomon
1356 3040 1429 3094 ait
1463 3057 1474 3093 :
1507 3040 1641 3108 Quia
1692 3040 1888 3102 invidia

283 3133 476 3188 diaboli
501 3150 638 3186 mors
665 3133 966 3186 introieitin
991 3132 1160 3187 orbem
1191 3143 1441 3187 terrarum
1473 3134 1491 3206 (
1519 3134 1650 3204 Sap.
1684 3151 1742 3200 ιι,
1766 3133 1884 3206 2i).

1989 1920 2123 1985 Quia
2152 1935 2254 1973 non
2283 1929 2359 1972 est
2388 1917 2532 1971 nobis
2563 1918 2862 1970 colluctatio
2887 1917 3132 1972 adversus
3161 1935 3367 1972 carnem
3395 1929 3444 1972 et
3465 1936 3594 1973 san-

1986 2013 2214 2084 guinem,
2239 2011 2328 2066 sed
2351 2011 2598 2065 adversus
2626 2010 2968 2080 principatus,
3001 2021 3044 2064 et
3082 2021 3380 2081 potestates,
3415 2024 3460 2068 et
3517 2029 3599 2067 νε-

1987 2117 2150 2160 etores
2180 2110 2340 2179 hujus
2369 2106 2550 2159 mundi
2569 2148 2581 2167 ,
2613 2105 2938 2159 tenebrarum
2986 2107 3167 2159 ltarunt
3187 2149 3201 2170 ,
3228 2108 3476 2162 adversus
3501 2118 3598 2161 tte-

1986 2201 2202 2270 quitiam
2228 2199 2546 2269 spiritalium
2569 2213 2684 2268 qua:
2712 2209 2834 2251 sunt
2859 2198 2911 2251 in
2936 2198 3224 2252 caelestibus
3250 2199 3268 2270 (
3299 2198 3494 2269 Epltes.
3520 2214 3597 2264 vr,

1988 2292 2108 2364 12).
2147 2291 2348 2347 Volunt
2374 2292 2516 2345 enim
2548 2292 2648 2345 hac
2667 2291 2900 2360 quadam
2924 2292 3273 2345 contentione
3303 2306 3404 2346 nos
3445 2291 3595 2346 itan-

1985 2400 2137 2456 gere,
2161 2394 2216 2439 et
2238 2383 2407 2439 veluti
2430 2383 2701 2453 quoddam
2723 2383 2919 2437 animat
2934 2392 3132 2437 nostra:
3150 2398 3349 2454 corpus
3369 2384 3593 2439 elidere.

1989 2477 2141 2535 Unde
2172 2487 2226 2532 et
2251 2476 2444 2531 Paulus
2473 2477 2624 2547 quasi
2657 2477 2833 2530 bonus
2851 2474 3052 2530 athleta
3099 2491 3206 2530 non
3257 2476 3436 2530 solum
3461 2477 3600 2531 ictus

1988 2572 2389 2627 adversantium
2421 2578 2756 2642 potestatum
2801 2571 2974 2625 vitare
3003 2579 3336 2640 cognoverat
3370 2612 3384 2636 ,
3409 2585 3600 2627 verum

1988 2665 2152 2719 etiam
2176 2664 2534 2718 adversantes
2564 2663 2750 2719 ferire.
2776 2662 2934 2720 Unde
2981 2673 3034 2718 et
3061 2664 3139 2719 ait
3172 2682 3186 2719 :
3215 2662 3460 2718 Percutio
3502 2681 3605 2733 pu-

1988 2758 2124 2830 gnis,
2151 2774 2252 2810 non
2302 2767 2356 2810 ut
2405 2774 2526 2812 aera
2565 2757 2807 2826 caedens(
2838 2757 2856 2810 Ι
2899 2755 3019 2812 Cor.
3055 2772 3138 2824 ix,
3189 2758 3261 2812 26
3281 2759 3324 2829 ).
3355 2758 3421 2813 Ει
3472 2759 3606 2816 ideo.

1990 2849 2145 2918 quasi
2177 2851 2354 2903 bonus
2385 2849 2586 2904 athleta
2631 2850 2697 2904 ad
2736 2865 2993 2904 coronam
3045 2851 3243 2905 meruit
3292 2851 3598 2920 pervenire.

1991 2943 2133 3014 Ergo
2165 2942 2479 3012 multiplicia
2513 2953 2845 2999 tentamenta
2869 2955 2992 2999 sunt
3014 2944 3238 3000 diaboli.
3269 2946 3333 3001 Et
3367 2946 3490 3001 ideo
3519 2946 3604 3001 bi-

1990 3035 2190 3103 linguis
2215 3050 2440 3104 serpens
2467 3037 2700 3092 habetur
2725 3047 2888 3107 atque
2939 3037 3158 3092 Ielhalis
3176 3080 3190 3104 ,
3215 3054 3282 3094 eo
3302 3040 3444 3109 quod
3485 3040 3601 3096 dia-

1993 3127 2100 3181 boli
2126 3127 2375 3182 minister
2411 3128 2554 3182 aliud
2579 3129 2757 3198 lingua
2789 3131 3059 3199 loquatur,
3091 3130 3240 3185 aliud
3269 3132 3434 3187 corde
3481 3149 3600 3188 me-

289 3226 512 3280 lnvidia:
539 3237 718 3280 autem
749 3240 909 3280 causa
942 3225 1220 3280 beatitudo
1266 3225 1498 3279 hominis
1529 3227 1583 3280 in
1637 3226 1890 3296 paradiso
1919 3214 1964 3279 C
1997 3224 2215 3280 ditetur.
2247 3224 2386 3280 Sunt
2407 3223 2566 3278 etalii
2593 3224 2830 3279 ministri
2849 3225 3012 3294 quiet
3033 3224 3214 3280 cordis
3237 3237 3290 3280 et
3317 3228 3464 3281 vocis
3488 3241 3602 3284 suae

284 3320 469 3390 positi,
491 3331 542 3373 et
575 3319 698 3374 ideo
717 3321 974 3390 quoniam
1006 3321 1120 3387 ipse
1149 3319 1394 3374 diabolus
1436 3331 1713 3391 acceptam
1767 3337 1890 3392 gra-

285 3413 410 3468 tiam
447 3424 634 3467 tenere
665 3427 774 3467 non
803 3412 998 3481 potuit,
1027 3410 1213 3465 invidit
1247 3411 1471 3478 homini,
1493 3429 1558 3467 eo
1587 3414 1728 3484 quod
1754 3414 1889 3484 ligu—

285 3514 435 3558 ratus
465 3520 495 3559 e
523 3504 674 3570 linto,
711 3513 768 3557 ut
811 3503 984 3558 incola
1031 3503 1265 3572 paradisi
1317 3505 1726 3566 esset.electus
1781 3515 1886 3561 cst.

285 3599 674 3655 Considerabat
701 3600 846 3656 enim
869 3599 1114 3655 diabolus
1135 3599 1280 3670 quod
1302 3599 1526 3668 ipsequi
1573 3600 1757 3654 fuis.~et
1798 3615 1889 3655 su—

288 3693 518 3764 perioris
544 3700 767 3757 naturae,
804 3693 856 3746 in
887 3692 1002 3746 lucc
1031 3692 1315 3748 saecularia
1353 3702 1406 3746 ct
1436 3693 1703 3748 mundana
1741 3693 1890 3749 deci-
1927 3697 1930 3702 ’

288 3787 484 3850 derat;
516 3789 678 3842 homo
696 3799 876 3842 autem
910 3787 1182 3844 inferioris
1205 3799 1412 3844 natura:
1451 3791 1703 3860 sperabat
1733 3801 1891 3846 aeter-

289 3898 379 3939 na.
408 3883 518 3937 lloc
549 3890 630 3936 cst
660 3897 787 3951 ergo
815 3882 956 3951 quod
1000 3882 1200 3937 invidet
1226 3883 1413 3938 dicens
1453 3901 1465 3936 :
1512 3885 1616 3939 Iste
1665 3883 1892 3939 inferior

289 3973 607 4042 adipiscitur
626 3973 766 4041 quod
800 3987 900 4042 ego
943 3989 1162 4042 servare
1192 3991 1296 4027 non
1327 3975 1471 4042 potui
1498 3976 1521 4028 ?
1546 3975 1649 4029 Iste
1678 3975 1746 4029 de
1779 3985 1886 4028 ter-

293 4067 367 4120 ris
399 4064 646 4134 migrabit
669 4062 737 4118 ad
759 4065 979 4129 coelum,
1010 4077 1129 4119 cum
1170 4080 1268 4136 ego
1299 4066 1366 4120 de
1416 4067 1555 4121 coelo
1602 4067 1782 4136 lapsus
1837 4068 1891 4122 in

293 4166 437 4211 terra
477 4157 579 4210 sim
608 4156 630 4208 ?
660 4155 854 4211 Multas
885 4157 998 4210 vias
1025 4156 1200 4214 habeo
1226 4157 1421 4227 quibus
1483 4159 1754 4213 hominem
1799 4159 1892 4215 de—

291 4249 470 4318 cipere
498 4248 719 4316 possim.
759 4250 831 4302 De
859 4249 988 4302 limo
1020 4249 1191 4304 factus
1207 4261 1310 4314 εει,
1337 4258 1480 4305 terra
1507 4251 1556 4304 ei
1580 4263 1758 4306 mater
1787 4262 1889 4318 est,

296 4339 1044 4410 corruptibilibusinvolutus
1073 4351 1172 4396 est.
1210 4342 1273 4396 Et
1304 4344 1346 4396 si
1388 4342 1562 4397 anima
1595 4344 1913 4414 superioris.

295 4441 524 4500 naturae,
557 4441 737 4489 tamen
759 4446 812 4487 et
836 4434 947 4503 ipsa
982 4435 1152 4503 lapsui
1187 4444 1363 4503 potest
1393 4450 1513 4490 esse
1537 4437 1768 4491 obnoxia
1789 4479 1804 4504 ,
1838 4439 1891 4491 in

295 4533 541 4602 corporis
587 4548 806 4588 carcere
849 4535 1177 4598 constituta;
1200 4533 1414 4601 quando
1443 4549 1546 4604 ego
1577 4535 1782 4604 lapsum
1816 4536 1892 4589 vi-

1991 3319 2221 3375 infectas
2255 3332 2468 3373 veneno
2497 3319 2660 3373 veluti
2690 3319 2980 3374 verborum
3006 3335 3228 3374 suorum
3254 3321 3463 3390 jactant
3516 3336 3604 3377 sa-

1992 3417 2187 3487 gittas,
2223 3414 2422 3485 quibus
2481 3413 2741 3470 Dominus
2783 3414 2858 3469 ait
2902 3432 2914 3468 :
2956 3414 3231 3471 Geueratio
3269 3418 3602 3487 viperarum,

1992 3506 2246 3578 quomodo
2277 3508 2489 3576 potestis
2527 3507 2659 3561 bona
2682 3508 2818 3578 loqui
2844 3549 2860 3576 ,
2884 3525 2999 3563 cunt
3054 3511 3168 3565 sitis
3210 3513 3335 3566 ntali
3361 3512 3380 3583 (
3409 3512 3599 3568 Matth.

1997 3600 2262 3670 xu,54)?

2064 3694 2153 3750 56.
2181 3692 2252 3750 Et
2269 3694 2399 3748 dixit
2423 3710 2630 3765 serpens
2658 3695 2864 3749 mulieri
2887 3710 2905 3750 :
2927 3694 3066 3762 Quid
3084 3697 3262 3768 utique
3286 3699 3420 3752 dixit
3438 3698 3599 3766 Deus,

1991 3806 2054 3844 ne
2076 3789 2239 3842 edatis
2259 3805 2322 3841 ex
2352 3790 2489 3841 omni
2517 3789 2655 3859 ligno
2681 3791 2819 3857 quod
2840 3800 2915 3842 est
2951 3790 3004 3842 in
3053 3791 3338 3860 paradiso?
3361 3791 3427 3846 Et
3468 3795 3602 3849 dixit

1990 3883 2178 3936 mulier
2199 3882 2422 3948 serpenti
2439 3899 2450 3933 :
2465 3879 2549 3934 Ex
2570 3883 2707 3933 omni
2725 3883 2865 3951 ligno
2884 3881 3111 3950 paradisi
3132 3884 3560 3940 manducabimus
3580 3905 3600 3943 :

1995 3973 2056 4028 de
2079 3977 2252 4044 fructu
2275 3982 2444 4026 autem
2475 3973 2606 4045 ligni
2627 3973 2764 4042 quod
2794 3982 2867 4027 est
2891 3974 2944 4026 in
2972 3973 3140 4027 medio
3165 3976 3398 4046 paradisi
3425 4019 3439 4043 ,
3467 3978 3600 4032 dixit

1993 4066 2134 4121 Deus
2159 4084 2178 4121 :
2205 4065 2323 4120 Non
2345 4066 2724 4120 manducabitis
2768 4083 2831 4121 ea:
2847 4083 2924 4129 eo,
2956 4084 3118 4136 neque
3163 4070 3377 4141 tangatis
3406 4087 3470 4124 ea:
3493 4088 3552 4125 eo
3582 4115 3598 4140 ,

1996 4176 2058 4213 ne
2080 4159 2368 4212 moriamt‘ni
2390 4159 2408 4230 (
2427 4157 2558 4211 Gen.
2587 4173 2662 4225 ιιι,
2691 4158 2725 4212 9.
2755 4169 2800 4212 et
2829 4159 2864 4213 5
2884 4161 2927 4230 ).
2967 4158 3104 4213 Cirin
3121 4160 3360 4217 audieris
3385 4163 3602 4233 sapien-

1996 4254 2187 4307 tiorem
2218 4252 2408 4308 bestiis
2437 4253 2686 4306 omnibus
2713 4266 2835 4306 esse
2857 4263 3188 4324 serpentem,
3210 4254 3297 4311 bic
3325 4257 3443 4326 ejus
3485 4258 3598 4329 jam

1995 4362 2175 4418 quaere
2200 4345 2515 4402 versutiam.
2550 4346 2779 4401 Simulat
2803 4362 2862 4401 se
2894 4348 3054 4402 verba
3112 4348 3208 4404 Dei
3230 4349 3410 4407 dicere
3440 4392 3455 4418 ,
3487 4363 3540 4407 et
3569 4351 3597 4390 (1

1995 4441 2244 4510 proprios
2287 4441 2479 4495 intexit
2505 4440 2678 4494 dolos.
2708 4441 2842 4494 Cum
2872 4441 3015 4496 enim
3047 4443 3276 4499 dixisset
3313 4446 3452 4501 Deus
3478 4465 3489 4500 :
3518 4447 3601 4503 Ea:

1995 4535 2133 4587 omni
2152 4535 2292 4605 ligno
2311 4533 2447 4602 quod
2475 4542 2546 4585 est
2569 4533 2619 4584 iu
2643 4532 2886 4602 paradiso
2917 4534 3075 4588 edetis
3096 4536 3164 4588 ad
3199 4554 3364 4592 escam
3388 4556 3406 4593 :
3434 4539 3498 4595 de
3535 4542 3601 4595 li-

297 4635 412 4680 tare
438 4641 542 4679 non
574 4626 740 4695 potui.
764 4625 858 4680 Est
885 4627 1044 4696 igitur
1075 4625 1158 4679 via
1191 4626 1360 4695 prima
1389 4667 1402 4691 ,
1435 4633 1494 4680 ut
1546 4624 1848 4696 decipiatur
1876 4669 1890 4693 ,
1917 4607 1974 4667 D
1997 4643 2098 4699 gno
2129 4637 2300 4680 autem
2319 4625 2456 4695 quod
2483 4633 2559 4678 est
2589 4625 2815 4679 scientia:
2841 4624 2958 4679 boni
2998 4638 3046 4681 et
3075 4629 3198 4682 mali
3226 4646 3328 4684 non
3382 4633 3542 4687 edetis
3577 4675 3593 4700 ,

295 4719 422 4773 dum
448 4717 761 4772 conditione
786 4734 884 4773 sua
915 4719 1119 4788 majora
1147 4717 1444 4774 desiderat.
1480 4718 1576 4773 Hic
1600 4718 1745 4774 enim
1778 4721 1896 4789 qui-

295 4814 418 4870 dam
449 4823 676 4869 conatus
701 4824 784 4869 est
809 4813 1114 4868 industrim.
1147 4812 1348 4868 Deinde
1378 4814 1556 4869 carnis
1595 4824 1677 4869 est
1709 4857 1723 4880 ,
1752 4815 1895 4886 quod

297 4923 406 4961 non
430 4906 643 4972 haheat,
667 4906 1000 4962 desiderare.
1030 4906 1316 4961 Postremo
1343 4907 1396 4960 in
1435 4921 1542 4978 quo
1568 4906 1754 4962 videor
1798 4923 1898 4977 ego

297 5000 546 5055 omnibus
569 5015 690 5055 esse
718 5000 1016 5070 sapientior
1036 5041 1049 5065 ,
1106 4999 1210 5054 nisi
1246 4999 1688 5062 circumscribzun
1725 5001 1899 5054 benti--

299 5105 516 5158 nem,et
545 5095 778 5150 versutia
803 5103 859 5149 et
881 5094 1068 5148 fraude
1087 5092 1455 5149 contendam?
1487 5094 1668 5164 Itaque
1693 5093 1898 5147 maelii-

298 5197 458 5244 natus
488 5197 591 5250 est,
626 5195 683 5241 ιιι
707 5202 814 5242 non
848 5187 1020 5255 primo
1045 5187 1214 5242 Adam
1244 5186 1576 5251 adoriretur,
1609 5187 1704 5242 sed
1727 5187 1900 5242 Adam

300 5297 400 5354 per
416 5279 693 5334 mulierem
724 5279 1172 5336 circumscribere
1192 5290 1506 5336 conaretur.
1530 5279 1646 5336 Non
1677 5280 1904 5336 adorsus

304 5386 392 5435 est
419 5391 543 5431 eum
595 5374 685 5444 qui
731 5389 914 5428 coram
963 5385 1246 5444 acceperat
1275 5376 1500 5432 cmleste
1544 5376 1854 5431 mandatum
1891 5395 1903 5430 :

311 5469 406 5527 sed
436 5483 556 5525 eam
590 5467 748 5539 17o
765 5466 991 5522 adorsus
1016 5475 1096 5523 est
1113 5477 1277 5538 quam
1293 5468 1412 5523 viro
1436 5467 1725 5536 didicerat,
1749 5484 1854 5523 non
1878 5484 1908 5524 τι

378 5638 402 5665 ει
431 5625 560 5680 Mss.
582 5624 770 5679 decem
797 5622 1014 5692 optima:
1045 5631 1206 5684 notae,
1237 5639 1300 5679 ac
1326 5633 1434 5678 vet.
1473 5623 1603 5679 edit.
1638 5665 1652 5687 ,
1684 5622 1751 5678 ad
1780 5622 1905 5692 ﬁdei

307 5697 653 5780 latrocinium.
690 5695 934 5761 Quatuor
954 5708 1076 5748 cum
1099 5694 1231 5750 edit.
1256 5695 1436 5762 Rom.,
1466 5697 1531 5748 ad
1565 5695 1721 5763 ﬁdem
1748 5710 1779 5747 a
1821 5694 1901 5748 la-

307 5779 657 5908 "animum
680 5839 887 5909 aliquot
918 5850 1076 5902 11188.,
1106 5851 1222 5907 quia
1271 5844 1454 5906 repunt
1481 5854 1632 5908 super
1661 5847 1869 5892 terram.

1998 4739 2097 4793 qua
2127 4721 2209 4773 die
2239 4730 2409 4774 autem
2448 4718 2820 4774 manducabitis
2874 4737 2942 4774 ea:
2980 4738 3070 4789 eo,
3103 4732 3265 4778 morte
3316 4727 3605 4781 moriemini

2001 4813 2050 4888 (1
2060 4816 2238 4881 bid.n,
2279 4814 2347 4868 16
2375 4825 2419 4867 et
2449 4813 2558 4885 I7);
2587 4830 2811 4884 serpens
2835 4816 2987 4885 quasi
3033 4817 3371 4889 interrogans
3403 4819 3598 4877 mulie-

2003 4924 2140 4972 rem,
2172 4923 2298 4962 cum
2319 4907 2547 4962 dixisset
2575 4906 2714 4960 Deus
2745 4925 2758 4959 :
2792 4907 2870 4963 Ex
2902 4909 3049 4963 omni
3080 4909 3225 4981 ligno
3249 4912 3392 4981 quod
3423 4924 3507 4968 est
3545 4915 3599 4968 in

2005 4999 2254 5069 paradiso
2283 4998 2456 5053 edetis
2492 5015 2504 5052 :
2533 4998 2600 5053 de
2629 4998 2776 5069 ligno
2801 5013 2981 5054 autem
3013 5017 3120 5056 uno
3152 5018 3259 5057 non
3287 5005 3480 5071 edetis,
3513 5007 3598 5060 in-

2006 5092 2176 5146 seruit
2199 5089 2539 5145 mendacium
2575 5132 2590 5156 ,
2624 5100 2680 5144 ut
2737 5090 2945 5146 diceret
2976 5109 2987 5144 :
3022 5091 3098 5145 Ab
3153 5095 3290 5146 omni
3329 5097 3470 5168 ligno
3501 5113 3602 5150 non

2009 5185 2164 5239 edetis
2197 5199 2360 5238 :cum
2389 5182 2457 5238 de
2489 5197 2596 5237 uno
2639 5193 2846 5238 tantum
2896 5186 3042 5255 ligno
3089 5187 3328 5241 scientia:
3377 5189 3508 5242 boni
3550 5199 3606 5244 et

2009 5281 2132 5334 mali
2167 5275 2488 5348 praeceperit
2513 5277 2658 5332 Deus
2685 5292 2790 5331 non
2819 5291 2942 5334 esse
2967 5278 3310 5348 gustandum.
3361 5281 3476 5348 Qua
3519 5298 3608 5338 ra-

2012 5374 2157 5428 tione
2179 5381 2359 5426 autem
2393 5369 2671 5434 fefellerit,
2706 5369 2839 5422 nihil
2868 5371 3089 5435 mirmn,
3113 5369 3234 5437 quia
3263 5371 3333 5424 iis
3373 5374 3466 5442 qui
3513 5375 3612 5431 ali-

2012 5482 2170 5538 quem
2218 5464 2669 5522 circumscribere
2689 5474 2976 5529 conantur,
3000 5463 3336 5517 consuetudo
3377 5476 3459 5521 est
3506 5468 3610 5524 fal-

2089 5634 2109 5659 ς
2140 5622 2238 5676 Ms.
2295 5620 2413 5673 Div.
2448 5661 2461 5682 ,
2496 5592 2792 5690 appellatur
2835 5617 3085 5686 sapientia
3109 5658 3124 5685 ,
3155 5635 3269 5690 qua:
3319 5634 3395 5681 est
3439 5628 3614 5687 divino

2015 5695 2260 5748 mandato
2288 5692 2527 5747 adversa.

2085 5764 2113 5804 ά
2147 5765 2328 5832 Rem.,
2358 5772 2403 5818 et
2431 5760 2644 5834 propius
2681 5757 2859 5812 intexit
2887 5757 3052 5812 dolos.
