  <div class='ocr_page' id='page_1' title='image "/cluster/home/n/w/nwhite01/storage/ocr_20150623/14/hvd.32044015471303/157.png"; bbox 0 0 4150 6358; ppageno 0'>
   <div class='ocr_carea' id='block_1_1' title="bbox 519 355 704 428">
    <p class='ocr_par' dir='ltr' id='par_1_1' title="bbox 519 355 704 428">
     <span class='ocr_line' id='line_1_1' title="bbox 519 355 704 428; baseline -0.038 0"><span class='ocrx_word' id='word_1_1' title='bbox 519 370 626 428; x_wconf 76' lang='lat'><strong>505</strong></span> <span class='ocrx_word' id='word_1_2' title='bbox 699 355 704 358; x_wconf 78' lang='grc'><em>’</em></span> 
     </span>
    </p>
   </div>
   <div class='ocr_carea' id='block_1_2' title="bbox 1841 313 2454 384">
    <p class='ocr_par' dir='ltr' id='par_1_2' title="bbox 1841 313 2454 384">
     <span class='ocr_line' id='line_1_2' title="bbox 1841 313 2454 384; baseline -0.018 -1"><span class='ocrx_word' id='word_1_3' title='bbox 1841 321 2088 384; x_wconf 77' lang='lat' dir='ltr'><strong>SANCTI</strong></span> <span class='ocrx_word' id='word_1_4' title='bbox 2126 313 2454 376; x_wconf 78' lang='lat' dir='ltr'><strong>AMBROSII</strong></span> 
     </span>
    </p>
   </div>
   <div class='ocr_carea' id='block_1_3' title="bbox 3720 295 3831 352">
    <p class='ocr_par' dir='ltr' id='par_1_3' title="bbox 3720 295 3831 352">
     <span class='ocr_line' id='line_1_3' title="bbox 3720 295 3831 352; baseline -0.045 0"><span class='ocrx_word' id='word_1_5' title='bbox 3720 295 3831 352; x_wconf 78' lang='lat' dir='ltr'><strong>50-i-</strong></span> 
     </span>
    </p>
   </div>
   <div class='ocr_carea' id='block_1_4' title="bbox 521 413 3833 539">
    <p class='ocr_par' dir='ltr' id='par_1_4' title="bbox 521 413 3833 539">
     <span class='ocr_line' id='line_1_4' title="bbox 521 413 3833 539; baseline -0.016 -22"><span class='ocrx_word' id='word_1_6' title='bbox 521 485 658 539; x_wconf 61' lang='grc' dir='ltr'>ιρι-ρ,</span> <span class='ocrx_word' id='word_1_7' title='bbox 691 477 807 534; x_wconf 72' lang='lat' dir='ltr'><strong>Non</strong></span> <span class='ocrx_word' id='word_1_8' title='bbox 858 479 940 529; x_wconf 65' lang='lat' dir='ltr'><strong>est</strong></span> <span class='ocrx_word' id='word_1_9' title='bbox 985 468 1158 536; x_wconf 86' lang='lat' dir='ltr'><strong>igitur</strong></span> <span class='ocrx_word' id='word_1_10' title='bbox 1191 450 1542 523; x_wconf 73' lang='lat' dir='ltr'><strong>interrogatio</strong></span> <span class='ocrx_word' id='word_1_11' title='bbox 1595 445 1768 500; x_wconf 89' lang='lat' dir='ltr'><strong>otiosa</strong></span> <span class='ocrx_word' id='word_1_12' title='bbox 1817 437 2106 510; x_wconf 75' lang='lat' dir='ltr'><strong>serpentis.</strong></span> <span class='ocrx_word' id='word_1_13' title='bbox 2135 439 2188 498; x_wconf 78' lang='grc' dir='ltr'>Α</span> <span class='ocrx_word' id='word_1_14' title='bbox 2215 431 2385 486; x_wconf 80' lang='lat' dir='ltr'><strong>fuisse</strong></span> <span class='ocrx_word' id='word_1_15' title='bbox 2411 427 2652 484; x_wconf 67' lang='lat' dir='ltr'><strong>scientiae</strong></span> <span class='ocrx_word' id='word_1_16' title='bbox 2683 424 2808 480; x_wconf 91' lang='lat' dir='ltr'><strong>boni</strong></span> <span class='ocrx_word' id='word_1_17' title='bbox 2841 431 2898 479; x_wconf 90' lang='lat' dir='ltr'><strong>et</strong></span> <span class='ocrx_word' id='word_1_18' title='bbox 2923 421 3066 484; x_wconf 86' lang='lat' dir='ltr'><strong>mali,</strong></span> <span class='ocrx_word' id='word_1_19' title='bbox 3095 425 3270 488; x_wconf 86' lang='lat' dir='ltr'><strong>potest</strong></span> <span class='ocrx_word' id='word_1_20' title='bbox 3291 416 3548 472; x_wconf 67' lang='lat' dir='ltr'><strong>aestimari</strong></span> <span class='ocrx_word' id='word_1_21' title='bbox 3571 413 3698 484; x_wconf 77' lang='lat' dir='ltr'><strong>quia</strong></span> <span class='ocrx_word' id='word_1_22' title='bbox 3731 429 3833 465; x_wconf 81' lang='lat' dir='ltr'><strong>nn-</strong></span> 
     </span>
     <span class='ocr_line' id='line_1_5' title="bbox 1983 505 3828 539; baseline 0 0"><span class='ocrx_word' id='word_1_23' title='bbox 1983 532 1992 539; x_wconf 91' lang='lat'><strong>.</strong></span> <span class='ocrx_word' id='word_1_24' title='bbox 2225 525 2236 539; x_wconf 81' lang='grc'>.</span> <span class='ocrx_word' id='word_1_25' title='bbox 2283 523 2315 539; x_wconf 81' lang='grc' dir='ltr'>ι-</span> <span class='ocrx_word' id='word_1_26' title='bbox 2347 533 2386 539; x_wconf 64' lang='lat'><strong>-,</strong></span> <span class='ocrx_word' id='word_1_27' title='bbox 2433 521 2622 539; x_wconf 37' lang='lat' dir='ltr'><strong>,._-I____a</strong></span> <span class='ocrx_word' id='word_1_28' title='bbox 2662 527 2880 539; x_wconf 73' lang='lat'><strong>.-_.........</strong></span> <span class='ocrx_word' id='word_1_29' title='bbox 2953 513 3093 539; x_wconf 56' lang='grc' dir='ltr'>ριιεπ</span> <span class='ocrx_word' id='word_1_30' title='bbox 3139 519 3216 539; x_wconf 65' lang='grc' dir='ltr'>,ιρι</span> <span class='ocrx_word' id='word_1_31' title='bbox 3259 511 3402 539; x_wconf 60' lang='lat' dir='ltr'><strong>Anz...</strong></span> <span class='ocrx_word' id='word_1_32' title='bbox 3437 507 3591 539; x_wconf 61' lang='grc' dir='ltr'>..ηιιςο</span> <span class='ocrx_word' id='word_1_33' title='bbox 3635 505 3828 539; x_wconf 62' lang='lat' dir='ltr'><strong>nidum:</strong></span> 
     </span>
    </p>
   </div>
   <div class='ocr_carea' id='block_1_5' title="bbox 523 532 2111 637">
    <p class='ocr_par' dir='ltr' id='par_1_5' title="bbox 523 532 2111 637">
     <span class='ocr_line' id='line_1_6' title="bbox 523 532 2111 637; baseline -0.035 1"><span class='ocrx_word' id='word_1_34' title='bbox 523 576 634 637; x_wconf 84' lang='lat' dir='ltr'><strong>Sed</strong></span> <span class='ocrx_word' id='word_1_35' title='bbox 658 586 712 630; x_wconf 90' lang='lat' dir='ltr'><strong>ut</strong></span> <span class='ocrx_word' id='word_1_36' title='bbox 739 569 880 628; x_wconf 84' lang='lat' dir='ltr'><strong>scias</strong></span> <span class='ocrx_word' id='word_1_37' title='bbox 903 565 952 618; x_wconf 92' lang='lat' dir='ltr'><strong>in</strong></span> <span class='ocrx_word' id='word_1_38' title='bbox 981 553 1232 615; x_wconf 86' lang='lat' dir='ltr'><strong>mandato</strong></span> <span class='ocrx_word' id='word_1_39' title='bbox 1259 547 1465 604; x_wconf 90' lang='lat' dir='ltr'><strong>nullum</strong></span> <span class='ocrx_word' id='word_1_40' title='bbox 1490 541 1676 596; x_wconf 87' lang='lat' dir='ltr'><strong>vitium</strong></span> <span class='ocrx_word' id='word_1_41' title='bbox 1699 550 1820 592; x_wconf 88' lang='lat' dir='ltr'><strong>esse</strong></span> <span class='ocrx_word' id='word_1_42' title='bbox 1849 532 2111 603; x_wconf 86' lang='lat' dir='ltr'><strong>potuisse,</strong></span> 
     </span>
    </p>
   </div>
   <div class='ocr_carea' id='block_1_6' title="bbox 519 620 2115 738">
    <p class='ocr_par' dir='ltr' id='par_1_6' title="bbox 519 620 2115 738">
     <span class='ocr_line' id='line_1_7' title="bbox 519 620 2115 738; baseline -0.034 -12"><span class='ocrx_word' id='word_1_43' title='bbox 519 664 803 738; x_wconf 79' lang='lat' dir='ltr'><strong>reSpnndit</strong></span> <span class='ocrx_word' id='word_1_44' title='bbox 833 656 1046 716; x_wconf 85' lang='lat' dir='ltr'><strong>mulier,</strong></span> <span class='ocrx_word' id='word_1_45' title='bbox 1072 659 1128 702; x_wconf 92' lang='lat' dir='ltr'><strong>ut</strong></span> <span class='ocrx_word' id='word_1_46' title='bbox 1157 643 1320 698; x_wconf 82' lang='lat' dir='ltr'><strong>habes</strong></span> <span class='ocrx_word' id='word_1_47' title='bbox 1353 658 1366 694; x_wconf 91' lang='lat'><strong>:</strong></span> <span class='ocrx_word' id='word_1_48' title='bbox 1402 637 1483 692; x_wconf 81' lang='lat' dir='ltr'><strong>Ea:</strong></span> <span class='ocrx_word' id='word_1_49' title='bbox 1509 633 1646 688; x_wconf 84' lang='lat' dir='ltr'><strong>omni</strong></span> <span class='ocrx_word' id='word_1_50' title='bbox 1687 631 1826 702; x_wconf 76' lang='lat' dir='ltr'><strong>(igua</strong></span> <span class='ocrx_word' id='word_1_51' title='bbox 1879 620 2115 696; x_wconf 78' lang='lat' dir='ltr'><strong>paradisi</strong></span> 
     </span>
    </p>
   </div>
   <div class='ocr_carea' id='block_1_7' title="bbox 521 713 2114 817">
    <p class='ocr_par' dir='ltr' id='par_1_7' title="bbox 521 713 2114 817">
     <span class='ocr_line' id='line_1_8' title="bbox 521 713 2114 817; baseline -0.032 1"><span class='ocrx_word' id='word_1_52' title='bbox 521 713 940 817; x_wconf 62' lang='lat' dir='ltr'><strong>mahducabimus</strong></span> <span class='ocrx_word' id='word_1_53' title='bbox 962 765 980 801; x_wconf 88' lang='lat'><strong><em>:</em></strong></span> <span class='ocrx_word' id='word_1_54' title='bbox 1001 713 1064 798; x_wconf 85' lang='lat' dir='ltr'><strong>de</strong></span> <span class='ocrx_word' id='word_1_55' title='bbox 1077 745 1248 815; x_wconf 76' lang='lat' dir='ltr'><strong>fructu</strong></span> <span class='ocrx_word' id='word_1_56' title='bbox 1267 741 1436 790; x_wconf 85' lang='lat' dir='ltr'><strong>autent</strong></span> <span class='ocrx_word' id='word_1_57' title='bbox 1453 728 1580 802; x_wconf 84' lang='lat' dir='ltr'><strong>ligni</strong></span> <span class='ocrx_word' id='word_1_58' title='bbox 1610 723 1748 796; x_wconf 87' lang='lat' dir='ltr'><strong>quod</strong></span> <span class='ocrx_word' id='word_1_59' title='bbox 1779 731 1850 775; x_wconf 86' lang='lat' dir='ltr'><strong>est</strong></span> <span class='ocrx_word' id='word_1_60' title='bbox 1875 721 1928 772; x_wconf 85' lang='lat' dir='ltr'><strong>in</strong></span> <span class='ocrx_word' id='word_1_61' title='bbox 1950 713 2114 770; x_wconf 85' lang='lat' dir='ltr'><strong>medio</strong></span> 
     </span>
    </p>
   </div>
   <div class='ocr_carea' id='block_1_8' title="bbox 520 821 2116 929">
    <p class='ocr_par' dir='ltr' id='par_1_8' title="bbox 520 821 2116 929">
     <span class='ocr_line' id='line_1_9' title="bbox 520 821 2116 929; baseline -0.031 -18"><span class='ocrx_word' id='word_1_62' title='bbox 520 853 782 929; x_wconf 76' lang='lat' dir='ltr'><strong>paradiso,</strong></span> <span class='ocrx_word' id='word_1_63' title='bbox 809 845 939 899; x_wconf 71' lang='lat' dir='ltr'><strong>dixit</strong></span> <span class='ocrx_word' id='word_1_64' title='bbox 967 840 1102 894; x_wconf 88' lang='lat' dir='ltr'><strong>Deus</strong></span> <span class='ocrx_word' id='word_1_65' title='bbox 1128 853 1146 889; x_wconf 89' lang='lat'><em>:</em></span> <span class='ocrx_word' id='word_1_66' title='bbox 1169 833 1290 888; x_wconf 85' lang='lat' dir='ltr'><strong>Non</strong></span> <span class='ocrx_word' id='word_1_67' title='bbox 1311 821 1687 884; x_wconf 84' lang='lat' dir='ltr'><strong>manducabitis</strong></span> <span class='ocrx_word' id='word_1_68' title='bbox 1727 834 1788 873; x_wconf 78' lang='lat' dir='ltr'><strong>ea;</strong></span> <span class='ocrx_word' id='word_1_69' title='bbox 1816 832 1876 872; x_wconf 87' lang='lat' dir='ltr'><strong>eo</strong></span> <span class='ocrx_word' id='word_1_70' title='bbox 1909 855 1922 880; x_wconf 95' lang='lat'><strong>,</strong></span> <span class='ocrx_word' id='word_1_71' title='bbox 1957 825 2116 882; x_wconf 84' lang='lat' dir='ltr'><strong>neque</strong></span> 
     </span>
     <span class='ocr_line' id='line_1_10' title="bbox 1547 905 2116 929; baseline -0.032 -1"><span class='ocrx_word' id='word_1_72' title='bbox 1547 919 1557 928; x_wconf 90' lang='lat'><strong>.</strong></span> <span class='ocrx_word' id='word_1_73' title='bbox 1651 915 1662 924; x_wconf 93' lang='lat'><strong>.</strong></span> <span class='ocrx_word' id='word_1_74' title='bbox 1709 915 1716 924; x_wconf 92' lang='lat'><strong>.</strong></span> <span class='ocrx_word' id='word_1_75' title='bbox 1777 909 1824 929; x_wconf 7' lang='grc' dir='ltr'><strong>,ἓ</strong></span> <span class='ocrx_word' id='word_1_76' title='bbox 1865 905 2116 929; x_wconf 35' lang='lat' dir='ltr'><strong>mu,“</strong></span> 
     </span>
    </p>
   </div>
   <div class='ocr_carea' id='block_1_9' title="bbox 523 905 2118 1020">
    <p class='ocr_par' dir='ltr' id='par_1_9' title="bbox 523 905 2118 1020">
     <span class='ocr_line' id='line_1_11' title="bbox 523 905 2118 1020; baseline -0.03 -16"><span class='ocrx_word' id='word_1_77' title='bbox 523 905 742 1020; x_wconf 52' lang='lat' dir='ltr'><strong>inrigetis</strong></span> <span class='ocrx_word' id='word_1_78' title='bbox 770 939 923 1013; x_wconf 77' lang='lat'><strong>171</strong></span> <span class='ocrx_word' id='word_1_79' title='bbox 947 950 1009 988; x_wconf 76' lang='lat' dir='ltr'><strong>ex</strong></span> <span class='ocrx_word' id='word_1_80' title='bbox 1033 947 1112 994; x_wconf 87' lang='lat' dir='ltr'><strong>eo,</strong></span> <span class='ocrx_word' id='word_1_81' title='bbox 1133 944 1195 982; x_wconf 81' lang='lat' dir='ltr'><strong>ne</strong></span> <span class='ocrx_word' id='word_1_82' title='bbox 1229 933 1394 978; x_wconf 87' lang='lat' dir='ltr'><strong>morte</strong></span> <span class='ocrx_word' id='word_1_83' title='bbox 1427 915 1741 973; x_wconf 80' lang='lat' dir='ltr'><strong>moriamim’.</strong></span> <span class='ocrx_word' id='word_1_84' title='bbox 1777 909 1832 964; x_wconf 93' lang='lat' dir='ltr'><strong>In</strong></span> <span class='ocrx_word' id='word_1_85' title='bbox 1865 905 2118 962; x_wconf 87' lang='lat' dir='ltr'><strong>mandato</strong></span> 
     </span>
     <span class='ocr_line' id='line_1_12' title="bbox 1447 999 2088 1020; baseline -0.025 16"><span class='ocrx_word' id='word_1_86' title='bbox 1447 1015 1461 1020; x_wconf 87' lang='grc'><strong><em>“</em></strong></span> <span class='ocrx_word' id='word_1_87' title='bbox 1488 1015 1499 1020; x_wconf 87' lang='lat'><em>‘</em></span> <span class='ocrx_word' id='word_1_88' title='bbox 1627 1009 1640 1020; x_wconf 80' lang='lat'><strong><em>‘</em></strong></span> <span class='ocrx_word' id='word_1_89' title='bbox 1686 1007 1720 1020; x_wconf 56' lang='grc' dir='ltr'><strong>ν’</strong></span> <span class='ocrx_word' id='word_1_90' title='bbox 1916 1017 1931 1020; x_wconf 67' lang='grc'><strong>-</strong></span> <span class='ocrx_word' id='word_1_91' title='bbox 1948 1018 1967 1020; x_wconf 35' lang='grc' dir='ltr'><em>ᾉ</em></span> <span class='ocrx_word' id='word_1_92' title='bbox 1989 999 2088 1020; x_wconf 46' lang='grc' dir='ltr'>Αιλιξ</span> 
     </span>
    </p>
   </div>
   <div class='ocr_carea' id='block_1_10' title="bbox 520 999 2114 1114">
    <p class='ocr_par' dir='ltr' id='par_1_10' title="bbox 520 999 2114 1114">
     <span class='ocr_line' id='line_1_13' title="bbox 520 999 2114 1114; baseline -0.031 -15"><span class='ocrx_word' id='word_1_93' title='bbox 520 999 738 1114; x_wconf 63' lang='lat' dir='ltr'><strong>quidem</strong></span> <span class='ocrx_word' id='word_1_94' title='bbox 771 999 982 1089; x_wconf 60' lang='lat' dir='ltr'><strong>iiii-llum</strong></span> <span class='ocrx_word' id='word_1_95' title='bbox 1002 1026 1192 1082; x_wconf 89' lang='lat' dir='ltr'><strong>vitium</strong></span> <span class='ocrx_word' id='word_1_96' title='bbox 1220 1029 1324 1088; x_wconf 91' lang='lat' dir='ltr'><strong>est,</strong></span> <span class='ocrx_word' id='word_1_97' title='bbox 1371 1015 1464 1072; x_wconf 89' lang='lat' dir='ltr'><strong>sed</strong></span> <span class='ocrx_word' id='word_1_98' title='bbox 1487 1015 1539 1068; x_wconf 88' lang='lat' dir='ltr'><strong>in</strong></span> <span class='ocrx_word' id='word_1_99' title='bbox 1565 1007 1828 1066; x_wconf 75' lang='lat' dir='ltr'><strong>relatione</strong></span> <span class='ocrx_word' id='word_1_100' title='bbox 1855 999 2114 1057; x_wconf 89' lang='lat' dir='ltr'><strong>mandati.</strong></span> 
     </span>
    </p>
   </div>
   <div class='ocr_carea' id='block_1_11' title="bbox 521 1094 2118 1201">
    <p class='ocr_par' dir='ltr' id='par_1_11' title="bbox 521 1094 2118 1201">
     <span class='ocr_line' id='line_1_14' title="bbox 525 1094 644 1114; baseline -0.025 -16"><span class='ocrx_word' id='word_1_101' title='bbox 525 1094 592 1114; x_wconf 70' lang='lat'>_,__</span> <span class='ocrx_word' id='word_1_102' title='bbox 625 1094 644 1096; x_wconf 22' lang='grc' dir='ltr'>ψ</span> 
     </span>
     <span class='ocr_line' id='line_1_15' title="bbox 521 1094 2118 1201; baseline -0.031 -7"><span class='ocrx_word' id='word_1_103' title='bbox 521 1135 734 1194; x_wconf 88' lang='lat' dir='ltr'><strong>Etenim</strong></span> <span class='ocrx_word' id='word_1_104' title='bbox 763 1136 1020 1201; x_wconf 88' lang='lat' dir='ltr'><strong>quantum</strong></span> <span class='ocrx_word' id='word_1_105' title='bbox 1051 1132 1292 1194; x_wconf 77' lang='lat' dir='ltr'><strong>prtesens</strong></span> <span class='ocrx_word' id='word_1_106' title='bbox 1321 1111 1480 1169; x_wconf 88' lang='lat' dir='ltr'><strong>lectio</strong></span> <span class='ocrx_word' id='word_1_107' title='bbox 1507 1108 1686 1168; x_wconf 83' lang='lat' dir='ltr'><strong>docet,</strong></span> <span class='ocrx_word' id='word_1_108' title='bbox 1716 1099 1975 1156; x_wconf 74' lang='lat' dir='ltr'><strong>discimus</strong></span> <span class='ocrx_word' id='word_1_109' title='bbox 2031 1094 2118 1148; x_wconf 90' lang='lat' dir='ltr'><strong>ni-</strong></span> 
     </span>
    </p>
   </div>
   <div class='ocr_carea' id='block_1_12' title="bbox 429 1187 2112 1294">
    <p class='ocr_par' dir='ltr' id='par_1_12' title="bbox 429 1187 2112 1294">
     <span class='ocr_line' id='line_1_16' title="bbox 429 1187 2112 1294; baseline -0.03 -6"><span class='ocrx_word' id='word_1_110' title='bbox 429 1289 432 1294; x_wconf 95' lang='lat'><em>_</em></span> <span class='ocrx_word' id='word_1_111' title='bbox 521 1229 602 1285; x_wconf 82' lang='lat' dir='ltr'><strong>hil</strong></span> <span class='ocrx_word' id='word_1_112' title='bbox 625 1227 706 1282; x_wconf 89' lang='lat' dir='ltr'><strong>vel</strong></span> <span class='ocrx_word' id='word_1_113' title='bbox 737 1218 1001 1278; x_wconf 87' lang='lat' dir='ltr'><strong>cautionis</strong></span> <span class='ocrx_word' id='word_1_114' title='bbox 1029 1212 1200 1286; x_wconf 85' lang='lat' dir='ltr'><strong>gratia</strong></span> <span class='ocrx_word' id='word_1_115' title='bbox 1228 1210 1453 1278; x_wconf 84' lang='lat' dir='ltr'><strong>jungere</strong></span> <span class='ocrx_word' id='word_1_116' title='bbox 1485 1214 1587 1256; x_wconf 92' lang='lat' dir='ltr'><strong>nos</strong></span> <span class='ocrx_word' id='word_1_117' title='bbox 1613 1197 1814 1252; x_wconf 82' lang='lat' dir='ltr'><strong>debere</strong></span> <span class='ocrx_word' id='word_1_118' title='bbox 1841 1187 2112 1246; x_wconf 89' lang='lat' dir='ltr'><strong>mandato.</strong></span> 
     </span>
    </p>
   </div>
   <div class='ocr_carea' id='block_1_13' title="bbox 519 1281 2120 1392">
    <p class='ocr_par' dir='ltr' id='par_1_13' title="bbox 519 1281 2120 1392">
     <span class='ocr_line' id='line_1_17' title="bbox 519 1281 2120 1392; baseline -0.029 -12"><span class='ocrx_word' id='word_1_119' title='bbox 519 1325 577 1380; x_wconf 90' lang='lat' dir='ltr'><strong>Si</strong></span> <span class='ocrx_word' id='word_1_120' title='bbox 605 1318 734 1392; x_wconf 94' lang='lat' dir='ltr'><strong>quid</strong></span> <span class='ocrx_word' id='word_1_121' title='bbox 763 1315 906 1373; x_wconf 90' lang='lat' dir='ltr'><strong>enim</strong></span> <span class='ocrx_word' id='word_1_122' title='bbox 939 1281 1258 1370; x_wconf 37' lang='lat' dir='ltr'><strong>velvaddas,</strong></span> <span class='ocrx_word' id='word_1_123' title='bbox 1288 1299 1374 1356; x_wconf 89' lang='lat' dir='ltr'><strong>vel</strong></span> <span class='ocrx_word' id='word_1_124' title='bbox 1421 1293 1676 1352; x_wconf 81' lang='lat' dir='ltr'><strong>detrahas</strong></span> <span class='ocrx_word' id='word_1_125' title='bbox 1703 1333 1718 1358; x_wconf 91' lang='lat'><strong>,</strong></span> <span class='ocrx_word' id='word_1_126' title='bbox 1749 1281 2120 1358; x_wconf 80' lang='lat' dir='ltr'><strong>praevaricatio</strong></span> 
     </span>
    </p>
   </div>
   <div class='ocr_carea' id='block_1_14' title="bbox 524 1377 2114 1491">
    <p class='ocr_par' dir='ltr' id='par_1_14' title="bbox 524 1377 2114 1491">
     <span class='ocr_line' id='line_1_18' title="bbox 524 1377 2114 1491; baseline -0.031 -16"><span class='ocrx_word' id='word_1_127' title='bbox 524 1415 774 1491; x_wconf 64' lang='lat' dir='ltr'><strong>quaedam</strong></span> <span class='ocrx_word' id='word_1_128' title='bbox 795 1407 1008 1462; x_wconf 84' lang='lat' dir='ltr'><strong>videtur</strong></span> <span class='ocrx_word' id='word_1_129' title='bbox 1027 1417 1146 1458; x_wconf 81' lang='lat' dir='ltr'><strong>esse</strong></span> <span class='ocrx_word' id='word_1_130' title='bbox 1177 1393 1436 1452; x_wconf 83' lang='lat' dir='ltr'><strong>mandati.</strong></span> <span class='ocrx_word' id='word_1_131' title='bbox 1471 1389 1608 1444; x_wconf 90' lang='lat' dir='ltr'><strong>Pura</strong></span> <span class='ocrx_word' id='word_1_132' title='bbox 1643 1383 1787 1440; x_wconf 88' lang='lat' dir='ltr'><strong>enim</strong></span> <span class='ocrx_word' id='word_1_133' title='bbox 1814 1377 1888 1450; x_wconf 77' lang='grc'><strong>(5</strong></span> <span class='ocrx_word' id='word_1_134' title='bbox 1917 1393 2006 1447; x_wconf 89' lang='lat' dir='ltr'><strong>qu.</strong></span> <span class='ocrx_word' id='word_1_135' title='bbox 2031 1389 2080 1427; x_wconf 69' lang='grc' dir='ltr'>ις</span> <span class='ocrx_word' id='word_1_136' title='bbox 2101 1414 2114 1438; x_wconf 92' lang='grc'><em>,</em></span> 
     </span>
     <span class='ocr_line' id='line_1_19' title="bbox 1337 1465 2114 1491; baseline -0.031 0"><span class='ocrx_word' id='word_1_137' title='bbox 1337 1487 1349 1491; x_wconf 88' lang='grc'><strong>-</strong></span> <span class='ocrx_word' id='word_1_138' title='bbox 1415 1485 1427 1491; x_wconf 88' lang='grc'><strong>,</strong></span> <span class='ocrx_word' id='word_1_139' title='bbox 1481 1482 1501 1491; x_wconf 69' lang='grc'><em>,</em></span> <span class='ocrx_word' id='word_1_140' title='bbox 1819 1471 1964 1491; x_wconf 41' lang='lat' dir='ltr'><strong>HL</strong></span> <span class='ocrx_word' id='word_1_141' title='bbox 2034 1465 2114 1491; x_wconf 39' lang='grc' dir='ltr'><strong>--Α</strong></span> 
     </span>
    </p>
   </div>
   <div class='ocr_carea' id='block_1_15' title="bbox 523 1465 2122 1577">
    <p class='ocr_par' dir='ltr' id='par_1_15' title="bbox 523 1465 2122 1577">
     <span class='ocr_line' id='line_1_20' title="bbox 523 1465 2122 1577; baseline -0.03 -9"><span class='ocrx_word' id='word_1_142' title='bbox 523 1465 571 1568; x_wconf 61' lang='grc' dir='ltr'><strong>ἔ.</strong></span> <span class='ocrx_word' id='word_1_143' title='bbox 603 1505 788 1577; x_wconf 86' lang='lat' dir='ltr'><strong>Pura)</strong></span> <span class='ocrx_word' id='word_1_144' title='bbox 813 1511 869 1558; x_wconf 87' lang='lat' dir='ltr'><strong>et</strong></span> <span class='ocrx_word' id='word_1_145' title='bbox 915 1496 1141 1567; x_wconf 79' lang='lat' dir='ltr'><strong>simplex</strong></span> <span class='ocrx_word' id='word_1_146' title='bbox 1193 1485 1432 1545; x_wconf 80' lang='lat' dir='ltr'><strong>mandati</strong></span> <span class='ocrx_word' id='word_1_147' title='bbox 1477 1482 1648 1537; x_wconf 83' lang='lat' dir='ltr'><strong>forma</strong></span> <span class='ocrx_word' id='word_1_148' title='bbox 1704 1471 1970 1530; x_wconf 86' lang='lat' dir='ltr'><strong>servanda</strong></span> <span class='ocrx_word' id='word_1_149' title='bbox 1991 1511 2006 1536; x_wconf 89' lang='lat'><strong>,</strong></span> <span class='ocrx_word' id='word_1_150' title='bbox 2034 1465 2122 1522; x_wconf 89' lang='lat' dir='ltr'><strong>vel</strong></span> 
     </span>
    </p>
   </div>
   <div class='ocr_carea' id='block_1_16' title="bbox 517 1561 2124 1664">
    <p class='ocr_par' dir='ltr' id='par_1_16' title="bbox 517 1561 2124 1664">
     <span class='ocr_line' id='line_1_21' title="bbox 517 1561 2124 1664; baseline -0.031 -1"><span class='ocrx_word' id='word_1_151' title='bbox 517 1561 820 1664; x_wconf 70' lang='lat' dir='ltr'><strong>testimonii</strong></span> <span class='ocrx_word' id='word_1_152' title='bbox 870 1595 1042 1651; x_wconf 84' lang='lat' dir='ltr'><strong>series</strong></span> <span class='ocrx_word' id='word_1_153' title='bbox 1088 1581 1384 1643; x_wconf 88' lang='lat' dir='ltr'><strong>intimanda</strong></span> <span class='ocrx_word' id='word_1_154' title='bbox 1432 1585 1534 1633; x_wconf 92' lang='lat' dir='ltr'><strong>est.</strong></span> <span class='ocrx_word' id='word_1_155' title='bbox 1583 1572 1912 1636; x_wconf 84' lang='lat' dir='ltr'><strong>Plerumque</strong></span> <span class='ocrx_word' id='word_1_156' title='bbox 1970 1561 2124 1616; x_wconf 90' lang='lat' dir='ltr'><strong>testis</strong></span> 
     </span>
    </p>
   </div>
   <div class='ocr_carea' id='block_1_17' title="bbox 523 1660 2120 1766">
    <p class='ocr_par' dir='ltr' id='par_1_17' title="bbox 523 1660 2120 1766">
     <span class='ocr_line' id='line_1_22' title="bbox 523 1660 2120 1766; baseline -0.032 -8"><span class='ocrx_word' id='word_1_157' title='bbox 523 1702 656 1758; x_wconf 87' lang='lat' dir='ltr'><strong>dum</strong></span> <span class='ocrx_word' id='word_1_158' title='bbox 686 1691 888 1766; x_wconf 90' lang='lat' dir='ltr'><strong>aliquid</strong></span> <span class='ocrx_word' id='word_1_159' title='bbox 915 1687 980 1743; x_wconf 88' lang='lat' dir='ltr'><strong>ad</strong></span> <span class='ocrx_word' id='word_1_160' title='bbox 1003 1687 1199 1742; x_wconf 90' lang='lat' dir='ltr'><strong>seriem</strong></span> <span class='ocrx_word' id='word_1_161' title='bbox 1223 1686 1500 1750; x_wconf 88' lang='lat' dir='ltr'><strong>gestorum</strong></span> <span class='ocrx_word' id='word_1_162' title='bbox 1521 1685 1588 1724; x_wconf 88' lang='lat' dir='ltr'><strong>ex</strong></span> <span class='ocrx_word' id='word_1_163' title='bbox 1611 1679 1709 1721; x_wconf 92' lang='lat' dir='ltr'><strong>suo</strong></span> <span class='ocrx_word' id='word_1_164' title='bbox 1733 1660 1938 1732; x_wconf 84' lang='lat' dir='ltr'><strong>adjicit,</strong></span> <span class='ocrx_word' id='word_1_165' title='bbox 1957 1665 2120 1712; x_wconf 88' lang='lat' dir='ltr'><strong>totam</strong></span> 
     </span>
    </p>
   </div>
   <div class='ocr_carea' id='block_1_18' title="bbox 523 1745 2120 1850">
    <p class='ocr_par' dir='ltr' id='par_1_18' title="bbox 523 1745 2120 1850">
     <span class='ocr_line' id='line_1_23' title="bbox 523 1745 2120 1850; baseline -0.033 0"><span class='ocrx_word' id='word_1_166' title='bbox 523 1745 828 1850; x_wconf 57' lang='lat' dir='ltr'><strong>testimoriii</strong></span> <span class='ocrx_word' id='word_1_167' title='bbox 886 1781 1044 1837; x_wconf 79' lang='lat' dir='ltr'><strong>[idem</strong></span> <span class='ocrx_word' id='word_1_168' title='bbox 1089 1745 1256 1848; x_wconf 74' lang='lat' dir='ltr'><strong>partis</strong></span> <span class='ocrx_word' id='word_1_169' title='bbox 1301 1763 1584 1825; x_wconf 87' lang='lat' dir='ltr'><strong>mendacio</strong></span> <span class='ocrx_word' id='word_1_170' title='bbox 1627 1757 1926 1816; x_wconf 86' lang='lat' dir='ltr'><strong>decolorat.</strong></span> <span class='ocrx_word' id='word_1_171' title='bbox 1976 1745 2120 1804; x_wconf 71' lang='lat' dir='ltr'><strong>Nihil</strong></span> 
     </span>
    </p>
   </div>
   <div class='ocr_carea' id='block_1_19' title="bbox 525 1840 2126 1960">
    <p class='ocr_par' dir='ltr' id='par_1_19' title="bbox 525 1840 2126 1960">
     <span class='ocr_line' id='line_1_24' title="bbox 525 1840 2126 1960; baseline -0.034 -14"><span class='ocrx_word' id='word_1_172' title='bbox 525 1889 698 1960; x_wconf 81' lang='lat' dir='ltr'><strong>igitur</strong></span> <span class='ocrx_word' id='word_1_173' title='bbox 735 1881 822 1936; x_wconf 87' lang='lat' dir='ltr'><strong>vel</strong></span> <span class='ocrx_word' id='word_1_174' title='bbox 843 1875 984 1947; x_wconf 88' lang='lat' dir='ltr'><strong>quod</strong></span> <span class='ocrx_word' id='word_1_175' title='bbox 1005 1840 1205 1928; x_wconf 80' lang='lat' dir='ltr'><strong>bonum</strong></span> <span class='ocrx_word' id='word_1_176' title='bbox 1235 1864 1466 1927; x_wconf 90' lang='lat' dir='ltr'><strong>videtur,</strong></span> <span class='ocrx_word' id='word_1_177' title='bbox 1493 1851 1800 1912; x_wconf 91' lang='lat' dir='ltr'><strong>addendum</strong></span> <span class='ocrx_word' id='word_1_178' title='bbox 1825 1855 1929 1902; x_wconf 90' lang='lat' dir='ltr'><strong>est.</strong></span> <span class='ocrx_word' id='word_1_179' title='bbox 1959 1840 2126 1896; x_wconf 79' lang='lat' dir='ltr'><strong>Nam-</strong></span> 
     </span>
     <span class='ocr_line' id='line_1_25' title="bbox 1262 1932 2096 1960; baseline -0.035 29"><span class='ocrx_word' id='word_1_180' title='bbox 1262 1957 1272 1960; x_wconf 78' lang='lat'><em>‘</em></span> <span class='ocrx_word' id='word_1_181' title='bbox 1333 1955 1346 1960; x_wconf 77' lang='lat'><em>‘</em></span> <span class='ocrx_word' id='word_1_182' title='bbox 1519 1951 1531 1960; x_wconf 92' lang='grc'><strong>·</strong></span> <span class='ocrx_word' id='word_1_183' title='bbox 1736 1943 1833 1960; x_wconf 26' lang='lat' dir='ltr'><strong>rn—</strong></span> <span class='ocrx_word' id='word_1_184' title='bbox 1866 1935 1999 1960; x_wconf 73' lang='lat' dir='ltr'><strong>_-.-.I</strong></span> <span class='ocrx_word' id='word_1_185' title='bbox 2034 1932 2096 1960; x_wconf 71' lang='grc' dir='ltr'><strong>...ι</strong></span> 
     </span>
    </p>
   </div>
   <div class='ocr_carea' id='block_1_20' title="bbox 527 1932 2128 2054">
    <p class='ocr_par' dir='ltr' id='par_1_20' title="bbox 527 1932 2128 2054">
     <span class='ocr_line' id='line_1_26' title="bbox 527 1932 2128 2054; baseline -0.033 -16"><span class='ocrx_word' id='word_1_186' title='bbox 527 1932 638 2054; x_wconf 58' lang='lat' dir='ltr'><strong>qoue</strong></span> <span class='ocrx_word' id='word_1_187' title='bbox 660 1978 748 2032; x_wconf 91' lang='lat' dir='ltr'><strong>hic</strong></span> <span class='ocrx_word' id='word_1_188' title='bbox 767 1932 894 2046; x_wconf 62' lang='lat' dir='ltr'><strong>quid</strong></span> <span class='ocrx_word' id='word_1_189' title='bbox 922 1960 1239 2025; x_wconf 85' lang='lat' dir='ltr'><strong>oll‘ensionis</strong></span> <span class='ocrx_word' id='word_1_190' title='bbox 1261 1955 1424 2012; x_wconf 83' lang='lat' dir='ltr'><strong>habet</strong></span> <span class='ocrx_word' id='word_1_191' title='bbox 1455 1951 1624 2022; x_wconf 88' lang='lat' dir='ltr'><strong>prima</strong></span> <span class='ocrx_word' id='word_1_192' title='bbox 1655 1943 1840 2015; x_wconf 85' lang='lat' dir='ltr'><strong>specie</strong></span> <span class='ocrx_word' id='word_1_193' title='bbox 1859 1935 2002 2008; x_wconf 89' lang='lat' dir='ltr'><strong>qttod</strong></span> <span class='ocrx_word' id='word_1_194' title='bbox 2033 1932 2128 1988; x_wconf 89' lang='lat' dir='ltr'><strong>ad-</strong></span> 
     </span>
     <span class='ocr_line' id='line_1_27' title="bbox 1349 2028 2102 2054; baseline -0.035 0"><span class='ocrx_word' id='word_1_195' title='bbox 1349 2050 1358 2054; x_wconf 86' lang='lat'><strong>-</strong></span> <span class='ocrx_word' id='word_1_196' title='bbox 1654 2039 1702 2054; x_wconf 85' lang='grc'><strong>,,</strong></span> <span class='ocrx_word' id='word_1_197' title='bbox 1746 2053 1749 2054; x_wconf 19' lang='grc' dir='ltr'><em>ν</em></span> <span class='ocrx_word' id='word_1_198' title='bbox 1879 2033 1901 2054; x_wconf 54' lang='grc' dir='ltr'>α</span> <span class='ocrx_word' id='word_1_199' title='bbox 1929 2028 2102 2054; x_wconf 48' lang='lat' dir='ltr'><strong>mn“</strong></span> 
     </span>
    </p>
   </div>
   <div class='ocr_carea' id='block_1_21' title="bbox 529 2028 2130 2131">
    <p class='ocr_par' dir='ltr' id='par_1_21' title="bbox 529 2028 2130 2131">
     <span class='ocr_line' id='line_1_28' title="bbox 529 2028 2130 2131; baseline -0.034 1"><span class='ocrx_word' id='word_1_200' title='bbox 529 2028 892 2131; x_wconf 20' lang='lat' dir='ltr'><strong>didittmullier</strong></span> <span class='ocrx_word' id='word_1_201' title='bbox 921 2081 934 2116; x_wconf 87' lang='lat'><strong>:</strong></span> <span class='ocrx_word' id='word_1_202' title='bbox 969 2059 1151 2130; x_wconf 86' lang='lat' dir='ltr'><strong>Neque</strong></span> <span class='ocrx_word' id='word_1_203' title='bbox 1167 2050 1386 2124; x_wconf 78' lang='lat' dir='ltr'><strong>tangatis</strong></span> <span class='ocrx_word' id='word_1_204' title='bbox 1411 2061 1472 2102; x_wconf 77' lang='lat' dir='ltr'><strong>ex</strong></span> <span class='ocrx_word' id='word_1_205' title='bbox 1495 2059 1554 2098; x_wconf 88' lang='lat' dir='ltr'><strong>eo</strong></span> <span class='ocrx_word' id='word_1_206' title='bbox 1579 2039 1855 2111; x_wconf 85' lang='lat' dir='ltr'><strong>quidquam</strong></span> <span class='ocrx_word' id='word_1_207' title='bbox 1878 2033 1901 2086; x_wconf 83' lang='lat'><strong><em>?</em></strong></span> <span class='ocrx_word' id='word_1_208' title='bbox 1929 2028 2130 2094; x_wconf 86' lang='lat' dir='ltr'><strong>Tange-</strong></span> 
     </span>
    </p>
   </div>
   <div class='ocr_carea' id='block_1_22' title="bbox 535 2121 2128 2223">
    <p class='ocr_par' dir='ltr' id='par_1_22' title="bbox 535 2121 2128 2223">
     <span class='ocr_line' id='line_1_29' title="bbox 535 2121 2128 2223; baseline -0.034 1"><span class='ocrx_word' id='word_1_209' title='bbox 535 2169 605 2223; x_wconf 83' lang='lat' dir='ltr'><strong>tis</strong></span> <span class='ocrx_word' id='word_1_210' title='bbox 634 2161 778 2220; x_wconf 89' lang='lat' dir='ltr'><strong>enim</strong></span> <span class='ocrx_word' id='word_1_211' title='bbox 806 2159 950 2212; x_wconf 87' lang='lat' dir='ltr'><strong>Deus</strong></span> <span class='ocrx_word' id='word_1_212' title='bbox 975 2167 1082 2207; x_wconf 93' lang='lat' dir='ltr'><strong>non</strong></span> <span class='ocrx_word' id='word_1_213' title='bbox 1109 2121 1341 2204; x_wconf 72' lang='lat' dir='ltr'><strong>dixerat,</strong></span> <span class='ocrx_word' id='word_1_214' title='bbox 1361 2137 1456 2194; x_wconf 88' lang='lat' dir='ltr'><strong>sed</strong></span> <span class='ocrx_word' id='word_1_215' title='bbox 1485 2151 1588 2189; x_wconf 91' lang='lat' dir='ltr'><strong>non</strong></span> <span class='ocrx_word' id='word_1_216' title='bbox 1612 2129 1790 2186; x_wconf 85' lang='lat' dir='ltr'><strong>edetis.</strong></span> <span class='ocrx_word' id='word_1_217' title='bbox 1815 2121 1924 2180; x_wconf 88' lang='lat' dir='ltr'><strong>Sed</strong></span> <span class='ocrx_word' id='word_1_218' title='bbox 1951 2131 2128 2176; x_wconf 88' lang='lat' dir='ltr'><strong>tamen</strong></span> 
     </span>
    </p>
   </div>
   <div class='ocr_carea' id='block_1_23' title="bbox 525 2213 2133 2333">
    <p class='ocr_par' dir='ltr' id='par_1_23' title="bbox 525 2213 2133 2333">
     <span class='ocr_line' id='line_1_30' title="bbox 525 2213 2133 2333; baseline -0.034 -14"><span class='ocrx_word' id='word_1_219' title='bbox 525 2263 714 2333; x_wconf 87' lang='lat' dir='ltr'><strong>lapsus</strong></span> <span class='ocrx_word' id='word_1_220' title='bbox 734 2253 922 2322; x_wconf 87' lang='lat' dir='ltr'><strong>incipit</strong></span> <span class='ocrx_word' id='word_1_221' title='bbox 952 2260 1076 2304; x_wconf 87' lang='lat' dir='ltr'><strong>esse</strong></span> <span class='ocrx_word' id='word_1_222' title='bbox 1104 2237 1447 2313; x_wconf 84' lang='lat' dir='ltr'><strong>principium.</strong></span> <span class='ocrx_word' id='word_1_223' title='bbox 1479 2227 1612 2283; x_wconf 82' lang='lat' dir='ltr'><strong>Nam</strong></span> <span class='ocrx_word' id='word_1_224' title='bbox 1641 2237 1760 2293; x_wconf 64' lang='lat' dir='ltr'><strong>quae</strong></span> <span class='ocrx_word' id='word_1_225' title='bbox 1787 2213 2014 2281; x_wconf 88' lang='lat' dir='ltr'><strong>addidit,</strong></span> <span class='ocrx_word' id='word_1_226' title='bbox 2043 2227 2133 2267; x_wconf 87' lang='lat' dir='ltr'><strong>su-</strong></span> 
     </span>
     <span class='ocr_line' id='line_1_31' title="bbox 1265 2309 2129 2333; baseline -0.035 27"><span class='ocrx_word' id='word_1_227' title='bbox 1265 2330 1278 2333; x_wconf 80' lang='grc'>·</span> <span class='ocrx_word' id='word_1_228' title='bbox 1373 2325 1386 2333; x_wconf 75' lang='grc'><strong>⁸</strong></span> <span class='ocrx_word' id='word_1_229' title='bbox 1467 2323 1478 2333; x_wconf 91' lang='grc'><strong>·</strong></span> <span class='ocrx_word' id='word_1_230' title='bbox 1705 2315 1750 2333; x_wconf 76' lang='grc'><strong>⁸-</strong></span> <span class='ocrx_word' id='word_1_231' title='bbox 1779 2309 2129 2333; x_wconf 42' lang='grc' dir='ltr'><strong>--ηαλμ-κη...</strong></span> 
     </span>
    </p>
   </div>
   <div class='ocr_carea' id='block_1_24' title="bbox 529 2309 2132 2427">
    <p class='ocr_par' dir='ltr' id='par_1_24' title="bbox 529 2309 2132 2427">
     <span class='ocr_line' id='line_1_32' title="bbox 529 2309 2132 2427; baseline -0.034 -15"><span class='ocrx_word' id='word_1_232' title='bbox 823 2309 1053 2406; x_wconf 70' lang='lat' dir='ltr'><strong>addidit,</strong></span> <span class='ocrx_word' id='word_1_233' title='bbox 1076 2309 1162 2392; x_wconf 86' lang='lat' dir='ltr'><strong>vel</strong></span> <span class='ocrx_word' id='word_1_234' title='bbox 1180 2325 1428 2388; x_wconf 88' lang='lat' dir='ltr'><strong>addendo</strong></span> <span class='ocrx_word' id='word_1_235' title='bbox 1449 2323 1516 2378; x_wconf 92' lang='lat' dir='ltr'><strong>de</strong></span> <span class='ocrx_word' id='word_1_236' title='bbox 1539 2315 1758 2391; x_wconf 89' lang='lat' dir='ltr'><strong>proprio</strong></span> <span class='ocrx_word' id='word_1_237' title='bbox 1777 2309 2132 2379; x_wconf 90' lang='lat' dir='ltr'><strong>semiplenum</strong></span> 
     </span>
    </p>
   </div>
   <div class='ocr_carea' id='block_1_25' title="bbox 529 2409 2134 2507">
    <p class='ocr_par' dir='ltr' id='par_1_25' title="bbox 529 2409 2134 2507">
     <span class='ocr_line' id='line_1_33' title="bbox 529 2409 2134 2507; baseline -0.035 -2"><span class='ocrx_word' id='word_1_238' title='bbox 529 2409 802 2507; x_wconf 76' lang='lat' dir='ltr'><strong>intellexit</strong></span> <span class='ocrx_word' id='word_1_239' title='bbox 847 2437 942 2493; x_wconf 86' lang='lat' dir='ltr'><strong>Dei</strong></span> <span class='ocrx_word' id='word_1_240' title='bbox 965 2447 1085 2490; x_wconf 89' lang='lat' dir='ltr'><strong>esse</strong></span> <span class='ocrx_word' id='word_1_241' title='bbox 1114 2425 1446 2484; x_wconf 89' lang='lat' dir='ltr'><strong>mandatum.</strong></span> <span class='ocrx_word' id='word_1_242' title='bbox 1477 2417 1647 2470; x_wconf 87' lang='lat' dir='ltr'><strong>Docet</strong></span> <span class='ocrx_word' id='word_1_243' title='bbox 1673 2409 1834 2480; x_wconf 85' lang='lat' dir='ltr'><strong>igitur</strong></span> <span class='ocrx_word' id='word_1_244' title='bbox 1865 2417 1964 2458; x_wconf 89' lang='lat' dir='ltr'><strong>nos</strong></span> <span class='ocrx_word' id='word_1_245' title='bbox 1995 2415 2134 2470; x_wconf 78' lang='lat' dir='ltr'><strong>pra:-</strong></span> 
     </span>
    </p>
   </div>
   <div class='ocr_carea' id='block_1_26' title="bbox 531 2490 2138 2601">
    <p class='ocr_par' dir='ltr' id='par_1_26' title="bbox 531 2490 2138 2601">
     <span class='ocr_line' id='line_1_34' title="bbox 531 2490 2138 2601; baseline -0.035 0"><span class='ocrx_word' id='word_1_246' title='bbox 531 2541 706 2601; x_wconf 86' lang='lat' dir='ltr'><strong>sentis</strong></span> <span class='ocrx_word' id='word_1_247' title='bbox 724 2536 895 2592; x_wconf 88' lang='lat' dir='ltr'><strong>series</strong></span> <span class='ocrx_word' id='word_1_248' title='bbox 923 2523 1172 2585; x_wconf 90' lang='lat' dir='ltr'><strong>lectionis</strong></span> <span class='ocrx_word' id='word_1_249' title='bbox 1195 2531 1370 2588; x_wconf 89' lang='lat' dir='ltr'><strong>neque</strong></span> <span class='ocrx_word' id='word_1_250' title='bbox 1389 2507 1680 2568; x_wconf 86' lang='lat' dir='ltr'><strong>detrahere</strong></span> <span class='ocrx_word' id='word_1_251' title='bbox 1708 2497 1906 2571; x_wconf 89' lang='lat' dir='ltr'><strong>aliquid</strong></span> <span class='ocrx_word' id='word_1_252' title='bbox 1936 2490 2138 2550; x_wconf 80' lang='lat' dir='ltr'><strong>divinis</strong></span> 
     </span>
    </p>
   </div>
   <div class='ocr_carea' id='block_1_27' title="bbox 533 2587 2140 2693">
    <p class='ocr_par' dir='ltr' id='par_1_27' title="bbox 533 2587 2140 2693">
     <span class='ocr_line' id='line_1_35' title="bbox 533 2587 2140 2693; baseline -0.036 2"><span class='ocrx_word' id='word_1_253' title='bbox 533 2637 738 2693; x_wconf 85' lang='lat' dir='ltr'><strong>debere</strong></span> <span class='ocrx_word' id='word_1_254' title='bbox 755 2625 1044 2687; x_wconf 87' lang='lat' dir='ltr'><strong>mandatis,</strong></span> <span class='ocrx_word' id='word_1_255' title='bbox 1079 2629 1256 2687; x_wconf 90' lang='lat' dir='ltr'><strong>neque</strong></span> <span class='ocrx_word' id='word_1_256' title='bbox 1280 2587 1506 2665; x_wconf 78' lang='lat' dir='ltr'><strong>addere.</strong></span> <span class='ocrx_word' id='word_1_257' title='bbox 1531 2601 1668 2657; x_wconf 87' lang='lat' dir='ltr'><strong>Nam</strong></span> <span class='ocrx_word' id='word_1_258' title='bbox 1700 2597 1744 2652; x_wconf 88' lang='lat' dir='ltr'><strong>si</strong></span> <span class='ocrx_word' id='word_1_259' title='bbox 1767 2595 2006 2650; x_wconf 85' lang='lat' dir='ltr'><strong>Joannes</strong></span> <span class='ocrx_word' id='word_1_260' title='bbox 2036 2587 2140 2640; x_wconf 89' lang='lat' dir='ltr'><strong>hoc</strong></span> 
     </span>
    </p>
   </div>
   <div class='ocr_carea' id='block_1_28' title="bbox 533 2677 2141 2806">
    <p class='ocr_par' dir='ltr' id='par_1_28' title="bbox 533 2677 2141 2806">
     <span class='ocr_line' id='line_1_36' title="bbox 533 2677 2141 2806; baseline -0.037 -18"><span class='ocrx_word' id='word_1_261' title='bbox 533 2724 876 2806; x_wconf 83' lang='lat' dir='ltr'><strong>judicavitde</strong></span> <span class='ocrx_word' id='word_1_262' title='bbox 891 2708 1258 2781; x_wconf 86' lang='lat' dir='ltr'><strong>suisscriptis:</strong></span> <span class='ocrx_word' id='word_1_263' title='bbox 1286 2704 1346 2760; x_wconf 85' lang='lat' dir='ltr'><strong>Si</strong></span> <span class='ocrx_word' id='word_1_264' title='bbox 1373 2701 1484 2770; x_wconf 83' lang='lat' dir='ltr'><strong>quis</strong></span> <span class='ocrx_word' id='word_1_265' title='bbox 1511 2691 1830 2767; x_wconf 84' lang='lat' dir='ltr'><strong>opposuerit,</strong></span> <span class='ocrx_word' id='word_1_266' title='bbox 1856 2683 2048 2754; x_wconf 89' lang='lat' dir='ltr'><strong>inquit,</strong></span> <span class='ocrx_word' id='word_1_267' title='bbox 2073 2677 2141 2730; x_wconf 86' lang='lat' dir='ltr'><strong>ad</strong></span> 
     </span>
     <span class='ocr_line' id='line_1_37' title="bbox 1181 2771 2139 2806; baseline -0.034 22"><span class='ocrx_word' id='word_1_268' title='bbox 1181 2800 1212 2806; x_wconf 84' lang='grc'><strong>-</strong></span> <span class='ocrx_word' id='word_1_269' title='bbox 1390 2794 1400 2806; x_wconf 88' lang='grc'><strong>·</strong></span> <span class='ocrx_word' id='word_1_270' title='bbox 1591 2800 1691 2806; x_wconf 42' lang='grc' dir='ltr'><strong>κη...</strong></span> <span class='ocrx_word' id='word_1_271' title='bbox 1719 2780 1921 2806; x_wconf 70' lang='lat'><strong>--..:...,..</strong></span> <span class='ocrx_word' id='word_1_272' title='bbox 1951 2781 2062 2806; x_wconf 71' lang='grc' dir='ltr'><strong>...ηη</strong></span> <span class='ocrx_word' id='word_1_273' title='bbox 2089 2771 2139 2806; x_wconf 64' lang='grc' dir='ltr'><strong>δη</strong></span> 
     </span>
    </p>
   </div>
   <div class='ocr_carea' id='block_1_29' title="bbox 537 2771 2142 2891">
    <p class='ocr_par' dir='ltr' id='par_1_29' title="bbox 537 2771 2142 2891">
     <span class='ocr_line' id='line_1_38' title="bbox 537 2771 2142 2891; baseline -0.036 -12"><span class='ocrx_word' id='word_1_274' title='bbox 1007 2771 1156 2861; x_wconf 78' lang='lat' dir='ltr'><strong>illum</strong></span> <span class='ocrx_word' id='word_1_275' title='bbox 1173 2800 1315 2855; x_wconf 85' lang='lat' dir='ltr'><strong>Deus</strong></span> <span class='ocrx_word' id='word_1_276' title='bbox 1347 2794 1551 2866; x_wconf 81' lang='lat' dir='ltr'><strong>plagas,</strong></span> <span class='ocrx_word' id='word_1_277' title='bbox 1578 2800 1692 2857; x_wconf 74' lang='lat' dir='ltr'><strong>qua:</strong></span> <span class='ocrx_word' id='word_1_278' title='bbox 1716 2780 1921 2849; x_wconf 76' lang='lat' dir='ltr'><strong>scripta:</strong></span> <span class='ocrx_word' id='word_1_279' title='bbox 1947 2781 2062 2828; x_wconf 85' lang='lat' dir='ltr'><strong>sunt</strong></span> <span class='ocrx_word' id='word_1_280' title='bbox 2089 2771 2142 2822; x_wconf 86' lang='lat' dir='ltr'><strong>in</strong></span> 
     </span>
    </p>
   </div>
   <div class='ocr_carea' id='block_1_30' title="bbox 541 2867 2141 2976">
    <p class='ocr_par' dir='ltr' id='par_1_30' title="bbox 541 2867 2141 2976">
     <span class='ocr_line' id='line_1_39' title="bbox 541 2867 2141 2976; baseline -0.034 -4"><span class='ocrx_word' id='word_1_281' title='bbox 817 2925 834 2964; x_wconf 91' lang='lat'><strong><em>:</em></strong></span> <span class='ocrx_word' id='word_1_282' title='bbox 851 2867 900 2962; x_wconf 75' lang='lat' dir='ltr'><strong>et</strong></span> <span class='ocrx_word' id='word_1_283' title='bbox 913 2903 1000 2976; x_wconf 85' lang='lat' dir='ltr'><strong>qui</strong></span> <span class='ocrx_word' id='word_1_284' title='bbox 1013 2894 1285 2968; x_wconf 83' lang='lat' dir='ltr'><strong>dempserit</strong></span> <span class='ocrx_word' id='word_1_285' title='bbox 1308 2891 1372 2944; x_wconf 87' lang='lat' dir='ltr'><strong>de</strong></span> <span class='ocrx_word' id='word_1_286' title='bbox 1387 2883 1548 2942; x_wconf 77' lang='lat' dir='ltr'><strong>verbis</strong></span> <span class='ocrx_word' id='word_1_287' title='bbox 1569 2880 1648 2934; x_wconf 89' lang='lat' dir='ltr'><strong>his</strong></span> <span class='ocrx_word' id='word_1_288' title='bbox 1669 2871 1951 2947; x_wconf 80' lang='lat' dir='ltr'><strong>prophetite</strong></span> <span class='ocrx_word' id='word_1_289' title='bbox 1962 2867 2141 2933; x_wconf 83' lang='lat' dir='ltr'><strong>hujus,</strong></span> 
     </span>
    </p>
   </div>
   <div class='ocr_carea' id='block_1_31' title="bbox 542 2958 2146 3071">
    <p class='ocr_par' dir='ltr' id='par_1_31' title="bbox 542 2958 2146 3071">
     <span class='ocr_line' id='line_1_40' title="bbox 542 2958 2146 3071; baseline -0.033 -7"><span class='ocrx_word' id='word_1_290' title='bbox 542 2958 897 3064; x_wconf 75' lang='lat' dir='ltr'><strong>Deus</strong></span> <span class='ocrx_word' id='word_1_291' title='bbox 915 2958 1110 3071; x_wconf 76' lang='lat' dir='ltr'><strong>partem</strong></span> <span class='ocrx_word' id='word_1_292' title='bbox 1127 2958 1268 3044; x_wconf 82' lang='lat' dir='ltr'><strong>illius</strong></span> <span class='ocrx_word' id='word_1_293' title='bbox 1287 2984 1349 3038; x_wconf 88' lang='lat' dir='ltr'><strong>de</strong></span> <span class='ocrx_word' id='word_1_294' title='bbox 1366 2981 1496 3036; x_wconf 84' lang='lat' dir='ltr'><strong>libro</strong></span> <span class='ocrx_word' id='word_1_295' title='bbox 1512 2977 1629 3031; x_wconf 71' lang='lat' dir='ltr'><strong>vita:</strong></span> <span class='ocrx_word' id='word_1_296' title='bbox 1647 2973 1836 3046; x_wconf 84' lang='lat' dir='ltr'><strong>(Apoc.</strong></span> <span class='ocrx_word' id='word_1_297' title='bbox 1859 2979 1996 3028; x_wconf 85' lang='lat' dir='ltr'><strong>xxn,</strong></span> <span class='ocrx_word' id='word_1_298' title='bbox 2017 2958 2083 3014; x_wconf 88' lang='grc'><strong>18</strong></span> <span class='ocrx_word' id='word_1_299' title='bbox 2100 2965 2146 3012; x_wconf 88' lang='lat' dir='ltr'><strong>et</strong></span> 
     </span>
    </p>
   </div>
   <div class='ocr_carea' id='block_1_32' title="bbox 544 3054 2142 3176">
    <p class='ocr_par' dir='ltr' id='par_1_32' title="bbox 544 3054 2142 3176">
     <span class='ocr_line' id='line_1_41' title="bbox 544 3054 2142 3176; baseline -0.034 -14"><span class='ocrx_word' id='word_1_300' title='bbox 544 3103 640 3176; x_wconf 74' lang='grc'><strong>19)</strong></span> <span class='ocrx_word' id='word_1_301' title='bbox 659 3121 672 3157; x_wconf 89' lang='lat'><strong>:</strong></span> <span class='ocrx_word' id='word_1_302' title='bbox 691 3108 892 3172; x_wconf 87' lang='lat' dir='ltr'><strong>quanto</strong></span> <span class='ocrx_word' id='word_1_303' title='bbox 915 3054 1064 3149; x_wconf 71' lang='grc' dir='ltr'>ἰιίιιὶι</span> <span class='ocrx_word' id='word_1_304' title='bbox 1091 3084 1284 3144; x_wconf 87' lang='lat' dir='ltr'><strong>divinis</strong></span> <span class='ocrx_word' id='word_1_305' title='bbox 1321 3074 1590 3137; x_wconf 87' lang='lat' dir='ltr'><strong>mandatis</strong></span> <span class='ocrx_word' id='word_1_306' title='bbox 1611 3079 1693 3128; x_wconf 87' lang='lat' dir='ltr'><strong>est</strong></span> <span class='ocrx_word' id='word_1_307' title='bbox 1714 3057 2106 3124; x_wconf 89' lang='lat' dir='ltr'><strong>detrahendum</strong></span> <span class='ocrx_word' id='word_1_308' title='bbox 2127 3054 2142 3106; x_wconf 81' lang='lat' dir='ltr'><strong>l</strong></span> 
     </span>
     <span class='ocr_line' id='line_1_42' title="bbox 1375 3146 2142 3176; baseline -0.034 26"><span class='ocrx_word' id='word_1_309' title='bbox 1375 3172 1387 3176; x_wconf 75' lang='grc'><strong>-</strong></span> <span class='ocrx_word' id='word_1_310' title='bbox 1515 3169 1524 3176; x_wconf 91' lang='grc'>·</span> <span class='ocrx_word' id='word_1_311' title='bbox 1714 3175 1757 3176; x_wconf 52' lang='grc' dir='ltr'><em>η</em></span> <span class='ocrx_word' id='word_1_312' title='bbox 1798 3150 2030 3176; x_wconf 35' lang='lat' dir='ltr'><strong>mult“:</strong></span> <span class='ocrx_word' id='word_1_313' title='bbox 2079 3146 2142 3176; x_wconf 76' lang='grc' dir='ltr'>ιτιί</span> 
     </span>
    </p>
   </div>
   <div class='ocr_carea' id='block_1_33' title="bbox 545 3146 2149 3264">
    <p class='ocr_par' dir='ltr' id='par_1_33' title="bbox 545 3146 2149 3264">
     <span class='ocr_line' id='line_1_43' title="bbox 549 3146 982 3172; baseline -0.035 -10"><span class='ocrx_word' id='word_1_314' title='bbox 549 3146 616 3163; x_wconf 73' lang='grc' dir='ltr'><strong><em>,ν</em></strong></span> <span class='ocrx_word' id='word_1_315' title='bbox 659 3146 672 3157; x_wconf 93' lang='grc'><strong>.</strong></span> <span class='ocrx_word' id='word_1_316' title='bbox 693 3146 888 3172; x_wconf 75' lang='lat'><strong>.,-...._-</strong></span> 
     </span>
     <span class='ocr_line' id='line_1_44' title="bbox 545 3146 2149 3264; baseline -0.035 -8"><span class='ocrx_word' id='word_1_317' title='bbox 545 3146 687 3256; x_wconf 66' lang='lat' dir='ltr'><strong>Hinc</strong></span> <span class='ocrx_word' id='word_1_318' title='bbox 710 3206 838 3264; x_wconf 88' lang='lat' dir='ltr'><strong>ergo</strong></span> <span class='ocrx_word' id='word_1_319' title='bbox 864 3187 1026 3259; x_wconf 67' lang='lat' dir='ltr'><strong>etrapit</strong></span> <span class='ocrx_word' id='word_1_320' title='bbox 1055 3172 1426 3255; x_wconf 61' lang='lat' dir='ltr'><strong>praevaricatio</strong></span> <span class='ocrx_word' id='word_1_321' title='bbox 1444 3169 1618 3240; x_wconf 90' lang='lat' dir='ltr'><strong>prima</strong></span> <span class='ocrx_word' id='word_1_322' title='bbox 1647 3175 1766 3218; x_wconf 85' lang='lat' dir='ltr'><strong>esse</strong></span> <span class='ocrx_word' id='word_1_323' title='bbox 1797 3150 2055 3213; x_wconf 83' lang='lat' dir='ltr'><strong>mandati.</strong></span> <span class='ocrx_word' id='word_1_324' title='bbox 2079 3146 2149 3202; x_wconf 87' lang='lat' dir='ltr'><strong>Et</strong></span> 
     </span>
     <span class='ocr_line' id='line_1_45' title="bbox 1715 3239 2145 3264; baseline -0.023 9"><span class='ocrx_word' id='word_1_325' title='bbox 1715 3253 1750 3264; x_wconf 71' lang='grc' dir='ltr'><strong>ι·</strong></span> <span class='ocrx_word' id='word_1_326' title='bbox 1819 3251 1830 3262; x_wconf 75' lang='grc' dir='ltr'><strong>ι</strong></span> <span class='ocrx_word' id='word_1_327' title='bbox 1912 3261 1929 3264; x_wconf 69' lang='grc'><strong>-</strong></span> <span class='ocrx_word' id='word_1_328' title='bbox 1946 3261 1959 3264; x_wconf 89' lang='grc'><strong>-</strong></span> <span class='ocrx_word' id='word_1_329' title='bbox 1976 3244 1998 3264; x_wconf 64' lang='lat'><strong>,1</strong></span> <span class='ocrx_word' id='word_1_330' title='bbox 2029 3243 2046 3264; x_wconf 76' lang='grc' dir='ltr'><strong>Δ</strong></span> <span class='ocrx_word' id='word_1_331' title='bbox 2067 3239 2145 3264; x_wconf 59' lang='lat'><strong>1....</strong></span> 
     </span>
    </p>
   </div>
   <div class='ocr_carea' id='block_1_34' title="bbox 543 3251 1884 3364">
    <p class='ocr_par' dir='ltr' id='par_1_34' title="bbox 543 3251 1884 3364">
     <span class='ocr_line' id='line_1_46' title="bbox 543 3251 1884 3364; baseline -0.033 -15"><span class='ocrx_word' id='word_1_332' title='bbox 543 3292 792 3364; x_wconf 85' lang='lat' dir='ltr'><strong>plerique</strong></span> <span class='ocrx_word' id='word_1_333' title='bbox 815 3289 1004 3353; x_wconf 90' lang='lat' dir='ltr'><strong>putant</strong></span> <span class='ocrx_word' id='word_1_334' title='bbox 1021 3277 1128 3330; x_wconf 90' lang='lat' dir='ltr'><strong>hoc</strong></span> <span class='ocrx_word' id='word_1_335' title='bbox 1148 3273 1334 3328; x_wconf 80' lang='lat' dir='ltr'><strong>vitium</strong></span> <span class='ocrx_word' id='word_1_336' title='bbox 1349 3280 1456 3321; x_wconf 91' lang='lat' dir='ltr'><strong>non</strong></span> <span class='ocrx_word' id='word_1_337' title='bbox 1478 3275 1597 3317; x_wconf 90' lang='lat' dir='ltr'><strong>esse</strong></span> <span class='ocrx_word' id='word_1_338' title='bbox 1623 3251 1884 3316; x_wconf 86' lang='lat' dir='ltr'><strong>mulieris,</strong></span> 
     </span>
    </p>
   </div>
   <div class='ocr_carea' id='block_1_35' title="bbox 549 3334 2150 3439">
    <p class='ocr_par' dir='ltr' id='par_1_35' title="bbox 549 3334 2150 3439">
     <span class='ocr_line' id='line_1_47' title="bbox 549 3334 2150 3439; baseline -0.034 0"><span class='ocrx_word' id='word_1_339' title='bbox 549 3334 722 3439; x_wconf 42' lang='lat' dir='ltr'><strong>i‘luisse‘</strong></span> <span class='ocrx_word' id='word_1_340' title='bbox 752 3397 766 3434; x_wconf 90' lang='lat'>:</span> <span class='ocrx_word' id='word_1_341' title='bbox 795 3377 868 3430; x_wconf 90' lang='lat' dir='ltr'><strong>ita</strong></span> <span class='ocrx_word' id='word_1_342' title='bbox 899 3371 1070 3428; x_wconf 82' lang='lat' dir='ltr'><strong>Adam</strong></span> <span class='ocrx_word' id='word_1_343' title='bbox 1098 3364 1300 3422; x_wconf 89' lang='lat' dir='ltr'><strong>dixisse</strong></span> <span class='ocrx_word' id='word_1_344' title='bbox 1325 3353 1564 3416; x_wconf 85' lang='lat' dir='ltr'><strong>mulieri,</strong></span> <span class='ocrx_word' id='word_1_345' title='bbox 1587 3349 1716 3404; x_wconf 92' lang='lat' dir='ltr'><strong>dum</strong></span> <span class='ocrx_word' id='word_1_346' title='bbox 1734 3357 1853 3398; x_wconf 90' lang='lat' dir='ltr'><strong>eam</strong></span> <span class='ocrx_word' id='word_1_347' title='bbox 1883 3337 2050 3394; x_wconf 86' lang='lat' dir='ltr'><strong>vellet</strong></span> <span class='ocrx_word' id='word_1_348' title='bbox 2069 3334 2150 3387; x_wconf 80' lang='lat' dir='ltr'><strong>fa-</strong></span> 
     </span>
    </p>
   </div>
   <div class='ocr_carea' id='block_1_36' title="bbox 551 3427 2153 3531">
    <p class='ocr_par' dir='ltr' id='par_1_36' title="bbox 551 3427 2153 3531">
     <span class='ocr_line' id='line_1_48' title="bbox 551 3427 2153 3531; baseline -0.034 0"><span class='ocrx_word' id='word_1_349' title='bbox 551 3488 680 3531; x_wconf 89' lang='lat' dir='ltr'><strong>cere</strong></span> <span class='ocrx_word' id='word_1_350' title='bbox 705 3468 1027 3528; x_wconf 88' lang='lat' dir='ltr'><strong>cautiorem,</strong></span> <span class='ocrx_word' id='word_1_351' title='bbox 1059 3467 1119 3513; x_wconf 89' lang='lat' dir='ltr'><strong>ut</strong></span> <span class='ocrx_word' id='word_1_352' title='bbox 1146 3455 1371 3511; x_wconf 87' lang='lat' dir='ltr'><strong>adderet</strong></span> <span class='ocrx_word' id='word_1_353' title='bbox 1391 3444 1681 3504; x_wconf 86' lang='lat' dir='ltr'><strong>mandasse</strong></span> <span class='ocrx_word' id='word_1_354' title='bbox 1730 3437 1932 3512; x_wconf 81' lang='lat' dir='ltr'><strong>Deum:</strong></span> <span class='ocrx_word' id='word_1_355' title='bbox 1972 3427 2153 3496; x_wconf 87' lang='lat' dir='ltr'><strong>Neque</strong></span> 
     </span>
    </p>
   </div>
   <div class='ocr_carea' id='block_1_37' title="bbox 554 3519 2152 3638">
    <p class='ocr_par' dir='ltr' id='par_1_37' title="bbox 554 3519 2152 3638">
     <span class='ocr_line' id='line_1_49' title="bbox 554 3519 2152 3638; baseline -0.033 -16"><span class='ocrx_word' id='word_1_356' title='bbox 554 3563 776 3638; x_wconf 79' lang='lat' dir='ltr'><strong>tangetis</strong></span> <span class='ocrx_word' id='word_1_357' title='bbox 800 3575 864 3614; x_wconf 75' lang='lat' dir='ltr'><strong>ea:</strong></span> <span class='ocrx_word' id='word_1_358' title='bbox 887 3573 946 3611; x_wconf 88' lang='lat' dir='ltr'><strong>eo</strong></span> <span class='ocrx_word' id='word_1_359' title='bbox 968 3551 1268 3625; x_wconf 83' lang='lat' dir='ltr'><strong>quidquam.</strong></span> <span class='ocrx_word' id='word_1_360' title='bbox 1303 3543 1574 3598; x_wconf 82' lang='lat' dir='ltr'><strong>Habemus</strong></span> <span class='ocrx_word' id='word_1_361' title='bbox 1615 3530 1760 3589; x_wconf 87' lang='lat' dir='ltr'><strong>enim</strong></span> <span class='ocrx_word' id='word_1_362' title='bbox 1787 3525 1910 3596; x_wconf 84' lang='lat' dir='ltr'><strong>quia</strong></span> <span class='ocrx_word' id='word_1_363' title='bbox 1955 3519 2152 3582; x_wconf 80' lang='lat' dir='ltr'><strong>Adam,</strong></span> 
     </span>
    </p>
   </div>
   <div class='ocr_carea' id='block_1_38' title="bbox 555 3615 2154 3718">
    <p class='ocr_par' dir='ltr' id='par_1_38' title="bbox 555 3615 2154 3718">
     <span class='ocr_line' id='line_1_50' title="bbox 555 3615 1116 3638; baseline -0.03 0"><span class='ocrx_word' id='word_1_364' title='bbox 555 3615 701 3638; x_wconf 72' lang='grc' dir='ltr'><strong>““”’“υ”</strong></span> <span class='ocrx_word' id='word_1_365' title='bbox 757 3615 769 3616; x_wconf 41' lang='grc' dir='ltr'>ί</span> <span class='ocrx_word' id='word_1_366' title='bbox 980 3615 990 3625; x_wconf 75' lang='grc' dir='ltr'><strong>ι</strong></span> <span class='ocrx_word' id='word_1_367' title='bbox 1107 3615 1116 3621; x_wconf 94' lang='grc'>.</span> 
     </span>
     <span class='ocr_line' id='line_1_51' title="bbox 555 3615 2154 3718; baseline -0.033 1"><span class='ocrx_word' id='word_1_368' title='bbox 555 3677 668 3718; x_wconf 85' lang='lat' dir='ltr'><strong>non</strong></span> <span class='ocrx_word' id='word_1_369' title='bbox 701 3657 814 3714; x_wconf 86' lang='lat' dir='ltr'><strong>Eva</strong></span> <span class='ocrx_word' id='word_1_370' title='bbox 841 3648 1152 3707; x_wconf 88' lang='lat' dir='ltr'><strong>mandatum</strong></span> <span class='ocrx_word' id='word_1_371' title='bbox 1200 3637 1472 3709; x_wconf 87' lang='lat' dir='ltr'><strong>acceperit</strong></span> <span class='ocrx_word' id='word_1_372' title='bbox 1500 3647 1530 3686; x_wconf 91' lang='lat' dir='ltr'><strong>a</strong></span> <span class='ocrx_word' id='word_1_373' title='bbox 1563 3631 1691 3685; x_wconf 90' lang='lat' dir='ltr'><strong>Deo.</strong></span> <span class='ocrx_word' id='word_1_374' title='bbox 1717 3622 1966 3680; x_wconf 81' lang='lat' dir='ltr'><strong>Nondum</strong></span> <span class='ocrx_word' id='word_1_375' title='bbox 2010 3615 2154 3672; x_wconf 89' lang='lat' dir='ltr'><strong>enim</strong></span> 
     </span>
    </p>
   </div>
   <div class='ocr_carea' id='block_1_39' title="bbox 555 3707 2160 3812">
    <p class='ocr_par' dir='ltr' id='par_1_39' title="bbox 555 3707 2160 3812">
     <span class='ocr_line' id='line_1_52' title="bbox 555 3707 2160 3812; baseline -0.033 1"><span class='ocrx_word' id='word_1_376' title='bbox 555 3752 756 3812; x_wconf 86' lang='lat' dir='ltr'><strong>mulier</strong></span> <span class='ocrx_word' id='word_1_377' title='bbox 779 3750 1006 3803; x_wconf 79' lang='lat' dir='ltr'><strong>formata</strong></span> <span class='ocrx_word' id='word_1_378' title='bbox 1033 3742 1226 3795; x_wconf 78' lang='lat' dir='ltr'><strong>fuerat.</strong></span> <span class='ocrx_word' id='word_1_379' title='bbox 1267 3707 1384 3803; x_wconf 82' lang='lat' dir='ltr'><strong>Ipsa</strong></span> <span class='ocrx_word' id='word_1_380' title='bbox 1409 3725 1625 3798; x_wconf 89' lang='lat' dir='ltr'><strong>quidem</strong></span> <span class='ocrx_word' id='word_1_381' title='bbox 1655 3717 1818 3775; x_wconf 89' lang='lat' dir='ltr'><strong>verba</strong></span> <span class='ocrx_word' id='word_1_382' title='bbox 1864 3712 1995 3769; x_wconf 72' lang='lat' dir='ltr'><strong>Adte</strong></span> <span class='ocrx_word' id='word_1_383' title='bbox 2041 3707 2160 3778; x_wconf 84' lang='lat' dir='ltr'><strong>qui-</strong></span> 
     </span>
    </p>
   </div>
   <div class='ocr_carea' id='block_1_40' title="bbox 558 3806 2160 3904">
    <p class='ocr_par' dir='ltr' id='par_1_40' title="bbox 558 3806 2160 3904">
     <span class='ocr_line' id='line_1_53' title="bbox 558 3806 2160 3904; baseline -0.032 0"><span class='ocrx_word' id='word_1_384' title='bbox 558 3848 666 3904; x_wconf 84' lang='lat' dir='ltr'><strong>bus</strong></span> <span class='ocrx_word' id='word_1_385' title='bbox 695 3839 906 3899; x_wconf 89' lang='lat' dir='ltr'><strong>mulieri</strong></span> <span class='ocrx_word' id='word_1_386' title='bbox 930 3835 1071 3892; x_wconf 83' lang='lat' dir='ltr'><strong>dixit</strong></span> <span class='ocrx_word' id='word_1_387' title='bbox 1100 3831 1331 3887; x_wconf 85' lang='lat' dir='ltr'><strong>formam</strong></span> <span class='ocrx_word' id='word_1_388' title='bbox 1377 3821 1684 3887; x_wconf 86' lang='lat' dir='ltr'><strong>seriemque</strong></span> <span class='ocrx_word' id='word_1_389' title='bbox 1735 3806 1976 3866; x_wconf 86' lang='lat' dir='ltr'><strong>mandati</strong></span> <span class='ocrx_word' id='word_1_390' title='bbox 2008 3845 2024 3870; x_wconf 93' lang='lat'><strong>,</strong></span> <span class='ocrx_word' id='word_1_391' title='bbox 2053 3816 2160 3856; x_wconf 90' lang='lat' dir='ltr'><strong>non</strong></span> 
     </span>
    </p>
   </div>
   <div class='ocr_carea' id='block_1_41' title="bbox 560 3897 2161 4015">
    <p class='ocr_par' dir='ltr' id='par_1_41' title="bbox 560 3897 2161 4015">
     <span class='ocr_line' id='line_1_54' title="bbox 560 3897 2161 4015; baseline -0.032 -15"><span class='ocrx_word' id='word_1_392' title='bbox 560 3939 748 4015; x_wconf 80' lang='lat' dir='ltr'><strong>prodit</strong></span> <span class='ocrx_word' id='word_1_393' title='bbox 774 3937 936 3993; x_wconf 90' lang='lat' dir='ltr'><strong>lectio</strong></span> <span class='ocrx_word' id='word_1_394' title='bbox 965 3928 1102 3989; x_wconf 86' lang='lat' dir='ltr'><strong>:sed</strong></span> <span class='ocrx_word' id='word_1_395' title='bbox 1133 3921 1485 3993; x_wconf 85' lang='lat' dir='ltr'><strong>intelligimus</strong></span> <span class='ocrx_word' id='word_1_396' title='bbox 1513 3929 1610 3986; x_wconf 90' lang='lat' dir='ltr'><strong>per</strong></span> <span class='ocrx_word' id='word_1_397' title='bbox 1639 3909 1814 3966; x_wconf 86' lang='lat' dir='ltr'><strong>virum</strong></span> <span class='ocrx_word' id='word_1_398' title='bbox 1843 3901 1908 3959; x_wconf 88' lang='lat' dir='ltr'><strong>ad</strong></span> <span class='ocrx_word' id='word_1_399' title='bbox 1965 3897 2161 3956; x_wconf 87' lang='lat' dir='ltr'><strong>mulie-</strong></span> 
     </span>
     <span class='ocr_line' id='line_1_55' title="bbox 1387 3987 2161 4015; baseline -0.031 7"><span class='ocrx_word' id='word_1_400' title='bbox 1387 4013 1398 4015; x_wconf 91' lang='lat'><strong>-</strong></span> <span class='ocrx_word' id='word_1_401' title='bbox 1466 4010 1477 4015; x_wconf 91' lang='lat'><strong>-</strong></span> <span class='ocrx_word' id='word_1_402' title='bbox 1551 4003 1648 4015; x_wconf 89' lang='lat'><strong>_-..</strong></span> <span class='ocrx_word' id='word_1_403' title='bbox 1721 4003 1792 4015; x_wconf 86' lang='lat'><strong>._</strong></span> <span class='ocrx_word' id='word_1_404' title='bbox 1857 4006 2030 4015; x_wconf 42' lang='lat' dir='ltr'><strong>.m“</strong></span> <span class='ocrx_word' id='word_1_405' title='bbox 2076 3987 2161 4015; x_wconf 39' lang='grc' dir='ltr'><strong>⁸η,</strong></span> 
     </span>
    </p>
   </div>
   <div class='ocr_carea' id='block_1_42' title="bbox 560 3987 2166 4095">
    <p class='ocr_par' dir='ltr' id='par_1_42' title="bbox 560 3987 2166 4095">
     <span class='ocr_line' id='line_1_56' title="bbox 560 3987 2166 4095; baseline -0.034 0"><span class='ocrx_word' id='word_1_406' title='bbox 560 3987 682 4095; x_wconf 52' lang='grc' dir='ltr'>ξυιιι</span> <span class='ocrx_word' id='word_1_407' title='bbox 713 4030 912 4088; x_wconf 88' lang='lat' dir='ltr'><strong>seriem</strong></span> <span class='ocrx_word' id='word_1_408' title='bbox 940 4023 1204 4081; x_wconf 86' lang='lat' dir='ltr'><strong>transisse</strong></span> <span class='ocrx_word' id='word_1_409' title='bbox 1243 4010 1502 4073; x_wconf 87' lang='lat' dir='ltr'><strong>mandati.</strong></span> <span class='ocrx_word' id='word_1_410' title='bbox 1551 4003 1800 4062; x_wconf 80' lang='lat' dir='ltr'><strong>Viderint</strong></span> <span class='ocrx_word' id='word_1_411' title='bbox 1857 4006 2034 4052; x_wconf 88' lang='lat' dir='ltr'><strong>tamen</strong></span> <span class='ocrx_word' id='word_1_412' title='bbox 2075 3987 2166 4043; x_wconf 86' lang='lat' dir='ltr'><strong>alii</strong></span> 
     </span>
    </p>
   </div>
   <div class='ocr_carea' id='block_1_43' title="bbox 564 4082 2167 4199">
    <p class='ocr_par' dir='ltr' id='par_1_43' title="bbox 564 4082 2167 4199">
     <span class='ocr_line' id='line_1_57' title="bbox 564 4082 2167 4199; baseline -0.032 -13"><span class='ocrx_word' id='word_1_413' title='bbox 564 4127 698 4199; x_wconf 91' lang='lat' dir='ltr'><strong>quid</strong></span> <span class='ocrx_word' id='word_1_414' title='bbox 721 4123 992 4188; x_wconf 68' lang='lat' dir='ltr'><strong>sentiant;</strong></span> <span class='ocrx_word' id='word_1_415' title='bbox 1020 4115 1150 4172; x_wconf 89' lang='lat' dir='ltr'><strong>mihi</strong></span> <span class='ocrx_word' id='word_1_416' title='bbox 1185 4122 1362 4167; x_wconf 91' lang='lat' dir='ltr'><strong>tamen</strong></span> <span class='ocrx_word' id='word_1_417' title='bbox 1385 4103 1600 4160; x_wconf 90' lang='lat' dir='ltr'><strong>videtur</strong></span> <span class='ocrx_word' id='word_1_418' title='bbox 1628 4113 1660 4153; x_wconf 89' lang='lat' dir='ltr'><strong>a</strong></span> <span class='ocrx_word' id='word_1_419' title='bbox 1687 4093 1913 4150; x_wconf 88' lang='lat' dir='ltr'><strong>muliere</strong></span> <span class='ocrx_word' id='word_1_420' title='bbox 1933 4082 2167 4154; x_wconf 81' lang='lat' dir='ltr'><strong>ctepisse</strong></span> 
     </span>
    </p>
   </div>
   <div class='ocr_carea' id='block_1_44' title="bbox 567 4177 2168 4284">
    <p class='ocr_par' dir='ltr' id='par_1_44' title="bbox 567 4177 2168 4284">
     <span class='ocr_line' id='line_1_58' title="bbox 567 4177 989 4199; baseline -0.028 -17"><span class='ocrx_word' id='word_1_421' title='bbox 567 4177 698 4199; x_wconf 50' lang='grc' dir='ltr'><strong>,ιη-</strong></span> <span class='ocrx_word' id='word_1_422' title='bbox 723 4177 740 4178; x_wconf 55' lang='lat'><strong><em>,</em></strong></span> <span class='ocrx_word' id='word_1_423' title='bbox 959 4177 989 4188; x_wconf 47' lang='grc' dir='ltr'><strong>ν</strong></span> 
     </span>
     <span class='ocr_line' id='line_1_59' title="bbox 567 4177 2168 4284; baseline -0.029 -8"><span class='ocrx_word' id='word_1_424' title='bbox 567 4221 786 4284; x_wconf 81' lang='lat' dir='ltr'><strong>vitium,</strong></span> <span class='ocrx_word' id='word_1_425' title='bbox 813 4213 1099 4270; x_wconf 85' lang='lat' dir='ltr'><strong>inchoasse</strong></span> <span class='ocrx_word' id='word_1_426' title='bbox 1125 4201 1488 4262; x_wconf 86' lang='lat' dir='ltr'><strong>mendacium.</strong></span> <span class='ocrx_word' id='word_1_427' title='bbox 1521 4193 1654 4250; x_wconf 81' lang='lat' dir='ltr'><strong>Nam</strong></span> <span class='ocrx_word' id='word_1_428' title='bbox 1680 4188 1784 4246; x_wconf 87' lang='lat' dir='ltr'><strong>etsi</strong></span> <span class='ocrx_word' id='word_1_429' title='bbox 1839 4184 1910 4241; x_wconf 90' lang='lat' dir='ltr'><strong>de</strong></span> <span class='ocrx_word' id='word_1_430' title='bbox 1957 4177 2168 4236; x_wconf 89' lang='lat' dir='ltr'><strong>duobus</strong></span> 
     </span>
    </p>
   </div>
   <div class='ocr_carea' id='block_1_45' title="bbox 567 4275 2172 4368">
    <p class='ocr_par' dir='ltr' id='par_1_45' title="bbox 567 4275 2172 4368">
     <span class='ocr_line' id='line_1_60' title="bbox 567 4275 2172 4368; baseline -0.027 -2"><span class='ocrx_word' id='word_1_431' title='bbox 567 4313 821 4368; x_wconf 86' lang='lat' dir='ltr'><strong>videatur</strong></span> <span class='ocrx_word' id='word_1_432' title='bbox 843 4307 1131 4365; x_wconf 90' lang='lat' dir='ltr'><strong>incertum,</strong></span> <span class='ocrx_word' id='word_1_433' title='bbox 1163 4307 1342 4352; x_wconf 91' lang='lat' dir='ltr'><strong>tamen</strong></span> <span class='ocrx_word' id='word_1_434' title='bbox 1371 4303 1534 4346; x_wconf 86' lang='lat' dir='ltr'><strong>sexus</strong></span> <span class='ocrx_word' id='word_1_435' title='bbox 1559 4283 1738 4355; x_wconf 86' lang='lat' dir='ltr'><strong>prodit</strong></span> <span class='ocrx_word' id='word_1_436' title='bbox 1760 4278 1853 4350; x_wconf 88' lang='lat' dir='ltr'><strong>qui</strong></span> <span class='ocrx_word' id='word_1_437' title='bbox 1882 4275 2035 4346; x_wconf 90' lang='lat' dir='ltr'><strong>prius</strong></span> <span class='ocrx_word' id='word_1_438' title='bbox 2075 4283 2172 4340; x_wconf 89' lang='lat' dir='ltr'><strong>po-</strong></span> 
     </span>
    </p>
   </div>
   <div class='ocr_carea' id='block_1_46' title="bbox 577 4364 2174 4463">
    <p class='ocr_par' dir='ltr' id='par_1_46' title="bbox 577 4364 2174 4463">
     <span class='ocr_line' id='line_1_61' title="bbox 577 4364 2174 4463; baseline -0.029 -1"><span class='ocrx_word' id='word_1_439' title='bbox 577 4404 748 4463; x_wconf 87' lang='lat' dir='ltr'><strong>tuerit</strong></span> <span class='ocrx_word' id='word_1_440' title='bbox 773 4414 976 4458; x_wconf 89' lang='lat' dir='ltr'><strong>errare.</strong></span> <span class='ocrx_word' id='word_1_441' title='bbox 1005 4364 1158 4451; x_wconf 79' lang='lat' dir='ltr'><strong>Adde</strong></span> <span class='ocrx_word' id='word_1_442' title='bbox 1185 4390 1310 4462; x_wconf 90' lang='lat' dir='ltr'><strong>quia</strong></span> <span class='ocrx_word' id='word_1_443' title='bbox 1351 4379 1668 4457; x_wconf 73' lang='lat' dir='ltr'><strong>prtejudicio</strong></span> <span class='ocrx_word' id='word_1_444' title='bbox 1721 4375 1813 4430; x_wconf 90' lang='lat' dir='ltr'><strong>illa</strong></span> <span class='ocrx_word' id='word_1_445' title='bbox 1847 4364 2174 4435; x_wconf 88' lang='lat' dir='ltr'><strong>constringi-</strong></span> 
     </span>
    </p>
   </div>
   <div class='ocr_carea' id='block_1_47' title="bbox 565 4455 2174 4564">
    <p class='ocr_par' dir='ltr' id='par_1_47' title="bbox 565 4455 2174 4564">
     <span class='ocr_line' id='line_1_62' title="bbox 565 4455 2174 4564; baseline -0.029 -9"><span class='ocrx_word' id='word_1_446' title='bbox 565 4510 688 4564; x_wconf 73' lang='lat' dir='ltr'><strong>tur,</strong></span> <span class='ocrx_word' id='word_1_447' title='bbox 717 4495 873 4564; x_wconf 88' lang='lat' dir='ltr'><strong>cujus</strong></span> <span class='ocrx_word' id='word_1_448' title='bbox 899 4497 956 4545; x_wconf 90' lang='lat' dir='ltr'><strong>et</strong></span> <span class='ocrx_word' id='word_1_449' title='bbox 981 4495 1167 4559; x_wconf 88' lang='lat' dir='ltr'><strong>postea</strong></span> <span class='ocrx_word' id='word_1_450' title='bbox 1213 4455 1369 4551; x_wconf 79' lang='lat' dir='ltr'><strong>prior</strong></span> <span class='ocrx_word' id='word_1_451' title='bbox 1405 4487 1559 4531; x_wconf 88' lang='lat' dir='ltr'><strong>error</strong></span> <span class='ocrx_word' id='word_1_452' title='bbox 1613 4470 1864 4524; x_wconf 89' lang='lat' dir='ltr'><strong>inventus</strong></span> <span class='ocrx_word' id='word_1_453' title='bbox 1909 4469 2011 4515; x_wconf 91' lang='lat' dir='ltr'><strong>cst.</strong></span> <span class='ocrx_word' id='word_1_454' title='bbox 2047 4455 2174 4512; x_wconf 78' lang='lat' dir='ltr'><strong>V’iro</strong></span> 
     </span>
    </p>
   </div>
   <div class='ocr_carea' id='block_1_48' title="bbox 581 4546 2177 4647">
    <p class='ocr_par' dir='ltr' id='par_1_48' title="bbox 581 4546 2177 4647">
     <span class='ocr_line' id='line_1_63' title="bbox 581 4546 2177 4647; baseline -0.029 0"><span class='ocrx_word' id='word_1_455' title='bbox 581 4589 728 4647; x_wconf 86' lang='lat' dir='ltr'><strong>enim</strong></span> <span class='ocrx_word' id='word_1_456' title='bbox 759 4583 972 4644; x_wconf 86' lang='lat' dir='ltr'><strong>mulier,</strong></span> <span class='ocrx_word' id='word_1_457' title='bbox 998 4592 1104 4633; x_wconf 90' lang='lat' dir='ltr'><strong>non</strong></span> <span class='ocrx_word' id='word_1_458' title='bbox 1128 4570 1340 4628; x_wconf 89' lang='lat' dir='ltr'><strong>mulieri</strong></span> <span class='ocrx_word' id='word_1_459' title='bbox 1359 4555 1439 4622; x_wconf 84' lang='lat' dir='ltr'><strong>vir</strong></span> <span class='ocrx_word' id='word_1_460' title='bbox 1458 4572 1650 4619; x_wconf 88' lang='lat' dir='ltr'><strong>auctor</strong></span> <span class='ocrx_word' id='word_1_461' title='bbox 1666 4555 1870 4616; x_wconf 87' lang='lat' dir='ltr'><strong>erroris</strong></span> <span class='ocrx_word' id='word_1_462' title='bbox 1893 4561 1995 4608; x_wconf 85' lang='lat' dir='ltr'><strong>est.</strong></span> <span class='ocrx_word' id='word_1_463' title='bbox 2023 4546 2177 4605; x_wconf 89' lang='lat' dir='ltr'><strong>Unde</strong></span> 
     </span>
    </p>
   </div>
   <div class='ocr_carea' id='block_1_49' title="bbox 2221 505 3830 586">
    <p class='ocr_par' dir='ltr' id='par_1_49' title="bbox 2221 505 3830 586">
     <span class='ocr_line' id='line_1_64' title="bbox 2221 505 3830 586; baseline -0.012 -8"><span class='ocrx_word' id='word_1_464' title='bbox 2221 523 2320 578; x_wconf 92' lang='lat' dir='ltr'><strong>luit</strong></span> <span class='ocrx_word' id='word_1_465' title='bbox 2346 533 2396 578; x_wconf 88' lang='lat' dir='ltr'><strong>te</strong></span> <span class='ocrx_word' id='word_1_466' title='bbox 2429 521 2626 576; x_wconf 90' lang='lat' dir='ltr'><strong>malum</strong></span> <span class='ocrx_word' id='word_1_467' title='bbox 2662 527 2905 586; x_wconf 83' lang='lat' dir='ltr'><strong>tangere.</strong></span> <span class='ocrx_word' id='word_1_468' title='bbox 2953 513 3098 570; x_wconf 74' lang='lat' dir='ltr'><strong>Satis</strong></span> <span class='ocrx_word' id='word_1_469' title='bbox 3137 519 3222 566; x_wconf 89' lang='lat' dir='ltr'><strong>est</strong></span> <span class='ocrx_word' id='word_1_470' title='bbox 3257 511 3402 566; x_wconf 87' lang='lat' dir='ltr'><strong>enim</strong></span> <span class='ocrx_word' id='word_1_471' title='bbox 3437 507 3596 562; x_wconf 87' lang='lat' dir='ltr'><strong>nobis</strong></span> <span class='ocrx_word' id='word_1_472' title='bbox 3635 505 3830 560; x_wconf 86' lang='lat' dir='ltr'><strong>videre</strong></span> 
     </span>
    </p>
   </div>
   <div class='ocr_carea' id='block_1_50' title="bbox 2221 599 3826 681">
    <p class='ocr_par' dir='ltr' id='par_1_50' title="bbox 2221 599 3826 681">
     <span class='ocr_line' id='line_1_65' title="bbox 2221 599 3826 681; baseline -0.015 -7"><span class='ocrx_word' id='word_1_473' title='bbox 2221 621 2476 674; x_wconf 84' lang='lat' dir='ltr'><strong>Satanam</strong></span> <span class='ocrx_word' id='word_1_474' title='bbox 2501 615 2642 670; x_wconf 91' lang='lat' dir='ltr'><strong>sicut</strong></span> <span class='ocrx_word' id='word_1_475' title='bbox 2667 612 2845 681; x_wconf 79' lang='lat' dir='ltr'><strong>fulgur</strong></span> <span class='ocrx_word' id='word_1_476' title='bbox 2873 609 2940 664; x_wconf 87' lang='lat' dir='ltr'><strong>de</strong></span> <span class='ocrx_word' id='word_1_477' title='bbox 2979 607 3120 664; x_wconf 78' lang='lat' dir='ltr'><strong>coelo</strong></span> <span class='ocrx_word' id='word_1_478' title='bbox 3163 605 3447 661; x_wconf 72' lang='lat' dir='ltr'><strong>cadentem</strong></span> <span class='ocrx_word' id='word_1_479' title='bbox 3475 607 3489 668; x_wconf 80' lang='lat'>;</span> <span class='ocrx_word' id='word_1_480' title='bbox 3521 599 3826 658; x_wconf 88' lang='lat' dir='ltr'><strong>secundum</strong></span> 
     </span>
    </p>
   </div>
   <div class='ocr_carea' id='block_1_51' title="bbox 2223 697 3828 776">
    <p class='ocr_par' dir='ltr' id='par_1_51' title="bbox 2223 697 3828 776">
     <span class='ocr_line' id='line_1_66' title="bbox 2223 697 3828 776; baseline -0.012 -12"><span class='ocrx_word' id='word_1_481' title='bbox 2223 725 2409 766; x_wconf 81' lang='lat' dir='ltr'><strong>vocem</strong></span> <span class='ocrx_word' id='word_1_482' title='bbox 2433 706 2646 762; x_wconf 76' lang='lat' dir='ltr'><strong>Domini</strong></span> <span class='ocrx_word' id='word_1_483' title='bbox 2679 704 2698 776; x_wconf 96' lang='lat'><strong>(</strong></span> <span class='ocrx_word' id='word_1_484' title='bbox 2729 703 2860 758; x_wconf 86' lang='lat' dir='ltr'><strong>Luc.</strong></span> <span class='ocrx_word' id='word_1_485' title='bbox 2892 717 2946 768; x_wconf 84' lang='lat' dir='ltr'><strong>x,</strong></span> <span class='ocrx_word' id='word_1_486' title='bbox 2973 699 3102 772; x_wconf 83' lang='grc'><strong>18),</strong></span> <span class='ocrx_word' id='word_1_487' title='bbox 3133 709 3186 754; x_wconf 88' lang='lat' dir='ltr'><strong>et</strong></span> <span class='ocrx_word' id='word_1_488' title='bbox 3206 697 3234 736; x_wconf 71' lang='grc' dir='ltr'><strong>ι)</strong></span> <span class='ocrx_word' id='word_1_489' title='bbox 3261 697 3478 752; x_wconf 85' lang='lat' dir='ltr'><strong>dantem</strong></span> <span class='ocrx_word' id='word_1_490' title='bbox 3513 709 3696 750; x_wconf 88' lang='lat' dir='ltr'><strong>escam</strong></span> <span class='ocrx_word' id='word_1_491' title='bbox 3719 707 3828 744; x_wconf 86' lang='lat' dir='ltr'><strong>non</strong></span> 
     </span>
    </p>
   </div>
   <div class='ocr_carea' id='block_1_52' title="bbox 2223 787 3830 868">
    <p class='ocr_par' dir='ltr' id='par_1_52' title="bbox 2223 787 3830 868">
     <span class='ocr_line' id='line_1_67' title="bbox 2223 787 3830 868; baseline -0.013 -9"><span class='ocrx_word' id='word_1_492' title='bbox 2223 803 2462 868; x_wconf 82' lang='lat' dir='ltr'><strong>luminis,</strong></span> <span class='ocrx_word' id='word_1_493' title='bbox 2489 801 2582 856; x_wconf 87' lang='lat' dir='ltr'><strong>sed</strong></span> <span class='ocrx_word' id='word_1_494' title='bbox 2613 799 2786 856; x_wconf 91' lang='lat' dir='ltr'><strong>noctis</strong></span> <span class='ocrx_word' id='word_1_495' title='bbox 2815 805 2872 852; x_wconf 91' lang='lat' dir='ltr'><strong>et</strong></span> <span class='ocrx_word' id='word_1_496' title='bbox 2901 795 3250 850; x_wconf 88' lang='lat' dir='ltr'><strong>tenebrarum</strong></span> <span class='ocrx_word' id='word_1_497' title='bbox 3279 791 3434 855; x_wconf 82' lang='lat' dir='ltr'><strong>(iliis;</strong></span> <span class='ocrx_word' id='word_1_498' title='bbox 3469 788 3592 859; x_wconf 91' lang='lat' dir='ltr'><strong>quia</strong></span> <span class='ocrx_word' id='word_1_499' title='bbox 3638 787 3830 854; x_wconf 89' lang='lat' dir='ltr'><strong>scrip—</strong></span> 
     </span>
    </p>
   </div>
   <div class='ocr_carea' id='block_1_53' title="bbox 2223 863 3934 956">
    <p class='ocr_par' dir='ltr' id='par_1_53' title="bbox 2223 863 3934 956">
     <span class='ocr_line' id='line_1_68' title="bbox 2223 863 3934 956; baseline -0.014 -2"><span class='ocrx_word' id='word_1_500' title='bbox 2223 909 2336 953; x_wconf 90' lang='lat' dir='ltr'><strong>tum</strong></span> <span class='ocrx_word' id='word_1_501' title='bbox 2366 863 2492 952; x_wconf 74' lang='lat' dir='ltr'><strong>est:</strong></span> <span class='ocrx_word' id='word_1_502' title='bbox 2517 893 2668 948; x_wconf 82' lang='lat' dir='ltr'><strong>Dedit</strong></span> <span class='ocrx_word' id='word_1_503' title='bbox 2695 907 2810 946; x_wconf 87' lang='lat' dir='ltr'><strong>eum</strong></span> <span class='ocrx_word' id='word_1_504' title='bbox 2839 890 2892 944; x_wconf 87' lang='lat' dir='ltr'><strong>in</strong></span> <span class='ocrx_word' id='word_1_505' title='bbox 2917 904 3082 944; x_wconf 81' lang='lat' dir='ltr'><strong>escam</strong></span> <span class='ocrx_word' id='word_1_506' title='bbox 3109 885 3316 956; x_wconf 78' lang='lat' dir='ltr'><strong>populis</strong></span> <span class='ocrx_word' id='word_1_507' title='bbox 3343 881 3658 952; x_wconf 65' lang='lat' dir='ltr'><strong>Ethiopum</strong></span> <span class='ocrx_word' id='word_1_508' title='bbox 3687 879 3704 950; x_wconf 95' lang='lat'>(</span> <span class='ocrx_word' id='word_1_509' title='bbox 3729 877 3828 932; x_wconf 85' lang='lat' dir='ltr'><strong>Ps.</strong></span> <span class='ocrx_word' id='word_1_510' title='bbox 3927 863 3934 870; x_wconf 61' lang='grc'><strong>’</strong></span> 
     </span>
    </p>
   </div>
   <div class='ocr_carea' id='block_1_54' title="bbox 2223 972 3829 1060">
    <p class='ocr_par' dir='ltr' id='par_1_54' title="bbox 2223 972 3829 1060">
     <span class='ocr_line' id='line_1_69' title="bbox 2223 972 3829 1060; baseline -0.014 -14"><span class='ocrx_word' id='word_1_511' title='bbox 2223 1007 2410 1052; x_wconf 84' lang='lat' dir='ltr'><strong>Lxxttt,</strong></span> <span class='ocrx_word' id='word_1_512' title='bbox 2439 987 2560 1060; x_wconf 75' lang='grc' dir='ltr'><strong>Η).</strong></span> <span class='ocrx_word' id='word_1_513' title='bbox 2595 987 2706 1040; x_wconf 84' lang='lat' dir='ltr'><strong>lloc</strong></span> <span class='ocrx_word' id='word_1_514' title='bbox 2735 985 2900 1054; x_wconf 85' lang='lat' dir='ltr'><strong>igitur</strong></span> <span class='ocrx_word' id='word_1_515' title='bbox 2927 981 2996 1036; x_wconf 90' lang='lat' dir='ltr'><strong>de</strong></span> <span class='ocrx_word' id='word_1_516' title='bbox 3037 995 3102 1035; x_wconf 93' lang='lat' dir='ltr'><strong>eo</strong></span> <span class='ocrx_word' id='word_1_517' title='bbox 3131 979 3337 1034; x_wconf 90' lang='lat' dir='ltr'><strong>dictum</strong></span> <span class='ocrx_word' id='word_1_518' title='bbox 3381 983 3500 1038; x_wconf 89' lang='lat' dir='ltr'><strong>est,</strong></span> <span class='ocrx_word' id='word_1_519' title='bbox 3535 972 3674 1042; x_wconf 90' lang='lat' dir='ltr'><strong>quod</strong></span> <span class='ocrx_word' id='word_1_520' title='bbox 3719 984 3829 1024; x_wconf 89' lang='lat' dir='ltr'><strong>non</strong></span> 
     </span>
    </p>
   </div>
   <div class='ocr_carea' id='block_1_55' title="bbox 2225 1064 3828 1152">
    <p class='ocr_par' dir='ltr' id='par_1_55' title="bbox 2225 1064 3828 1152">
     <span class='ocr_line' id='line_1_70' title="bbox 2225 1064 3828 1152; baseline -0.014 -12"><span class='ocrx_word' id='word_1_521' title='bbox 2225 1081 2558 1140; x_wconf 85' lang='lat' dir='ltr'><strong>mandaverit</strong></span> <span class='ocrx_word' id='word_1_522' title='bbox 2587 1079 2742 1152; x_wconf 73' lang='lat'><strong>172</strong></span> <span class='ocrx_word' id='word_1_523' title='bbox 2766 1076 2930 1147; x_wconf 82' lang='lat' dir='ltr'><strong>tangi.</strong></span> <span class='ocrx_word' id='word_1_524' title='bbox 2956 1073 3108 1142; x_wconf 84' lang='lat' dir='ltr'><strong>Quod</strong></span> <span class='ocrx_word' id='word_1_525' title='bbox 3131 1083 3310 1128; x_wconf 90' lang='lat' dir='ltr'><strong>autem</strong></span> <span class='ocrx_word' id='word_1_526' title='bbox 3335 1083 3442 1124; x_wconf 91' lang='lat' dir='ltr'><strong>non</strong></span> <span class='ocrx_word' id='word_1_527' title='bbox 3469 1064 3828 1138; x_wconf 84' lang='lat' dir='ltr'><strong>prohibuerit,</strong></span> 
     </span>
    </p>
   </div>
   <div class='ocr_carea' id='block_1_56' title="bbox 2223 1161 3832 1249">
    <p class='ocr_par' dir='ltr' id='par_1_56' title="bbox 2223 1161 3832 1249">
     <span class='ocr_line' id='line_1_71' title="bbox 2223 1161 3832 1249; baseline -0.009 -18"><span class='ocrx_word' id='word_1_528' title='bbox 2223 1177 2349 1249; x_wconf 88' lang='lat' dir='ltr'><strong>quid</strong></span> <span class='ocrx_word' id='word_1_529' title='bbox 2367 1176 2660 1244; x_wconf 77' lang='lat' dir='ltr'><strong>intelligam</strong></span> <span class='ocrx_word' id='word_1_530' title='bbox 2679 1173 2882 1242; x_wconf 81' lang='lat' dir='ltr'><strong>accipe.</strong></span> <span class='ocrx_word' id='word_1_531' title='bbox 2903 1171 3040 1224; x_wconf 90' lang='lat' dir='ltr'><strong>Sunt</strong></span> <span class='ocrx_word' id='word_1_532' title='bbox 3057 1167 3220 1222; x_wconf 85' lang='lat' dir='ltr'><strong>multa</strong></span> <span class='ocrx_word' id='word_1_533' title='bbox 3237 1181 3358 1236; x_wconf 64' lang='lat' dir='ltr'><strong>qua?</strong></span> <span class='ocrx_word' id='word_1_534' title='bbox 3383 1161 3688 1227; x_wconf 88' lang='lat' dir='ltr'><strong>noceant,si</strong></span> <span class='ocrx_word' id='word_1_535' title='bbox 3703 1171 3832 1216; x_wconf 84' lang='lat' dir='ltr'><strong>ante</strong></span> 
     </span>
    </p>
   </div>
   <div class='ocr_carea' id='block_1_57' title="bbox 2224 1259 3828 1336">
    <p class='ocr_par' dir='ltr' id='par_1_57' title="bbox 2224 1259 3828 1336">
     <span class='ocr_line' id='line_1_72' title="bbox 2224 1259 3828 1336; baseline -0.013 -9"><span class='ocrx_word' id='word_1_536' title='bbox 2224 1275 2558 1328; x_wconf 75' lang='lat' dir='ltr'><strong>voluerimus</strong></span> <span class='ocrx_word' id='word_1_537' title='bbox 2591 1267 2826 1330; x_wconf 79' lang='lat' dir='ltr'><strong>haurire,</strong></span> <span class='ocrx_word' id='word_1_538' title='bbox 2851 1279 3012 1336; x_wconf 85' lang='lat' dir='ltr'><strong>quam</strong></span> <span class='ocrx_word' id='word_1_539' title='bbox 3043 1279 3160 1332; x_wconf 66' lang='lat' dir='ltr'><strong>quin</strong></span> <span class='ocrx_word' id='word_1_540' title='bbox 3191 1261 3298 1314; x_wconf 81' lang='lat' dir='ltr'><strong>sint</strong></span> <span class='ocrx_word' id='word_1_541' title='bbox 3328 1259 3418 1314; x_wconf 89' lang='lat' dir='ltr'><strong>illa</strong></span> <span class='ocrx_word' id='word_1_542' title='bbox 3471 1269 3828 1326; x_wconf 82' lang='lat' dir='ltr'><strong>cognoscere.</strong></span> 
     </span>
    </p>
   </div>
   <div class='ocr_carea' id='block_1_58' title="bbox 2227 1350 3834 1432">
    <p class='ocr_par' dir='ltr' id='par_1_58' title="bbox 2227 1350 3834 1432">
     <span class='ocr_line' id='line_1_73' title="bbox 2227 1350 3834 1432; baseline -0.015 -6"><span class='ocrx_word' id='word_1_543' title='bbox 2227 1370 2358 1424; x_wconf 88' lang='lat' dir='ltr'><strong>Nam</strong></span> <span class='ocrx_word' id='word_1_544' title='bbox 2383 1377 2438 1424; x_wconf 90' lang='lat' dir='ltr'><strong>et</strong></span> <span class='ocrx_word' id='word_1_545' title='bbox 2461 1367 2529 1422; x_wconf 90' lang='lat' dir='ltr'><strong>de</strong></span> <span class='ocrx_word' id='word_1_546' title='bbox 2551 1365 2687 1422; x_wconf 89' lang='lat' dir='ltr'><strong>cibis</strong></span> <span class='ocrx_word' id='word_1_547' title='bbox 2713 1373 2766 1419; x_wconf 93' lang='lat' dir='ltr'><strong>et</strong></span> <span class='ocrx_word' id='word_1_548' title='bbox 2789 1371 2916 1432; x_wconf 90' lang='lat' dir='ltr'><strong>potu</strong></span> <span class='ocrx_word' id='word_1_549' title='bbox 2947 1361 3262 1429; x_wconf 88' lang='lat' dir='ltr'><strong>plerumque</strong></span> <span class='ocrx_word' id='word_1_550' title='bbox 3293 1371 3390 1410; x_wconf 88' lang='lat' dir='ltr'><strong>usu</strong></span> <span class='ocrx_word' id='word_1_551' title='bbox 3421 1356 3586 1407; x_wconf 89' lang='lat' dir='ltr'><strong>venit.</strong></span> <span class='ocrx_word' id='word_1_552' title='bbox 3617 1350 3834 1420; x_wconf 85' lang='lat' dir='ltr'><strong>Quippe</strong></span> 
     </span>
    </p>
   </div>
   <div class='ocr_carea' id='block_1_59' title="bbox 2227 1443 3836 1532">
    <p class='ocr_par' dir='ltr' id='par_1_59' title="bbox 2227 1443 3836 1532">
     <span class='ocr_line' id='line_1_74' title="bbox 2227 1443 3836 1532; baseline -0.017 -12"><span class='ocrx_word' id='word_1_553' title='bbox 2227 1466 2272 1520; x_wconf 91' lang='lat' dir='ltr'><strong>si</strong></span> <span class='ocrx_word' id='word_1_554' title='bbox 2297 1462 2347 1518; x_wconf 89' lang='lat' dir='ltr'><strong>id</strong></span> <span class='ocrx_word' id='word_1_555' title='bbox 2377 1460 2520 1532; x_wconf 91' lang='lat' dir='ltr'><strong>quod</strong></span> <span class='ocrx_word' id='word_1_556' title='bbox 2549 1471 2792 1512; x_wconf 88' lang='lat' dir='ltr'><strong>amarum</strong></span> <span class='ocrx_word' id='word_1_557' title='bbox 2821 1463 2904 1508; x_wconf 91' lang='lat' dir='ltr'><strong>est</strong></span> <span class='ocrx_word' id='word_1_558' title='bbox 2929 1495 2945 1520; x_wconf 93' lang='lat'><strong>,</strong></span> <span class='ocrx_word' id='word_1_559' title='bbox 2977 1459 3106 1506; x_wconf 87' lang='lat' dir='ltr'><strong>ante</strong></span> <span class='ocrx_word' id='word_1_560' title='bbox 3149 1462 3450 1520; x_wconf 86' lang='lat' dir='ltr'><strong>cognoscas</strong></span> <span class='ocrx_word' id='word_1_561' title='bbox 3474 1487 3490 1513; x_wconf 91' lang='lat'><strong>,</strong></span> <span class='ocrx_word' id='word_1_562' title='bbox 3525 1443 3703 1498; x_wconf 88' lang='lat' dir='ltr'><strong>induis</strong></span> <span class='ocrx_word' id='word_1_563' title='bbox 3735 1457 3836 1510; x_wconf 86' lang='lat' dir='ltr'><strong>pa-</strong></span> 
     </span>
    </p>
   </div>
   <div class='ocr_carea' id='block_1_60' title="bbox 2229 1547 3836 1622">
    <p class='ocr_par' dir='ltr' id='par_1_60' title="bbox 2229 1547 3836 1622">
     <span class='ocr_line' id='line_1_75' title="bbox 2229 1547 3836 1622; baseline -0.017 -6"><span class='ocrx_word' id='word_1_564' title='bbox 2229 1559 2578 1622; x_wconf 84' lang='lat' dir='ltr'><strong>tientiam;et</strong></span> <span class='ocrx_word' id='word_1_565' title='bbox 2625 1554 2670 1608; x_wconf 89' lang='lat' dir='ltr'><strong>si</strong></span> <span class='ocrx_word' id='word_1_566' title='bbox 2709 1549 2979 1619; x_wconf 86' lang='lat' dir='ltr'><strong>intelligas</strong></span> <span class='ocrx_word' id='word_1_567' title='bbox 3025 1547 3120 1602; x_wconf 88' lang='lat' dir='ltr'><strong>illa</strong></span> <span class='ocrx_word' id='word_1_568' title='bbox 3157 1559 3278 1616; x_wconf 71' lang='lat' dir='ltr'><strong>qua:</strong></span> <span class='ocrx_word' id='word_1_569' title='bbox 3323 1551 3450 1598; x_wconf 91' lang='lat' dir='ltr'><strong>sunt</strong></span> <span class='ocrx_word' id='word_1_570' title='bbox 3497 1554 3680 1594; x_wconf 89' lang='lat' dir='ltr'><strong>amara</strong></span> <span class='ocrx_word' id='word_1_571' title='bbox 3711 1552 3836 1607; x_wconf 89' lang='lat' dir='ltr'><strong>pro-</strong></span> 
     </span>
    </p>
   </div>
   <div class='ocr_carea' id='block_1_61' title="bbox 2229 1631 3838 1716">
    <p class='ocr_par' dir='ltr' id='par_1_61' title="bbox 2229 1631 3838 1716">
     <span class='ocr_line' id='line_1_76' title="bbox 2229 1631 3838 1716; baseline -0.016 -6"><span class='ocrx_word' id='word_1_572' title='bbox 2229 1655 2386 1710; x_wconf 89' lang='lat' dir='ltr'><strong>desse</strong></span> <span class='ocrx_word' id='word_1_573' title='bbox 2407 1695 2420 1716; x_wconf 92' lang='lat'><strong>,</strong></span> <span class='ocrx_word' id='word_1_574' title='bbox 2445 1649 2627 1706; x_wconf 88' lang='lat' dir='ltr'><strong>induis</strong></span> <span class='ocrx_word' id='word_1_575' title='bbox 2659 1644 3029 1706; x_wconf 82' lang='lat' dir='ltr'><strong>tolerantiam,</strong></span> <span class='ocrx_word' id='word_1_576' title='bbox 3061 1657 3128 1696; x_wconf 91' lang='lat' dir='ltr'><strong>ne</strong></span> <span class='ocrx_word' id='word_1_577' title='bbox 3167 1637 3406 1694; x_wconf 80' lang='lat' dir='ltr'><strong>oﬂ&#39;endat</strong></span> <span class='ocrx_word' id='word_1_578' title='bbox 3447 1631 3750 1688; x_wconf 83' lang='lat' dir='ltr'><strong>amaritudo</strong></span> <span class='ocrx_word' id='word_1_579' title='bbox 3783 1641 3838 1685; x_wconf 92' lang='lat' dir='ltr'><strong>te</strong></span> 
     </span>
    </p>
   </div>
   <div class='ocr_carea' id='block_1_62' title="bbox 2229 1724 3840 1816">
    <p class='ocr_par' dir='ltr' id='par_1_62' title="bbox 2229 1724 3840 1816">
     <span class='ocr_line' id='line_1_77' title="bbox 2229 1724 3840 1816; baseline -0.016 -14"><span class='ocrx_word' id='word_1_580' title='bbox 2229 1744 2596 1816; x_wconf 89' lang='lat' dir='ltr'><strong>repentina,et</strong></span> <span class='ocrx_word' id='word_1_581' title='bbox 2623 1739 2848 1808; x_wconf 88' lang='lat' dir='ltr'><strong>incipias</strong></span> <span class='ocrx_word' id='word_1_582' title='bbox 2869 1736 3100 1804; x_wconf 87' lang='lat' dir='ltr'><strong>rejicere</strong></span> <span class='ocrx_word' id='word_1_583' title='bbox 3127 1732 3425 1802; x_wconf 80' lang='lat' dir='ltr'><strong>profutura.</strong></span> <span class='ocrx_word' id='word_1_584' title='bbox 3459 1724 3688 1781; x_wconf 86' lang='lat' dir='ltr'><strong>Prodest</strong></span> <span class='ocrx_word' id='word_1_585' title='bbox 3707 1735 3840 1792; x_wconf 85' lang='lat' dir='ltr'><strong>ergo</strong></span> 
     </span>
    </p>
   </div>
   <div class='ocr_carea' id='block_1_63' title="bbox 2158 1815 3840 1910">
    <p class='ocr_par' dir='ltr' id='par_1_63' title="bbox 2158 1815 3840 1910">
     <span class='ocr_line' id='line_1_78' title="bbox 2158 1815 3840 1910; baseline -0.014 -19"><span class='ocrx_word' id='word_1_586' title='bbox 2158 1849 2206 1910; x_wconf 82' lang='grc' dir='ltr'><strong>Β</strong></span> <span class='ocrx_word' id='word_1_587' title='bbox 2234 1847 2358 1892; x_wconf 86' lang='lat' dir='ltr'><strong>ante</strong></span> <span class='ocrx_word' id='word_1_588' title='bbox 2381 1847 2744 1905; x_wconf 86' lang='lat' dir='ltr'><strong>cognoscere;</strong></span> <span class='ocrx_word' id='word_1_589' title='bbox 2778 1840 2834 1884; x_wconf 92' lang='lat' dir='ltr'><strong>ut</strong></span> <span class='ocrx_word' id='word_1_590' title='bbox 2859 1843 2930 1882; x_wconf 82' lang='lat' dir='ltr'><strong>ex</strong></span> <span class='ocrx_word' id='word_1_591' title='bbox 2961 1841 3028 1881; x_wconf 89' lang='lat' dir='ltr'><strong>eo</strong></span> <span class='ocrx_word' id='word_1_592' title='bbox 3048 1823 3190 1895; x_wconf 91' lang='lat' dir='ltr'><strong>quod</strong></span> <span class='ocrx_word' id='word_1_593' title='bbox 3219 1818 3544 1892; x_wconf 86' lang='lat' dir='ltr'><strong>cognoveris</strong></span> <span class='ocrx_word' id='word_1_594' title='bbox 3587 1815 3840 1885; x_wconf 82' lang='lat' dir='ltr'><strong>profutu-</strong></span> 
     </span>
    </p>
   </div>
   <div class='ocr_carea' id='block_1_64' title="bbox 2235 1911 3844 1992">
    <p class='ocr_par' dir='ltr' id='par_1_64' title="bbox 2235 1911 3844 1992">
     <span class='ocr_line' id='line_1_79' title="bbox 2235 1911 3844 1992; baseline -0.016 -7"><span class='ocrx_word' id='word_1_595' title='bbox 2235 1945 2378 1992; x_wconf 89' lang='lat' dir='ltr'><strong>rum,</strong></span> <span class='ocrx_word' id='word_1_596' title='bbox 2411 1942 2510 1982; x_wconf 90' lang='lat' dir='ltr'><strong>nec</strong></span> <span class='ocrx_word' id='word_1_597' title='bbox 2531 1939 2712 1980; x_wconf 87' lang='lat' dir='ltr'><strong>amara</strong></span> <span class='ocrx_word' id='word_1_598' title='bbox 2771 1918 3034 1976; x_wconf 77' lang='lat' dir='ltr'><strong>fastidias.</strong></span> <span class='ocrx_word' id='word_1_599' title='bbox 3095 1916 3202 1972; x_wconf 89' lang='lat' dir='ltr'><strong>Sed</strong></span> <span class='ocrx_word' id='word_1_600' title='bbox 3257 1914 3372 1968; x_wconf 72' lang='lat' dir='ltr'><strong>ha&#39;c</strong></span> <span class='ocrx_word' id='word_1_601' title='bbox 3423 1911 3602 1965; x_wconf 87' lang='lat' dir='ltr'><strong>minus</strong></span> <span class='ocrx_word' id='word_1_602' title='bbox 3643 1921 3844 1963; x_wconf 85' lang='lat' dir='ltr'><strong>nocere</strong></span> 
     </span>
    </p>
   </div>
   <div class='ocr_carea' id='block_1_65' title="bbox 2231 2005 3844 2095">
    <p class='ocr_par' dir='ltr' id='par_1_65' title="bbox 2231 2005 3844 2095">
     <span class='ocr_line' id='line_1_80' title="bbox 2231 2005 3844 2095; baseline -0.015 -15"><span class='ocrx_word' id='word_1_603' title='bbox 2231 2033 2460 2095; x_wconf 91' lang='lat' dir='ltr'><strong>possunt</strong></span> <span class='ocrx_word' id='word_1_604' title='bbox 2491 2039 2506 2076; x_wconf 89' lang='lat'><strong>:</strong></span> <span class='ocrx_word' id='word_1_605' title='bbox 2537 2019 2667 2074; x_wconf 87' lang='lat' dir='ltr'><strong>illud</strong></span> <span class='ocrx_word' id='word_1_606' title='bbox 2695 2015 2840 2088; x_wconf 88' lang='lat' dir='ltr'><strong>quod</strong></span> <span class='ocrx_word' id='word_1_607' title='bbox 2875 2012 3070 2084; x_wconf 87' lang='lat' dir='ltr'><strong>magis,</strong></span> <span class='ocrx_word' id='word_1_608' title='bbox 3101 2010 3202 2066; x_wconf 87' lang='lat' dir='ltr'><strong>nisi</strong></span> <span class='ocrx_word' id='word_1_609' title='bbox 3246 2005 3617 2079; x_wconf 85' lang='lat' dir='ltr'><strong>provideatur,</strong></span> <span class='ocrx_word' id='word_1_610' title='bbox 3643 2015 3844 2058; x_wconf 87' lang='lat' dir='ltr'><strong>nocere</strong></span> 
     </span>
    </p>
   </div>
   <div class='ocr_carea' id='block_1_66' title="bbox 2232 2115 2703 2189">
    <p class='ocr_par' dir='ltr' id='par_1_66' title="bbox 2232 2115 2703 2189">
     <span class='ocr_line' id='line_1_81' title="bbox 2232 2115 2703 2189; baseline -0.023 -13"><span class='ocrx_word' id='word_1_611' title='bbox 2232 2119 2427 2189; x_wconf 89' lang='lat' dir='ltr'><strong>possit,</strong></span> <span class='ocrx_word' id='word_1_612' title='bbox 2461 2115 2703 2170; x_wconf 80' lang='lat' dir='ltr'><strong>adverte.</strong></span> 
     </span>
    </p>
   </div>
   <div class='ocr_carea' id='block_1_67' title="bbox 2307 2191 3848 2269">
    <p class='ocr_par' dir='ltr' id='par_1_67' title="bbox 2307 2191 3848 2269">
     <span class='ocr_line' id='line_1_82' title="bbox 2307 2191 3848 2269; baseline -0.014 -3"><span class='ocrx_word' id='word_1_613' title='bbox 2307 2211 2396 2266; x_wconf 84' lang='lat'><strong>58.</strong></span> <span class='ocrx_word' id='word_1_614' title='bbox 2427 2205 2660 2264; x_wconf 89' lang='lat' dir='ltr'><strong>Gentilis</strong></span> <span class='ocrx_word' id='word_1_615' title='bbox 2689 2201 2906 2269; x_wconf 89' lang='lat' dir='ltr'><strong>quidam</strong></span> <span class='ocrx_word' id='word_1_616' title='bbox 2961 2208 3081 2264; x_wconf 87' lang='lat' dir='ltr'><strong>est,</strong></span> <span class='ocrx_word' id='word_1_617' title='bbox 3139 2196 3204 2250; x_wconf 89' lang='lat' dir='ltr'><strong>ad</strong></span> <span class='ocrx_word' id='word_1_618' title='bbox 3260 2193 3415 2250; x_wconf 76' lang='lat' dir='ltr'><strong>[idem</strong></span> <span class='ocrx_word' id='word_1_619' title='bbox 3469 2191 3848 2248; x_wconf 75' lang='lat' dir='ltr'><strong>tenditzcate-</strong></span> 
     </span>
    </p>
   </div>
   <div class='ocr_carea' id='block_1_68' title="bbox 2235 2283 3842 2366">
    <p class='ocr_par' dir='ltr' id='par_1_68' title="bbox 2235 2283 3842 2366">
     <span class='ocr_line' id='line_1_83' title="bbox 2235 2283 3842 2366; baseline -0.015 -8"><span class='ocrx_word' id='word_1_620' title='bbox 2235 2303 2535 2359; x_wconf 87' lang='lat' dir='ltr'><strong>chumenus</strong></span> <span class='ocrx_word' id='word_1_621' title='bbox 2557 2307 2662 2364; x_wconf 90' lang='lat' dir='ltr'><strong>est,</strong></span> <span class='ocrx_word' id='word_1_622' title='bbox 2689 2295 2946 2366; x_wconf 82' lang='lat' dir='ltr'><strong>majorem</strong></span> <span class='ocrx_word' id='word_1_623' title='bbox 2983 2293 3096 2346; x_wconf 86' lang='lat' dir='ltr'><strong>vult</strong></span> <span class='ocrx_word' id='word_1_624' title='bbox 3124 2289 3372 2356; x_wconf 86' lang='lat' dir='ltr'><strong>accipere</strong></span> <span class='ocrx_word' id='word_1_625' title='bbox 3399 2285 3664 2341; x_wconf 74' lang='lat' dir='ltr'><strong>doctrina:</strong></span> <span class='ocrx_word' id='word_1_626' title='bbox 3693 2291 3750 2338; x_wconf 89' lang='lat' dir='ltr'><strong>et</strong></span> <span class='ocrx_word' id='word_1_627' title='bbox 3777 2283 3842 2335; x_wconf 82' lang='lat' dir='ltr'><strong>ti-</strong></span> 
     </span>
    </p>
   </div>
   <div class='ocr_carea' id='block_1_69' title="bbox 2237 2374 3846 2465">
    <p class='ocr_par' dir='ltr' id='par_1_69' title="bbox 2237 2374 3846 2465">
     <span class='ocr_line' id='line_1_84' title="bbox 2237 2374 3846 2465; baseline -0.016 -12"><span class='ocrx_word' id='word_1_628' title='bbox 2237 2397 2326 2453; x_wconf 89' lang='lat' dir='ltr'><strong>dei</strong></span> <span class='ocrx_word' id='word_1_629' title='bbox 2357 2391 2784 2465; x_wconf 85' lang='lat' dir='ltr'><strong>plenitudinem;</strong></span> <span class='ocrx_word' id='word_1_630' title='bbox 2813 2395 3002 2444; x_wconf 80' lang='lat' dir='ltr'><strong>Caveat</strong></span> <span class='ocrx_word' id='word_1_631' title='bbox 3029 2399 3096 2440; x_wconf 90' lang='lat' dir='ltr'><strong>ne</strong></span> <span class='ocrx_word' id='word_1_632' title='bbox 3121 2383 3248 2438; x_wconf 90' lang='lat' dir='ltr'><strong>dum</strong></span> <span class='ocrx_word' id='word_1_633' title='bbox 3281 2381 3393 2436; x_wconf 87' lang='lat' dir='ltr'><strong>v&#39;ult</strong></span> <span class='ocrx_word' id='word_1_634' title='bbox 3421 2379 3634 2434; x_wconf 86' lang='lat' dir='ltr'><strong>discere</strong></span> <span class='ocrx_word' id='word_1_635' title='bbox 3659 2418 3676 2444; x_wconf 87' lang='lat'><strong>,</strong></span> <span class='ocrx_word' id='word_1_636' title='bbox 3707 2374 3846 2430; x_wconf 86' lang='lat' dir='ltr'><strong>male</strong></span> 
     </span>
    </p>
   </div>
   <div class='ocr_carea' id='block_1_70' title="bbox 2239 2473 3844 2554">
    <p class='ocr_par' dir='ltr' id='par_1_70' title="bbox 2239 2473 3844 2554">
     <span class='ocr_line' id='line_1_85' title="bbox 2239 2473 3844 2554; baseline -0.014 -7"><span class='ocrx_word' id='word_1_637' title='bbox 2239 2491 2436 2554; x_wconf 88' lang='lat' dir='ltr'><strong>discat,</strong></span> <span class='ocrx_word' id='word_1_638' title='bbox 2469 2497 2526 2544; x_wconf 92' lang='lat' dir='ltr'><strong>et</strong></span> <span class='ocrx_word' id='word_1_639' title='bbox 2553 2487 2725 2542; x_wconf 85' lang='lat' dir='ltr'><strong>discat</strong></span> <span class='ocrx_word' id='word_1_640' title='bbox 2753 2499 2781 2537; x_wconf 88' lang='lat' dir='ltr'><strong>a</strong></span> <span class='ocrx_word' id='word_1_641' title='bbox 2811 2483 3071 2548; x_wconf 80' lang='lat' dir='ltr'><strong>Photino,</strong></span> <span class='ocrx_word' id='word_1_642' title='bbox 3097 2479 3270 2534; x_wconf 87' lang='lat' dir='ltr'><strong>discat</strong></span> <span class='ocrx_word' id='word_1_643' title='bbox 3297 2476 3364 2531; x_wconf 86' lang='lat' dir='ltr'><strong>ab</strong></span> <span class='ocrx_word' id='word_1_644' title='bbox 3390 2475 3524 2532; x_wconf 77' lang='lat' dir='ltr'><strong>Ario</strong></span> <span class='ocrx_word' id='word_1_645' title='bbox 3553 2516 3568 2541; x_wconf 90' lang='lat'><strong>,</strong></span> <span class='ocrx_word' id='word_1_646' title='bbox 3593 2473 3768 2528; x_wconf 85' lang='lat' dir='ltr'><strong>discat</strong></span> <span class='ocrx_word' id='word_1_647' title='bbox 3813 2487 3844 2524; x_wconf 87' lang='lat' dir='ltr'><strong>a</strong></span> 
     </span>
    </p>
   </div>
   <div class='ocr_carea' id='block_1_71' title="bbox 2241 2569 3852 2644">
    <p class='ocr_par' dir='ltr' id='par_1_71' title="bbox 2241 2569 3852 2644">
     <span class='ocr_line' id='line_1_86' title="bbox 2241 2569 3852 2644; baseline -0.014 -1"><span class='ocrx_word' id='word_1_648' title='bbox 2241 2585 2514 2644; x_wconf 88' lang='lat' dir='ltr'><strong>Sabellio:</strong></span> <span class='ocrx_word' id='word_1_649' title='bbox 2547 2581 2725 2636; x_wconf 85' lang='lat' dir='ltr'><strong>tradat</strong></span> <span class='ocrx_word' id='word_1_650' title='bbox 2746 2595 2805 2634; x_wconf 88' lang='lat' dir='ltr'><strong>se</strong></span> <span class='ocrx_word' id='word_1_651' title='bbox 2829 2573 3136 2644; x_wconf 87' lang='lat' dir='ltr'><strong>hujnsmodi</strong></span> <span class='ocrx_word' id='word_1_652' title='bbox 3158 2569 3431 2642; x_wconf 82' lang='lat' dir='ltr'><strong>magistris</strong></span> <span class='ocrx_word' id='word_1_653' title='bbox 3457 2583 3686 2640; x_wconf 90' lang='lat' dir='ltr'><strong>quorum</strong></span> <span class='ocrx_word' id='word_1_654' title='bbox 3709 2581 3852 2636; x_wconf 66' lang='lat' dir='ltr'><strong>quat-</strong></span> 
     </span>
    </p>
   </div>
   <div class='ocr_carea' id='block_1_72' title="bbox 2241 2662 3844 2734">
    <p class='ocr_par' dir='ltr' id='par_1_72' title="bbox 2241 2662 3844 2734">
     <span class='ocr_line' id='line_1_87' title="bbox 2241 2662 3844 2734; baseline -0.014 0"><span class='ocrx_word' id='word_1_655' title='bbox 2241 2681 2366 2734; x_wconf 89' lang='lat' dir='ltr'><strong>dam</strong></span> <span class='ocrx_word' id='word_1_656' title='bbox 2397 2693 2520 2732; x_wconf 87' lang='lat' dir='ltr'><strong>eum</strong></span> <span class='ocrx_word' id='word_1_657' title='bbox 2557 2670 3081 2731; x_wconf 86' lang='lat' dir='ltr'><strong>leneatauctoritas;</strong></span> <span class='ocrx_word' id='word_1_658' title='bbox 3103 2675 3157 2720; x_wconf 91' lang='lat' dir='ltr'><strong>et</strong></span> <span class='ocrx_word' id='word_1_659' title='bbox 3181 2665 3430 2720; x_wconf 90' lang='lat' dir='ltr'><strong>inductus</strong></span> <span class='ocrx_word' id='word_1_660' title='bbox 3455 2662 3686 2732; x_wconf 84' lang='lat' dir='ltr'><strong>quadam</strong></span> <span class='ocrx_word' id='word_1_661' title='bbox 3733 2673 3844 2712; x_wconf 84' lang='lat' dir='ltr'><strong>ma-</strong></span> 
     </span>
    </p>
   </div>
   <div class='ocr_carea' id='block_1_73' title="bbox 2244 2755 3844 2844">
    <p class='ocr_par' dir='ltr' id='par_1_73' title="bbox 2244 2755 3844 2844">
     <span class='ocr_line' id='line_1_88' title="bbox 2244 2755 3844 2844; baseline -0.013 -19"><span class='ocrx_word' id='word_1_662' title='bbox 2244 2774 2534 2844; x_wconf 77' lang='lat' dir='ltr'><strong>gistrorum</strong></span> <span class='ocrx_word' id='word_1_663' title='bbox 2565 2765 2988 2836; x_wconf 58' lang='lat' dir='ltr'><strong>praesumptione</strong></span> <span class='ocrx_word' id='word_1_664' title='bbox 3013 2803 3028 2827; x_wconf 91' lang='lat'><strong>,</strong></span> <span class='ocrx_word' id='word_1_665' title='bbox 3059 2759 3260 2814; x_wconf 88' lang='lat' dir='ltr'><strong>teneris</strong></span> <span class='ocrx_word' id='word_1_666' title='bbox 3287 2755 3536 2812; x_wconf 88' lang='lat' dir='ltr'><strong>sensibus</strong></span> <span class='ocrx_word' id='word_1_667' title='bbox 3583 2755 3844 2824; x_wconf 88' lang='lat' dir='ltr'><strong>impressa</strong></span> 
     </span>
    </p>
   </div>
   <div class='ocr_carea' id='block_1_74' title="bbox 2246 2845 3854 2936">
    <p class='ocr_par' dir='ltr' id='par_1_74' title="bbox 2246 2845 3854 2936">
     <span class='ocr_line' id='line_1_89' title="bbox 2246 2845 3854 2936; baseline -0.014 -16"><span class='ocrx_word' id='word_1_668' title='bbox 2246 2863 2546 2936; x_wconf 85' lang='lat' dir='ltr'><strong>dijudicare</strong></span> <span class='ocrx_word' id='word_1_669' title='bbox 2573 2875 2680 2914; x_wconf 90' lang='lat' dir='ltr'><strong>non</strong></span> <span class='ocrx_word' id='word_1_670' title='bbox 2735 2856 2963 2912; x_wconf 88' lang='lat' dir='ltr'><strong>noverit.</strong></span> <span class='ocrx_word' id='word_1_671' title='bbox 3019 2853 3176 2908; x_wconf 88' lang='lat' dir='ltr'><strong>Prius</strong></span> <span class='ocrx_word' id='word_1_672' title='bbox 3229 2851 3390 2922; x_wconf 84' lang='lat' dir='ltr'><strong>igitur</strong></span> <span class='ocrx_word' id='word_1_673' title='bbox 3437 2847 3610 2904; x_wconf 91' lang='lat' dir='ltr'><strong>oculis</strong></span> <span class='ocrx_word' id='word_1_674' title='bbox 3657 2845 3854 2900; x_wconf 88' lang='lat' dir='ltr'><strong>mentis</strong></span> 
     </span>
    </p>
   </div>
   <div class='ocr_carea' id='block_1_75' title="bbox 2249 2939 3854 3028">
    <p class='ocr_par' dir='ltr' id='par_1_75' title="bbox 2249 2939 3854 3028">
     <span class='ocr_line' id='line_1_90' title="bbox 2249 2939 3854 3028; baseline -0.016 -13"><span class='ocrx_word' id='word_1_675' title='bbox 2249 2955 2543 3028; x_wconf 75' lang='lat' dir='ltr'><strong>perspiciat</strong></span> <span class='ocrx_word' id='word_1_676' title='bbox 2568 2963 2589 2990; x_wconf 76' lang='grc' dir='ltr'><strong>ο</strong></span> <span class='ocrx_word' id='word_1_677' title='bbox 2619 2950 2745 3022; x_wconf 87' lang='lat' dir='ltr'><strong>quid</strong></span> <span class='ocrx_word' id='word_1_678' title='bbox 2777 2957 3074 3018; x_wconf 86' lang='lat' dir='ltr'><strong>sequatur:</strong></span> <span class='ocrx_word' id='word_1_679' title='bbox 3111 2945 3290 2998; x_wconf 88' lang='lat' dir='ltr'><strong>videat</strong></span> <span class='ocrx_word' id='word_1_680' title='bbox 3318 2941 3410 2996; x_wconf 89' lang='lat' dir='ltr'><strong>ubi</strong></span> <span class='ocrx_word' id='word_1_681' title='bbox 3457 2939 3562 2994; x_wconf 80' lang='lat' dir='ltr'><strong>vita</strong></span> <span class='ocrx_word' id='word_1_682' title='bbox 3589 2939 3660 2994; x_wconf 91' lang='lat' dir='ltr'><strong>sit</strong></span> <span class='ocrx_word' id='word_1_683' title='bbox 3687 2956 3700 2990; x_wconf 91' lang='lat'><strong>:</strong></span> <span class='ocrx_word' id='word_1_684' title='bbox 3737 2946 3854 2990; x_wconf 89' lang='lat' dir='ltr'><strong>tan-</strong></span> 
     </span>
    </p>
   </div>
   <div class='ocr_carea' id='block_1_76' title="bbox 2250 3029 3855 3121">
    <p class='ocr_par' dir='ltr' id='par_1_76' title="bbox 2250 3029 3855 3121">
     <span class='ocr_line' id='line_1_91' title="bbox 2250 3029 3855 3121; baseline -0.012 -18"><span class='ocrx_word' id='word_1_685' title='bbox 2250 3059 2340 3121; x_wconf 87' lang='lat' dir='ltr'><strong>gat</strong></span> <span class='ocrx_word' id='word_1_686' title='bbox 2374 3047 2606 3116; x_wconf 85' lang='lat' dir='ltr'><strong>denique</strong></span> <span class='ocrx_word' id='word_1_687' title='bbox 2643 3043 2952 3097; x_wconf 89' lang='lat' dir='ltr'><strong>divinarum</strong></span> <span class='ocrx_word' id='word_1_688' title='bbox 3007 3037 3194 3092; x_wconf 87' lang='lat' dir='ltr'><strong>vitalia</strong></span> <span class='ocrx_word' id='word_1_689' title='bbox 3237 3035 3566 3098; x_wconf 88' lang='lat' dir='ltr'><strong>lectionum,</strong></span> <span class='ocrx_word' id='word_1_690' title='bbox 3593 3041 3651 3086; x_wconf 94' lang='lat' dir='ltr'><strong>ut</strong></span> <span class='ocrx_word' id='word_1_691' title='bbox 3707 3029 3855 3084; x_wconf 89' lang='lat' dir='ltr'><strong>nullo</strong></span> 
     </span>
    </p>
   </div>
   <div class='ocr_carea' id='block_1_77' title="bbox 2251 3123 3854 3215">
    <p class='ocr_par' dir='ltr' id='par_1_77' title="bbox 2251 3123 3854 3215">
     <span class='ocr_line' id='line_1_92' title="bbox 2251 3123 3854 3215; baseline -0.013 -16"><span class='ocrx_word' id='word_1_692' title='bbox 2251 3158 2416 3215; x_wconf 87' lang='lat' dir='ltr'><strong>pravo</strong></span> <span class='ocrx_word' id='word_1_693' title='bbox 2444 3139 2752 3196; x_wconf 77' lang='lat' dir='ltr'><strong>oﬂ‘endatur</strong></span> <span class='ocrx_word' id='word_1_694' title='bbox 2779 3137 3098 3204; x_wconf 83' lang='lat' dir='ltr'><strong>interprete.</strong></span> <span class='ocrx_word' id='word_1_695' title='bbox 3126 3131 3280 3202; x_wconf 84' lang='lat' dir='ltr'><strong>Legit</strong></span> <span class='ocrx_word' id='word_1_696' title='bbox 3313 3129 3390 3184; x_wconf 90' lang='lat' dir='ltr'><strong>illi</strong></span> <span class='ocrx_word' id='word_1_697' title='bbox 3417 3123 3854 3196; x_wconf 83' lang='lat' dir='ltr'><strong>SabelliuszEgo</strong></span> 
     </span>
    </p>
   </div>
   <div class='ocr_carea' id='block_1_78' title="bbox 1908 3221 3848 3314">
    <p class='ocr_par' dir='ltr' id='par_1_78' title="bbox 1908 3221 3848 3314">
     <span class='ocr_line' id='line_1_93' title="bbox 1908 3221 3848 3314; baseline -0.015 -15"><span class='ocrx_word' id='word_1_698' title='bbox 1908 3244 2004 3300; x_wconf 89' lang='lat' dir='ltr'><strong>sed</strong></span> <span class='ocrx_word' id='word_1_699' title='bbox 2019 3239 2146 3296; x_wconf 75' lang='lat' dir='ltr'><strong>Atla:</strong></span> <span class='ocrx_word' id='word_1_700' title='bbox 2175 3251 2220 3314; x_wconf 72' lang='grc' dir='ltr'>ρ</span> <span class='ocrx_word' id='word_1_701' title='bbox 2253 3237 2308 3290; x_wconf 85' lang='lat' dir='ltr'><strong>in</strong></span> <span class='ocrx_word' id='word_1_702' title='bbox 2333 3235 2512 3298; x_wconf 87' lang='lat' dir='ltr'><strong>Patre,</strong></span> <span class='ocrx_word' id='word_1_703' title='bbox 2538 3243 2584 3286; x_wconf 88' lang='lat' dir='ltr'><strong>et</strong></span> <span class='ocrx_word' id='word_1_704' title='bbox 2613 3230 2770 3284; x_wconf 83' lang='lat' dir='ltr'><strong>Pater</strong></span> <span class='ocrx_word' id='word_1_705' title='bbox 2799 3230 2854 3282; x_wconf 85' lang='lat' dir='ltr'><strong>in</strong></span> <span class='ocrx_word' id='word_1_706' title='bbox 2881 3225 3172 3298; x_wconf 86' lang='lat' dir='ltr'><strong>me(Joan.</strong></span> <span class='ocrx_word' id='word_1_707' title='bbox 3197 3221 3508 3292; x_wconf 78' lang='lat' dir='ltr'><strong>xiv,10),et</strong></span> <span class='ocrx_word' id='word_1_708' title='bbox 3530 3221 3662 3274; x_wconf 92' lang='lat' dir='ltr'><strong>dicit</strong></span> <span class='ocrx_word' id='word_1_709' title='bbox 3687 3233 3848 3272; x_wconf 87' lang='lat' dir='ltr'><strong>unam</strong></span> 
     </span>
    </p>
   </div>
   <div class='ocr_carea' id='block_1_79' title="bbox 2256 3309 3858 3396">
    <p class='ocr_par' dir='ltr' id='par_1_79' title="bbox 2256 3309 3858 3396">
     <span class='ocr_line' id='line_1_94' title="bbox 2256 3309 3858 3396; baseline -0.015 -11"><span class='ocrx_word' id='word_1_710' title='bbox 2256 3344 2376 3385; x_wconf 89' lang='lat' dir='ltr'><strong>esse</strong></span> <span class='ocrx_word' id='word_1_711' title='bbox 2409 3340 2714 3396; x_wconf 85' lang='lat' dir='ltr'><strong>personam.</strong></span> <span class='ocrx_word' id='word_1_712' title='bbox 2749 3323 2902 3392; x_wconf 82' lang='lat' dir='ltr'><strong>Legit</strong></span> <span class='ocrx_word' id='word_1_713' title='bbox 2923 3319 3186 3375; x_wconf 86' lang='lat' dir='ltr'><strong>Photinus</strong></span> <span class='ocrx_word' id='word_1_714' title='bbox 3216 3333 3230 3370; x_wconf 90' lang='lat'><strong>:</strong></span> <span class='ocrx_word' id='word_1_715' title='bbox 3265 3315 3398 3382; x_wconf 83' lang='lat' dir='ltr'><strong>Quia</strong></span> <span class='ocrx_word' id='word_1_716' title='bbox 3417 3314 3669 3368; x_wconf 84' lang='lat' dir='ltr'><strong>mediator</strong></span> <span class='ocrx_word' id='word_1_717' title='bbox 3694 3309 3788 3363; x_wconf 87' lang='lat' dir='ltr'><strong>Dei</strong></span> <span class='ocrx_word' id='word_1_718' title='bbox 3811 3318 3858 3362; x_wconf 85' lang='lat' dir='ltr'><strong>et</strong></span> 
     </span>
    </p>
   </div>
   <div class='ocr_carea' id='block_1_80' title="bbox 2257 3404 3858 3483">
    <p class='ocr_par' dir='ltr' id='par_1_80' title="bbox 2257 3404 3858 3483">
     <span class='ocr_line' id='line_1_95' title="bbox 2257 3404 3858 3483; baseline -0.01 -10"><span class='ocrx_word' id='word_1_719' title='bbox 2257 3421 2527 3475; x_wconf 83' lang='lat' dir='ltr'><strong>hominum</strong></span> <span class='ocrx_word' id='word_1_720' title='bbox 2547 3419 2702 3472; x_wconf 89' lang='lat' dir='ltr'><strong>homo</strong></span> <span class='ocrx_word' id='word_1_721' title='bbox 2723 3416 2956 3474; x_wconf 82' lang='lat' dir='ltr'><strong>Christus</strong></span> <span class='ocrx_word' id='word_1_722' title='bbox 2977 3411 3128 3468; x_wconf 73' lang='lat' dir='ltr'><strong>Iesus</strong></span> <span class='ocrx_word' id='word_1_723' title='bbox 3147 3409 3357 3483; x_wconf 84' lang='lat' dir='ltr'><strong>(lTim.</strong></span> <span class='ocrx_word' id='word_1_724' title='bbox 3385 3425 3444 3472; x_wconf 87' lang='lat' dir='ltr'><strong>tl,</strong></span> <span class='ocrx_word' id='word_1_725' title='bbox 3469 3407 3502 3462; x_wconf 84' lang='lat'><strong>5</strong></span> <span class='ocrx_word' id='word_1_726' title='bbox 3527 3407 3566 3479; x_wconf 95' lang='lat'><strong>).</strong></span> <span class='ocrx_word' id='word_1_727' title='bbox 3596 3407 3662 3460; x_wconf 75' lang='lat' dir='ltr'><strong>Et</strong></span> <span class='ocrx_word' id='word_1_728' title='bbox 3689 3404 3816 3459; x_wconf 87' lang='lat' dir='ltr'><strong>alibi</strong></span> <span class='ocrx_word' id='word_1_729' title='bbox 3843 3421 3858 3457; x_wconf 89' lang='lat'>:</span> 
     </span>
    </p>
   </div>
   <div class='ocr_carea' id='block_1_81' title="bbox 2263 3497 3864 3584">
    <p class='ocr_par' dir='ltr' id='par_1_81' title="bbox 2263 3497 3864 3584">
     <span class='ocr_line' id='line_1_96' title="bbox 2263 3497 3864 3584; baseline -0.012 -15"><span class='ocrx_word' id='word_1_730' title='bbox 2263 3515 2399 3584; x_wconf 81' lang='lat' dir='ltr'><strong>Quid</strong></span> <span class='ocrx_word' id='word_1_731' title='bbox 2429 3531 2506 3568; x_wconf 88' lang='lat' dir='ltr'><strong>me</strong></span> <span class='ocrx_word' id='word_1_732' title='bbox 2545 3513 2702 3568; x_wconf 82' lang='lat' dir='ltr'><strong>vultis</strong></span> <span class='ocrx_word' id='word_1_733' title='bbox 2750 3509 2980 3566; x_wconf 84' lang='lat' dir='ltr'><strong>occidere</strong></span> <span class='ocrx_word' id='word_1_734' title='bbox 3031 3507 3288 3560; x_wconf 84' lang='lat' dir='ltr'><strong>hominem</strong></span> <span class='ocrx_word' id='word_1_735' title='bbox 3327 3505 3350 3574; x_wconf 86' lang='lat'><strong>(</strong></span> <span class='ocrx_word' id='word_1_736' title='bbox 3371 3500 3530 3556; x_wconf 83' lang='lat' dir='ltr'><strong>Joan.</strong></span> <span class='ocrx_word' id='word_1_737' title='bbox 3574 3515 3687 3562; x_wconf 88' lang='lat' dir='ltr'><strong>vttt,</strong></span> <span class='ocrx_word' id='word_1_738' title='bbox 3713 3497 3782 3552; x_wconf 74' lang='lat'><strong>40</strong></span> <span class='ocrx_word' id='word_1_739' title='bbox 3806 3497 3864 3569; x_wconf 84' lang='lat'><strong>)?</strong></span> 
     </span>
    </p>
   </div>
   <div class='ocr_carea' id='block_1_82' title="bbox 2259 3592 3866 3681">
    <p class='ocr_par' dir='ltr' id='par_1_82' title="bbox 2259 3592 3866 3681">
     <span class='ocr_line' id='line_1_97' title="bbox 2259 3592 3866 3681; baseline -0.015 -15"><span class='ocrx_word' id='word_1_740' title='bbox 2259 3610 2412 3681; x_wconf 85' lang='lat' dir='ltr'><strong>Legit</strong></span> <span class='ocrx_word' id='word_1_741' title='bbox 2437 3609 2597 3665; x_wconf 88' lang='lat' dir='ltr'><strong>etiam</strong></span> <span class='ocrx_word' id='word_1_742' title='bbox 2631 3606 2790 3662; x_wconf 76' lang='lat' dir='ltr'><strong>Arius</strong></span> <span class='ocrx_word' id='word_1_743' title='bbox 2818 3603 2944 3674; x_wconf 87' lang='lat' dir='ltr'><strong>quia</strong></span> <span class='ocrx_word' id='word_1_744' title='bbox 2975 3601 3112 3657; x_wconf 81' lang='lat' dir='ltr'><strong>dixit</strong></span> <span class='ocrx_word' id='word_1_745' title='bbox 3155 3617 3168 3653; x_wconf 92' lang='lat'><strong>:</strong></span> <span class='ocrx_word' id='word_1_746' title='bbox 3219 3597 3473 3664; x_wconf 83' lang='lat' dir='ltr'><strong>Quoniam</strong></span> <span class='ocrx_word' id='word_1_747' title='bbox 3521 3592 3680 3646; x_wconf 84' lang='lat' dir='ltr'><strong>Pater</strong></span> <span class='ocrx_word' id='word_1_748' title='bbox 3698 3593 3866 3663; x_wconf 82' lang='lat' dir='ltr'><strong>major</strong></span> 
     </span>
    </p>
   </div>
   <div class='ocr_carea' id='block_1_83' title="bbox 2261 3687 3864 3777">
    <p class='ocr_par' dir='ltr' id='par_1_83' title="bbox 2261 3687 3864 3777">
     <span class='ocr_line' id='line_1_98' title="bbox 2261 3687 3864 3777; baseline -0.015 -15"><span class='ocrx_word' id='word_1_749' title='bbox 2261 3725 2342 3762; x_wconf 87' lang='lat' dir='ltr'><strong>me</strong></span> <span class='ocrx_word' id='word_1_750' title='bbox 2367 3707 2477 3777; x_wconf 83' lang='lat' dir='ltr'><strong>est(</strong></span> <span class='ocrx_word' id='word_1_751' title='bbox 2499 3703 2657 3760; x_wconf 90' lang='lat' dir='ltr'><strong>Joan.</strong></span> <span class='ocrx_word' id='word_1_752' title='bbox 2683 3717 2793 3769; x_wconf 80' lang='lat' dir='ltr'><strong>xrv,</strong></span> <span class='ocrx_word' id='word_1_753' title='bbox 2825 3701 2894 3755; x_wconf 73' lang='lat'><strong>28</strong></span> <span class='ocrx_word' id='word_1_754' title='bbox 2913 3700 2953 3770; x_wconf 91' lang='lat'><strong>).</strong></span> <span class='ocrx_word' id='word_1_755' title='bbox 2978 3697 3200 3768; x_wconf 88' lang='lat' dir='ltr'><strong>Legitur</strong></span> <span class='ocrx_word' id='word_1_756' title='bbox 3227 3691 3449 3764; x_wconf 89' lang='lat' dir='ltr'><strong>quidem</strong></span> <span class='ocrx_word' id='word_1_757' title='bbox 3473 3687 3821 3744; x_wconf 81' lang='lat' dir='ltr'><strong>manifestum</strong></span> <span class='ocrx_word' id='word_1_758' title='bbox 3849 3703 3864 3740; x_wconf 84' lang='lat'><strong>:</strong></span> 
     </span>
    </p>
   </div>
   <div class='ocr_carea' id='block_1_84' title="bbox 2265 3789 3872 3874">
    <p class='ocr_par' dir='ltr' id='par_1_84' title="bbox 2265 3789 3872 3874">
     <span class='ocr_line' id='line_1_99' title="bbox 2265 3789 3872 3874; baseline -0.016 -15"><span class='ocrx_word' id='word_1_759' title='bbox 2265 3803 2361 3859; x_wconf 89' lang='lat' dir='ltr'><strong>sed</strong></span> <span class='ocrx_word' id='word_1_760' title='bbox 2387 3817 2490 3874; x_wconf 89' lang='lat' dir='ltr'><strong>qua</strong></span> <span class='ocrx_word' id='word_1_761' title='bbox 2521 3801 2732 3856; x_wconf 88' lang='lat' dir='ltr'><strong>ratione</strong></span> <span class='ocrx_word' id='word_1_762' title='bbox 2753 3797 2956 3852; x_wconf 90' lang='lat' dir='ltr'><strong>dictum</strong></span> <span class='ocrx_word' id='word_1_763' title='bbox 2979 3795 3070 3860; x_wconf 89' lang='lat' dir='ltr'><strong>sit,</strong></span> <span class='ocrx_word' id='word_1_764' title='bbox 3102 3789 3262 3845; x_wconf 90' lang='lat' dir='ltr'><strong>debet</strong></span> <span class='ocrx_word' id='word_1_765' title='bbox 3282 3797 3406 3842; x_wconf 87' lang='lat' dir='ltr'><strong>ante</strong></span> <span class='ocrx_word' id='word_1_766' title='bbox 3431 3792 3767 3856; x_wconf 85' lang='lat' dir='ltr'><strong>pertractare</strong></span> <span class='ocrx_word' id='word_1_767' title='bbox 3783 3793 3872 3835; x_wconf 87' lang='lat' dir='ltr'><strong>se-</strong></span> 
     </span>
    </p>
   </div>
   <div class='ocr_carea' id='block_1_85' title="bbox 2265 3873 3872 3960">
    <p class='ocr_par' dir='ltr' id='par_1_85' title="bbox 2265 3873 3872 3960">
     <span class='ocr_line' id='line_1_100' title="bbox 2265 3873 3872 3960; baseline -0.017 -7"><span class='ocrx_word' id='word_1_768' title='bbox 2265 3913 2411 3960; x_wconf 88' lang='lat' dir='ltr'><strong>cum,</strong></span> <span class='ocrx_word' id='word_1_769' title='bbox 2445 3907 2501 3949; x_wconf 90' lang='lat' dir='ltr'><strong>ut</strong></span> <span class='ocrx_word' id='word_1_770' title='bbox 2525 3894 2790 3948; x_wconf 89' lang='lat' dir='ltr'><strong>rationem</strong></span> <span class='ocrx_word' id='word_1_771' title='bbox 2813 3889 3081 3944; x_wconf 88' lang='lat' dir='ltr'><strong>dictormn</strong></span> <span class='ocrx_word' id='word_1_772' title='bbox 3110 3884 3281 3955; x_wconf 89' lang='lat' dir='ltr'><strong>possit</strong></span> <span class='ocrx_word' id='word_1_773' title='bbox 3311 3879 3614 3935; x_wconf 88' lang='lat' dir='ltr'><strong>advertere.</strong></span> <span class='ocrx_word' id='word_1_774' title='bbox 3645 3873 3872 3930; x_wconf 87' lang='lat' dir='ltr'><strong>Ducitur</strong></span> 
     </span>
    </p>
   </div>
   <div class='ocr_carea' id='block_1_86' title="bbox 2267 3963 3872 4062">
    <p class='ocr_par' dir='ltr' id='par_1_86' title="bbox 2267 3963 3872 4062">
     <span class='ocr_line' id='line_1_101' title="bbox 2267 3963 3872 4062; baseline -0.017 -15"><span class='ocrx_word' id='word_1_775' title='bbox 2267 3989 2500 4062; x_wconf 85' lang='lat' dir='ltr'><strong>quadam</strong></span> <span class='ocrx_word' id='word_1_776' title='bbox 2555 3987 2937 4056; x_wconf 87' lang='lat' dir='ltr'><strong>magistrorum</strong></span> <span class='ocrx_word' id='word_1_777' title='bbox 2991 3963 3424 4050; x_wconf 79' lang='lat' dir='ltr'><strong>auctoritate;et</strong></span> <span class='ocrx_word' id='word_1_778' title='bbox 3483 3969 3774 4042; x_wconf 74' lang='lat' dir='ltr'><strong>profuisset</strong></span> <span class='ocrx_word' id='word_1_779' title='bbox 3821 3964 3872 4021; x_wconf 89' lang='lat' dir='ltr'><strong>ei</strong></span> 
     </span>
    </p>
   </div>
   <div class='ocr_carea' id='block_1_87' title="bbox 2271 4057 3876 4154">
    <p class='ocr_par' dir='ltr' id='par_1_87' title="bbox 2271 4057 3876 4154">
     <span class='ocr_line' id='line_1_102' title="bbox 2271 4057 3876 4154; baseline -0.017 -14"><span class='ocrx_word' id='word_1_780' title='bbox 2271 4100 2379 4141; x_wconf 91' lang='lat' dir='ltr'><strong>non</strong></span> <span class='ocrx_word' id='word_1_781' title='bbox 2407 4081 2688 4154; x_wconf 73' lang='lat' dir='ltr'><strong>quaesisse,</strong></span> <span class='ocrx_word' id='word_1_782' title='bbox 2721 4091 2882 4148; x_wconf 90' lang='lat' dir='ltr'><strong>quam</strong></span> <span class='ocrx_word' id='word_1_783' title='bbox 2915 4074 3076 4129; x_wconf 83' lang='lat' dir='ltr'><strong>talem</strong></span> <span class='ocrx_word' id='word_1_784' title='bbox 3115 4069 3390 4125; x_wconf 88' lang='lat' dir='ltr'><strong>invenisse</strong></span> <span class='ocrx_word' id='word_1_785' title='bbox 3421 4065 3725 4120; x_wconf 88' lang='lat' dir='ltr'><strong>doctorem.</strong></span> <span class='ocrx_word' id='word_1_786' title='bbox 3769 4057 3876 4116; x_wconf 87' lang='lat' dir='ltr'><strong>Sed</strong></span> 
     </span>
    </p>
   </div>
   <div class='ocr_carea' id='block_1_88' title="bbox 2272 4153 3879 4248">
    <p class='ocr_par' dir='ltr' id='par_1_88' title="bbox 2272 4153 3879 4248">
     <span class='ocr_line' id='line_1_103' title="bbox 2272 4153 3879 4248; baseline -0.017 -13"><span class='ocrx_word' id='word_1_787' title='bbox 2272 4153 2435 4236; x_wconf 83' lang='lat' dir='ltr'><strong>etiam</strong></span> <span class='ocrx_word' id='word_1_788' title='bbox 2464 4175 2684 4248; x_wconf 87' lang='lat' dir='ltr'><strong>gentilis</strong></span> <span class='ocrx_word' id='word_1_789' title='bbox 2709 4171 2754 4228; x_wconf 91' lang='lat' dir='ltr'><strong>si</strong></span> <span class='ocrx_word' id='word_1_790' title='bbox 2773 4173 2894 4240; x_wconf 88' lang='lat' dir='ltr'><strong>quis</strong></span> <span class='ocrx_word' id='word_1_791' title='bbox 2923 4167 3234 4237; x_wconf 89' lang='lat' dir='ltr'><strong>Scripturas</strong></span> <span class='ocrx_word' id='word_1_792' title='bbox 3257 4160 3509 4232; x_wconf 89' lang='lat' dir='ltr'><strong>accipiat,</strong></span> <span class='ocrx_word' id='word_1_793' title='bbox 3533 4157 3666 4228; x_wconf 87' lang='lat' dir='ltr'><strong>legit</strong></span> <span class='ocrx_word' id='word_1_794' title='bbox 3697 4173 3710 4209; x_wconf 91' lang='lat'>:</span> <span class='ocrx_word' id='word_1_795' title='bbox 3741 4153 3879 4209; x_wconf 79' lang='lat' dir='ltr'><strong>Ocu-</strong></span> 
     </span>
    </p>
   </div>
   <div class='ocr_carea' id='block_1_89' title="bbox 2275 4247 3883 4342">
    <p class='ocr_par' dir='ltr' id='par_1_89' title="bbox 2275 4247 3883 4342">
     <span class='ocr_line' id='line_1_104' title="bbox 2275 4247 3883 4342; baseline -0.016 -13"><span class='ocrx_word' id='word_1_796' title='bbox 2275 4276 2382 4329; x_wconf 88' lang='lat' dir='ltr'><strong>lum</strong></span> <span class='ocrx_word' id='word_1_797' title='bbox 2413 4247 2507 4342; x_wconf 86' lang='lat' dir='ltr'><strong>pro</strong></span> <span class='ocrx_word' id='word_1_798' title='bbox 2529 4271 2702 4334; x_wconf 88' lang='lat' dir='ltr'><strong>oculo,</strong></span> <span class='ocrx_word' id='word_1_799' title='bbox 2734 4267 2932 4322; x_wconf 87' lang='lat' dir='ltr'><strong>dentem</strong></span> <span class='ocrx_word' id='word_1_800' title='bbox 2955 4277 3048 4333; x_wconf 89' lang='lat' dir='ltr'><strong>pro</strong></span> <span class='ocrx_word' id='word_1_801' title='bbox 3069 4261 3219 4314; x_wconf 86' lang='lat' dir='ltr'><strong>dente</strong></span> <span class='ocrx_word' id='word_1_802' title='bbox 3245 4257 3263 4325; x_wconf 86' lang='lat'><strong><em>(</em></strong></span> <span class='ocrx_word' id='word_1_803' title='bbox 3291 4256 3414 4310; x_wconf 87' lang='lat' dir='ltr'><strong>Lev.</strong></span> <span class='ocrx_word' id='word_1_804' title='bbox 3442 4267 3591 4320; x_wconf 76' lang='lat' dir='ltr'><strong>xxxv,</strong></span> <span class='ocrx_word' id='word_1_805' title='bbox 3615 4250 3688 4304; x_wconf 70' lang='grc' dir='ltr'><strong>ΞΟ</strong></span> <span class='ocrx_word' id='word_1_806' title='bbox 3777 4247 3883 4304; x_wconf 86' lang='lat' dir='ltr'><strong>Le-</strong></span> 
     </span>
    </p>
   </div>
   <div class='ocr_carea' id='block_1_90' title="bbox 2277 4339 3882 4436">
    <p class='ocr_par' dir='ltr' id='par_1_90' title="bbox 2277 4339 3882 4436">
     <span class='ocr_line' id='line_1_105' title="bbox 2277 4339 3882 4436; baseline -0.017 -15"><span class='ocrx_word' id='word_1_807' title='bbox 2277 4367 2356 4436; x_wconf 89' lang='lat' dir='ltr'><strong>git</strong></span> <span class='ocrx_word' id='word_1_808' title='bbox 2375 4339 2537 4420; x_wconf 81' lang='lat' dir='ltr'><strong>etiam</strong></span> <span class='ocrx_word' id='word_1_809' title='bbox 2573 4379 2587 4416; x_wconf 87' lang='lat'><strong>:</strong></span> <span class='ocrx_word' id='word_1_810' title='bbox 2622 4361 2684 4417; x_wconf 89' lang='lat' dir='ltr'><strong>Si</strong></span> <span class='ocrx_word' id='word_1_811' title='bbox 2710 4353 3132 4415; x_wconf 76' lang='lat' dir='ltr'><strong>scandalizaverit</strong></span> <span class='ocrx_word' id='word_1_812' title='bbox 3163 4362 3209 4406; x_wconf 90' lang='lat' dir='ltr'><strong>te</strong></span> <span class='ocrx_word' id='word_1_813' title='bbox 3235 4339 3456 4404; x_wconf 74' lang='lat' dir='ltr'><strong>dextera</strong></span> <span class='ocrx_word' id='word_1_814' title='bbox 3475 4357 3562 4400; x_wconf 85' lang='lat' dir='ltr'><strong>tua</strong></span> <span class='ocrx_word' id='word_1_815' title='bbox 3594 4385 3607 4410; x_wconf 91' lang='lat'><strong>,</strong></span> <span class='ocrx_word' id='word_1_816' title='bbox 3641 4340 3882 4397; x_wconf 80' lang='lat' dir='ltr'><strong>abscinde</strong></span> 
     </span>
    </p>
   </div>
   <div class='ocr_carea' id='block_1_91' title="bbox 2281 4432 3884 4527">
    <p class='ocr_par' dir='ltr' id='par_1_91' title="bbox 2281 4432 3884 4527">
     <span class='ocr_line' id='line_1_106' title="bbox 2281 4432 3884 4527; baseline -0.016 -15"><span class='ocrx_word' id='word_1_817' title='bbox 2281 4432 2466 4527; x_wconf 75' lang='lat' dir='ltr'><strong>itlam(</strong></span> <span class='ocrx_word' id='word_1_818' title='bbox 2499 4453 2687 4508; x_wconf 82' lang='lat' dir='ltr'><strong>Matth.</strong></span> <span class='ocrx_word' id='word_1_819' title='bbox 2713 4469 2768 4518; x_wconf 89' lang='lat' dir='ltr'><strong>v,</strong></span> <span class='ocrx_word' id='word_1_820' title='bbox 2792 4449 2883 4522; x_wconf 79' lang='grc'><strong>50)</strong></span> <span class='ocrx_word' id='word_1_821' title='bbox 2915 4466 2930 4514; x_wconf 88' lang='lat'><strong>;</strong></span> <span class='ocrx_word' id='word_1_822' title='bbox 2959 4464 3066 4504; x_wconf 92' lang='lat' dir='ltr'><strong>non</strong></span> <span class='ocrx_word' id='word_1_823' title='bbox 3098 4443 3352 4510; x_wconf 76' lang='lat' dir='ltr'><strong>intelligit</strong></span> <span class='ocrx_word' id='word_1_824' title='bbox 3377 4453 3618 4504; x_wconf 89' lang='lat' dir='ltr'><strong>sensum,</strong></span> <span class='ocrx_word' id='word_1_825' title='bbox 3653 4450 3762 4491; x_wconf 89' lang='lat' dir='ltr'><strong>non</strong></span> <span class='ocrx_word' id='word_1_826' title='bbox 3787 4432 3884 4489; x_wconf 86' lang='lat' dir='ltr'><strong>ad-</strong></span> 
     </span>
    </p>
   </div>
   <div class='ocr_carea' id='block_1_92' title="bbox 2282 4526 3885 4610">
    <p class='ocr_par' dir='ltr' id='par_1_92' title="bbox 2282 4526 3885 4610">
     <span class='ocr_line' id='line_1_107' title="bbox 2282 4526 3885 4610; baseline -0.016 -5"><span class='ocrx_word' id='word_1_827' title='bbox 2282 4553 2447 4610; x_wconf 84' lang='lat' dir='ltr'><strong>vertit</strong></span> <span class='ocrx_word' id='word_1_828' title='bbox 2475 4548 2644 4605; x_wconf 87' lang='lat' dir='ltr'><strong>divini</strong></span> <span class='ocrx_word' id='word_1_829' title='bbox 2662 4561 2857 4602; x_wconf 84' lang='lat' dir='ltr'><strong>arcana</strong></span> <span class='ocrx_word' id='word_1_830' title='bbox 2889 4541 3180 4606; x_wconf 88' lang='lat' dir='ltr'><strong>sermonis,</strong></span> <span class='ocrx_word' id='word_1_831' title='bbox 3215 4535 3600 4609; x_wconf 87' lang='lat' dir='ltr'><strong>pejuslabitnr,</strong></span> <span class='ocrx_word' id='word_1_832' title='bbox 3624 4543 3784 4601; x_wconf 82' lang='lat' dir='ltr'><strong>quam</strong></span> <span class='ocrx_word' id='word_1_833' title='bbox 3837 4526 3885 4582; x_wconf 85' lang='lat' dir='ltr'><strong>si</strong></span> 
     </span>
    </p>
   </div>
   <div class='ocr_carea' id='block_1_93' title="bbox 588 4619 3887 4742">
    <p class='ocr_par' dir='ltr' id='par_1_93' title="bbox 588 4619 3887 4742">
     <span class='ocr_line' id='line_1_108' title="bbox 588 4619 1431 4647; baseline -0.03 -2"><span class='ocrx_word' id='word_1_834' title='bbox 588 4619 728 4647; x_wconf 72' lang='lat' dir='ltr'><strong>uultu</strong></span> <span class='ocrx_word' id='word_1_835' title='bbox 761 4619 972 4644; x_wconf 78' lang='grc' dir='ltr'>ιυυιιυι,</span> <span class='ocrx_word' id='word_1_836' title='bbox 999 4619 1104 4633; x_wconf 80' lang='grc' dir='ltr'><strong>ην..</strong></span> <span class='ocrx_word' id='word_1_837' title='bbox 1129 4619 1340 4628; x_wconf 70' lang='grc' dir='ltr'><strong>..η-----</strong></span> <span class='ocrx_word' id='word_1_838' title='bbox 1371 4619 1431 4622; x_wconf 82' lang='lat'>___</span> 
     </span>
     <span class='ocr_line' id='line_1_109' title="bbox 588 4619 3887 4742; baseline -0.024 11"><span class='ocrx_word' id='word_1_839' title='bbox 588 4693 644 4742; x_wconf 71' lang='grc' dir='ltr'><strong>οι</strong></span> <span class='ocrx_word' id='word_1_840' title='bbox 667 4680 866 4740; x_wconf 64' lang='grc' dir='ltr'>Ρδυιιιε</span> <span class='ocrx_word' id='word_1_841' title='bbox 895 4675 972 4730; x_wconf 66' lang='grc' dir='ltr'><strong>θίι</strong></span> <span class='ocrx_word' id='word_1_842' title='bbox 998 4693 1011 4729; x_wconf 77' lang='grc' dir='ltr'>ε</span> <span class='ocrx_word' id='word_1_843' title='bbox 1038 4672 1225 4733; x_wconf 66' lang='lat' dir='ltr'><strong>Adam.</strong></span> <span class='ocrx_word' id='word_1_844' title='bbox 1252 4663 1564 4736; x_wconf 64' lang='lat' dir='ltr'><strong>inquitnwn</strong></span> <span class='ocrx_word' id='word_1_845' title='bbox 1585 4667 1658 4712; x_wconf 73' lang='grc' dir='ltr'><strong>εει</strong></span> <span class='ocrx_word' id='word_1_846' title='bbox 1683 4653 1926 4721; x_wconf 71' lang='grc' dir='ltr'>ἀθεεριιιε</span> <span class='ocrx_word' id='word_1_847' title='bbox 1955 4643 2179 4701; x_wconf 73' lang='grc' dir='ltr'><strong>ἰτηῑιίῑθν</strong></span> <span class='ocrx_word' id='word_1_848' title='bbox 2209 4651 2258 4713; x_wconf 87' lang='lat' dir='ltr'><strong>D</strong></span> <span class='ocrx_word' id='word_1_849' title='bbox 2285 4663 2393 4702; x_wconf 91' lang='lat' dir='ltr'><strong>non</strong></span> <span class='ocrx_word' id='word_1_850' title='bbox 2419 4643 2662 4716; x_wconf 85' lang='lat' dir='ltr'><strong>legisset.</strong></span> <span class='ocrx_word' id='word_1_851' title='bbox 2697 4640 2766 4695; x_wconf 90' lang='lat' dir='ltr'><strong>Et</strong></span> <span class='ocrx_word' id='word_1_852' title='bbox 2792 4639 2913 4694; x_wconf 90' lang='lat' dir='ltr'><strong>ideo</strong></span> <span class='ocrx_word' id='word_1_853' title='bbox 2944 4634 3130 4691; x_wconf 88' lang='lat' dir='ltr'><strong>docuit</strong></span> <span class='ocrx_word' id='word_1_854' title='bbox 3153 4627 3608 4704; x_wconf 88' lang='lat' dir='ltr'><strong>quemadmodum</strong></span> <span class='ocrx_word' id='word_1_855' title='bbox 3639 4623 3730 4679; x_wconf 90' lang='lat' dir='ltr'><strong>Dei</strong></span> <span class='ocrx_word' id='word_1_856' title='bbox 3757 4619 3887 4675; x_wconf 77' lang='lat' dir='ltr'><strong>Ver-</strong></span> 
     </span>
    </p>
   </div>
   <div class='ocr_carea' id='block_1_94' title="bbox 586 4737 2142 4834">
    <p class='ocr_par' dir='ltr' id='par_1_94' title="bbox 586 4737 2142 4834">
     <span class='ocr_line' id='line_1_110' title="bbox 586 4737 2142 4834; baseline -0.027 -2"><span class='ocrx_word' id='word_1_857' title='bbox 586 4737 757 4834; x_wconf 52' lang='lat' dir='ltr'><strong>itatem</strong></span> <span class='ocrx_word' id='word_1_858' title='bbox 772 4771 985 4829; x_wconf 84' lang='lat' dir='ltr'><strong>seducta</strong></span> <span class='ocrx_word' id='word_1_859' title='bbox 1010 4767 1062 4820; x_wconf 87' lang='lat' dir='ltr'><strong>in</strong></span> <span class='ocrx_word' id='word_1_860' title='bbox 1090 4757 1507 4834; x_wconf 80' lang='lat' dir='ltr'><strong>prtevaricatione</strong></span> <span class='ocrx_word' id='word_1_861' title='bbox 1543 4750 1642 4822; x_wconf 83' lang='lat' dir='ltr'><strong>fuit</strong></span> <span class='ocrx_word' id='word_1_862' title='bbox 1667 4747 1729 4818; x_wconf 90' lang='grc'><strong>(1</strong></span> <span class='ocrx_word' id='word_1_863' title='bbox 1753 4743 1892 4799; x_wconf 82' lang='lat' dir='ltr'><strong>Tim.</strong></span> <span class='ocrx_word' id='word_1_864' title='bbox 1917 4757 1973 4806; x_wconf 86' lang='lat' dir='ltr'><strong>tt,</strong></span> <span class='ocrx_word' id='word_1_865' title='bbox 2007 4739 2073 4794; x_wconf 76' lang='lat' dir='ltr'><strong>M</strong></span> <span class='ocrx_word' id='word_1_866' title='bbox 2099 4737 2142 4808; x_wconf 95' lang='lat'><strong>).</strong></span> 
     </span>
    </p>
   </div>
   <div class='ocr_carea' id='block_1_95' title="bbox 661 4836 2183 4927">
    <p class='ocr_par' dir='ltr' id='par_1_95' title="bbox 661 4836 2183 4927">
     <span class='ocr_line' id='line_1_111' title="bbox 661 4836 2183 4927; baseline -0.03 -1"><span class='ocrx_word' id='word_1_867' title='bbox 661 4871 751 4927; x_wconf 84' lang='lat'><strong>57.</strong></span> <span class='ocrx_word' id='word_1_868' title='bbox 779 4865 930 4922; x_wconf 83' lang='lat' dir='ltr'><strong>Nunc</strong></span> <span class='ocrx_word' id='word_1_869' title='bbox 955 4859 1233 4918; x_wconf 85' lang='lat' dir='ltr'><strong>videamus</strong></span> <span class='ocrx_word' id='word_1_870' title='bbox 1259 4863 1436 4907; x_wconf 87' lang='lat' dir='ltr'><strong>utrum</strong></span> <span class='ocrx_word' id='word_1_871' title='bbox 1463 4855 1657 4916; x_wconf 70' lang='lat' dir='ltr'><strong>pratter</strong></span> <span class='ocrx_word' id='word_1_872' title='bbox 1675 4836 2036 4910; x_wconf 87' lang='lat' dir='ltr'><strong>adjectionem</strong></span> <span class='ocrx_word' id='word_1_873' title='bbox 2061 4843 2183 4900; x_wconf 69' lang='lat' dir='ltr'><strong>qua:</strong></span> 
     </span>
    </p>
   </div>
   <div class='ocr_carea' id='block_1_96' title="bbox 591 4926 2186 5028">
    <p class='ocr_par' dir='ltr' id='par_1_96' title="bbox 591 4926 2186 5028">
     <span class='ocr_line' id='line_1_112' title="bbox 591 4926 2186 5028; baseline -0.031 -1"><span class='ocrx_word' id='word_1_874' title='bbox 591 4967 850 5028; x_wconf 82' lang='lat' dir='ltr'><strong>mandato</strong></span> <span class='ocrx_word' id='word_1_875' title='bbox 869 4970 954 5017; x_wconf 90' lang='lat' dir='ltr'><strong>est</strong></span> <span class='ocrx_word' id='word_1_876' title='bbox 979 4955 1267 5028; x_wconf 88' lang='lat' dir='ltr'><strong>applicata,</strong></span> <span class='ocrx_word' id='word_1_877' title='bbox 1303 4945 1446 5018; x_wconf 88' lang='lat' dir='ltr'><strong>quod</strong></span> <span class='ocrx_word' id='word_1_878' title='bbox 1473 4941 1711 4997; x_wconf 90' lang='lat' dir='ltr'><strong>additum</strong></span> <span class='ocrx_word' id='word_1_879' title='bbox 1743 4944 1826 4991; x_wconf 89' lang='lat' dir='ltr'><strong>est</strong></span> <span class='ocrx_word' id='word_1_880' title='bbox 1851 4930 2090 4989; x_wconf 81' lang='lat' dir='ltr'><strong>obfuisse</strong></span> <span class='ocrx_word' id='word_1_881' title='bbox 2109 4926 2186 4979; x_wconf 89' lang='lat' dir='ltr'><strong>vi-</strong></span> 
     </span>
    </p>
   </div>
   <div class='ocr_carea' id='block_1_97' title="bbox 595 5021 2187 5120">
    <p class='ocr_par' dir='ltr' id='par_1_97' title="bbox 595 5021 2187 5120">
     <span class='ocr_line' id='line_1_113' title="bbox 595 5021 2187 5120; baseline -0.029 0"><span class='ocrx_word' id='word_1_882' title='bbox 595 5065 808 5120; x_wconf 86' lang='lat' dir='ltr'><strong>deatur.</strong></span> <span class='ocrx_word' id='word_1_883' title='bbox 837 5053 972 5110; x_wconf 84' lang='lat' dir='ltr'><strong>Nam</strong></span> <span class='ocrx_word' id='word_1_884' title='bbox 1002 5064 1062 5105; x_wconf 89' lang='lat' dir='ltr'><strong>re</strong></span> <span class='ocrx_word' id='word_1_885' title='bbox 1087 5059 1218 5102; x_wconf 88' lang='lat' dir='ltr'><strong>vera</strong></span> <span class='ocrx_word' id='word_1_886' title='bbox 1249 5040 1297 5097; x_wconf 88' lang='lat' dir='ltr'><strong>si</strong></span> <span class='ocrx_word' id='word_1_887' title='bbox 1325 5040 1522 5094; x_wconf 90' lang='lat' dir='ltr'><strong>bonum</strong></span> <span class='ocrx_word' id='word_1_888' title='bbox 1544 5041 1660 5090; x_wconf 89' lang='lat' dir='ltr'><strong>est:</strong></span> <span class='ocrx_word' id='word_1_889' title='bbox 1687 5028 1868 5110; x_wconf 83' lang='lat' dir='ltr'><strong>Neque</strong></span> <span class='ocrx_word' id='word_1_890' title='bbox 1896 5021 2187 5096; x_wconf 74' lang='lat' dir='ltr'><strong>tangetisea;</strong></span> 
     </span>
    </p>
   </div>
   <div class='ocr_carea' id='block_1_98' title="bbox 593 5115 2184 5226">
    <p class='ocr_par' dir='ltr' id='par_1_98' title="bbox 593 5115 2184 5226">
     <span class='ocr_line' id='line_1_114' title="bbox 593 5115 2184 5226; baseline -0.032 -9"><span class='ocrx_word' id='word_1_891' title='bbox 593 5179 676 5226; x_wconf 86' lang='lat' dir='ltr'><strong>eo,</strong></span> <span class='ocrx_word' id='word_1_892' title='bbox 707 5165 760 5213; x_wconf 91' lang='lat' dir='ltr'><strong>et</strong></span> <span class='ocrx_word' id='word_1_893' title='bbox 787 5151 854 5208; x_wconf 88' lang='lat' dir='ltr'><strong>ad</strong></span> <span class='ocrx_word' id='word_1_894' title='bbox 881 5146 1183 5204; x_wconf 88' lang='lat' dir='ltr'><strong>cautionem</strong></span> <span class='ocrx_word' id='word_1_895' title='bbox 1213 5133 1551 5209; x_wconf 82' lang='lat' dir='ltr'><strong>proﬁciebat,</strong></span> <span class='ocrx_word' id='word_1_896' title='bbox 1591 5143 1688 5184; x_wconf 92' lang='lat' dir='ltr'><strong>cur</strong></span> <span class='ocrx_word' id='word_1_897' title='bbox 1709 5126 1854 5181; x_wconf 88' lang='lat' dir='ltr'><strong>Deus</strong></span> <span class='ocrx_word' id='word_1_898' title='bbox 1878 5121 1980 5176; x_wconf 93' lang='lat' dir='ltr'><strong>hoc</strong></span> <span class='ocrx_word' id='word_1_899' title='bbox 2025 5115 2184 5172; x_wconf 88' lang='lat' dir='ltr'><strong>mini-</strong></span> 
     </span>
    </p>
   </div>
   <div class='ocr_carea' id='block_1_99' title="bbox 595 5207 2192 5309">
    <p class='ocr_par' dir='ltr' id='par_1_99' title="bbox 595 5207 2192 5309">
     <span class='ocr_line' id='line_1_115' title="bbox 595 5207 2192 5309; baseline -0.031 -1"><span class='ocrx_word' id='word_1_900' title='bbox 595 5269 686 5309; x_wconf 90' lang='lat' dir='ltr'><strong>me</strong></span> <span class='ocrx_word' id='word_1_901' title='bbox 731 5237 1088 5304; x_wconf 79' lang='lat' dir='ltr'><strong>interdixeiit,</strong></span> <span class='ocrx_word' id='word_1_902' title='bbox 1109 5235 1275 5288; x_wconf 89' lang='lat' dir='ltr'><strong>immo</strong></span> <span class='ocrx_word' id='word_1_903' title='bbox 1317 5242 1422 5282; x_wconf 92' lang='lat' dir='ltr'><strong>non</strong></span> <span class='ocrx_word' id='word_1_904' title='bbox 1461 5217 1833 5280; x_wconf 88' lang='lat' dir='ltr'><strong>interdicendo</strong></span> <span class='ocrx_word' id='word_1_905' title='bbox 1883 5207 2192 5282; x_wconf 87' lang='lat' dir='ltr'><strong>permisisse</strong></span> 
     </span>
    </p>
   </div>
   <div class='ocr_carea' id='block_1_100' title="bbox 597 5299 2193 5400">
    <p class='ocr_par' dir='ltr' id='par_1_100' title="bbox 597 5299 2193 5400">
     <span class='ocr_line' id='line_1_116' title="bbox 597 5299 2193 5400; baseline -0.033 1"><span class='ocrx_word' id='word_1_906' title='bbox 597 5335 886 5399; x_wconf 80' lang='lat' dir='ltr'><strong>videatur?</strong></span> <span class='ocrx_word' id='word_1_907' title='bbox 911 5334 1096 5400; x_wconf 87' lang='lat' dir='ltr'><strong>Itaque</strong></span> <span class='ocrx_word' id='word_1_908' title='bbox 1118 5333 1406 5390; x_wconf 90' lang='lat' dir='ltr'><strong>utrumque</strong></span> <span class='ocrx_word' id='word_1_909' title='bbox 1435 5311 1785 5387; x_wconf 71' lang='lat' dir='ltr'><strong>qumrendnm</strong></span> <span class='ocrx_word' id='word_1_910' title='bbox 1807 5350 1822 5376; x_wconf 90' lang='lat'><strong>,</strong></span> <span class='ocrx_word' id='word_1_911' title='bbox 1855 5319 1960 5376; x_wconf 89' lang='lat' dir='ltr'><strong>qua</strong></span> <span class='ocrx_word' id='word_1_912' title='bbox 1983 5299 2193 5356; x_wconf 91' lang='lat' dir='ltr'><strong>ratione</strong></span> 
     </span>
    </p>
   </div>
   <div class='ocr_carea' id='block_1_101' title="bbox 589 5390 2196 5504">
    <p class='ocr_par' dir='ltr' id='par_1_101' title="bbox 589 5390 2196 5504">
     <span class='ocr_line' id='line_1_117' title="bbox 589 5390 2196 5504; baseline -0.032 -10"><span class='ocrx_word' id='word_1_913' title='bbox 589 5437 700 5493; x_wconf 65' lang='lat' dir='ltr'><strong>&#39;nec</strong></span> <span class='ocrx_word' id='word_1_914' title='bbox 727 5424 1054 5504; x_wconf 87' lang='lat' dir='ltr'><strong>permiserit,</strong></span> <span class='ocrx_word' id='word_1_915' title='bbox 1088 5433 1190 5475; x_wconf 88' lang='lat' dir='ltr'><strong>nec</strong></span> <span class='ocrx_word' id='word_1_916' title='bbox 1231 5409 1592 5470; x_wconf 86' lang='lat' dir='ltr'><strong>interdixerit.</strong></span> <span class='ocrx_word' id='word_1_917' title='bbox 1629 5405 1769 5460; x_wconf 86' lang='lat' dir='ltr'><strong>Sunt</strong></span> <span class='ocrx_word' id='word_1_918' title='bbox 1810 5400 1952 5455; x_wconf 88' lang='lat' dir='ltr'><strong>enim</strong></span> <span class='ocrx_word' id='word_1_919' title='bbox 1989 5394 2080 5465; x_wconf 90' lang='lat' dir='ltr'><strong>qui</strong></span> <span class='ocrx_word' id='word_1_920' title='bbox 2115 5390 2196 5445; x_wconf 89' lang='lat' dir='ltr'><strong>di-</strong></span> 
     </span>
    </p>
   </div>
   <div class='ocr_carea' id='block_1_102' title="bbox 605 5486 2196 5592">
    <p class='ocr_par' dir='ltr' id='par_1_102' title="bbox 605 5486 2196 5592">
     <span class='ocr_line' id='line_1_118' title="bbox 605 5486 2196 5592; baseline -0.029 -8"><span class='ocrx_word' id='word_1_921' title='bbox 605 5486 752 5592; x_wconf 64' lang='lat' dir='ltr'><strong>cant:</strong></span> <span class='ocrx_word' id='word_1_922' title='bbox 791 5524 906 5591; x_wconf 86' lang='lat' dir='ltr'><strong>Qua</strong></span> <span class='ocrx_word' id='word_1_923' title='bbox 935 5516 1147 5574; x_wconf 89' lang='lat' dir='ltr'><strong>ratione</strong></span> <span class='ocrx_word' id='word_1_924' title='bbox 1179 5519 1204 5548; x_wconf 71' lang='grc' dir='ltr'><strong>ιι</strong></span> <span class='ocrx_word' id='word_1_925' title='bbox 1234 5505 1377 5578; x_wconf 90' lang='lat' dir='ltr'><strong>quod</strong></span> <span class='ocrx_word' id='word_1_926' title='bbox 1418 5503 1543 5559; x_wconf 79' lang='lat' dir='ltr'><strong>iecit</strong></span> <span class='ocrx_word' id='word_1_927' title='bbox 1569 5497 1776 5562; x_wconf 86' lang='lat' dir='ltr'><strong>videri,</strong></span> <span class='ocrx_word' id='word_1_928' title='bbox 1803 5509 1911 5548; x_wconf 90' lang='lat' dir='ltr'><strong>non</strong></span> <span class='ocrx_word' id='word_1_929' title='bbox 1952 5486 2113 5560; x_wconf 81' lang='lat' dir='ltr'><strong>jussit</strong></span> <span class='ocrx_word' id='word_1_930' title='bbox 2141 5493 2196 5540; x_wconf 91' lang='lat' dir='ltr'><strong>et</strong></span> 
     </span>
    </p>
   </div>
   <div class='ocr_carea' id='block_1_103' title="bbox 605 5589 2195 5689">
    <p class='ocr_par' dir='ltr' id='par_1_103' title="bbox 605 5589 2195 5689">
     <span class='ocr_line' id='line_1_119' title="bbox 605 5589 2195 5689; baseline -0.026 -14"><span class='ocrx_word' id='word_1_931' title='bbox 605 5619 793 5689; x_wconf 78' lang='lat' dir='ltr'><strong>tangi?</strong></span> <span class='ocrx_word' id='word_1_932' title='bbox 832 5616 1032 5672; x_wconf 80' lang='lat' dir='ltr'><strong>Verum</strong></span> <span class='ocrx_word' id='word_1_933' title='bbox 1078 5621 1202 5665; x_wconf 92' lang='lat' dir='ltr'><strong>cum</strong></span> <span class='ocrx_word' id='word_1_934' title='bbox 1239 5604 1295 5660; x_wconf 86' lang='lat' dir='ltr'><strong>in</strong></span> <span class='ocrx_word' id='word_1_935' title='bbox 1346 5614 1412 5656; x_wconf 93' lang='lat' dir='ltr'><strong>eo</strong></span> <span class='ocrx_word' id='word_1_936' title='bbox 1455 5597 1599 5668; x_wconf 83' lang='lat' dir='ltr'><strong>ligno</strong></span> <span class='ocrx_word' id='word_1_937' title='bbox 1663 5589 1901 5645; x_wconf 89' lang='lat' dir='ltr'><strong>audieris</strong></span> <span class='ocrx_word' id='word_1_938' title='bbox 1949 5591 2195 5639; x_wconf 88' lang='lat' dir='ltr'><strong>naturam</strong></span> 
     </span>
    </p>
   </div>
   <div class='ocr_carea' id='block_1_104' title="bbox 672 5723 2195 5823">
    <p class='ocr_par' dir='ltr' id='par_1_104' title="bbox 672 5723 2195 5823">
     <span class='ocr_line' id='line_1_120' title="bbox 672 5723 2195 5823; baseline -0.026 -9"><span class='ocrx_word' id='word_1_939' title='bbox 672 5769 696 5794; x_wconf 75' lang='grc' dir='ltr'><strong>ιι</strong></span> <span class='ocrx_word' id='word_1_940' title='bbox 729 5756 856 5812; x_wconf 81' lang='lat' dir='ltr'><strong>Mss.</strong></span> <span class='ocrx_word' id='word_1_941' title='bbox 885 5754 1031 5823; x_wconf 86' lang='lat' dir='ltr'><strong>Big.,</strong></span> <span class='ocrx_word' id='word_1_942' title='bbox 1055 5751 1113 5806; x_wconf 89' lang='lat' dir='ltr'><strong>S.</strong></span> <span class='ocrx_word' id='word_1_943' title='bbox 1135 5742 1490 5823; x_wconf 78' lang='lat' dir='ltr'><strong>Tlt.,_&#39;l‘_or_n.,</strong></span> <span class='ocrx_word' id='word_1_944' title='bbox 1519 5723 2016 5823; x_wconf 38' lang='lat' dir='ltr'><strong>(.Jolb.‘_,uquqd:‘[‘ecit</strong></span> <span class='ocrx_word' id='word_1_945' title='bbox 2046 5723 2195 5823; x_wconf 56' lang='lat' dir='ltr'><strong>,Medj</strong></span> 
     </span>
    </p>
   </div>
   <div class='ocr_carea' id='block_1_105' title="bbox 609 5795 2197 5892">
    <p class='ocr_par' dir='ltr' id='par_1_105' title="bbox 609 5795 2197 5892">
     <span class='ocr_line' id='line_1_121' title="bbox 609 5795 2197 5892; baseline -0.021 -10"><span class='ocrx_word' id='word_1_946' title='bbox 609 5795 859 5892; x_wconf 19' lang='lat' dir='ltr'><strong>uentre-tie:</strong></span> <span class='ocrx_word' id='word_1_947' title='bbox 879 5795 1294 5890; x_wconf 55' lang='lat' dir='ltr'><strong>;&quot;ii’ét’n‘.&quot;,</strong></span> <span class='ocrx_word' id='word_1_948' title='bbox 1311 5795 1442 5886; x_wconf 56' lang='lat' dir='ltr'><strong>_fecit</strong></span> <span class='ocrx_word' id='word_1_949' title='bbox 1476 5795 1781 5892; x_wconf 36' lang='lat' dir='ltr'><strong>edendum}.</strong></span> <span class='ocrx_word' id='word_1_950' title='bbox 1791 5795 1969 5892; x_wconf 60' lang='grc' dir='ltr'><strong>ι111ξέ11.</strong></span> <span class='ocrx_word' id='word_1_951' title='bbox 1995 5838 2010 5864; x_wconf 89' lang='lat'><strong>,</strong></span> <span class='ocrx_word' id='word_1_952' title='bbox 2060 5795 2197 5864; x_wconf 84' lang='lat' dir='ltr'><strong>quod</strong></span> 
     </span>
    </p>
   </div>
   <div class='ocr_carea' id='block_1_106' title="bbox 603 5871 1942 5974">
    <p class='ocr_par' dir='ltr' id='par_1_106' title="bbox 603 5871 1942 5974">
     <span class='ocr_line' id='line_1_122' title="bbox 603 5871 1942 5974; baseline -0.025 -15"><span class='ocrx_word' id='word_1_953' title='bbox 603 5871 917 5974; x_wconf 47' lang='lat' dir='ltr'><strong>ﬂagitia}</strong></span> <span class='ocrx_word' id='word_1_954' title='bbox 932 5871 1241 5966; x_wconf 59' lang='lat' dir='ltr'><strong>iniii&#39;jdsin,</strong></span> <span class='ocrx_word' id='word_1_955' title='bbox 1271 5871 1334 5944; x_wconf 42' lang='lat' dir='ltr'><strong>et.</strong></span> <span class='ocrx_word' id='word_1_956' title='bbox 1349 5881 1489 5955; x_wconf 83' lang='lat' dir='ltr'><strong>tangi</strong></span> <span class='ocrx_word' id='word_1_957' title='bbox 1513 5893 1614 5936; x_wconf 89' lang='lat' dir='ltr'><strong>non</strong></span> <span class='ocrx_word' id='word_1_958' title='bbox 1634 5871 1914 5950; x_wconf 85' lang='lat' dir='ltr'><strong>prohibuit.</strong></span> <span class='ocrx_word' id='word_1_959' title='bbox 1939 5945 1942 5948; x_wconf 5' lang='lat' dir='ltr'><strong>q</strong></span> 
     </span>
    </p>
   </div>
   <div class='ocr_carea' id='block_1_107' title="bbox 2289 4714 3888 4808">
    <p class='ocr_par' dir='ltr' id='par_1_107' title="bbox 2289 4714 3888 4808">
     <span class='ocr_line' id='line_1_123' title="bbox 2289 4714 3888 4808; baseline -0.019 -11"><span class='ocrx_word' id='word_1_960' title='bbox 2289 4742 2414 4796; x_wconf 92' lang='lat' dir='ltr'><strong>bum</strong></span> <span class='ocrx_word' id='word_1_961' title='bbox 2443 4737 2766 4808; x_wconf 89' lang='lat' dir='ltr'><strong>investigare</strong></span> <span class='ocrx_word' id='word_1_962' title='bbox 2791 4732 3076 4798; x_wconf 87' lang='lat' dir='ltr'><strong>deberent,</strong></span> <span class='ocrx_word' id='word_1_963' title='bbox 3109 4742 3216 4782; x_wconf 91' lang='lat' dir='ltr'><strong>non</strong></span> <span class='ocrx_word' id='word_1_964' title='bbox 3241 4719 3629 4796; x_wconf 82' lang='lat' dir='ltr'><strong>perfunctorie,</strong></span> <span class='ocrx_word' id='word_1_965' title='bbox 3657 4732 3764 4772; x_wconf 91' lang='lat' dir='ltr'><strong>non</strong></span> <span class='ocrx_word' id='word_1_966' title='bbox 3788 4714 3888 4769; x_wconf 90' lang='lat' dir='ltr'><strong>im-</strong></span> 
     </span>
    </p>
   </div>
   <div class='ocr_carea' id='block_1_108' title="bbox 2291 4809 3886 4905">
    <p class='ocr_par' dir='ltr' id='par_1_108' title="bbox 2291 4809 3886 4905">
     <span class='ocr_line' id='line_1_124' title="bbox 2291 4809 3886 4905; baseline -0.019 -16"><span class='ocrx_word' id='word_1_967' title='bbox 2291 4831 2531 4905; x_wconf 88' lang='lat' dir='ltr'><strong>provide,</strong></span> <span class='ocrx_word' id='word_1_968' title='bbox 2567 4829 2662 4885; x_wconf 88' lang='lat' dir='ltr'><strong>sed</strong></span> <span class='ocrx_word' id='word_1_969' title='bbox 2695 4827 2978 4898; x_wconf 86' lang='lat' dir='ltr'><strong>diligenter</strong></span> <span class='ocrx_word' id='word_1_970' title='bbox 3033 4830 3192 4891; x_wconf 90' lang='lat' dir='ltr'><strong>atque</strong></span> <span class='ocrx_word' id='word_1_971' title='bbox 3238 4817 3472 4872; x_wconf 89' lang='lat' dir='ltr'><strong>sollicite</strong></span> <span class='ocrx_word' id='word_1_972' title='bbox 3503 4832 3516 4868; x_wconf 87' lang='lat'><strong>:</strong></span> <span class='ocrx_word' id='word_1_973' title='bbox 3551 4809 3703 4879; x_wconf 85' lang='lat' dir='ltr'><strong>Quod</strong></span> <span class='ocrx_word' id='word_1_974' title='bbox 3731 4814 3838 4862; x_wconf 86' lang='lat' dir='ltr'><strong>erat</strong></span> <span class='ocrx_word' id='word_1_975' title='bbox 3873 4847 3886 4872; x_wconf 88' lang='lat'><strong>,</strong></span> 
     </span>
    </p>
   </div>
   <div class='ocr_carea' id='block_1_109' title="bbox 2291 4905 3892 4995">
    <p class='ocr_par' dir='ltr' id='par_1_109' title="bbox 2291 4905 3892 4995">
     <span class='ocr_line' id='line_1_125' title="bbox 2291 4905 3892 4995; baseline -0.018 -15"><span class='ocrx_word' id='word_1_976' title='bbox 2291 4925 2482 4995; x_wconf 77' lang='lat' dir='ltr'><strong>inquit,</strong></span> <span class='ocrx_word' id='word_1_977' title='bbox 2499 4923 2562 4976; x_wconf 83' lang='lat' dir='ltr'><strong>ab</strong></span> <span class='ocrx_word' id='word_1_978' title='bbox 2580 4921 2748 4982; x_wconf 86' lang='lat' dir='ltr'><strong>initio,</strong></span> <span class='ocrx_word' id='word_1_979' title='bbox 2773 4917 2909 4990; x_wconf 86' lang='lat' dir='ltr'><strong>quod</strong></span> <span class='ocrx_word' id='word_1_980' title='bbox 2947 4913 3258 4978; x_wconf 77' lang='lat' dir='ltr'><strong>audivimus,</strong></span> <span class='ocrx_word' id='word_1_981' title='bbox 3291 4921 3336 4964; x_wconf 88' lang='lat' dir='ltr'><strong>et</strong></span> <span class='ocrx_word' id='word_1_982' title='bbox 3355 4907 3492 4979; x_wconf 88' lang='lat' dir='ltr'><strong>quod</strong></span> <span class='ocrx_word' id='word_1_983' title='bbox 3511 4905 3751 4965; x_wconf 79' lang='lat' dir='ltr'><strong>uidimus,</strong></span> <span class='ocrx_word' id='word_1_984' title='bbox 3770 4915 3892 4954; x_wconf 88' lang='lat' dir='ltr'><strong>ocu-</strong></span> 
     </span>
    </p>
   </div>
   <div class='ocr_carea' id='block_1_110' title="bbox 2293 5001 3894 5085">
    <p class='ocr_par' dir='ltr' id='par_1_110' title="bbox 2293 5001 3894 5085">
     <span class='ocr_line' id='line_1_126' title="bbox 2293 5001 3894 5085; baseline -0.018 -10"><span class='ocrx_word' id='word_1_985' title='bbox 2293 5022 2354 5076; x_wconf 88' lang='lat' dir='ltr'><strong>lis</strong></span> <span class='ocrx_word' id='word_1_986' title='bbox 2375 5019 2562 5074; x_wconf 88' lang='lat' dir='ltr'><strong>nostris</strong></span> <span class='ocrx_word' id='word_1_987' title='bbox 2599 5014 2948 5085; x_wconf 72' lang='lat' dir='ltr'><strong>perspeximus</strong></span> <span class='ocrx_word' id='word_1_988' title='bbox 2983 5051 2995 5074; x_wconf 94' lang='lat'><strong>,</strong></span> <span class='ocrx_word' id='word_1_989' title='bbox 3026 5018 3072 5061; x_wconf 87' lang='lat' dir='ltr'><strong>et</strong></span> <span class='ocrx_word' id='word_1_990' title='bbox 3099 5021 3280 5060; x_wconf 83' lang='lat' dir='ltr'><strong>manus</strong></span> <span class='ocrx_word' id='word_1_991' title='bbox 3331 5011 3522 5056; x_wconf 75' lang='lat' dir='ltr'><strong>nostra:</strong></span> <span class='ocrx_word' id='word_1_992' title='bbox 3559 5001 3894 5069; x_wconf 61' lang='lat' dir='ltr'><strong>perscrutatis</strong></span> 
     </span>
    </p>
   </div>
   <div class='ocr_carea' id='block_1_111' title="bbox 2296 5099 3892 5170">
    <p class='ocr_par' dir='ltr' id='par_1_111' title="bbox 2296 5099 3892 5170">
     <span class='ocr_line' id='line_1_127' title="bbox 2296 5099 3892 5170; baseline -0.021 0"><span class='ocrx_word' id='word_1_993' title='bbox 2296 5124 2410 5170; x_wconf 85' lang='lat' dir='ltr'><strong>sunt</strong></span> <span class='ocrx_word' id='word_1_994' title='bbox 2441 5114 2503 5168; x_wconf 87' lang='lat' dir='ltr'><strong>de</strong></span> <span class='ocrx_word' id='word_1_995' title='bbox 2525 5111 2688 5166; x_wconf 74' lang='lat' dir='ltr'><strong>Verbo</strong></span> <span class='ocrx_word' id='word_1_996' title='bbox 2719 5109 2833 5162; x_wconf 77' lang='lat' dir='ltr'><strong>vitm</strong></span> <span class='ocrx_word' id='word_1_997' title='bbox 2857 5123 2876 5159; x_wconf 90' lang='lat'><strong><em>:</em></strong></span> <span class='ocrx_word' id='word_1_998' title='bbox 2903 5113 2950 5158; x_wconf 88' lang='lat' dir='ltr'><strong>et</strong></span> <span class='ocrx_word' id='word_1_999' title='bbox 2981 5102 3198 5156; x_wconf 81' lang='lat' dir='ltr'><strong>vidimus</strong></span> <span class='ocrx_word' id='word_1_1000' title='bbox 3229 5109 3276 5152; x_wconf 90' lang='lat' dir='ltr'><strong>et</strong></span> <span class='ocrx_word' id='word_1_1001' title='bbox 3307 5107 3552 5150; x_wconf 84' lang='lat' dir='ltr'><strong>testantur</strong></span> <span class='ocrx_word' id='word_1_1002' title='bbox 3585 5132 3598 5156; x_wconf 93' lang='lat'><strong>,</strong></span> <span class='ocrx_word' id='word_1_1003' title='bbox 3623 5099 3671 5144; x_wconf 89' lang='lat' dir='ltr'><strong>et</strong></span> <span class='ocrx_word' id='word_1_1004' title='bbox 3691 5101 3892 5142; x_wconf 84' lang='lat' dir='ltr'><strong>annun-</strong></span> 
     </span>
    </p>
   </div>
   <div class='ocr_carea' id='block_1_112' title="bbox 2298 5181 3897 5272">
    <p class='ocr_par' dir='ltr' id='par_1_112' title="bbox 2298 5181 3897 5272">
     <span class='ocr_line' id='line_1_128' title="bbox 2298 5181 3897 5272; baseline -0.02 -10"><span class='ocrx_word' id='word_1_1005' title='bbox 2298 5211 2482 5262; x_wconf 88' lang='lat' dir='ltr'><strong>tiamus</strong></span> <span class='ocrx_word' id='word_1_1006' title='bbox 2505 5205 2644 5259; x_wconf 82' lang='lat' dir='ltr'><strong>vobis</strong></span> <span class='ocrx_word' id='word_1_1007' title='bbox 2667 5201 2726 5272; x_wconf 92' lang='lat' dir='ltr'><strong>(l</strong></span> <span class='ocrx_word' id='word_1_1008' title='bbox 2755 5197 2912 5253; x_wconf 80' lang='lat' dir='ltr'><strong>Joan.</strong></span> <span class='ocrx_word' id='word_1_1009' title='bbox 2943 5213 2982 5260; x_wconf 91' lang='grc' dir='ltr'>ι,</span> <span class='ocrx_word' id='word_1_1010' title='bbox 3013 5195 3108 5248; x_wconf 78' lang='lat' dir='ltr'><strong>iet</strong></span> <span class='ocrx_word' id='word_1_1011' title='bbox 3134 5191 3168 5246; x_wconf 75' lang='grc'>2</span> <span class='ocrx_word' id='word_1_1012' title='bbox 3189 5188 3228 5260; x_wconf 95' lang='grc'><strong>).</strong></span> <span class='ocrx_word' id='word_1_1013' title='bbox 3265 5187 3424 5241; x_wconf 77' lang='lat' dir='ltr'><strong>Vides</strong></span> <span class='ocrx_word' id='word_1_1014' title='bbox 3457 5181 3598 5253; x_wconf 90' lang='lat' dir='ltr'><strong>quod</strong></span> <span class='ocrx_word' id='word_1_1015' title='bbox 3629 5188 3752 5234; x_wconf 86' lang='lat' dir='ltr'><strong>ante</strong></span> <span class='ocrx_word' id='word_1_1016' title='bbox 3805 5190 3897 5231; x_wconf 81' lang='lat' dir='ltr'><strong>ve-</strong></span> 
     </span>
    </p>
   </div>
   <div class='ocr_carea' id='block_1_113' title="bbox 2300 5269 3895 5364">
    <p class='ocr_par' dir='ltr' id='par_1_113' title="bbox 2300 5269 3895 5364">
     <span class='ocr_line' id='line_1_129' title="bbox 2300 5269 3895 5364; baseline -0.022 -8"><span class='ocrx_word' id='word_1_1017' title='bbox 2300 5302 2380 5356; x_wconf 90' lang='lat' dir='ltr'><strong>lut</strong></span> <span class='ocrx_word' id='word_1_1018' title='bbox 2401 5298 2655 5358; x_wconf 82' lang='lat' dir='ltr'><strong>manibus</strong></span> <span class='ocrx_word' id='word_1_1019' title='bbox 2678 5269 3004 5364; x_wconf 86' lang='lat' dir='ltr'><strong>quibusdam</strong></span> <span class='ocrx_word' id='word_1_1020' title='bbox 3031 5289 3399 5356; x_wconf 83' lang='lat' dir='ltr'><strong>perscrutatus</strong></span> <span class='ocrx_word' id='word_1_1021' title='bbox 3423 5277 3492 5331; x_wconf 89' lang='lat' dir='ltr'><strong>sit</strong></span> <span class='ocrx_word' id='word_1_1022' title='bbox 3521 5273 3616 5328; x_wconf 90' lang='lat' dir='ltr'><strong>Dei</strong></span> <span class='ocrx_word' id='word_1_1023' title='bbox 3645 5269 3895 5332; x_wconf 86' lang='lat' dir='ltr'><strong>verbum,</strong></span> 
     </span>
    </p>
   </div>
   <div class='ocr_carea' id='block_1_114' title="bbox 2300 5363 3900 5464">
    <p class='ocr_par' dir='ltr' id='par_1_114' title="bbox 2300 5363 3900 5464">
     <span class='ocr_line' id='line_1_130' title="bbox 2300 5363 3900 5464; baseline -0.021 -15"><span class='ocrx_word' id='word_1_1024' title='bbox 2300 5407 2352 5449; x_wconf 88' lang='lat' dir='ltr'><strong>et</strong></span> <span class='ocrx_word' id='word_1_1025' title='bbox 2387 5401 2572 5464; x_wconf 84' lang='lat' dir='ltr'><strong>postea</strong></span> <span class='ocrx_word' id='word_1_1026' title='bbox 2605 5363 3005 5442; x_wconf 79' lang='lat' dir='ltr'><strong>annuntiavcrit</strong></span> <span class='ocrx_word' id='word_1_1027' title='bbox 3041 5397 3053 5431; x_wconf 89' lang='lat'>:</span> <span class='ocrx_word' id='word_1_1028' title='bbox 3091 5385 3146 5432; x_wconf 92' lang='lat' dir='ltr'><strong>et</strong></span> <span class='ocrx_word' id='word_1_1029' title='bbox 3183 5375 3306 5430; x_wconf 88' lang='lat' dir='ltr'><strong>ideo</strong></span> <span class='ocrx_word' id='word_1_1030' title='bbox 3343 5370 3479 5426; x_wconf 89' lang='lat' dir='ltr'><strong>nihil</strong></span> <span class='ocrx_word' id='word_1_1031' title='bbox 3515 5367 3645 5422; x_wconf 65' lang='lat' dir='ltr'><strong>Adio</strong></span> <span class='ocrx_word' id='word_1_1032' title='bbox 3687 5373 3740 5418; x_wconf 87' lang='lat' dir='ltr'><strong>et</strong></span> <span class='ocrx_word' id='word_1_1033' title='bbox 3773 5363 3900 5416; x_wconf 68' lang='lat' dir='ltr'><strong>Eva:</strong></span> 
     </span>
    </p>
   </div>
   <div class='ocr_carea' id='block_1_115' title="bbox 2300 5453 3903 5543">
    <p class='ocr_par' dir='ltr' id='par_1_115' title="bbox 2300 5453 3903 5543">
     <span class='ocr_line' id='line_1_131' title="bbox 2300 5453 3903 5543; baseline -0.022 0"><span class='ocrx_word' id='word_1_1034' title='bbox 2300 5487 2534 5543; x_wconf 73' lang='lat' dir='ltr'><strong>fortasse</strong></span> <span class='ocrx_word' id='word_1_1035' title='bbox 2589 5478 2864 5536; x_wconf 90' lang='lat' dir='ltr'><strong>nocuisset</strong></span> <span class='ocrx_word' id='word_1_1036' title='bbox 2913 5471 3137 5528; x_wconf 86' lang='lat' dir='ltr'><strong>verbum</strong></span> <span class='ocrx_word' id='word_1_1037' title='bbox 3169 5511 3184 5535; x_wconf 92' lang='lat'><strong>,</strong></span> <span class='ocrx_word' id='word_1_1038' title='bbox 3215 5470 3259 5522; x_wconf 89' lang='lat' dir='ltr'><strong>si</strong></span> <span class='ocrx_word' id='word_1_1039' title='bbox 3290 5459 3745 5536; x_wconf 76' lang='lat' dir='ltr'><strong>pertraCIantibus</strong></span> <span class='ocrx_word' id='word_1_1040' title='bbox 3779 5453 3903 5509; x_wconf 88' lang='lat' dir='ltr'><strong>dili-</strong></span> 
     </span>
    </p>
   </div>
   <div class='ocr_carea' id='block_1_116' title="bbox 2301 5551 3900 5652">
    <p class='ocr_par' dir='ltr' id='par_1_116' title="bbox 2301 5551 3900 5652">
     <span class='ocr_line' id='line_1_132' title="bbox 2301 5551 3900 5652; baseline -0.022 -15"><span class='ocrx_word' id='word_1_1041' title='bbox 2301 5589 2492 5652; x_wconf 80' lang='lat' dir='ltr'><strong>genter</strong></span> <span class='ocrx_word' id='word_1_1042' title='bbox 2515 5571 2714 5632; x_wconf 90' lang='lat' dir='ltr'><strong>mentis</strong></span> <span class='ocrx_word' id='word_1_1043' title='bbox 2735 5567 3053 5642; x_wconf 89' lang='lat' dir='ltr'><strong>quibusdam</strong></span> <span class='ocrx_word' id='word_1_1044' title='bbox 3108 5562 3360 5619; x_wconf 88' lang='lat' dir='ltr'><strong>manibus</strong></span> <span class='ocrx_word' id='word_1_1045' title='bbox 3401 5566 3524 5614; x_wconf 89' lang='lat' dir='ltr'><strong>ante</strong></span> <span class='ocrx_word' id='word_1_1046' title='bbox 3572 5551 3900 5622; x_wconf 84' lang='lat' dir='ltr'><strong>tetigissent.</strong></span> 
     </span>
    </p>
   </div>
   <div class='ocr_carea' id='block_1_117' title="bbox 2371 5699 3908 5773">
    <p class='ocr_par' dir='ltr' id='par_1_117' title="bbox 2371 5699 3908 5773">
     <span class='ocr_line' id='line_1_133' title="bbox 2371 5699 3908 5773; baseline -0.018 0"><span class='ocrx_word' id='word_1_1047' title='bbox 2371 5718 2399 5757; x_wconf 70' lang='grc' dir='ltr'><strong>ι)</strong></span> <span class='ocrx_word' id='word_1_1048' title='bbox 2440 5717 2497 5773; x_wconf 90' lang='lat' dir='ltr'><strong>S.</strong></span> <span class='ocrx_word' id='word_1_1049' title='bbox 2546 5714 2650 5770; x_wconf 90' lang='lat' dir='ltr'><strong>Th.</strong></span> <span class='ocrx_word' id='word_1_1050' title='bbox 2701 5720 2757 5767; x_wconf 89' lang='lat' dir='ltr'><strong>et</strong></span> <span class='ocrx_word' id='word_1_1051' title='bbox 2805 5707 2936 5765; x_wconf 88' lang='lat' dir='ltr'><strong>edit.</strong></span> <span class='ocrx_word' id='word_1_1052' title='bbox 2977 5706 3105 5762; x_wconf 84' lang='lat' dir='ltr'><strong>Era.</strong></span> <span class='ocrx_word' id='word_1_1053' title='bbox 3133 5745 3149 5772; x_wconf 91' lang='lat'><strong>,</strong></span> <span class='ocrx_word' id='word_1_1054' title='bbox 3205 5703 3386 5756; x_wconf 83' lang='lat' dir='ltr'><strong>datum</strong></span> <span class='ocrx_word' id='word_1_1055' title='bbox 3427 5699 3483 5751; x_wconf 83' lang='lat' dir='ltr'><strong>in</strong></span> <span class='ocrx_word' id='word_1_1056' title='bbox 3523 5708 3692 5749; x_wconf 87' lang='lat' dir='ltr'><strong>escam</strong></span> <span class='ocrx_word' id='word_1_1057' title='bbox 3733 5707 3754 5744; x_wconf 90' lang='lat'><strong><em>:</em></strong></span> <span class='ocrx_word' id='word_1_1058' title='bbox 3793 5703 3908 5746; x_wconf 88' lang='lat' dir='ltr'><strong>non</strong></span> 
     </span>
    </p>
   </div>
   <div class='ocr_carea' id='block_1_118' title="bbox 2303 5791 3691 5920">
    <p class='ocr_par' dir='ltr' id='par_1_118' title="bbox 2303 5791 3691 5920">
     <span class='ocr_line' id='line_1_134' title="bbox 2303 5791 3691 5920; baseline -0.008 -19"><span class='ocrx_word' id='word_1_1059' title='bbox 2303 5791 2565 5918; x_wconf 41' lang='lat' dir='ltr'><strong>magesi”,</strong></span> <span class='ocrx_word' id='word_1_1060' title='bbox 2597 5857 2697 5918; x_wconf 82' lang='lat' dir='ltr'><strong>ss.</strong></span> <span class='ocrx_word' id='word_1_1061' title='bbox 2732 5854 2831 5914; x_wconf 81' lang='lat' dir='ltr'><strong>Th,</strong></span> <span class='ocrx_word' id='word_1_1062' title='bbox 2857 5863 2910 5916; x_wconf 76' lang='lat' dir='ltr'><strong>et</strong></span> <span class='ocrx_word' id='word_1_1063' title='bbox 2941 5846 3178 5920; x_wconf 80' lang='lat' dir='ltr'><strong>Remig.,</strong></span> <span class='ocrx_word' id='word_1_1064' title='bbox 3201 5860 3348 5916; x_wconf 86' lang='lat' dir='ltr'><strong>quem</strong></span> <span class='ocrx_word' id='word_1_1065' title='bbox 3373 5848 3632 5912; x_wconf 84' lang='lat' dir='ltr'><strong>sequatur.</strong></span> <span class='ocrx_word' id='word_1_1066' title='bbox 3685 5883 3691 5892; x_wconf 90' lang='lat'><strong>.</strong></span> 
     </span>
    </p>
   </div>
  </div>
