4150 6358
339 371 446 426 505

1502 368 1586 425 DE
1631 366 1980 426 PARADISO
2016 367 2217 425 LIBER
2260 368 2462 428 UNUS.

3543 373 3651 432 306

339 485 541 541 Inﬁrmi
565 487 709 541 enim
745 485 1143 557 pertractando,
1178 494 1230 539 et
1252 485 1560 554 diligentius
1587 481 1934 553 requirendo,
1965 483 2018 544 Α
2118 480 2206 536 60.
2252 481 2404 539 Unde
2443 484 2622 540 verius
2647 493 2804 555 puto,
2840 485 2988 556 quod
3013 499 3080 541 ne
3119 500 3240 542 cum
3267 487 3385 544 aliis
3422 487 3644 558 quidem

337 584 762 652 uniuscujusque
812 598 972 651 quam
1012 597 1114 636 non
1156 580 1500 649 intelligunt,
1533 587 1761 648 possunt
1789 577 1938 630 inve-

335 677 539 747 SIigare
571 686 839 732 naturam.
863 675 1021 730 Certe
1051 675 1122 728 illi
1151 674 1345 727 inlirmi
1390 671 1440 726 id
1488 671 1686 741 lignum
1727 670 1778 724 in
1828 685 1937 740 quo

335 768 620 824 scientiam
673 770 796 823 mali
827 784 946 823 esse
989 775 1398 838 cognoverant,
1431 777 1556 819 ante
1586 762 1937 834 quemadmo-

333 862 461 916 dum
493 871 775 932 tangerent
802 905 815 927 ,
845 863 1140 916 debuerant
1173 861 1518 930 perscrutari.
1552 858 1682 912 Nam
1725 866 1777 912 et
1809 857 1934 912 mali

329 971 476 1027 sirpe
507 957 661 1010 nobis
691 965 866 1026 potest
891 955 1150 1025 prodesse
1179 951 1435 1024 cognitio.
1485 952 1550 1005 Et
1583 952 1703 1005 ideo
1731 950 1932 1004 diaboli

329 1048 551 1104 frandes
581 1049 664 1103 vel
697 1049 747 1102 in
772 1048 868 1102 hac
899 1048 1127 1118 legimus
1160 1047 1412 1112 lectione,
1434 1044 1518 1099 vel
1566 1044 1616 1097 in
1649 1042 1928 1114 prOphctia

328 1143 345 1211 (
381 1141 569 1196 Eserh.
602 1158 790 1210 xsvru,
821 1143 949 1212 I8),
982 1152 1037 1195 ut
1063 1141 1335 1197 discamus
1367 1138 1821 1210 quemadmodum
1846 1151 1932 1191 ar-

325 1244 404 1290 tes
464 1239 580 1305 cjus
632 1251 827 1292 cavere
871 1236 1158 1306 possimus.
1209 1234 1595 1306 Cognosccnda
1625 1242 1749 1288 sunt
1786 1233 1928 1288 enim

321 1339 652 1384 tentameuta
675 1329 816 1401 ejus,
848 1346 954 1386 non
980 1338 1042 1385 ut
1067 1345 1397 1402 sequamur,
1457 1329 1550 1384 sed
1582 1338 1639 1382 ut
1669 1327 1818 1383 docti
1849 1329 1930 1381 in-

317 1429 618 1497 structique
645 1444 955 1484 caveamus.

395 1520 554 1593 173
602 1521 691 1576 59.
741 1523 876 1576 Sunt
923 1522 1024 1576 hoc
1081 1521 1201 1576 loco
1252 1518 1343 1588 qui
1389 1517 1777 1572 dubitationem
1834 1516 1928 1571 ha.

316 1616 512 1682 beant,
548 1625 574 1651 ει
619 1624 796 1670 utrum
825 1631 890 1670 ex
917 1615 1065 1670 omni
1109 1615 1250 1683 ligno
1281 1613 1352 1668 ita
1391 1612 1590 1666 dixerit
1625 1611 1765 1664 Deus
1796 1624 1919 1664 esse

318 1707 644 1776 gustandum
667 1749 680 1770 ,
718 1717 776 1761 ut
820 1723 939 1761 cum
972 1707 1040 1762 de
1085 1708 1230 1761 omni
1278 1706 1453 1776 ligno,
1488 1704 1555 1758 ita
1588 1703 1656 1758 de
1683 1704 1924 1757 scienti-.e

318 1801 440 1855 boni
465 1812 517 1855 et
542 1803 662 1854 mali
693 1802 836 1871 ligno
861 1808 1201 1870 gustaretur;
1237 1815 1303 1853 an
1341 1815 1470 1852 vero
1497 1797 1564 1852 de
1606 1796 1749 1850 omni
1779 1797 1924 1866 ligno

2041 575 2303 631 fructibus
2327 577 2527 648 lignum
2551 579 2822 635 edendum
2851 593 2972 635 esse
2995 579 3335 652 praeceperit.
3368 579 3506 635 Nam
3533 581 3642 636 etsi

2039 669 2178 724 bona
2208 671 2434 726 scientia
2464 671 2724 742 perfecto,
2757 672 3072 743 imperfecto
3095 683 3272 730 tamen
3304 674 3509 728 inutilis
3537 683 3640 730 est.

2039 763 2413 834 Imperfectum
2445 769 2616 824 ausim
2649 783 2863 823 omnem
2888 767 3162 824 hominem
3186 769 3388 835 dicere,
3422 768 3642 838 quando

2035 856 2150 927 ipse
2179 857 2377 912 Paulus
2417 861 2568 927 quasi
2602 859 2948 931 imperfectus
2991 861 3181 916 dicat:
3228 860 3352 915 Non
3393 862 3642 932 quoniam

2038 951 2347 1021 acceperim,
2383 962 2471 1004 aut
2497 969 2597 1021 quo
2617 956 2732 1024 jam
2773 955 3028 1024 perfectus
3071 955 3168 1008 sim
3198 971 3216 1009 :
3257 972 3440 1025 sequor
3467 966 3642 1010 autem

2031 1042 2074 1096 si
2098 1042 2523 1110 comprehendam
2551 1042 2812 1116 (Philipp.
2840 1061 2889 1109 ι,
2921 1043 3031 1116 I2).
3065 1047 3130 1101 Et
3157 1047 3278 1103 ideo
3303 1047 3640 1117 imperfectis

2034 1136 2164 1190 dicit
2208 1138 2502 1192 Dominus:
2543 1136 2718 1192 Nolite
2762 1139 3034 1208 judicare,
3068 1150 3124 1193 ut
3171 1158 3273 1194 non
3318 1142 3632 1214 judicemini

2035 1231 2254 1304 (Matth.
2306 1248 2410 1298 vn,
2462 1232 2538 1302 I).
2587 1231 2728 1301 Ergo
2780 1232 3099 1302 imperfecto
3143 1235 3346 1288 inutilis
3386 1234 3637 1289 scientia.

2035 1324 2306 1396 Denique,
2336 1335 2598 1396 peccatum
2640 1327 2947 1391 nesciebam,
2981 1327 3080 1379 nisi
3120 1329 3203 1381 lea:
3245 1328 3435 1382 diceret
3463 1345 3482 1382 :
3515 1327 3639 1382 Non

2032 1418 2361 1489 concupisces
2411 1418 2587 1490 (Rom.
2630 1434 2734 1486 vn,
2766 1418 2842 1489 7).
2877 1419 2942 1472 Et
2974 1419 3112 1473 infra
3149 1437 3162 1473 :
3203 1419 3328 1474 Sine
3365 1421 3475 1491 lege
3503 1423 3640 1474 enim

2033 1521 2304 1580 peccatum
2353 1521 2613 1565 mortuum
2655 1522 2728 1565 est
2766 1509 2965 1582 (Ibid.,
2999 1510 3080 1581 8).
3131 1511 3270 1578 Quid
3317 1514 3461 1567 enim
3508 1512 3642 1567 mihi

2030 1604 2284 1675 proderat
2312 1605 2452 1660 scire
2480 1606 2622 1676 quod
2649 1608 2818 1662 vitare
2859 1622 2964 1662 non
2996 1609 3276 1676 poteram?
3313 1608 3452 1675 Quid
3506 1608 3642 1662 mihi

2029 1703 2285 1772 proderat
2331 1705 2471 1758 scire
2515 1703 2657 1774 quod
2705 1705 2791 1759 lex
2848 1705 3028 1760 carnis
3061 1721 3196 1760 mea:
3248 1703 3639 1774 impugnaret?
3682 1692 3687 1697 ’

2029 1794 2375 1866 Impuguatur
2404 1797 2632 1865 Paulus,
2656 1809 2707 1852 et
2740 1797 2884 1853 videt
2925 1799 3085 1868 legem
3125 1800 3296 1853 carnis
3325 1813 3433 1852 suae
3469 1815 3634 1869 repu-

314 1894 658 1966 gustandum,
690 1895 756 1949 de
785 1895 900 1947 solo
925 1895 1068 1962 ligno
1097 1893 1336 1948 scientim
1363 1891 1486 1945 boni
1528 1901 1580 1944 et
1612 1889 1736 1943 mali
1767 1888 1918 1942 dixe-
1949 1879 1996 1938 B
2022 1899 2264 1960 gnantem
2296 1891 2395 1961 legi
2427 1891 2612 1946 mentis
2629 1908 2756 1959 sute,
2784 1904 2832 1946 et
2859 1893 3105 1964 captivari
3143 1908 3196 1946 se
3217 1893 3269 1946 in
3300 1892 3410 1963 tege
3445 1893 3643 1962 peccati

316 1989 389 2044 rit
424 2005 528 2042 non
584 2004 705 2043 esse
733 1987 1098 2058 gustandum?
1144 1986 1246 2052 Qui
1288 2000 1354 2040 ne
1383 1985 1432 2039 id
1481 1984 1694 2054 quidem
1729 1993 1916 2052 putant

316 2082 520 2136 inutilis
565 2095 685 2135 esse
735 2080 958 2134 rationis
979 2121 992 2144 ,
1025 2078 1166 2150 quod
1199 2079 1442 2148 quamvis
1476 2077 1630 2130 noxia
1661 2091 1782 2130 esca
1810 2075 1915 2130 hu-

313 2174 404 2243 jus
436 2174 561 2244 ligni
594 2173 788 2239 fuerit;
822 2183 995 2227 tamen
1027 2173 1071 2226 si
1111 2187 1230 2226 cum
1263 2172 1473 2225 ezeteris
1499 2170 1778 2233 ederetur,
1818 2185 1914 2222 no-

316 2271 402 2323 xia
435 2285 555 2325 esse
583 2284 688 2324 non
720 2269 890 2340 possit
923 2288 934 2322 :
965 2267 1399 2339 quandoquidem
1424 2269 1586 2322 etiam
1611 2265 1911 2322 antidotum

319 2359 614 2414 theriacum
643 2361 710 2415 de
754 2375 983 2430 corpore
1016 2361 1283 2430 serpentis
1324 2360 1516 2414 conﬁci
1553 2359 1732 2414 solere
1763 2359 1912 2414 dica-

317 2465 422 2520 tur,
452 2455 592 2526 quod
620 2457 802 2526 utique
824 2457 970 2510 virus
1002 2469 1303 2524 corpusque
1343 2453 1642 2524 serpentis,
1674 2469 1796 2508 cum
1827 2468 1914 2508 so-

317 2546 424 2601 lum
456 2549 706 2612 sumitur,
745 2556 934 2612 nocet;
971 2563 1091 2602 cum
1139 2547 1470 2601 admiscetur
1501 2546 1623 2602 aliis
1649 2587 1664 2611 ,
1701 2548 1915 2601 sanitati

317 2654 396 2695 ρει
437 2650 492 2694 et
535 2640 716 2696 saluti-
751 2640 987 2696 Scientia
1017 2655 1228 2710 quoque
1271 2639 1395 2694 boni
1438 2648 1491 2693 et
1531 2640 1680 2705 mali,
1708 2641 1752 2693 si
1787 2639 1916 2710 quid

316 2737 590 2805 sapientia:
624 2736 839 2801 habeat,
891 2737 936 2790 si
985 2737 1108 2807 quis
1138 2738 1260 2790 vita:
1310 2752 1524 2806 semper
1572 2737 1836 2803 intendat,
1869 2739 1915 2792 si

317 2829 440 2898 quis
490 2837 685 2881 caetera
741 2829 995 2881 virtutum
1042 2843 1239 2896 genera
1287 2839 1668 2896 consequatur,
1719 2845 1917 2899 nequa-

315 2937 475 2989 quam
509 2920 714 2974 inutilis
739 2923 1056 2974 aastimatur.
1092 2920 1202 2974 Ilae
1232 2920 1392 2989 igitur
1437 2922 1646 2975 ratione
1678 2922 1918 2992 plerique

315 3022 636 3083 putaverunt
678 3028 840 3084 posse
888 3014 1053 3068 etiam
1101 3013 1232 3068 illud
1276 3015 1542 3084 intelligi;
1579 3025 1635 3068 ut
1675 3015 1920 3069 videatur

320 3105 461 3158 Deus
486 3105 536 3159 id
577 3105 875 3162 inhibuisse
905 3147 921 3171 ,
952 3121 1019 3161 ne
1048 3105 1250 3175 absque
1278 3106 1492 3161 carteris
1517 3106 1691 3161 solum
1719 3107 1919 3178 lignum

316 3199 556 3252 scicntie
608 3197 734 3254 boni
763 3207 818 3252 et
865 3199 989 3253 mali
1044 3209 1383 3270 gusturetur,
1431 3216 1536 3254 non
1583 3201 1922 3271 prohibuisse

2023 1984 2199 2055 (Rom.
2241 2001 2345 2049 vn,
2389 1985 2507 2057 25),
2562 2002 2660 2042 nec
2707 1987 2773 2041 de
2822 1987 3152 2043 conscientia
3208 2002 3306 2042 sua
3353 1985 3634 2058 praesumit

2025 2075 2179 2147 (Vid.
2214 2077 2276 2132 S.
2305 2079 2439 2152 Aug.
2472 2078 2560 2134 lib.
2607 2095 2643 2137 ιι
2682 2091 2862 2134 contra
2897 2081 3012 2136 Jul.
3060 2080 3174 2134 Pcl.
3199 2122 3215 2147 ,
3238 2094 3288 2134 c.
3319 2080 3373 2145 5,
3399 2096 3455 2134 ιι.
3491 2079 3586 2146 15)
3616 2095 3630 2143 ;

2019 2169 2114 2225 sed
2141 2185 2236 2239 per
2262 2169 2462 2226 Christi
2483 2173 2709 2242 gratiam
2737 2171 3128 2245 175contidit
3155 2188 3216 2229 se
3248 2187 3279 2227 a
3299 2171 3488 2226 mortis
3509 2184 3636 2224 eor-

2019 2275 2151 2332 pore
2186 2261 2522 2318 Iiberandum
2554 2281 2568 2319 :
2602 2273 2655 2319 et
2677 2276 2731 2319 tu
2761 2281 3082 2336 quemquam
3112 2266 3353 2336 opinaris
3374 2263 3636 2318 scientem

2021 2369 2127 2410 non
2147 2370 2306 2426 posse
2323 2361 2588 2426 peccare?
2613 2357 2812 2412 Paulus
2834 2358 2963 2413 dicit
2990 2377 3003 2412 :
3038 2357 3161 2413 Non
3187 2360 3324 2414 enim
3349 2357 3488 2428 quod
3518 2356 3635 2410 voto

2021 2451 2156 2522 facio
2191 2450 2377 2505 bonum
2393 2467 2412 2516 ;
2430 2453 2520 2506 sed
2540 2454 2677 2522 quod
2710 2451 2828 2507 nolo
2854 2453 3067 2515 malum,
3090 2454 3184 2506 hoc
3213 2469 3310 2524 ago
3332 2453 3510 2522 (Rom.
3537 2466 3632 2518 vn,

2024 2546 2112 2616 I9)
2146 2563 2158 2598 :
2188 2555 2243 2600 et
2273 2556 2328 2600 tu
2357 2546 2638 2603 arbitraris
2665 2546 2868 2601 homini
2901 2546 3157 2617 prodesse
3181 2546 3488 2612 scientiam,
3512 2558 3635 2615 quze

2020 2638 2201 2693 delicti
2226 2650 2418 2710 augeat
2443 2641 2739 2696 invidiam?
2765 2642 2894 2696 Esto
2926 2651 3105 2696 tamen
3134 2649 3191 2695 ut
3211 2639 3483 2711 perfectus
3510 2654 3638 2708 pec-

2021 2745 2149 2786 care
2173 2747 2276 2785 non
2307 2732 2497 2801 possit.
2534 2731 2589 2786 In
2620 2732 2790 2786 Adam
2822 2733 2961 2788 Deus
2997 2747 3188 2788 omnes
3218 2732 3462 2786 homines
3490 2745 3628 2800 prae-

2023 2824 2258 2889 videbat,
2305 2837 2359 2880 ct
2408 2826 2529 2881 ideo
2560 2828 2865 2895 promiscue
2907 2827 3096 2896 generi
3128 2842 3234 2881 nou
3277 2824 3638 2880 conveniebat

2025 2919 2264 2974 humano
2294 2920 2493 2976 habere
2533 2921 2814 2976 scientiam
2859 2922 2985 2976 boni
3026 2931 3080 2977 et
3117 2920 3286 2986 mali,
3335 2935 3495 2990 quam
3531 2933 3628 2990 per

2022 3016 2200 3068 carnis
2233 3014 2380 3081 vitia,
2413 3023 2472 3068 ut
2496 3016 2801 3086 oportebat,
2835 3030 3090 3071 exercere
3125 3029 3232 3071 non
3262 3021 3497 3085 poterat.

2621 3151 2849 3209 CAPUT
2891 3153 3030 3208 XIII.

315 3306 438 3346 cum
469 3291 704 3346 creteris.
739 3291 804 3346 Et
850 3292 953 3346 hoc
984 3267 1106 3346 ideo
1163 3301 1348 3362 putant
1398 3267 1600 3347 dictum
1623 3335 1638 3359 ,
1679 3295 1800 3364 quia
1849 3295 1924 3349 ait
1951 3276 1994 3338 C
2033 3268 2304 3364 ραφποάίξ
2327 3277 2636 3364 “Nam?”
2659 3270 2849 3324 άίαῦοιί
2879 3271 3031 3340 plena
3049 3271 3150 3364 sint
3172 3267 3467 3364 mendacii;
3495 3274 3542 3364 ct
3570 3268 3633 3320 de

319 3383 460 3438 Deus
484 3384 549 3438 ad
582 3384 752 3438 Adam
787 3403 799 3438 :
828 3387 958 3451 Quis
980 3386 1072 3439 tibi
1103 3386 1348 3440 indicavit
1377 3391 1620 3456 quoniam
1647 3388 1820 3442 nudus
1849 3405 1920 3456 es,

317 3478 414 3531 nisi
455 3477 518 3531 de
547 3477 688 3547 ligno
714 3494 745 3530 a
787 3493 889 3547 quo
939 3493 1283 3548 prwceperam
1328 3478 1439 3545 tibi,
1480 3482 1544 3534 ab
1589 3482 1683 3534 hoc
1722 3483 1832 3535 solo
1862 3499 1926 3536 ne

315 3569 678 3634 manducares,
702 3571 1022 3625 manducaui
1049 3569 1204 3642 (Gen.
1243 3587 1298 3626 ιιι
1320 3614 1332 3636 ,
1375 3572 1498 3644 II)?
1526 3572 1678 3640 Quod
1704 3575 1922 3630 videre-

315 3673 401 3718 tur
429 3665 558 3719 dare
595 3665 1247 3735 aliquem-interpretandi
1280 3667 1480 3732 locum,
1512 3669 1612 3722 nisi
1647 3669 1840 3723 mulier
1871 3670 1920 3724 in

319 3756 714 3825 superioribus,
775 3757 988 3812 dicente
1033 3769 1324 3828 serpente:
1385 3760 1522 3825 Quid
1559 3763 1735 3830 utique
1789 3764 1924 3817 dixit

321 3848 480 3913 Deus,
515 3866 578 3902 ne
609 3850 770 3903 edatis
812 3850 874 3902 ab
916 3852 1056 3904 omni
1099 3853 1238 3921 ligno
1270 3852 1407 3921 quod
1451 3862 1522 3905 est
1552 3856 1603 3906 in
1635 3855 1879 3926 paradiso
1904 3873 1922 3910 :

315 3942 714 4012 reSpondissct:
738 3941 762 3978 δ
779 3942 929 4009 Quod
947 3954 1017 3997 est
1045 3945 1098 3996 in
1119 3944 1288 3996 medio
1313 3946 1577 4014 paradiso,
1599 3946 1730 4000 dixit
1751 3947 1890 4001 Deus
1906 3964 1924 4000 :

318 4033 441 4088 Non
484 4036 862 4090 manducabitis
893 4052 956 4090 ea:
998 4052 1074 4089 eo.
1127 4037 1182 4090 In
1233 4052 1341 4106 quo
1390 4039 1634 4106 quamtis
1686 4036 1926 4095 mulieris

315 4129 752 4199 praevaricatum
784 4129 918 4184 Iides
964 4129 1210 4183 videatur
1242 4130 1501 4184 inﬁrmior
1525 4171 1538 4195 ,
1587 4141 1762 4185 tamen
1817 4148 1922 4187 non

313 4224 564 4279 omnibus
613 4223 780 4278 Adam
831 4225 1078 4292 Spoliaho
1133 4224 1442 4287 virtutibus,
1492 4233 1548 4278 ιιι
1594 4224 1838 4278 videatur
1870 4227 1923 4282 in

317 4317 568 4385 paradiso
603 4317 801 4372 nullam
846 4327 1127 4371 assecutus
1170 4316 1334 4370 fuisse
1365 4318 1640 4381 virtutem,
1692 4317 1824 4371 nihil
1856 4319 1924 4373 de

313 4410 525 4464 cmteris
571 4409 872 4479 gustavisse
921 4410 1096 4480 lignis,
1144 4422 1163 4444 ί·
1221 4410 1473 4480 priusque
1514 4411 1724 4479 culpam
1783 4410 1922 4464 inci-

315 4504 480 4563 disse.
516 4521 673 4574 quam
728 4503 932 4558 fructus
982 4519 1102 4557 esse
1146 4503 1360 4572 aliquos
1405 4514 1752 4558 consecutus.
1802 4504 1920 4559 Non

316 4598 558 4666 spoliabo
589 4613 715 4667 ergo
749 4598 940 4660 Adam,
990 4611 1057 4651 ne
1086 4611 1253 4664 genus
1287 4596 1576 4649 Immanum
1622 4611 1782 4650 omne
1835 4596 1920 4649 di-

2102 3359 2402 3429 deceptione
2426 3363 2686 3430 mulieris,
2720 3374 2766 3417 et
2791 3365 2944 3432 lapsu
2990 3363 3138 3420 Adw.
3183 3361 3629 3427 Quemadmodum

2098 3456 2251 3508 etiam
2293 3457 2620 3527 cognoverint
2638 3474 2692 3512 se
2713 3474 2823 3512 esse
2843 3457 3009 3512 nudos
3029 3499 3044 3524 ,
3079 3466 3124 3511 et
3153 3455 3497 3512 succinctoria
3525 3454 3623 3509 sibi

2101 3549 2317 3619 fecerint
2340 3590 2352 3613 ,
2381 3550 2566 3621 quidue
2588 3567 2678 3620 per
2707 3568 2766 3605 ea
2793 3552 3130 3624 signiﬁcetur.

2100 3663 2190 3719 6I.
2237 3664 2514 3720 Discamus
2545 3667 2706 3737 igitur
2737 3677 3070 3723 tentamenta
3099 3666 3296 3723 diaboli
3327 3667 3482 3736 plena
3505 3680 3632 3721 esse

2028 3756 2294 3812 mendacii
2321 3773 2335 3822 ;
2363 3758 2449 3814 vix
2473 3759 2616 3813 enim
2647 3775 2809 3814 unum
2839 3775 3024 3815 verum
3067 3760 3282 3815 videtur
3310 3775 3377 3815 ex
3405 3760 3470 3815 iis
3511 3774 3633 3828 qua:

2027 3850 2301 3920 pollicitus
2331 3860 2432 3914 est,
2466 3852 2670 3922 reliqua
2705 3852 2834 3907 falsa
2865 3855 3192 3919 composuit.
3240 3854 3330 3909 Sic
3357 3856 3500 3908 enim
3532 3852 3629 3907 ha-

2028 3943 2159 3997 bes:
2189 3943 2254 3996 Et
2297 3944 2428 3997 dixit
2454 3961 2660 4014 serpens
2689 3947 2892 3999 mulieri
2925 3963 2942 4000 :
2971 3944 3090 3999 Non
3136 3956 3298 3998 morte
3342 3946 3628 3999 moriemini

2027 4030 2182 4103 (Gen.
2215 4048 2270 4085 ιιι
2293 4075 2307 4096 ,
2339 4034 2416 4104 4).
2456 4036 2592 4090 Ecce
2618 4052 2779 4089 unum
2812 4036 3044 4101 falsum;
3097 4053 3218 4090 nam
3263 4047 3438 4090 morte
3485 4051 3632 4092 mor-

2029 4131 2150 4178 tuus
2180 4134 2262 4179 est
2293 4125 2477 4194 homo,
2521 4128 2608 4198 qui
2651 4139 2866 4182 secutus
2898 4139 2981 4184 est
3032 4131 3293 4198 promissa
3337 4131 3628 4198 serpentis.

2029 4219 2234 4274 Deinde
2261 4220 2505 4276 addidit:
2549 4224 2690 4286 Scit,
2724 4224 2932 4295 inquit,
2968 4223 3107 4279 Deus
3150 4225 3270 4293 quia
3312 4242 3630 4296 quacumque

2026 4311 2108 4365 die
2156 4315 2586 4369 manducaveritis
2616 4333 2680 4370 ea;
2731 4332 2809 4381 co,
2859 4319 3226 4387 adaperientur
3271 4319 3407 4372 oculi
3472 4319 3625 4372 vestri

2027 4405 2227 4478 (Ibid,
2277 4409 2354 4479 5).
2407 4409 2517 4464 Iloc
2570 4410 2744 4464 solum
2797 4425 3016 4474 verum,
3062 4411 3186 4481 quia
3234 4410 3372 4465 intra
3421 4411 3626 4466 habes:

2028 4499 2165 4566 Quia
2187 4503 2622 4558 manducaverunt
2642 4507 2791 4558 ambo
2809 4547 2822 4570 ,
2849 4515 2896 4558 et
2923 4506 3086 4576 aperti
3132 4515 3251 4560 sunt
3292 4507 3432 4560 oculi
3453 4523 3630 4560 eorum

2023 4595 2186 4668 (Ibid.
2208 4638 2221 4660 ,
2247 4595 2326 4666 7).
2353 4595 2456 4650 Sed
2489 4596 2588 4650 hoc
2610 4613 2795 4651 verum
2817 4599 2956 4666 quod
2990 4610 3229 4653 noceret.
3253 4599 3494 4670 Denique
3518 4613 3628 4654 non

314 4690 726 4760 spoliem,quotl
757 4690 1016 4743 innocens
1045 4700 1123 4742 cst
1145 4698 1429 4758 antequam
1455 4692 1916 4754 sensumaccipiat
1947 4664 2274 4747 I)omnihus
2324 4692 2538 4760 aperire
2582 4693 2767 4745 oculos
2818 4692 2973 4758 utile;
3015 4692 3140 4762 quia
3191 4695 3448 4762 scriptum
3493 4705 3575 4747 est
3609 4711 3624 4746 :

315 4783 554 4836 scientiae
582 4783 704 4835 boni
738 4793 789 4836 et
819 4782 965 4835 tuali.
993 4781 1175 4851 Neque
1199 4783 1342 4834 enim
1367 4781 1538 4834 otiose
1565 4781 1762 4834 dictum
1794 4790 1912 4837 est:

322 4875 439 4928 Nisi
470 4879 698 4929 conversi
727 4877 948 4948 [ueritis,
971 4885 1018 4928 et
1039 4875 1340 4946 efﬁciamini
1371 4875 1500 4927 sicut
1529 4892 1656 4944 puer
1675 4876 1786 4937 iste,
1811 4892 1914 4929 non

314 4969 569 5022 intr-abitis
611 4970 662 5021 in
688 4985 897 5039 regnum
932 4967 1174 5020 caelorum
1212 4965 1425 5032 (Matth.
1468 4982 1626 5028 xvm,
1655 4966 1732 5037 5).
1774 4967 1914 5022 Puer

317 5063 457 5116 enim
480 5078 601 5116 cum
629 5061 984 5124 tualedicitur,
1020 5075 1126 5112 nott
1159 5056 1532 5112 rctnaledtcit:
1565 5071 1686 5110 cum
1719 5074 1912 5127 percu-

321 5159 448 5208 titur
479 5172 582 5207 non
616 5156 910 5221 repercutit
938 5153 1325 5206 :atnbitionum
1359 5159 1412 5204 et
1445 5151 1751 5219 rapinarum
1797 5162 1913 5208 ten-

317 5256 554 5300 tatneutn
586 5260 690 5300 non
716 5247 882 5299 novit.

394 5373 418 5399 ιι
459 5362 537 5416 Ita
583 5377 714 5416 mss.
747 5370 956 5427 septem
985 5377 1106 5416 cum
1138 5363 1270 5417 edit.
1314 5363 1482 5429 antiq.
1532 5363 1588 5417 In
1624 5377 1753 5416 mss.
1785 5377 1917 5418 vero

320 5434 544 5490 totidem
560 5434 734 5494 deest,
759 5434 820 5485 de
850 5433 960 5486 solo
989 5433 1135 5502 ligno
1158 5436 1382 5488 scientia:
1414 5436 1529 5487 boni
1560 5445 1604 5486 et
1634 5433 1918 5486 nutlidixe-

318 5511 386 5560 rit
425 5523 527 5560 non
557 5521 665 5558 esse
689 5504 1020 5575 gustandum.
1060 5508 1123 5556 At
1163 5505 1315 5558 Rom.
1350 5505 1478 5558 edit.
1528 5514 1697 5557 totum
1739 5505 1913 5558 locum

321 5581 402 5645 sic
448 5573 737 5630 exhibebat
771 5592 782 5626 :
816 5573 1067 5634 habeant,
1113 5591 1227 5628 cum
1260 5593 1320 5628 ex
1362 5579 1499 5628 omni
1552 5576 1688 5645 ligno
1737 5576 1920 5628 dixerit

323 5638 572 5704 Dominus
601 5647 722 5699 .«Idw
751 5661 768 5699 :
795 5645 1038 5717 Comedes
1069 5661 1130 5698 ex
1150 5663 1239 5706 co;
1272 5659 1442 5699 utrum
1476 5638 1756 5699 cumromni
1780 5648 1918 5717 ligno

322 5725 473 5776 etiam
503 5722 698 5792 lignum
727 5719 953 5792 scientia:
977 5716 1095 5792 boni
1125 5727 1173 5792 et
1205 5719 1327 5770 mali
1339 5718 1536 5792 dixerit
1574 5734 1680 5770 esse
1701 5716 1918 5792 mandu-

323 5786 587 5847 candum':
621 5799 838 5853 aurem
867 5786 932 5840 de
959 5786 1095 5839 onmi
1119 5787 1284 5856 ligno,
1314 5789 1374 5842 de
1403 5791 1510 5841 solo
1547 5800 1714 5841 autent
1753 5789 1918 5842 scien-

326 5865 413 5918 titr
442 5863 557 5915 boni
587 5872 634 5916 et
661 5861 785 5914 mali
810 5859 998 5913 dixerit
1020 5874 1121 5910 non
1143 5873 1250 5911 esse
1263 5861 1593 5924 gustandum.

2024 4787 2290 4842 Videbunt
2321 4797 2375 4840 et
2414 4803 2520 4840 non
2551 4787 2803 4841 videbunt
2845 4787 3015 4859 (Esai.
3056 4804 3141 4850 γι,
3169 4789 3248 4852 9).
3297 4788 3402 4843 Sed
3435 4773 3619 4842 statim

2021 4882 2407 4952 agglutinatutn
2445 4880 2784 4934 mendacium
2815 4889 2916 4944 est,
2949 4882 3068 4948 quia
3102 4881 3347 4952 adjunxit
3379 4900 3392 4937 :
3429 4881 3496 4935 Et
3525 4883 3625 4956 eri-

2022 4975 2086 5027 tis
2110 4976 2244 5027 sicut
2289 4973 2363 5026 dii
2394 4975 2602 5027 scientes
2630 4973 2816 5025 bonum
2863 4983 2909 5026 et
2956 4974 3147 5027 malum
3181 4972 3334 5045 (Gen.
3394 4989 3484 5037 ut,
3538 4974 3620 5042 5).

2021 5064 2076 5118 In
2101 5079 2209 5133 quo
2237 5063 2357 5118 licet
2385 5063 2665 5118 advertere
2693 5062 3011 5118 idololatria:
3055 5074 3327 5118 auctorem
3356 5078 3477 5118 esse
3510 5078 3626 5116 ser-

2020 5163 2260 5224 pentem,
2297 5170 2361 5208 eo
2391 5155 2532 5224 quod
2559 5155 2740 5226 plures
2771 5154 2902 5210 deos
2945 5155 3221 5209 induxisse
3251 5157 3300 5208 in
3333 5155 3621 5208 hominum

2021 5250 2272 5306 videatur
2308 5265 2546 5304 errorem
2578 5249 2826 5320 quaedam
2876 5251 3144 5318 serpentis
3173 5259 3386 5303 astutia.
3426 5247 3492 5301 Et
3523 5250 3625 5302 hoc

2104 5366 2132 5405 ἱ)
2173 5367 2330 5420 Rom.
2361 5365 2523 5424 edit..
2553 5384 2614 5420 ea:
2643 5368 2783 5420 omni
2827 5368 2966 5438 ligno
3009 5369 3235 5434 paradisi
3285 5364 3622 5418 manducabi-

2016 5456 2174 5502 mus,
2209 5439 2273 5492 de
2293 5438 2462 5509 fructu
2495 5449 2663 5491 autem
2691 5439 2835 5509 ligni.
2873 5439 2975 5490 Sed
3009 5439 3124 5509 hare
3145 5439 3203 5509 in
3237 5452 3366 5509 mss.
3399 5438 3626 5509 sjcut_et

2030 5511 2082 5564 in
2109 5521 2215 5565 νει.
2249 5510 2378 5563 edit.
2410 5506 2808 5564 desiderantur.
2845 5509 2970 5562 Mss.
3000 5507 3056 5563 S.
3093 5507 3297 5562 Theod.
3333 5515 3387 5561 et
3416 5506 3585 5563 Laud.
3609 5551 3622 5570 ,

2028 5581 2091 5635 de
2114 5583 2250 5651 ligno
2285 5580 2419 5650 quod
2441 5592 2514 5633 est
2541 5581 2591 5632 in
2624 5579 2822 5651 medio,
2861 5587 2966 5651 et_c.

2104 5663 2125 5689 ο
2154 5648 2254 5706 ’διε
2287 5648 2416 5705 mss.
2456 5652 2614 5716 Div.,
2671 5650 2848 5712 Ctar.,
2898 5648 3100 5711 Torn.,
3150 5648 3209 5700 S.
3253 5649 3355 5703 Th.
3389 5658 3444 5704 et
3490 5650 3621 5706 edit.

2031 5723 2154 5778 Era.
2190 5723 2293 5777 Alii
2327 5737 2454 5774 tnss.
2486 5734 2645 5790 atque
2664 5719 2794 5773 edit.
2828 5719 2976 5783 Am.,
3001 5717 3126 5774 Gill.
3157 5731 3212 5774 et
3240 5721 3422 5788 Rom.,
3446 5724 3618 5790 prius-

2028 5811 2182 5864 quam
2217 5795 2425 5860 culpam
2455 5793 2734 5844 incidisset.
