4150 6358
543 363 652 422 507

1883 359 2132 418 SANC'I'I
2171 361 2498 422 AMBROSII

3745 371 3854 429 508

537 477 766 544 fefellit,
794 484 820 516 ει
849 475 974 545 quia
1003 473 1164 528 homo
1188 473 1325 528 sicut
1349 472 1442 528 dii.
1489 473 1604 528 Non
1626 473 1800 528 solum
1833 474 1978 530 enim
2001 475 2142 530 sicut
2169 477 2220 538 Α
2245 475 2560 546 compositis
2607 475 2900 530 mendaciis
2937 489 3198 544 assuens,
3237 485 3290 532 et
3327 477 3552 534 verbum
3585 478 3654 534 de
3685 480 3855 536 verbo

548 570 623 624 dii
651 583 780 624 esse
803 567 1050 620 homines
1097 563 1406 628 desierunt,
1445 565 1538 618 sed
1569 566 1732 620 etiam
1761 567 1852 635 qui
1891 567 2045 635 quasi
2075 566 2148 620 dii

547 672 725 726 erant,
755 659 953 732 quibus
979 658 1179 712 dictum
1207 669 1322 713 est:
1356 657 1465 730 Ego
1487 659 1620 726 dixi,
1657 661 1732 713 dii
1751 660 1897 726 estis,
1929 661 2010 715 sui
2037 674 2154 730 gra-

549 757 680 812 tiam
703 752 1054 824 perdiderunt
1089 751 1200 820 (Ps.
1243 766 1404 806 an‘l
1423 793 1436 818 ,
1463 751 1542 822 6).

617 849 710 901 62.
755 844 825 900 Et
855 845 982 898 uidit
1019 845 1202 898 mulier
1225 845 1346 913 quia
1370 843 1559 898 bonum
1589 854 1662 900 est
1693 845 1890 916 lignum
1911 845 1984 898 ad
2011 861 2155 900 nian-

543 938 862 1004 dstcaudum,
885 947 932 990 et
961 936 1082 1006 quia
1109 947 1315 1006 gratum
1347 936 1510 990 oculis
1541 937 1610 990 ad
1637 937 1934 1004 uidendum,
1967 946 2012 992 et
2035 954 2152 1007 spe-

541 1037 736 1091 ciosum
765 1043 840 1090 est
863 1035 932 1087 ad
953 1033 1256 1088 intuendum
1281 1031 1434 1106 (Gen.
1465 1049 1554 1098 Ill,
1595 1033 1676 1104 6).
1707 1033 1926 1089 Inﬁrma
1961 1041 2154 1088 auctor

539 1129 726 1201 judicii
755 1143 874 1196 «quae
899 1130 966 1182 de
983 1141 1054 1182 eo
1081 1128 1226 1196 quod
1261 1142 1366 1182 non
1395 1139 1724 1198 gustaverat,
1753 1127 2049 1198 judicabat.
2085 1128 2157 1183 Et

543 1222 670 1278 ideo
701 1235 808 1276 non
837 1219 1016 1282 facile,
1054 1220 1156 1274 nisi
1185 1220 1236 1274 id
1263 1220 1406 1290 quod
1439 1221 1748 1292 diligentius
1793 1230 2156 1291 pertractare-

541 1317 746 1379 rimus,
777 1313 924 1383 quod
955 1314 1214 1369 interiore
1251 1315 1661 1384 probaverimus
1695 1315 1912 1383 aﬂ'eetu,
1942 1316 2157 1372 videtur

541 1407 610 1462 ad
639 1422 776 1477 opus
803 1406 1022 1476 aliquod
1055 1421 1176 1461 esse
1217 1408 1558 1462 sumendum.
1609 1409 1906 1480 Accipiens,
1953 1410 2150 1481 inquit,

545 1502 613 1556 de
635 1506 809 1572 {ructu
833 1505 947 1572 ejus
991 1500 1338 1568 manducavit,
1369 1513 1416 1558 et
1439 1502 1578 1557 dedit
1601 1506 1710 1558 uiro
1735 1521 1830 1559 suo
1869 1507 2058 1574 simul,
2103 1517 2151 1560 et

547 1595 986 1650 manducauruut
1005 1595 1175 1650 ambo.
1205 1595 1350 1652 Bene
1377 1599 1798 1666 praetermissum
1825 1607 1909 1655 est
1935 1600 2024 1654 ubi
2053 1599 2153 1656 de-

549 1691 748 1762 cipitur
779 1690 989 1756 Adam;
1019 1691 1144 1762 quia
1175 1707 1284 1746 non
1313 1705 1410 1746 sua
1441 1693 1630 1762 culpa,
1661 1693 1758 1750 sed
1797 1695 1926 1750 vitio
1971 1694 2157 1766 lapsus

553 1783 740 1838 uxoris
767 1791 871 1838 est.

2253 579 2494 634 struens,
2525 567 2593 622 ad
2635 569 2982 638 operiendam
3027 570 3413 626 conscientiam
3459 587 3571 627 sine
3615 577 3852 641 mentis,

2255 659 2490 730 factique
2529 661 2774 716 velamen
2817 675 3071 732 peccator
3103 663 3329 730 inlexit,
3377 674 3436 720 ut
3465 665 3714 736 pudenda
3755 683 3852 723 sua

2253 763 2527 826 contegat.
2557 754 2698 810 Jacit
2725 757 2870 810 enim
2901 773 3062 826 supra
3095 771 3154 812 se
3199 757 3348 823 folia,
3381 749 3472 828 qui
3503 761 3718 829 culpam
3761 777 3854 816 ve-

2255 845 2370 902 lare
2397 846 2712 902 desiderans
2739 857 2831 902 aut
2857 847 3128 904 diabolum
3155 849 3334 906 delicti
3365 863 3630 908 memorat
3651 863 3856 909 aucto-

2257 954 2370 994 rem
2401 981 2413 1004 ,
2467 948 2558 994 aut
2609 941 2786 994 carnis
2841 941 3134 1012 praetendit
3181 943 3507 1009 illecebras,
3559 955 3652 1000 aut
3695 947 3854 1002 alium

2255 1031 2560 1102 quempiam
2594 1047 2970 1102 persuasuram
3004 1033 3182 1104 prodit
3209 1036 3437 1090 erroris.
3485 1037 3551 1090 Et
3573 1038 3644 1093 de
3673 1039 3854 1110 Scrip.

2257 1125 2394 1180 turis
2421 1125 2620 1178 divinis
2647 1127 2958 1196 frequenter
3001 1130 3199 1194 promit
3228 1127 3491 1198 exempla,
3523 1131 3723 1199 quibus
3743 1131 3856 1200 jus-

2259 1225 2344 1270 tos
2373 1217 2423 1270 in
2451 1217 2666 1287 culpam
2699 1217 2948 1286 perhibet
2991 1217 3270 1287 incidisse,
3293 1219 3483 1276 dicens
3525 1221 3572 1276 si
3619 1221 3756 1278 forte
3805 1224 3856 1278 in

2257 1312 2464 1379 stupris
2497 1309 2658 1364 fuerit
2695 1309 3110 1380 deprehensus:
3165 1312 3236 1368 Et
3279 1313 3550 1368 Abraham
3601 1331 3722 1370 cum
3765 1333 3860 1370 an-

2263 1405 2385 1459 cilla
2411 1405 2700 1460 concubuit
2731 1403 2882 1472 (Gen.
2917 1421 3008 1460 xvi
3029 1449 3041 1470 ,
3074 1405 3152 1472 4),
3187 1414 3240 1460 et
3281 1407 3446 1462 David
3477 1407 3707 1462 alienam
3737 1409 3860 1464 ada-

2257 1499 2426 1552 mavit
2453 1507 2506 1552 et
2537 1497 2638 1552 sibi
2668 1497 2898 1552 adscivit
2928 1514 3150 1554 uxorem
3183 1499 3254 1572 (ll
3291 1500 3420 1571 Reg.
3471 1517 3520 1556 xu
3541 1542 3556 1564 ,
3607 1503 3642 1556 tt
3667 1512 3716 1558 et
3743 1501 3857 1572 27).

2259 1589 2608 1646 Asmitcnim
2641 1591 2742 1646 sibi
2769 1591 3018 1661 quaedam
3063 1591 3212 1660 folia,
3243 1595 3492 1664 quaedam
3521 1597 3768 1665 exempla
3797 1597 3862 1652 de

2265 1683 2698 1752 prepheticarum
2731 1685 2874 1740 serie
2922 1684 3338 1754 scripturarum,
3391 1686 3626 1742 fructum
3675 1703 3858 1744 earum

2257 1792 2366 1832 non
2403 1785 2549 1846 putat
2577 1777 2982 1847 requirendum.

619 1875 710 1931 65.
754 1873 824 1930 Et
847 1875 1012 1947 aperti
1037 1883 1186 1942 sunt,
1211 1875 1416 1946 inquit,
1443 1879 1578 1934 oculi
1607 1895 1806 1948 eorum,
1837 1889 1884 1935 et
1906 1897 2153 1952 cognove-
2185 1873 2232 1934 Β
2329 1869 2420 1924 66.
2461 1868 2650 1924 Nonne
2677 1870 2768 1926 tibi
2799 1869 3050 1925 videntur
3079 1871 3240 1926 etiam
3269 1870 3442 1928 Jndmi
3465 1871 3590 1928 folia
3617 1887 3859 1942 assuere,

551 1975 672 2022 runt
695 1967 836 2038 quod
862 1968 987 2021 nudi
1007 1977 1170 2022 essent
1193 1966 1358 2040 (lbid.
1379 2011 1394 2037 ,
1423 1971 1500 2038 7).
1537 1971 1606 2026 Et
1625 1982 1750 2028 ante
1779 1973 1998 2044 quidem
2022 1973 2155 2030 nudi

551 2069 728 2126 erant,
761 2060 855 2116 sed
888 2075 994 2116 non
1025 2061 1145 2116 sine
1173 2061 1428 2116 virtutum
1473 2062 1854 2132 integumentis
1906 2063 2008 2134 (De
2039 2065 2159 2120 Pae-

551 2153 647 2208 nit.
677 2153 797 2208 dist.
839 2153 896 2218 ἳ,
943 2171 988 2206 c.
1023 2151 1092 2208 Ut
1133 2152 1528 2226 cognoverunt).
1561 2154 1700 2210 Nudi
1741 2165 1900 2211 erant
1941 2168 2159 2227 propter

549 2262 762 2302 morum
781 2247 1220 2318 simplicitatem,
1255 2257 1310 2302 et
1351 2249 1494 2318 quod
1541 2249 1796 2304 amictum
1829 2249 2035 2306 fraudis
2063 2267 2160 2304 na-

551 2339 670 2394 tuia
697 2340 952 2396 nesciret.
983 2339 1142 2395 Nunc
1162 2349 1340 2396 autem
1365 2341 1546 2398 multis
1575 2341 1980 2397 simulationum
2003 2341 2160 2398 invo-

549 2433 716 2490 lucris
741 2449 895 2489 mens
921 2435 1156 2490 humana
1196 2434 1428 2489 velatur.
1473 2434 1620 2506 Ergo
1648 2444 2002 2506 posteaquam
2031 2451 2160 2506 spo-

551 2524 710 2582 liatos
739 2540 797 2580 se
839 2525 932 2582 illa
959 2525 1274 2582 sinceritate
1305 2535 1360 2582 et
1399 2526 1750 2596 simplicitate
1783 2528 2035 2584 viderunt
2075 2529 2162 2584 in-

555 2627 727 2688 tegra:
760 2617 1195 2689 incorruptteque
1241 2629 1484 2682 naturae,
1515 2636 1768 2690 quaerere
1795 2623 2064 2678 mundana
2109 2634 2164 2680 et

557 2710 866 2766 mannfacta
903 2713 1060 2785 175
1086 2723 1390 2783 repetunt,
1417 2714 1615 2784 quibus
1654 2715 1796 2772 nuda
1821 2732 1934 2773 sua:
1963 2718 2162 2774 mentis

559 2803 874 2873 aperirent:
922 2805 1318 2862 delectationes
1355 2807 1830 2874 delectationibus,
1879 2819 1934 2866 et
1977 2809 2164 2866 mundi

555 2893 720 2966 hujus
745 2896 1062 2952 umbratiles
1093 2899 1394 2968 voluptates
1430 2899 1574 2954 velut
1600 2898 1726 2954 folia
1755 2901 1898 2956 foliis
1921 2917 2152 2957 assuen-

565 2995 669 3054 tes,
721 2989 919 3058 quibus
975 2989 1362 3046 obumbrarent
1407 2991 1646 3060 genitale
1693 3004 1984 3049 secretmn.
2031 2993 2165 3048 Nam

563 3082 834 3151 quomodo
865 3083 1080 3138 clausos
1121 3084 1303 3138 oculos
1331 3085 1580 3154 corporis
1613 3085 1798 3140 habuit
1844 3089 2012 3142 Adam
2033 3130 2046 3154 ,
2077 3089 2167 3158 qui

562 3177 740 3232 omnia
771 3179 1064 3233 animantia
1095 3178 1166 3234 ita
1201 3179 1354 3246 vidit,
1389 3189 1446 3234 ut
1475 3181 1561 3236 his
1589 3195 1642 3236 et
1685 3200 1877 3238 nomen
1923 3185 2167 3255 impone-

559 3271 680 3327 ret?
734 3271 1017 3340 Quomodo
1047 3284 1442 3343 cognoverunt,
1487 3275 1539 3328 id
1571 3284 1682 3342 est,
1719 3277 1976 3332 interiore
2005 3286 2060 3332 et
2091 3277 2169 3330 al-

563 3366 703 3420 tiore
730 3367 954 3420 scientia
995 3381 1101 3420 non
1133 3368 1368 3422 tunicam
1397 3367 1523 3432 sibi,
1553 3369 1650 3422 sed
1677 3371 1937 3424 virtutum
1979 3370 2170 3425 deesse

567 3457 874 3512 velamina?

639 3547 730 3604 64.
775 3548 840 3602 Et
885 3559 1188 3614 assuerant,
1245 3549 1436 3618 inquit,
1479 3551 1606 3621 [alia
1637 3551 1797 3619 ﬁcus,
1849 3561 1892 3606 et
1943 3555 2172 3624 fecerunt

567 3643 664 3698 sibi
717 3645 1059 3698 succinctoria
1103 3642 1265 3714 (Ibid.
1317 3644 1395 3714 7).
1441 3644 1622 3698 Ficum
1655 3643 1757 3699 hoc
1787 3645 1907 3702 loco
1939 3662 2037 3716 pro
2067 3661 2172 3716 qua

567 3741 750 3810 specie
777 3739 1072 3796 debeamus
1113 3739 1360 3810 accipere
1405 3739 1712 3794 divinarum
1760 3757 1856 3796 nos
1895 3741 2054 3796 docet
2083 3756 2172 3798 se-

569 3835 678 3890 ries
709 3835 1004 3890 lectionum
1031 3851 1044 3889 :
1079 3832 1516 3903 quandoquidem
1557 3843 1774 3890 sanctos
1801 3849 1922 3892 esse
1949 3836 2042 3905 qui
2073 3838 2174 3892 sub

569 3929 680 3985 vite
747 3940 804 3986 et
863 3927 966 3984 ﬁcu
1037 3929 1385 4000 requiescunt
1451 3921 1731 3998 Scriptura
1793 3933 2176 3987 memoraverit

569 4022 758 4094 (Mich.
783 4037 858 4088 1v,
885 4020 967 4092 4),
997 4031 1056 4078 et
1085 4019 1342 4078 Salomon
1389 4021 1589 4078 dixerit
1623 4039 1636 4076 :
1679 4021 1806 4090 Quis
1858 4023 2054 4092 plantat
2111 4025 2175 4092 ﬁ-

569 4131 706 4179 cum,
737 4125 783 4170 et
817 4115 881 4168 de
923 4117 1096 4187 fructu
1135 4118 1248 4188 ejus
1298 4131 1400 4168 non
1443 4115 1725 4170 manducet
1767 4115 1952 4188 (Prov.
1991 4133 2174 4185 xxvtt,

569 4204 688 4277 18),
711 4215 766 4259 ει
795 4206 1053 4260 Dominus
1083 4206 1150 4260 ad
1177 4206 1335 4261 ficum
1370 4208 1608 4274 venerit;
1639 4208 1734 4263 sed
1761 4207 1885 4264 ideo
1911 4209 1982 4264 sit
2005 4209 2174 4266 offen-

573 4311 692 4364 sus,
723 4297 846 4366 quia
881 4310 988 4352 non
1029 4298 1297 4354 invenerit
1329 4299 1590 4362 fructum,
1645 4300 1740 4354 sed
1789 4299 1912 4354 folia
1945 4309 2172 4357 tantum.

573 4390 747 4445 Docet
772 4404 900 4460 ergo
927 4405 1014 4446 me
1035 4389 1204 4446 Adam
1233 4389 1364 4460 quid
1397 4391 1506 4446 sint
1525 4391 1672 4458 folia,
1705 4393 1795 4462 qui
1825 4403 2178 4464 posteaquam

579 4482 845 4552 peccavit,
877 4481 945 4538 de
991 4481 1136 4536 foliis
1167 4481 1298 4536 licus
1343 4481 1534 4538 fecerit
1583 4482 1688 4538 sibi
1737 4485 2175 4553 succinctorium,

579 4577 671 4647 qui
701 4575 772 4632 de
795 4575 1058 4632 fructibus
1089 4575 1259 4645 magis
1285 4575 1404 4645 ejus
1433 4585 1649 4646 gustare
1673 4576 1945 4634 debuerit.
1991 4578 2178 4635 Justus

2261 1963 2386 2020 dum
2427 1963 2564 2034 legis
2595 1963 2856 2034 spiritalis
2889 1965 3052 2020 verba
3093 1967 3449 2034 corporaliter
3491 1967 3858 2036 interpretan-

2263 2059 2387 2114 tur?
2417 2059 2656 2126 Quorum
2695 2058 3070 2128 interpretatio
3103 2057 3334 2116 fructum
3371 2075 3588 2116 omnem
3617 2061 3864 2116 viridita-

2263 2152 2332 2206 tis
2384 2151 2602 2216 amittit,
2651 2151 2906 2206 damnata
2957 2151 3245 2207 maledicto
3303 2152 3572 2208 ariditatis
3619 2164 3858 2210 aeternae.

2264 2243 2410 2300 Bona
2443 2245 2604 2315 igitur
2633 2243 3039 2314 interpretatio,
3071 2244 3174 2299 hoc
3198 2254 3302 2310 est,
3336 2245 3594 2315 spiritalis
3625 2246 3758 2302 licus
3783 2257 3866 2304 est

2263 2339 2579 2406 fructuosa,
2625 2341 2728 2395 sub
2781 2354 2886 2409 qua
2949 2340 3080 2408 justi
3145 2341 3426 2410 sanctique
3493 2340 3860 2411 requiescunt.

2265 2433 2438 2500 Quam
2485 2433 2574 2503 qui
2627 2432 2952 2502 plantaverit
2981 2431 3034 2486 in
3067 2433 3262 2488 animis
3309 2433 3677 2504 singulorum,
3731 2433 3866 2489 sicut

2265 2527 2462 2584 Paulus
2492 2527 2566 2580 ait
2598 2543 2610 2578 :
2654 2525 2770 2598 Ego
2803 2527 3028 2596 plantavi
3049 2567 3066 2592 ,
3113 2526 3300 2596 Apollo
3327 2526 3513 2595 rigavit
3545 2525 3590 2598 (ι
3617 2524 3741 2580 Cor.
3775 2543 3860 2592 ut,

2265 2621 2344 2690 ti),
2378 2618 2726 2676 manducabit
2771 2634 2838 2674 ex
2869 2635 2932 2674 ea
2985 2621 3236 2674 fructum.
3279 2618 3415 2673 Mala
3462 2629 3644 2674 autem
3694 2621 3862 2676 inter-

2267 2713 2496 2784 pretatio
2527 2709 2758 2768 fructmu
2791 2710 2955 2780 ferre,
2981 2711 3310 2768 viriditatem
3356 2727 3574 2768 servare
3619 2728 3726 2768 non
3771 2727 3866 2783 po-

2269 2808 2414 2866 terit.

2341 2904 2430 2958 67.
2473 2901 2624 2970 Quod
2655 2901 2814 2972 igitur
2835 2902 3054 2972 gravius
3092 2911 3176 2956 est
3207 2900 3358 2972 (Vid.
3395 2901 3456 2958 S.
3491 2901 3626 2972 Aug.
3661 2919 3698 2958 ιι
3727 2913 3862 2957 cont.

2269 2995 2384 3051 Jul.
2413 2995 2623 3066 Pelag.,
2668 3015 2713 3050 c.
2748 2997 2799 3063 ϐ,
2843 2995 3044 3066 11.16),
3093 2994 3194 3049 hac
3239 3011 3298 3052 se
3331 2994 3500 3049 Adam
3549 2996 3866 3064 interpreta-

2272 3092 2419 3146 tione
2445 3090 2712 3146 suecinxit
2729 3106 2794 3144 eo
2825 3089 2966 3152 loco,
2998 3088 3086 3142 ubi
3115 3090 3288 3142 fructu
3325 3089 3496 3158 magis
3521 3088 3780 3144 castitatis
3807 3104 3866 3144 sc

2271 3185 2586 3254 succingere
2615 3181 2910 3237 debuisset.
2937 3181 2992 3236 In
3028 3180 3221 3234 lumbis
3243 3179 3386 3236 enim
3415 3180 3610 3250 quibus
3636 3181 3868 3250 pra-ein-

2195 3269 2240 3331 C
2275 3275 2472 3346 gimur,
2505 3274 2749 3344 qtncdam
2790 3275 2996 3328 semina
3039 3273 3406 3340 generationis
3433 3288 3556 3328 esse
3583 3273 3863 3338 dicuntur;

2275 3379 2330 3424 et
2353 3367 2474 3422 ideo
2503 3367 2642 3422 male
2671 3367 2740 3420 ibi
2773 3365 3079 3420 succinctus
3105 3375 3192 3420 est
3211 3365 3380 3420 Adam
3410 3365 3549 3420 foliis
3569 3366 3864 3432 inutilibus,

2278 3460 2366 3514 ubi
2391 3459 2588 3516 futura:
2617 3458 2980 3528 generationis
3015 3458 3174 3530 176
3203 3473 3306 3512 non
3337 3457 3567 3514 fructum
3597 3457 3825 3514 futurum
3853 3501 3866 3524 ,

2275 3553 2370 3606 sed
2401 3553 2650 3624 qumdam
2697 3562 2912 3622 peccata
2946 3554 3216 3623 signaret,
3259 3569 3379 3622 qua:
3429 3563 3746 3608 manserunt
3775 3570 3870 3608 us-

2275 3663 2384 3718 que
2413 3647 2466 3700 in
2497 3646 2786 3704 adventum
2819 3646 3033 3702 Domini
3065 3647 3387 3700 Salvatoris.
3431 3645 3702 3702 Cmternm
3749 3663 3868 3717 pos-

2279 3751 2526 3811 teaquam
2571 3741 2832 3796 Dominus
2859 3739 3096 3804 advenit,
3129 3739 3290 3794 ﬁcum
3321 3739 3525 3794 invenit
3565 3741 3817 3795 incultam
3855 3760 3866 3793 :

2277 3845 2496 3905 rogatus
2525 3849 2593 3890 ne
2621 3849 2740 3888 eam
2765 3833 2980 3904 iuberet
3009 3833 3203 3896 excidi,
3237 3835 3584 3890 ntcoleretur
3604 3836 3866 3904 permisit.

2278 3927 2346 3982 Et
2372 3926 2493 3982 ideo
2513 3926 2623 3996 jam
2658 3941 2764 3981 nou
2797 3925 2960 3990 foliis,
2991 3927 3090 3980 sed
3110 3927 3292 3980 divino
3318 3942 3572 3984 sermone
3602 3928 3868 3997 succingi-

2279 4036 2434 4084 mur;
2469 4020 2594 4090 quia
2625 4021 2740 4090 ipse
2771 4019 3029 4074 Dominus
3066 4019 3178 4074 ait:
3213 4019 3330 4074 Sint
3380 4019 3534 4074 lumbi
3567 4021 3718 4076 uestri
3757 4037 3873 4074 suc-

2279 4115 2453 4180 cincti,
2511 4125 2560 4168 et
2609 4115 2836 4168 lucerna:
2887 4113 3124 4167 ardentes
3171 4111 3342 4185 (Luc.
3370 4128 3479 4177 xu,
3533 4114 3604 4169 55
3623 4113 3664 4184 ).
3719 4112 3874 4168 Unde

2279 4207 2444 4280 etiam
2490 4208 2775 4277 pecuniam
2805 4207 2857 4260 in
2912 4208 3065 4260 zonis
3112 4207 3314 4261 nostris
3362 4216 3580 4274 portare
3627 4205 3874 4275 prohibet

2282 4297 2498 4368 (Matth.
2535 4314 2568 4352 χ
2593 4341 2606 4364 ,
2642 4297 2732 4368 9);
2764 4313 2870 4352 non
2903 4296 3048 4352 enim
3087 4297 3391 4365 saacularia,
3423 4295 3518 4354 sed
3547 4307 3752 4353 aeterna
3781 4297 3874 4352 de-

2281 4391 2372 4448 bet
2393 4405 2527 4447 zona
2557 4399 2742 4447 nostra
2773 4406 3014 4448 servare.

2869 4527 3100 4585 CAPUT
3140 4527 3280 4584 XIV.

577 4642 814 4724 fructum
868 4667 1016 4740 eligit
1046 4708 1060 4731 ,
1117 4642 1244 4722 folia
1295 4642 1565 4738 peccator.
1621 4669 1753 4736 Quis
1805 4680 1888 4726 est
1933 4672 2176 4728 fructus?
2201 4658 2254 4720 D
2283 4643 2360 4699 De
2381 4659 2500 4740 υθίξθ
2537 4642 2746 4740 υοηξίηί
2787 4643 3165 4740 άῗξῗθῖώυίίξηξὴ
3203 4643 3272 4696 ad
3303 4659 3586 4740 υθδρεταηῗν
3617 4653 3662 4698 θ’
3713 4645 3876 4698 imre"

577 4755 830 4830 Fructus,
876 4762 1072 4832 inquit,
1099 4762 1312 4830 spiritus
1351 4773 1424 4818 est
1467 4763 1715 4828 charitas,
1745 4764 2015 4834 gaudium,
2053 4781 2179 4836 pax,

577 4857 846 4928 patientia,
891 4856 1199 4926 benignitas,
1234 4855 1504 4922 modestia,
1533 4857 1562 4898 b
1591 4859 1927 4924 continentia,
1975 4858 2182 4914 dilectio

579 4945 776 5020 (Colat.
807 4962 864 5014 v,
895 4944 1016 5018 22).
1059 4945 1176 5002 Νοη
1209 4944 1442 5002 habebat
1481 4946 1718 5004 fructum
1741 4992 1756 5016 ,
1789 4950 1880 5020 qui
1925 4951 2180 5022 gaudium

577 5056 688 5096 non
715 5039 971 5096 habebat.
999 5038 1117 5094 Non
1149 5037 1384 5094 habebat
1427 5039 1585 5095 fidem
1607 5084 1620 5108 ,
1661 5042 1750 5112 qui
1796 5046 2182 5111 praevaricatus

581 5143 701 5194 erat
745 5134 1056 5190 mandatum
1085 5133 1206 5190 Dei.
1238 5132 1352 5188 Non
1386 5133 1621 5191 habebat
1645 5138 2064 5209 continentiam,
2091 5140 2180 5212 qui

579 5229 649 5286 de
687 5226 976 5284 interdicto
1003 5225 1102 5281 sibi
1133 5234 1447 5296 gustaverat
1477 5225 1643 5296 tigno.
2167 5235 2170 5239 '

651 5323 743 5382 65.
795 5325 936 5395 Ergo
957 5323 1281 5394 quicumque
1306 5323 1691 5394 przevaricatur
1718 5323 2030 5380 mandatum
2063 5325 2179 5391 Dei,

581 5417 846 5488 spoliatur
883 5429 1046 5489 atque
1073 5415 1339 5482 nudatur;
1373 5423 1426 5470 et
1453 5415 1512 5470 fit
1547 5417 1664 5485 ipse
1693 5417 1792 5472 sibi
1827 5419 1992 5488 turpis
2023 5436 2038 5474 :
2069 5419 2184 5476 vult

583 5525 642 5564 se
669 5511 882 5580 operire
923 5507 1246 5579 quibusdam
1297 5509 1430 5562 licus
1475 5507 1641 5574 foliis,
1691 5507 1922 5563 fortasse
1963 5510 2184 5578 quibus-

587 5600 708 5654 dam
751 5603 1020 5667 inanibus,
1067 5599 1150 5654 vel
1199 5599 1578 5654 umbratilibus
1621 5599 1999 5668 sermonibus,
2048 5617 2184 5673 quos

660 5745 686 5772 ι
725 5735 800 5788 Ita
831 5745 954 5788 octo
983 5749 1112 5790 mss.
1147 5735 1390 5789 melioris
1418 5743 1590 5798 noue,
1623 5750 1689 5790 ac
1715 5733 1846 5788 edit.
1890 5743 1998 5789 vet.
2047 5735 2177 5790 Mss.

587 5817 766 5860 autem
809 5805 906 5860 SS.
934 5805 1036 5858 Th.
1067 5816 1121 5860 et
1158 5807 1314 5860 Mich.
1337 5847 1348 5866 ,
1375 5807 1496 5875 quia
1523 5823 1622 5860 non
1652 5807 1802 5860 homo
1837 5807 1966 5859 sicut
1998 5807 2088 5859 dii.
2119 5807 2177 5862 S.

586 5875 799 5946 Remig.
820 5917 835 5942 ,
868 5875 986 5944 quia
1005 5875 1232 5930 homines
1251 5893 1353 5930 non
1378 5880 1508 5934 sicut
1547 5877 1640 5934 dii.
1673 5879 1744 5936 At
1777 5879 1830 5933 in
1857 5877 2018 5934 Rom.
2045 5877 2176 5934 edit.

2359 4737 2564 4806 potione
2593 4736 2786 4802 Adam,
2817 4735 2916 4792 Ubi
2955 4737 3055 4790 es?
3081 4735 3184 4790 Cur
3213 4746 3458 4807 pratterea
3480 4737 3678 4808 primus
3709 4742 3877 4792 incre-

2359 4840 2512 4904 patur
2557 4831 2754 4896 Adam,
2801 4847 2919 4884 cum
2949 4832 3090 4904 prior
3135 4831 3318 4885 mulier
3357 4834 3676 4903 gustaverit:
3720 4843 3766 4886 et
3817 4833 3880 4887 de

2357 4927 2592 4984 mulieris
2644 4926 3002 4992 excusatione,
3042 4941 3102 4979 ac
3145 4925 3403 4996 mysteriis
3458 4941 3547 4998 per
3599 4927 3694 4980 illa
3741 4925 3880 4980 desi-

2357 5030 2549 5092 gnaus.

2355 5133 2445 5188 68.
2487 5130 2558 5186 Et
2581 5130 2858 5186 audierunt
2879 5173 2892 5196 ,
2926 5129 3133 5201 inquit,
3159 5145 3332 5185 uocem
3355 5129 3557 5184 Domini
3589 5128 3688 5186 Dei
3709 5131 3883 5184 deant-

2287 5224 2514 5279 balantis
2535 5225 2586 5277 in
2629 5224 2874 5294 paradiso
2905 5223 2973 5276 ad
3013 5239 3274 5293 vesperam
3319 5222 3470 5294 (Gen.
3517 5239 3607 5290 ut,
3639 5224 3720 5296 8).
3754 5225 3884 5292 Qua:

2287 5331 2371 5376 est
2414 5318 2778 5374 deambulatio
2833 5317 2924 5372 Dei
2963 5318 3051 5388 qui
3099 5318 3297 5388 ubique
3343 5331 3558 5386 semper
3599 5318 3728 5372 est?
3776 5317 3882 5374 Sed

2287 5421 2421 5484 puto
2452 5409 2944 5466 deambulationem
2991 5409 3277 5480 quamdam
3310 5423 3430 5464 esse
3471 5408 3566 5463 Dei
3610 5425 3710 5480 per
3749 5410 3884 5464 divi-

2285 5521 2474 5560 narum
2508 5503 2706 5558 seriem
2735 5501 3135 5573 Scripturarum
3155 5545 3171 5568 ,
3199 5503 3250 5556 in
3283 5501 3482 5572 quibus
3511 5501 3606 5558 Dei
3637 5502 3884 5573 quaedam

2285 5607 2531 5654 versatur
2561 5595 2883 5666 praesentia;
2933 5611 3056 5650 cum
3087 5595 3334 5650 audimus
3378 5597 3500 5666 quia
3531 5596 3650 5666 ipse
3693 5597 3885 5668 aSpicit

2289 5734 2366 5789 sic
2397 5735 2546 5802 legas
2566 5774 2578 5797 ,
2609 5741 2654 5786 et
2683 5731 2866 5804 fefellit
2888 5731 3058 5804 dicens
3081 5773 3098 5804 γ,
3129 5731 3270 5784 eritis
3305 5731 3432 5783 sicut
3461 5729 3554 5784 dii.

2359 5805 2386 5843 ι’
2425 5805 2583 5860 Rom.
2615 5803 2748 5858 edit.
2768 5845 2781 5870 ,
2810 5803 3124 5858 continentia
3143 5844 3156 5867 ,
3186 5804 3411 5862 castitas,
