4150 6358
307 333 414 390 509

1456 328 1544 385 DE
1585 327 1929 387 PARADISO
1964 327 2174 387 LIBER
2212 329 2412 389 UNUS.

3498 338 3606 394 510

311 449 528 513 omnia,
569 455 629 504 et
669 446 813 504 oculi
842 445 1051 503 Domini
1089 459 1251 516 super
1276 444 1451 516 justos
1481 461 1494 498 :
1525 458 1646 500 cum
1674 442 1908 514 legimus
1935 445 1989 507 Α
2016 441 2250 498 habebat
2296 443 2504 509 oculos,
2553 453 2613 500 ut
2651 457 2756 499 non
2797 443 3009 501 videret
3051 443 3332 504 latentem.
3368 448 3613 520 Denique

311 544 436 614 quia
465 540 628 598 Jesus
657 540 863 598 sciebat
890 539 1248 610 cogitationes
1277 553 1463 593 eorum
1495 536 1652 607 (Luc.
1692 553 1775 604 vi,
1807 535 1862 605 8)
1894 550 1906 586 :

311 651 436 692 cum
465 636 696 706 legimus
721 650 736 688 :
770 633 908 700 Quid
947 633 1180 706 cogitatis
1211 631 1348 684 mala
1387 631 1440 684 in
1467 628 1710 684 cordibus
1736 628 1912 682 vestris

311 730 530 804 (Matth.
562 745 638 796 ιι,
669 725 760 800 4)?
803 728 943 798 Ergo
985 727 1111 780 dum
1159 725 1274 780 haec
1317 737 1706 789 recensemus,
1758 719 1914 793 quasi

311 824 755 881 deambulantem
806 820 1181 892 cognoscimus
1239 819 1430 874 Deum.
1495 815 1732 886 Fugerat
1783 830 1914 886 ergo

314 928 592 988 peccator,
626 931 731 972 non
760 930 867 986 quo
918 914 1010 969 Dei
1064 922 1249 984 posset
1297 912 1466 966 latere
1511 917 1862 978 conspectum
1899 925 1911 962 :

315 1012 413 1069 sed
446 1012 584 1066 intra
615 1006 1005 1065 conscientiam
1039 1021 1190 1062 suam
1232 1005 1406 1060 latere
1435 1002 1716 1073 cupiebat,
1747 1015 1915 1072 opera

316 1122 412 1162 sua
443 1106 626 1160 lucere
665 1103 902 1157 nolebat.
933 1100 1073 1156 Justi
1113 1099 1257 1153 enim
1305 1107 1388 1154 est
1431 1097 1569 1152 facie
1613 1095 1680 1149 ad
1725 1094 1916 1150 faciem

313 1198 538 1262 videre;
571 1196 694 1266 quia
723 1194 857 1264 justi
888 1208 1040 1247 mens
1072 1206 1181 1248 non
1213 1191 1386 1246 solum
1413 1190 1522 1244 Deo
1544 1203 1784 1259 praesens
1811 1196 1916 1256 est,

314 1289 411 1345 sed
445 1289 609 1343 etiam
639 1302 764 1342 cum
797 1286 909 1341 Deo
964 1284 1226 1354 disputat,
1280 1282 1412 1337 sicut
1469 1281 1728 1351 scriptum
1789 1289 1872 1335 est
1901 1294 1921 1333 :

313 1379 562 1436 Judicate
588 1379 806 1451 pupillo,
845 1388 890 1433 et
904 1379 1194 1452 justiﬁcate
1222 1375 1450 1441 viduam,
1480 1383 1525 1428 et
1555 1373 1719 1427 venite
1739 1372 1922 1442 dispu-

317 1485 507 1540 temus,
537 1473 660 1526 dicit
689 1472 941 1526 Dominus
974 1468 1142 1540 (Esai.
1175 1486 1220 1537 t,
1255 1471 1320 1524 17
1369 1479 1415 1522 et
1466 1466 1577 1539 18).
1611 1467 1751 1538 Ergo
1795 1481 1917 1522 cum

317 1565 454 1636 legit
501 1572 755 1636 peccator
785 1561 884 1617 bas
925 1562 1236 1632 Scripturas
1276 1561 1510 1626 divinas,
1556 1560 1705 1615 audit
1735 1574 1920 1614 vocem

319 1660 419 1715 Dei
450 1660 602 1730 quasi
632 1657 966 1713 ambulantis
989 1657 1053 1711 ad
1089 1670 1392 1726 vesperam.
1428 1652 1566 1722 Quid
1595 1662 1679 1708 est
1703 1651 1769 1707 ad
1803 1667 1920 1708 ves-

317 1768 530 1823 peram,
553 1753 656 1806 nisi
687 1753 808 1822 quia
835 1751 1047 1820 culpam
1079 1765 1230 1803 suain
1260 1762 1384 1802 sero
1426 1747 1724 1816 cognoscit,
1755 1755 1808 1802 et
1835 1761 1921 1801 sc-

2016 534 2138 588 ideo
2165 533 2302 589 dixit
2333 553 2346 590 :
2379 533 2574 590 Factus
2619 546 2691 592 est
2731 536 2899 590 Adam
2939 547 3200 609 tamquam
3224 557 3354 595 unus
3375 557 3440 596 ea:
3467 543 3612 598 nobis

2017 626 2166 698 (Gen.
2194 643 2274 692 ιιι,
2307 629 2431 699 9‘2);
2467 631 2593 700 quia
2638 631 2853 700 aperuit
2894 632 3101 688 oculos.
3131 642 3155 670 ⁸
3183 633 3249 689 Et
3278 635 3365 690 hic
3395 635 3611 705 quidem

2016 719 2230 790 aperuit
2259 720 2469 786 oculos,
2503 730 2558 775 ut
2587 722 2803 792 culpam
2837 737 2988 777 suam
3023 722 3250 792 videret,
3285 742 3443 796 quam
3475 728 3614 781 vita-

2015 827 2075 866 re
2120 828 2227 866 non
2261 813 2456 882 potuit.
2489 813 2656 884 Magis
2700 815 2844 868 enim
2902 825 3188 887 postquam
3238 819 3609 887 peccavimus,

2017 906 2203 962 nescio
2231 906 2502 977 quomodo
2538 917 2722 962 nostra
2745 907 2940 963 delicta
2969 911 3348 980 cognoscimus
3373 929 3386 966 :
3411 920 3465 966 et
3491 921 3616 966 tunc

2016 1013 2296 1074 peccatum
2321 1016 2442 1056 esse
2475 1002 2846 1073 intelligimus,
2875 1003 3016 1074 quod
3048 1017 3336 1078 antequam
3362 1023 3618 1078 peccare-

2019 1109 2159 1162 mus,
2191 1109 2295 1149 non
2327 1094 2651 1165 putabamus
2679 1109 2800 1150 esse
2822 1105 3125 1165 peccatum.
3153 1096 3314 1154 Certe
3335 1115 3438 1154 non
3463 1101 3615 1172 quasi

2020 1196 2296 1259 peccatum
2331 1187 2652 1258 putabamus
2679 1203 2802 1244 esse
2824 1188 3222 1257 damnandum;
3254 1208 3376 1248 nam
3397 1193 3442 1248 si
3468 1193 3618 1247 dam-

2022 1297 2306 1350 nareiuus,
2335 1297 2441 1337 non
2479 1282 2914 1338 admitteremus.
2963 1282 3105 1338 Deus
3151 1295 3329 1340 autem
3377 1286 3616 1341 omnium

2021 1375 2167 1429 videt
2209 1375 2414 1444 culpas,
2452 1383 2506 1429 et
2555 1375 2797 1429 omnium
2847 1374 3046 1430 delicta
3097 1377 3414 1447 cognoscit:
3455 1393 3620 1449 super

2022 1484 2234 1526 omnem
2289 1470 2546 1538 animam,
2578 1485 2741 1540 super
2785 1471 3024 1525 omnium
3067 1473 3276 1526 occulta
3314 1471 3500 1528 oculos
3529 1472 3622 1527 lia-

2023 1562 2132 1618 bet.
2167 1561 2195 1599 b
2223 1563 2361 1629 Quid
2405 1570 2489 1617 est
2531 1577 2700 1634 ergo:
2735 1561 2923 1629 Adam,
2953 1561 3151 1618 abies?
3180 1562 3238 1618 ld
3266 1571 3380 1630 est,
3416 1579 3524 1619 non
3565 1565 3618 1619 in

2021 1670 2150 1726 quo,
2175 1656 2271 1710 sed
2303 1654 2356 1709 iu
2380 1653 2574 1726 quibus
2600 1669 2680 1710 es.
2708 1654 2824 1709 Non
2859 1670 2988 1725 ergo
3016 1654 3370 1726 interrogatio
3392 1667 3497 1724 est,
3524 1658 3620 1714 sed

2023 1747 2342 1819 increpatio.
2370 1745 2450 1801 De
2479 1747 2696 1817 quibus,
2723 1746 2916 1818 inquit,
2947 1747 3126 1813 bonis,
3155 1747 3222 1804 de
3260 1764 3363 1819 qua
3393 1748 3622 1805 beatituo

315 1859 381 1900 ro
412 1845 558 1900 venit
585 1843 832 1914 quaedam
865 1842 1068 1898 erroris
1097 1841 1358 1912 praeteriti
1411 1839 1756 1904 verecundia,
1799 1855 1919 1909 qua:
1950 1844 1998 1904 B
2024 1844 2172 1908 diue,
2201 1844 2267 1896 de
2296 1857 2396 1912 qua
2420 1842 2592 1911 gratia
2623 1842 2674 1895 in
2704 1857 2862 1912 quam
2901 1841 3174 1897 miseriam
3202 1843 3441 1898 recidisti
3467 1843 3492 1897 2
3517 1843 3624 1899 De-

313 1953 560 1994 errorem
589 1935 896 2007 praevenire
924 1935 1220 1991 debuerat?
1241 1933 1374 1989 Nam
1402 1934 1528 1989 dum
1561 1935 1718 2006 culpa
1749 1933 1922 1989 fervet

313 2030 369 2085 in
389 2045 640 2101 corpore,
673 2040 725 2085 et
745 2029 920 2082 anima
949 2028 1258 2099 exagitatur
1281 2027 1530 2096 corporis
1553 2025 1918 2098 passionibus,

315 2137 426 2176 non
459 2123 661 2190 cogitat
692 2122 861 2176 Deum
892 2136 1083 2177 sensus
1127 2122 1384 2185 errantis,
1415 2121 1517 2175 ltoc
1546 2129 1650 2186 est,
1681 2135 1788 2174 non
1826 2136 1922 2174 au-

318 2215 401 2270 dit
438 2217 603 2271 Deum
647 2215 1011 2271 ambulantem
1056 2216 1106 2269 in
1153 2213 1451 2284 Scripturis
1481 2211 1701 2280 divinis,
1734 2213 1923 2268 ambu—

315 2309 519 2364 lantem
575 2310 627 2364 in
685 2311 960 2364 mentibus
1017 2308 1374 2380 singulorum.
1412 2307 1548 2361 Dieit
1580 2307 1722 2362 enim
1756 2307 1916 2372 Deus,

315 2404 588 2472 Quoniam
635 2403 951 2458 iuliabitabo
1003 2403 1056 2457 in
1119 2402 1254 2468 illis,
1294 2411 1349 2456 et
1390 2401 1533 2455 inter
1588 2415 1684 2456 eos
1731 2399 1922 2454 ambu-

313 2495 464 2561 labo,
501 2504 554 2550 et
606 2509 701 2552 ero
742 2495 959 2549 illorum
1016 2494 1159 2549 Deus
1215 2491 1400 2563 (Lavit.
1435 2507 1598 2558 xxvi,
1631 2492 1743 2562 12).
1781 2491 1922 2562 Ergo

313 2606 441 2646 eum
473 2591 524 2644 in
549 2591 745 2645 anima:
773 2603 996 2644 sensum
1027 2586 1251 2643 redierit
1280 2585 1566 2656 potestatis
1589 2583 1822 2639 formido
1841 2585 1921 2639 di-

317 2686 488 2751 vinm,
521 2695 631 2739 tum
678 2683 1072 2747 erubescimus,
1103 2690 1230 2737 tunc
1264 2697 1360 2735 uos
1404 2680 1668 2751 gestimus
1697 2680 1927 2735 abscon-

318 2779 477 2845 dere,
509 2788 634 2834 tuuc
681 2779 735 2832 in
778 2788 1123 2848 peccatorum
1174 2787 1484 2830 nostrorum
1516 2775 1675 2844 positi
1721 2775 1925 2846 cogita-

319 2875 594 2933 tionibus.
629 2873 680 2928 in
729 2872 909 2927 medio
954 2870 1080 2941 ligni
1132 2868 1366 2939 paradisi
1421 2869 1510 2924 ubi
1559 2868 1926 2938 peccavimus,

321 2964 834 3032 deprehendimur,
888 2964 1060 3018 latere
1112 2962 1439 3032 cupientes,
1493 2972 1549 3016 et
1601 2961 1928 3016 arbitrantes

319 3058 470 3128 quod
507 3058 650 3111 Deus
679 3073 784 3110 non
815 3055 1057 3126 requirat
1099 3055 1329 3110 occulta.
1367 3052 1473 3108 Sed
1514 3062 1788 3107 scrutator
1815 3053 1930 3106 ani-

320 3165 541 3206 morum
573 3158 627 3204 et
653 3148 1038 3220 cogitationum
1073 3163 1240 3216 usque
1269 3145 1332 3199 ad
1365 3144 1689 3200 divisionem
1736 3146 1928 3199 anima:

321 3250 622 3314 penetrans
648 3240 814 3295 dicit:
844 3240 1033 3308 Adam,
1069 3239 1153 3292 ubi
1185 3255 1235 3292 es
1269 3236 1424 3310 (Gen.
1449 3252 1503 3291 ιιι
1523 3280 1535 3298 ,
1565 3237 1650 3305 9)?

398 3336 490 3391 69.
525 3333 808 3404 Quomodo
855 3335 1092 3403 loquitur
1133 3333 1311 3386 Deus?
1341 3330 1608 3401 Numquid
1642 3345 1776 3386 voce
1805 3347 1928 3386 cor-

321 3429 527 3502 porea?
557 3427 673 3482 Non
701 3426 905 3495 utique,
925 3425 1018 3480 sed
1053 3424 1249 3479 virtute
1276 3422 1506 3494 quadam
1530 3422 1929 3492 praestantiore,

323 3537 492 3594 quam
517 3536 617 3574 vox
644 3520 891 3586 corporis
920 3527 1100 3588 potest
1129 3532 1269 3585 esse,
1307 3515 1478 3570 fundit
1506 3515 1748 3570 oracula.
1783 3514 1935 3571 Hanc

322 3629 519 3670 vocem
547 3613 664 3684 ejus
694 3614 976 3684 pr0pliet:e
1004 3611 1324 3675 audierunt;
1361 3607 1500 3662 lianc
1527 3622 1716 3662 vocem
1746 3606 1934 3662 ﬁdeles

330 3708 596 3776 audiunt,
631 3705 784 3778 impii
818 3720 924 3760 non
956 3703 1282 3774 intelligunt.
1320 3700 1562 3770 Denique
1609 3701 1658 3753 in
1693 3700 1936 3771 Evange-

325 3805 403 3860 lio
435 3804 636 3868 babes,
660 3801 784 3872 quia
816 3800 1016 3853 audivit
1035 3798 1363 3868 evangelista
1390 3795 1658 3850 dicentem
1681 3793 1894 3848 Patrem
1919 3813 1934 3852 :

328 3896 402 3952 Et
427 3894 749 3964 clariﬁcavi,
792 3903 837 3946 et
869 3891 1020 3964 177
1049 3892 1236 3945 iterum
1262 3889 1554 3956 clariﬁcabo
1589 3886 1769 3961 (Joan.
1825 3905 1935 3956 xu,

327 3989 469 4060 28);
531 3987 628 4042 sed
688 3985 860 4041 Judaei
916 3984 1042 4038 non'
1072 3982 1380 4037 audierunt.
1445 3979 1700 4036 Dicebant
1750 3982 1937 4036 enim:

333 4079 651 4135 Tonitruum
688 4082 884 4149 factum
933 4087 1007 4131 est
1055 4072 1257 4147 (Ibid.,
1285 4071 1405 4142 29).
1453 4069 1567 4128 illic
1594 4087 1744 4142 ergo,
1804 4072 1944 4127 sicut

328 4188 501 4245 supra
535 4171 704 4227 babes
724 4213 738 4232 .
772 4169 898 4240 quia
929 4169 1270 4224 sentiebatur
1297 4166 1652 4222 deambulans
1684 4165 1826 4221 Deus
1851 4164 1942 4234 qui

332 4281 454 4322 nou
483 4262 868 4321 deambulabat
898 4278 912 4315 :
959 4260 1039 4316 sic
1061 4258 1378 4316 audiebatur
1410 4251 1638 4330 loqtiEns
1663 4256 1830 4323 Deus,
1855 4257 1942 4328 qui

327 4376 453 4417 non
484 4358 825 4430 loquebatur.

413 4451 505 4508 70.
539 4449 645 4507 Sed
683 4448 811 4521 quid
852 4448 1126 4520 loquatur,
1158 4444 1567 4501 consideremus
1598 4463 1611 4499 :
1648 4444 1837 4511 Adam,
1861 4443 1946 4500 ubi

332 4563 388 4602 es
425 4543 448 4598 ?
475 4541 667 4599 Adhuc
690 4542 745 4598 in
766 4543 849 4597 bis
878 4540 1180 4607 remedium
1197 4539 1445 4594 sanitatis
1476 4546 1578 4604 est,
1604 4538 1695 4610 qui
1722 4537 1948 4592 audiunt

2025 1934 2292 2006 reliquisﬁ
2331 1932 2496 1987 vitam
2536 1943 2820 2000 :eternam,
2863 1943 2916 1987 et
2942 1933 3296 1989 attumulatus
3325 1948 3388 1989 es
3427 1933 3620 2002 morti,

2021 2030 2375 2101 consepultus
2397 2028 2590 2082 errori.
2623 2026 2722 2083 Ubi
2757 2038 2778 2065 ο
2817 2036 2900 2082 est
2925 2027 3013 2082 illa
3057 2037 3142 2081 tua
3173 2029 3314 2085 bene
3362 2027 3465 2084 sibi
3491 2043 3623 2083 con-

2025 2124 2138 2180 scia
2183 2121 2510 2177 conﬁdentia
2536 2120 2558 2173 ‘i
2587 2119 2894 2174 Timoriste
2925 2120 3138 2192 culpam
3165 2120 3384 2187 fatetur,
3419 2121 3626 2177 latebra

2023 2214 2552 2287 praevaricationem.
2579 2211 2684 2268 Ubi
2715 2225 2845 2284 ergo
2871 2212 2974 2268 es?
3018 2214 3128 2268 Hoc
3156 2223 3271 2280 est,
3297 2227 3401 2269 non
3435 2214 3488 2268 in
3520 2229 3628 2283 quo

2025 2310 2147 2365 loco
2195 2323 2401 2380 tjlliPJ'O,
2433 2306 2528 2362 sed
2573 2307 2628 2362 in
2668 2321 2776 2377 quo
2821 2314 2983 2361 statu.
3022 2305 3140 2374 Quo
3167 2317 3220 2364 te
3255 2305 3630 2377 perduxerunt

2027 2415 2245 2476 peccata
2287 2413 2398 2470 tua,
2432 2411 2489 2456 ut
2521 2401 2694 2472 fugias
2729 2402 2892 2456 Deum
2922 2409 3069 2454 tuum
3094 2415 3253 2472 quem
3279 2412 3407 2456 ante
3427 2417 3630 2472 quiere~

2026 2496 2160 2552 bas?
2190 2496 2445 2552 Fortasse
2491 2503 2706 2548 moveat
2753 2507 2851 2547 cur
2893 2503 3018 2547 ante
3064 2493 3378 2564 iucrcpatur
3421 2492 3629 2560 Adam,

2027 2605 2148 2644 cum
2185 2587 2379 2644 mulier
2422 2597 2546 2642 ante
2587 2585 2928 2658 gustaverit?
2953 2584 3059 2642 Sed
3105 2601 3134 2640 a
3186 2585 3632 2656 praevaricatione

2031 2701 2194 2740 sexus
2218 2683 2482 2738 inﬁrmior
2508 2681 2765 2752 coeperit,
2787 2697 2814 2734 a
2835 2679 3161 2736 verecundia
3193 2690 3248 2735 et
3279 2681 3632 2736 excusatione

2029 2778 2250 2844 fortior;
2276 2786 2334 2832 ut
2374 2776 2568 2832 femina
2611 2777 2816 2832 erroris
2846 2790 3008 2830 causa
3056 2775 3242 2842 fuerit,
3271 2777 3355 2830 vir
3385 2775 3628 2846 pudoris.

2102 2869 2190 2923 71.
2223 2869 2283 2922 Et
2300 2867 2431 2922 dixit
2455 2870 2646 2923 mulier
2667 2885 2679 2922 :
2699 2868 2923 2937 Serpens
2938 2868 3136 2937 decepit
3153 2883 3252 2934 me,
3268 2878 3312 2922 et
3328 2868 3632 2922 manducavi

2032 2965 2186 3036 (Gen.
2218 2981 2296 3033 ttt,
2332 2965 2418 3028 13;
2448 2965 2522 3018 De
2547 2962 2736 3018 Poenit.
2763 2965 2865 3017 dist
2886 2978 2924 3028 ι,
2955 2979 3002 3016 c.
3035 2962 3305 3033 Serpens).
3331 2961 3634 3018 Vettiabilis

2031 3056 2190 3124 culpa
2213 3071 2370 3125 quam
2405 3055 2651 3124 sequitur
2682 3054 2948 3124 professio
2994 3054 3341 3108 delictorum.
3370 3054 3497 3109 Ideo
3525 3069 3632 3109 non

2033 3148 2318 3218 deSperata
2364 3148 2561 3204 mulier
2585 3163 2704 3218 quae
2738 3164 2842 3202 non
2895 3146 3120 3203 reticuit
3164 3147 3306 3213 Deo,
3333 3147 3429 3203 sed
3465 3149 3636 3218 magis

1956 3234 2004 3296 Ο
2035 3242 2284 3297 confessa
2301 3253 2580 3312 peccatum
2603 3249 2704 3304 est,
2721 3237 2920 3311 quamd
2945 3240 3284 3296 medicabilis
3305 3249 3484 3294 secuta
3513 3254 3639 3294 seu-

2037 3337 2206 3393 tentia
2249 3347 2351 3392 est.
2379 3336 2590 3391 Bonum
2619 3346 2700 3392 est
2726 3335 3076 3390 condemnari
3099 3335 3150 3389 in
3180 3343 3424 3404 peccato,
3454 3342 3511 3390 et
3535 3333 3636 3390 fla-

2033 3430 2224 3500 gellari
2250 3429 2299 3483 in
2323 3429 2544 3495 delicto,
2577 3439 2635 3483 ut
2669 3445 2791 3484 cum
2819 3428 3127 3484 hominibus
3149 3427 3505 3498 flagellemur.
3533 3428 3636 3482 De—

2036 3526 2202 3595 nique
2223 3522 2355 3579 Cain
2386 3523 2511 3594 quia
2541 3524 2711 3578 voluit
2747 3523 2954 3578 crimen
2982 3536 3181 3592 negare
3223 3518 3637 3592 indignusjudi-

2037 3629 2194 3673 catus
2224 3625 2323 3682 est,
2353 3615 2443 3686 qui
2476 3616 2760 3685 puniretur
2781 3615 2832 3670 in
2858 3622 3080 3685 peccato
3108 3632 3120 3668 :
3149 3613 3244 3668 sed
3270 3613 3528 3670 remissus
3557 3622 3641 3672 eat

2039 3712 2156 3764 sine
2181 3709 2499 3780 praescripto
2521 3724 2717 3780 poenae,
2747 3707 2978 3763 fortasse
3007 3722 3113 3762 non
3157 3717 3263 3760 tam
3294 3709 3487 3776 majori
3531 3708 3640 3764 cri—

2040 3803 2184 3855 mine
2214 3801 2482 3871 parricidii
2505 3800 2657 3872 (illud
2679 3801 2822 3856 enim
2845 3798 3181 3854 commisitin
3213 3798 3460 3870 fratrem)
3480 3815 3640 3869 quam

2041 3895 2332 3963 sacrilegii,
2379 3893 2522 3963 quod
2561 3893 2671 3948 Deo
2697 3891 2929 3947 credidit
2983 3889 3352 3944 mentiendum
3405 3892 3637 3947 dicens:

2044 3982 2239 4040 Nescio
2255 4001 2273 4038 :
2295 3985 2544 4055 numquid
2556 4000 2650 4055 ego
2661 3993 2831 4038 custos
2844 3983 3022 4048 fratris
3037 3982 3135 4035 mei
3149 3998 3261 4035 sum
3279 3981 3518 4054 (GenJv,
3541 3982 3642 4054 9)?

2047 4081 2115 4136 Et
2140 4079 2262 4135 ideo
2293 4080 2592 4135 accusatori
2633 4077 2852 4133 diabolo
2895 4076 3014 4146 ejus
3058 4075 3332 4131 accusatio
3367 4086 3644 4132 reservata

2045 4181 2148 4236 est;
2176 4179 2238 4224 ut
2261 4186 2382 4226 cum
2411 4170 2530 4239 ejus
2550 4169 2758 4240 angelis
2792 4167 3116 4238 ﬁagelletur,
3146 4167 3236 4238 qui
3267 4182 3388 4222 cum
3413 4167 3645 4223 homini-

2046 4263 2148 4319 bus
2179 4250 2662 4332 noluit'flagellari.
2706 4260 2866 4332 178
2891 4259 3134 4330 Denique
3174 4259 3242 4315 de
3293 4260 3491 4316 talibus
3531 4261 3649 4318 dic-

2048 4363 2158 4409 tum
2188 4364 2309 4412 est:
2336 4352 2461 4409 Non
2500 4363 2576 4409 est
2610 4353 2886 4407 declinatio
2925 4352 3107 4407 mortis
3142 4368 3415 4408 eorum....
3443 4365 3491 4406 et
3527 4369 3647 4408 cum

2047 4447 2335 4502 hominibus
2370 4463 2470 4502 non
2501 4445 2912 4518 ﬂagellabantur
2935 4443 3056 4515 (Ps.
3084 4461 3249 4512 LXXII,
3273 4443 3307 4498 4
3333 4454 3381 4500 et
3525 4443 3648 4504 Alia

2049 4556 2178 4611 ergo
2205 4541 2348 4598 ratio
2377 4540 2644 4608 mulieris,
2673 4554 2794 4609 qua:
2824 4539 2952 4595 licet
2977 4539 3029 4594 in
3067 4539 3280 4610 culpam
3329 4537 3650 4609 praavarica-

339 4639 445 4694 Dei
477 4637 723 4692 verbum.
753 4635 998 4706 Denique
1020 4632 1191 4689 Judaei
1216 4632 1306 4703 qui
1325 4631 1424 4686 sibi
1451 4631 1766 4686 clauserunt
1787 4645 1945 4684 aures
1976 4622 2022 4681 D
2052 4633 2212 4690 tionis
2235 4633 2516 4699 inciderat,
2536 4644 2713 4687 tamen
2742 4633 2808 4688 de
2832 4632 3066 4703 paradisi
3100 4632 3260 4703 lignis
3291 4631 3524 4694 habebat
3553 4629 3650 4687 ad-

340 4747 417 4787 ne
445 4728 721 4795 audirent,
754 4727 1026 4797 hodieque
1060 4742 1167 4780 non
1199 4735 1476 4780 merentur
1499 4723 1708 4778 audire.
1743 4721 1948 4778 Deinde

342 4825 556 4880 habent
587 4821 886 4880 remedium
911 4820 1003 4892 qui
1028 4835 1085 4875 se
1102 4818 1524 4874 abscoutlerunt.
1550 4815 1681 4870 Nam
1711 4815 1800 4887 qui
1833 4814 1952 4869 abs-

345 4915 626 4982 conditur,
654 4914 921 4970 erubescit
950 4932 961 4966 :
986 4910 1079 4983 qui
1107 4911 1402 4974 erubescit,
1427 4908 1778 4973 convertitur;
1813 4907 1954 4963 sicut

348 5010 618 5080 scriptum
664 5018 746 5065 est
777 5026 790 5064 :
827 5005 1248 5079 Confundantur,
1297 5012 1343 5057 et
1380 5011 1742 5057 convertantur
1783 5016 1956 5056 omnes

349 5103 505 5158 valde
538 5101 774 5158 velociter
797 5099 928 5174 (Ps.
953 5117 1029 5163 Vl,
1062 5097 1170 5170 11).
1209 5095 1414 5152 Deinde
1443 5095 1543 5150 hoc
1587 5095 1762 5164 ipsum
1807 5093 1948 5164 quod

351 5203 536 5260 vocat,
564 5191 821 5247 indicium
849 5191 1084 5246 sanaturi
1115 5197 1218 5255 est,
1240 5188 1363 5260 quia
1397 5185 1656 5240 Dominus
1687 5201 1820 5255 quos
1852 5185 1952 5239 uti-

356 5294 595 5347 seratur,
619 5293 674 5338 et
696 5292 872 5337 vocat.
900 5282 1136 5338 Dicendo
1166 5287 1372 5345 autem,
1409 5277 1507 5334 Ubi
1530 5277 1622 5333 es?
1644 5293 1747 5332 non
1773 5277 1950 5333 locum

359 5379 555 5449 quaerit
586 5377 678 5449 qtti
707 5377 857 5432 novit
885 5391 1177 5441 arcanum;
1203 5390 1377 5445 neque
1398 5374 1541 5429 enim
1577 5375 1717 5428 Deus
1740 5373 1950 5429 clausos

439 5556 464 5584 η
493 5548 548 5602 lit
568 5561 698 5602 mss.
730 5546 1023 5613 nonnullis,
1047 5555 1101 5601 et
1134 5545 1289 5600 Rom.
1335 5545 1467 5601 edit.
1514 5544 1734 5610 desunt,
1778 5543 1840 5599 Et
1879 5546 1962 5601 hic

364 5620 573 5690 quidem
601 5619 805 5689 aperuit
827 5619 1053 5690 occulas.

438 5690 465 5728 ι)
494 5692 618 5746 Mss.
637 5687 831 5752 'Geui.,
861 5689 961 5744 SS.
986 5687 1086 5742 Th.
1111 5696 1168 5743 et
1183 5687 1412 5758 Remig.,
1439 5688 1578 5760 Quid
1601 5687 1960 5760 ergofgidam,

366 5761 455 5816 ubi
494 5763 581 5816 es?
613 5762 681 5816 ld
717 5770 821 5826 est,
851 5776 984 5814 nunc
1025 5761 1078 5812 in
1117 5760 1296 5827 quibus
1331 5761 1420 5812 es?
1456 5759 1582 5824 Tb.,
1618 5757 1756 5828 Big.,
1780 5757 1962 5823 Mich.,

372 5850 474 5892 non
505 5834 558 5888 in
598 5831 782 5907 quibus
808 5849 881 5890 es.
902 5832 1007 5896 Alii
1039 5843 1192 5897 vero,
1211 5829 1406 5888 etedit.
1429 5844 1618 5894 omnes
1647 5841 1701 5886 ut
1729 5830 1961 5889 intextu.

2053 4727 2155 4782 huc
2177 4728 2393 4782 virtutis
2428 4740 2644 4793 escam;
2676 4734 2733 4781 et
2761 4724 2884 4780 ideo
2905 4726 3039 4779 dixit
3061 4732 3341 4796 peccatum
3373 4739 3529 4780 suum
3551 4768 3564 4789 _.
3598 4734 3656 4784 et

2053 4829 2360 4890 reputatum
2387 4831 2468 4875 est
2514 4822 2562 4874 ei
2606 4819 2674 4874 ad
2715 4821 2949 4875 veniam.
2978 4819 3163 4875 Justus
3191 4820 3336 4876 enim
3374 4828 3656 4881 accusator

2056 4927 2139 4971 ρει
2179 4915 2260 4970 sui
2298 4915 2351 4970 in
2397 4916 2660 4986 principio
2700 4917 2989 4970 sermonis.
3028 4913 3216 4984 Neque
3265 4913 3407 4969 enim
3471 4922 3654 4984 potest

2056 5009 2340 5078 quisquam
2384 5008 2668 5078 justiﬁcari
2695 5023 2723 5061 a
2769 5015 2990 5077 peccato
3020 5005 3120 5078 (De
3152 5006 3340 5062 Pantit.
3377 5007 3498 5062 dist.
3524 5008 3576 5070 1,
3601 5022 3651 5062 c.

2063 5097 2186 5152 Non
2218 5100 2430 5171 potest),
2461 5099 2564 5153 nisi
2582 5099 2741 5153 fuerit
2769 5107 3048 5169 peccatum
3071 5110 3195 5154 ante
3217 5096 3517 5153 confessus.
3547 5095 3658 5151 Un-

2061 5193 2128 5248 de
2170 5192 2427 5249 Dominus
2471 5195 2582 5248 ait:
2619 5191 2718 5247 Dic
2757 5193 3051 5262 iniquitates
3097 5203 3229 5261 tuas,
3265 5200 3320 5245 ut
3352 5189 3661 5263 justiﬁceris

2061 5287 2234 5360 (Esai.
2257 5303 2380 5344 mn
2401 5329 2415 5354 ,
2447 5287 2558 5360 ‘26).

2135 5381 2225 5436 72.
2262 5383 2400 5453 Ergo
2430 5381 2554 5452 quia
2586 5381 2690 5435 Eva
2721 5379 2836 5450 ipsa
2859 5377 3110 5434 confessa
3133 5376 3388 5432 delictum
3417 5381 3531 5440 est,
3560 5373 3662 5430 mi-

2146 5562 2167 5589 ο
2201 5551 2325 5605 Mss.
2351 5550 2450 5606 SS.
2485 5549 2587 5604 Tb.
2619 5557 2670 5603 et
2697 5547 2881 5610 Miclt.,
2909 5544 3008 5600 Ubi
3033 5544 3129 5597 es?
3159 5541 3265 5597 Illa
3294 5553 3383 5598 tua
3410 5541 3534 5600 bene
3566 5543 3668 5601 sibi

2069 5623 2274 5676 conscia
2300 5621 2613 5690 conﬁdentia
2642 5617 2839 5673 timoris
2871 5617 2922 5669 in
2954 5624 3017 5668 te.
3053 5613 3111 5669 S.
3143 5614 3331 5682 Mich.‘,
3365 5625 3506 5670 tuam
3544 5618 3666 5672 cul-

2069 5709 2185 5762 pant
2213 5696 2420 5757 fatetur.

2144 5759 2171 5801 ἀ
2213 5756 2417 5820 Eadem
2449 5761 2606 5832 edit.,
2640 5756 2960 5815 medicinalis
2995 5764 3196 5826 secuta,
3229 5765 3339 5817 etc.
