4150 6358
184 6014 303 6087 Ἦ

564 391 667 448 3M

1873 356 2120 418 SANCTI
2158 355 2255 413 AM
2263 353 2479 412 BROSII

3749 342 3861 398 δη

560 504 671 560 tior
700 498 941 571 sequitur
968 502 1024 549 et
1046 489 1320 563 profutura
1345 481 1645 548 sententia,
1674 492 1793 549 qua:
1820 475 2151 532 eondemna-
2180 476 2225 535 Α
2256 469 2586 529 transfundit
2631 484 2793 543 quam
2843 468 3117 538 acceperit
3161 465 3491 537 passionem.
3551 460 3860 517 Delectatio

565 607 651 652 ret
674 568 947 655 errorem,
979 597 1031 642 et
1060 584 1271 640 veniam
1316 595 1419 634 non
1470 582 1710 644 negaret,
1758 582 1815 626 ut
1860 568 1927 625 ad
1968 568 2152 625 virum

564 703 720 743 suum
752 696 1009 739 conversa
1039 678 1287 733 serviret.
1332 672 1568 727 Primum
1622 685 1687 721 ne
1716 681 1836 721 eam
1872 663 2030 717 facile
2060 660 2155 715 de—

562 784 782 837 lectaret
814 789 1040 831 errare:
1072 769 1267 826 deinde
1309 779 1364 820 ut
1406 764 1507 819 sub
1554 762 1777 816 fortiore
1822 772 1949 810 vase
1978 755 2152 809 locata

560 888 670 929 non
702 868 1006 925 traduceret
1029 866 1222 920 virum.
1247 859 1345 915 sed
1380 856 1547 926 magis
1569 854 1668 908 viri
1702 849 1929 906 coiisitio
1956 859 2009 903 et
2039 847 2153 915 ipsa

561 972 857 1034 regeretur.
889 959 943 1013 In
976 974 1081 1027 quo
1109 954 1328 1025 quidem
1370 948 1685 1021 mysterium
1720 941 1919 998 Christi
1949 951 2001 995 et
2048 939 2152 993 Ee-

558 1032 743 1113 clesie
783 1054 1063 1107 evidenter
1089 1060 1347 1118 agnoseo.
1372 1043 1698 1113 Designatur
1725 1038 1869 1092 enim
1896 1032 2155 1089 Ecclesia:

558 1150 624 1206 ad
655 1149 927 1205 Christum
965 1144 1142 1199 futura
1188 1139 1495 1203 conversio,
1529 1145 1580 1190 et
1626 1133 1875 1204 religiosa
1924 1127 2155 1184 servitus

557 1244 768 1300 subdita
800 1240 895 1296 Dei
918 1239 1117 1296 Verh'o.
1139 1253 1258 1306 quze
1279 1233 1447 1291 multo
1470 1231 1537 1285 sit
1563 1228 1770 1290 m'elior,
1786 1241 1949 1295 quam
1971 1222 2155 1277 saeculi

557 1339 718 1407 hujus
746 1333 1246 1399 libertas.Denique
1266 1329 1519 1397 scripturo
1538 1333 1621 1379 est
1646 1340 1658 1376 :
1685 1320 1964 1375 Dominam
1991 1316 2155 1371 Deum

554 1441 700 1485 tuum
730 1427 994 1493 adorabis,
1026 1434 1074 1478 et
1097 1423 1197 1493 ipsi
1235 1420 1332 1475 soli
1360 1418 1546 1473 servies
1577 1415 1756 1487 (Deut.
1781 1429 1855 1477 vr,
1885 1409 1997 1482 15).
2031 1409 2155 1463 ΙΙωο

558 1523 720 1592 igitur
748 1521 983 1575 servitus
1010 1518 1100 1573 Dei
1132 1518 1330 1569 donum
1378 1522 1482 1568 est.
1514 1511 1758 1580 Denique
1803 1507 1944 1561 inter
1991 1504 2156 1558 bene-

558 1613 825 1670 dictioiies
881 1619 1197 1667 numeratur
1254 1606 1414 1676 hujus
1472 1602 1748 1659 servitutis
1803 1598 2151 1668 obsequium;

559 1723 683 1763 nam
715 1718 769 1763 et
790 1707 938 1762 Isaac
970 1708 1021 1759 in
1068 1705 1189 1757 loco
1222 1698 1614 1756 benedictionis
1658 1710 1778 1750 eam
1824 1693 1974 1747 dedit
2016 1692 2157 1745 Esau

556 1801 669 1856 ﬁlio
696 1815 826 1865 suo,
858 1809 915 1853 ut
943 1798 1172 1852 serviret
1202 1795 1352 1850 fratri
1385 1808 1505 1846 suo.
1542 1790 1781 1858 Denique
1820 1785 2154 1841 benedictio-

2258 565 2422 637 igitur
2452 565 2626 636 prima
2660 572 2740 620 est
2770 563 2922 633 origo
2951 560 3182 631 peccati,
3218 558 3446 629 ideoque
3473 570 3582 610 non
3613 553 3855 616 mireris,

2256 677 2353 715 cur
2376 673 2502 714 ante
2531 673 2758 727 serpens
2779 656 3065 711 damnetur
3083 653 3284 724 judicio
3314 650 3442 714 Dei,
3470 648 3712 703 secundo
3734 661 3857 701 mu-

2258 754 2382 819 lter,
2409 754 2569 807 tertio
2614 752 2716 805 vir.
2751 749 3058 806 Secundum
3086 748 3291 801 erroris
3317 743 3596 804 ordinem,
3627 742 3858 793 damna-

2260 846 2424 902 tionis
2450 860 2667 915 qnoque
2689 842 2824 897 ordo
2844 850 3087 895 senatus
3116 847 3216 893 est.
3243 834 3540 890 Delectatio
3561 834 3703 889 enim
3727 845 3857 885 sen-

2257 954 2399 1004 sum,
2423 950 2615 991 sensus
2641 946 2819 989 autem
2852 945 3087 987 mentem
3114 930 3376 1000 captivam
3417 925 3598 981 facere
3621 938 3856 979 consue-

2260 1031 2357 1084 vit.
2396 1030 2461 1085 Ut
2484 1030 2629 1083 scias
2658 1039 2837 1082 autem
2869 1026 2992 1096 quia
3043 1038 3268 1095 serpens
3314 1032 3473 1094 typus
3495 1027 3584 1075 est
3612 1018 3855 1074 delecta-

2260 1123 2443 1183 tionis,
2477 1121 2879 1177 damnationem
2910 1121 3028 1190 ejus
3052 1120 3294 1171 adverte.

2330 1217 2418 1272 74.
2451 1217 2627 1284 Supra
2657 1227 2854 1286 pectus,
2882 1213 3084 1284 inquit,
3115 1223 3261 1266 tuum
3289 1220 3333 1264 et
3364 1208 3417 1262 in
3451 1216 3596 1261 utero
3620 1215 3708 1259 tuo
3736 1219 3854 1257 ant-

2258 1312 2457 1367 bulabis
2480 1309 2636 1368 (Gen.
2667 1325 2747 1374 In,
2783 1309 2893 1379 it).
2923 1307 3025 1376 Qui
3053 1316 3179 1362 sunt
3215 1308 3304 1375 qui
3338 1304 3390 1358 in
3431 1314 3588 1356 utero
3609 1314 3711 1354 suo
3738 1313 3855 1352 am-

2257 1405 2545 1469 bulabant,
2582 1401 2684 1457 nisi
2728 1403 2820 1472 qui
2861 1400 3037 1456 ventti
3085 1408 3140 1454 et
3181 1398 3329 1469 gnlte'
3362 1396 3586 1455 vivunt,
3621 1406 3851 1463 quorum

2258 1500 2391 1556 deus
2435 1509 2626 1554 venter
2671 1508 2789 1564 est,
2820 1506 2874 1552 et
2912 1497 3084 1567 gloria
3130 1496 3183 1548 in
3238 1491 3500 1560 pudendis
3521 1503 3730 1554 eorum,
3760 1486 3851 1556 qui

2261 1605 2474 1649 terrena
2497 1593 2733 1662 sapiunt,
2753 1601 2804 1645 et
2828 1589 2951 1645 cibo
2971 1586 3183 1643 onerati
3199 1587 3264 1640 ad
3289 1594 3503 1639 terrena
3531 1578 3853 1637 curvantur?

2258 1686 2404 1741 Bene
2446 1702 2574 1756 ergo
2604 1681 2949 1738 delectationi
2974 1681 3069 1745 ait,
3100 1693 3223 1750 quze
3257 1677 3390 1732 cibis
3420 1677 3624 1730 intenta
3651 1682 3850 1727 terram

2258 1781 2473 1835 videtur
2512 1778 2840 1833 manducare
2871 1795 2881 1828 :
2919 1776 3092 1848 Supra
3136 1784 3310 1846 pectus
3338 1781 3502 1831 tuum,
3527 1778 3575 1823 et
3623 1768 3679 1821 in
3708 1776 3852 1819 utero

557 1910 681 1950 nem
729 1894 824 1947 ille
872 1890 1164 1963 poscebat;
1199 1889 1299 1942 etsi
1332 1901 1495 1941 unam
1525 1885 1625 1937 sibi
1657 1882 2002 1951 Cognovisset
2031 1893 2155 1934 esse
2186 1866 2233 1926 Β
2262 1886 2345 1928 tuo
2375 1872 2681 1941 ambulabis,
2712 1882 2760 1926 et
2790 1880 2977 1925 terram
3021 1866 3350 1921 manducabis
3396 1863 3630 1917 omnibus
3673 1859 3853 1914 diebus

556 1998 903 2060 praereptam,
935 1996 1114 2038 tatnen
1162 1982 1320 2036 aliam
1365 1979 1668 2050 po~tulaltat
1715 1976 1946 2029 dicens:
1986 1971 2155 2026 Num-

554 2081 681 2146 quid
707 2097 809 2133 una
846 2076 1132 2131 benedictio
1178 2074 1270 2129 tibi
1315 2084 1420 2140 est,
1454 2071 1609 2125 Pater
1638 2068 1792 2141 (Gen.
1817 2082 1983 2131 xxv",
2012 2062 2103 2136 38)
2132 2064 2155 2117 ?

555 2173 660 2229 Per
687 2172 824 2226 hanc
851 2170 1013 2241 igitur
1036 2167 1354 2223 servitutem
1401 2164 1491 2218 ille
1521 2163 1612 2231 qui
1644 2177 1739 2233 per
1758 2160 1937 2231 gulam
1972 2156 2156 2228 primi-

554 2267 658 2321 tias
675 2281 795 2319 suas
823 2272 949 2318 ante
974 2261 1294 2317 vendiderat
1314 2300 1327 2320 .
1358 2266 1412 2313 et
1440 2257 1623 2310 smdio
1672 2253 1976 2309 venationis
2002 2265 2157 2322 agre-

553 2359 653 2416 stis
682 2359 911 2429 gratiam
942 2352 1341 2410 benedictionis
1361 2351 1645 2415 amiserat,
1673 2346 1908 2403 credidit
1934 2361 1993 2400 se
2038 2346 2154 2414 ipso

552 2452 785 2507 futurum
813 2465 933 2505 esse
958 2449 1265 2509 meliorem,
1289 2446 1337 2499 si
1368 2456 1549 2515 typum
1577 2442 1778 2496 Christi
1803 2449 2156 2494 veneraretur

552 2549 605 2602 in
636 2547 824 2600 fratre.
856 2544 966 2597 llac
1009 2541 1155 2595 enim
1192 2540 1454 2592 servitute
1501 2536 1669 2607 pollet
1715 2535 1943 2605 populus
1998 2530 2156 2587 Chri-

552 2641 785 2702 Sttanus,
810 2640 951 2689 sicut
980 2644 1033 2688 et
1055 2633 1316 2687 Dmninus
1341 2629 1728 2699 ad’diseipulos
1758 2642 1885 2681 suos
1907 2628 1982 2680 ait
2009 2645 2020 2680 :
2054 2625 2155 2692 Qui

552 2730 663 2785 vult
681 2730 812 2782 inter
826 2744 913 2780 vos
926 2727 1126 2794 primus
1146 2741 1275 2789 esse,
1297 2725 1361 2778 sit
1385 2726 1612 2777 omnium
1634 2736 1811 2776 servus
1826 2717 2043 2793 (Matth.
2060 2734 2152 2783 xx,

551 2819 668 2891 27).
722 2819 964 2889 Denique
1020 2819 1158 2871 hanc
1206 2815 1527 2870 servitutem
1577 2823 1832 2883 Operatur
1882 2811 2150 2878 charitas,

551 2930 674 2984 quae
705 2921 759 2967 et
800 2929 896 2982 spe
945 2912 1115 2981 major
1154 2920 1210 2966 et
1251 2910 1352 2964 ﬁde
1402 2917 1505 2964 est.
1551 2908 1707 2965 Unde
1740 2907 2003 2978 scriptum
2031 2916 2151 2960 est:

553 3004 661 3061 Per
691 3006 995 3060 citaritatem
1048 3004 1231 3059 servile
1276 3002 1488 3056 invicem
1530 3000 1671 3055 vobis
1711 2998 1910 3071 (Galat.
1938 3014 1990 3064 v,
2036 2997 2149 3063 15).

551 3099 668 3156 Hoc
691 3109 773 3154 est
801 3115 930 3170 ergo
950 3116 958 3133 δ
979 3097 1296 3169 mysterium
1323 3094 1467 3166 quod
1498 3094 1575 3149 ait
1604 3093 1902 3165 Apostolus
1932 3108 2056 3149 esse
2099 3094 2151 3147 in

549 3193 769 3250 Christo
790 3204 843 3248 et
874 3194 924 3247 in
958 3191 1193 3247 Ecclesia
1226 3189 1448 3260 (Ep/res.
1475 3205 1528 3255 v,
1558 3187 1672 3259 5‘2).
1700 3187 1826 3241 Haec
1854 3187 1998 3241 enim
2024 3200 2153 3240 vere

548 3289 603 3343 in
636 3286 1074 3358 praevaricatione
1105 3259 1387 3349 antefuit,
1417 3281 1513 3336 sed
1543 3281 1695 3335 salva
1726 3279 1829 3334 erit
1869 3293 1968 3348 per
2003 3277 2146 3331 ﬁlio-
2174 3259 2219 3321 C

548 3397 667 3437 rum
691 3380 1095 3448 generationem
1121 3376 1174 3430 in
1210 3375 1335 3438 ﬁde,
1361 3383 1416 3429 et
1441 3374 1709 3428 charitate
1731 3414 1745 3438 ,
1773 3381 1827 3426 et
1846 3370 2149 3424 sanctiﬁca-

549 3474 732 3536 tione,
754 3488 876 3525 cum
900 3471 1167 3524 castitate.
1201 3468 1553 3522 Praevaricata
1584 3467 1769 3533 utique
1808 3466 1861 3517 in
1906 3462 2148 3533 patribus

548 3563 829 3637 generatio
858 3561 1135 3615 hominum
1180 3561 1420 3613 salvator
1466 3574 1563 3628 per
1616 3556 1787 3621 ﬁlios;
1819 3554 2042 3624 utquod
2092 3555 2145 3610 in

549 3657 752 3714 Judaeis
796 3652 1117 3721 oﬁeuderat,
1153 3653 1205 3707 in
1254 3649 1560 3707 Christiana
1614 3647 1933 3720 posteritate
1978 3648 2145 3704 corri-

545 3756 718 3822 geret.

1165 3855 1392 3915 CAPUT
1416 3855 1537 3913 XV.

545 3981 822 4039 Peccatum
842 3981 1075 4037 mulieris
1095 3995 1257 4049 quare
1277 3978 1422 4033 uenia
1443 3977 1690 4051 dignum;
1718 3976 1903 4047 quidve
1922 3990 2015 4049 per
2039 3990 2147 4028 ser-

614 4088 838 4149 pentem,
870 4077 1135 4147 feminam,
1177 4092 1239 4127 ac
1258 4076 1424 4129 virum
1447 4073 1788 4146 signiﬁcetur.
1827 4071 2010 4139 Qualis
2039 4084 2147 4123 ser-

613 4171 780 4241 pentis
809 4169 1206 4233 condemnatio;
1225 4175 1273 4220 et
1296 4166 1353 4220 in
1385 4166 1570 4235 quibus
1595 4164 1659 4218 ab
1682 4163 1868 4217 Adanti
1894 4160 2137 4217 condem—

613 4263 819 4317 natione
846 4260 1212 4331 distinguatur.

610 4397 700 4451 73.
732 4394 987 4464 Serpens,
1017 4393 1212 4464 inquit,
1247 4402 1273 4430 ει
1302 4407 1389 4447 me
1415 4392 1717 4461 persuasit:
1750 4400 1805 4445 et
1832 4392 1933 4445 hoc
1957 4390 2137 4446 venia-

535 4489 645 4546 bile
677 4489 785 4542 Deo
807 4488 982 4541 visum
1014 4496 1125 4546 est:
1168 4501 1236 4541 eo
1265 4486 1406 4555 quod
1432 4493 1616 4539 nosset
1651 4483 1844 4537 multas
1872 4482 1938 4536 ad
1985 4484 2133 4537 deci-

536 4578 793 4650 piendum
823 4578 934 4631 vias
970 4590 1102 4637 esse
1145 4576 1415 4646 serpentis
1458 4576 1607 4645 (quia
1636 4574 2048 4643 transﬁguratur
2076 4573 2127 4629 in

2257 1971 2373 2023 vita:
2414 1982 2534 2023 tum.
2565 1964 2591 2004 ἀ
2616 1965 2877 2021 Tollenda
2909 1974 2987 2019 est
3020 1963 3194 2017 omnis
3218 1962 3494 2015 excusatio
3517 1957 3757 2021 diaboli;
3788 1970 3855 2008 ne

2257 2061 2396 2118 forte
2428 2061 2645 2117 malitiae
2674 2076 2785 2114 Sine
2826 2057 3029 2128 aliquid
3074 2054 3241 2125 possit
3269 2052 3585 2114 obtendere,
3619 2059 3679 2102 ut
3711 2048 3856 2102 dicat

2208 2154 2217 2159 ’
2258 2157 2596 2228 iniquitatem
2626 2169 2777 2209 suam
2804 2168 2870 2207 ex
2898 2150 3351 2207 coiidemnatione
3382 2146 3629 2208 venisse;
3653 2153 3708 2198 et
3733 2142 3856 2196 ideo

2258 2250 2326 2306 ad
2380 2247 2690 2304 nocendum
2750 2244 3061 2300 hominibus
3107 2240 3452 2310 pertinaciter
3497 2235 3855 2304 obniti,quia

2259 2342 2381 2398 ideo
2423 2341 2710 2396 damnatus
2751 2347 2835 2395 est
2879 2347 2937 2392 ut
2978 2344 3236 2390 noceret:
3283 2329 3428 2402 quod
3474 2329 3691 2384 videtur
3733 2341 3856 2383 esse

2260 2435 2569 2506 proximum
2599 2431 2868 2504 opinioni,
2892 2429 2938 2484 si
2958 2438 3227 2497 tamquam
3266 2424 3628 2479 damnationis
3654 2422 3859 2491 accipi-

2259 2543 2380 2585 mus
2414 2531 2570 2582 istam
2612 2525 2960 2582 sententiam.
3002 2522 3119 2578 Non
3148 2522 3291 2577 enim
3338 2520 3480 2574 Deus
3508 2518 3573 2572 ad
3606 2516 3708 2570 hoc
3735 2531 3856 2570 ser—

2259 2632 2475 2693 pentem
2504 2619 2799 2679 damnavit.
2829 2628 2887 2672 ut
2913 2624 3107 2671 noceat
3134 2633 3146 2668 :
3172 2614 3266 2669 sed
3290 2612 3415 2684 quid
3449 2611 3657 2665 futurus
3686 2619 3853 2675 esset,

2244 2714 2514 2770 Ostendit.
2551 2716 2613 2771 Et
2635 2711 2851 2782 quidem
2878 2709 3102 2765 lentatio
3130 2709 3216 2762 illa
3250 2706 3392 2777 quod
3419 2704 3651 2774 amplius
3680 2702 3857 2756 homi-

2258 2807 2416 2862 nibus
2452 2806 2642 2876 prosit,
2670 2802 2922 2873 superius
2944 2800 3432 2856 detnotistravimus
3464 2797 3532 2869 (c.
3567 2795 3634 2861 2,
3666 2812 3719 2848 η.
3751 2794 3809 2864 9)
3836 2812 3851 2849 :

2258 2899 2353 2955 sed
2384 2909 2561 2954 tamen
2590 2913 2715 2952 cum
2742 2897 3031 2967 legerimus
3059 2893 3200 2964 quod
3220 2893 3481 2961 scriptum
3506 2900 3610 2958 est,
3639 2888 3873 2943 dicentes

2258 2993 2369 3048 Deo
2408 3011 2421 3046 :
2472 2992 2887 3061 Honoriﬁcantes
2942 3007 3021 3044 nte
3047 2987 3423 3059 honoriﬁcabo,
3447 2996 3496 3040 et
3533 2991 3855 3053 contemptor

2256 3088 2355 3141 mei
2394 3086 2589 3141 honore
2631 3085 2916 3158 privabitur
2944 3082 2999 3156 (Ι
3031 3081 3162 3157 Reg.
3194 3098 3255 3145 tt.
3284 3081 3407 3152 50),
3434 3080 3565 3134 licet
3607 3078 3761 3132 nobis
3783 3092 3852 3131 ex

2258 3181 2341 3237 his
2383 3182 2565 3237 verbis
2614 3179 2814 3252 aliquid
2862 3180 3156 3234 aestimare.
3212 3177 3352 3232 Deus
3401 3174 3546 3230 enim
3594 3180 3853 3242 operatur

2253 3277 2395 3348 quod
2427 3278 2624 3331 bonum
2653 3289 2767 3343 est,
2800 3290 2906 3329 non
2937 3274 3078 3345 quod
3109 3273 3328 3328 malum.
3362 3271 3503 3339 Ergo
3534 3269 3767 3324 doceant
3793 3276 3849 3321 te

2251 3373 2413 3427 verba
2443 3372 2643 3437 divina,
2686 3372 2810 3444 quia
2842 3378 3100 3441 operatur
3144 3368 3395 3439 gloriam,
3424 3379 3640 3438 patiam
3671 3361 3844 3417 relin-

2251 3467 2384 3536 quit.
2425 3464 2844 3535 Honoriﬁcantes
2874 3481 2952 3519 me
2975 3507 2990 3528 ,
3021 3462 3214 3534 inquit,
3260 3458 3630 3527 Itonoriﬁcabo,
3674 3453 3849 3508 hono-

2252 3573 2366 3612 rem
2420 3557 2684 3613 bonnruni
2731 3558 3065 3628 operationis
3105 3570 3217 3611 sute
3262 3569 3386 3610 esse
3427 3552 3731 3607 declarans.
3780 3548 3850 3603 Et

2251 3662 2676 3723 centemptores.
2696 3653 3038 3723 inquit,mei,
3068 3666 3174 3707 non
3193 3649 3327 3705 dixit
3360 3648 3566 3702 honore
3597 3643 3844 3714 privabo;

2251 3745 2381 3811 sed,
2412 3745 2620 3801 honore
2659 3746 3042 3816 privabantur;
3078 3758 3182 3797 non
3213 3757 3327 3797 sua:
3348 3738 3647 3810 operationi
3677 3735 3850 3804 depu-

2251 3849 2372 3893 tans
2399 3853 2587 3894 eorum
2616 3838 2861 3908 injuriam
2884 3880 2897 3903 ,
2927 3838 3021 3893 sed
3044 3835 3171 3907 quid
3202 3834 3440 3889 futurum
3464 3840 3631 3897 esset,
3658 3837 3848 3891 esten:-

2248 3935 2402 3991 dens.
2452 3934 2594 4005 Ergo
2643 3933 2732 3989 hic
2786 3948 2894 3988 non
2942 3929 3310 3987 dixitzFaeio
3358 3937 3408 3983 te
3452 3938 3613 3995 supra
3654 3930 3845 3993 pectus

2249 4035 2421 4095 tuum,
2452 4038 2505 4085 et
2531 4028 2582 4083 in
2609 4039 2765 4083 utero
2795 4035 2884 4080 tuo
2912 4024 3214 4090 ambulare,
3242 4031 3297 4077 et
3320 4031 3520 4075 terram
3551 4015 3845 4071 manduca-

2246 4139 2308 4178 re
2338 4138 2528 4179 omnes
2562 4123 2681 4177 dies
2711 4120 2833 4175 vita:
2857 4129 2999 4173 tuae:
3038 4116 3134 4173 sed
3169 4134 3181 4170 :
3213 4110 3531 4171 Ambalabls,
3568 4109 3761 4179 inquit,
3791 4114 3841 4158 et

2246 4215 2621 4278 manducabis;
2647 4223 2705 4267 ut
2736 4211 3050 4282 praedixisse
3098 4206 3270 4278 magis
3319 4203 3388 4260 de
3420 4209 3675 4272 serpente
3719 4211 3840 4267 qua:

2244 4309 2424 4365 futura
2449 4318 2595 4374 sunt,
2629 4307 2928 4370 videretur,
2963 4319 3125 4375 quam
3159 4299 3563 4369 praescripsisse
3600 4293 3727 4365 quid
3758 4291 3839 4345 l'a-

2243 4413 2413 4458 ceret.
2446 4400 2614 4456 Terra
2635 4399 2802 4464 enim,
2827 4396 3017 4467 inquit,
3050 4394 3315 4450 tibicibus
3336 4392 3461 4456 erit,
3483 4404 3589 4445 non
3618 4386 3795 4441 anima
3819 4401 3833 4438 :

2241 4510 2364 4549 nam
2388 4493 2568 4549 ethoc
2599 4490 2971 4561 peccatoribus
2999 4488 3244 4561 prodest.
3283 4484 3437 4542 Unde
3466 4492 3522 4538 et
3545 4479 3836 4551 Apostolus

2240 4589 2457 4645 tradidit
2505 4586 2813 4659 hujusmodi
2860 4587 2911 4640 in
2959 4583 3232 4640 interitum
3281 4580 3483 4644 carnis,
3514 4588 3572 4633 ut
3606 4573 3835 4646 Spiritus

514 4673 785 4743 ’angelum
816 4670 970 4734 lucis.
1000 4679 1056 4725 et
1085 4669 1316 4723 ministri
1371 4667 1490 4737 ejus
1525 4669 1664 4724 sicut
1704 4667 1939 4723 ministri
1974 4667 2128 4737 justi-

2248 4683 2416 4740 salvus
2440 4683 2511 4737 sit
2538 4682 2592 4737 in
2624 4682 2712 4737 die
2740 4680 2958 4737 Domini
2999 4679 3167 4735 n0stri
3194 4676 3321 4733 Jesu
3354 4674 3576 4731 Christi.
3605 4672 3832 4727 Pectore

532 4771 620 4826 tice
650 4768 677 4807 ι)
697 4766 853 4838 sunt)
878 4767 1010 4821 falsa
1049 4766 1381 4838 imponentis
1416 4767 1575 4839 179
1596 4767 1755 4822 rebus
1773 4766 2001 4837 singulis
2027 4781 2126 4821 no-

531 4862 701 4927 mina,
733 4869 791 4915 ut
813 4859 1170 4915 temeritatem
1194 4859 1476 4914 dicatesse
1499 4859 1773 4925 virtutem,
1803 4866 1857 4915 et
1884 4860 2127 4915 avaritia:

531 4971 730 5012 nomen
764 4954 1007 5024 imponat
1048 4953 1346 5008 industriae.
1381 4952 1618 5024 Serpens
1657 4954 1798 5009 enim
1840 4954 2122 5009 mulierem

527 5050 762 5120 decepit,
799 5049 971 5103 virum
1003 5047 1199 5102 mulier
1234 5047 1302 5101 ad
1342 5046 1839 5117 przevaricationem
1866 5047 1935 5101 de
1976 5048 2119 5100 veri-

525 5153 635 5200 tate
660 5140 903 5198 deduxit.
938 5141 1216 5210 Serpentis
1250 5152 1432 5212 typum
1457 5142 1669 5209 accepit
1695 5139 1983 5194 delectatio
2003 5154 2125 5193 cor-

523 5238 765 5309 poralis:
802 5234 996 5289 mulier
1036 5233 1343 5305 symbolum
1396 5238 1589 5287 sensus
1634 5243 1718 5288 est
1748 5232 1951 5298 nostri,
1983 5234 2066 5287 vir
2097 5240 2118 5271 ¢
2146 5266 2151 5270 ο

524 5331 742 5386 mentis.
769 5327 1066 5384 DeleCtatio
1082 5327 1260 5397 itaque
1282 5341 1500 5381 sensum
1526 5336 1726 5391 movet,
1748 5340 1939 5379 sensus
1954 5328 2120 5382 menti

594 5459 618 5487 ⁸
652 5452 807 5506 Rom.
836 5450 970 5522 edit.
995 5451 1135 5514 sola,
1165 5448 1295 5503 milii
1320 5447 1483 5502 suasit
1510 5463 1529 5502 :
1551 5456 1598 5501 et
1627 5446 1723 5502 hoc
1741 5447 1965 5503 mulieris
1995 5466 2114 5522 pec-

522 5532 693 5574 catum
724 5523 918 5577 veniale
938 5521 1070 5587 Deo,
1099 5530 1205 5576 etc.
1304 5530 1309 5535 '
1998 5521 2001 5522 ⁷
2126 5569 2134 5575 .

592 5590 769 5671 bats
794 5605 1024 5671 quatuor
1059 5601 1131 5671 let
1160 5592 1293 5671 edit.
1348 5592 1470 5671 Ani.
1501 5601 1661 5661 atque
1705 5589 1857 5671 ﬁta,
1890 5592 2113 5671 ministri

507 5662 747 5743 iustitiae.
790 5666 953 5743 ⁸διιηι⁵
994 5664 1512 5743 [ιιιδᾳρηῳοηεηιὶξη
1539 5670 1648 5743 etc_.
1702 5661 1846 5715 Edit.
1890 5661 2015 5718 Gill.
2049 5680 2113 5721 ac

517 5731 702 5808 genu,
734 5733 953 5808 ministri
996 5731 1213 5796 iustitia:
1242 5731 1400 5797 sunt,
1435 5735 1571 5808 falsa
1616 5736 1957 5808 impatientes,
2004 5743 2108 5789 etc.

517 5802 717 5887 Y‘erum
746 5816 867 5884 cum
901 5804 951 5856 in
980 5817 1108 5887 mss;
1143 5808 1393 5863 omnibus
1435 5802 1700 5887 tegatur,
1735 5806 2106 5887 imponentis...

454 5928 467 5939 κ
510 5873 758 5929 dicant...
790 5874 1163 5945 imponat,non
1188 5887 1367 5933 autem
1396 5889 1453 5933 ut
1482 5873 1535 5932 in
1559 5880 1714 5949 edit.,
1737 5873 1981 5934 dicant...
2013 5879 2110 5934 im-

2238 4786 2418 4829 autem
2473 4784 2529 4830 et
2581 4783 2770 4829 ventre
2823 4775 2898 4827 ait
2951 4783 3163 4841 reptare
3210 4778 3541 4839 serpentem,
3574 4779 3677 4819 non
3717 4770 3826 4816 tam

2200 4944 2209 4956 ’
2239 4881 2459 4941 propter
2485 4869 2732 4940 corporis
2760 4868 3006 4939 ﬁguram,
3047 4881 3207 4936 quam
3234 4863 3376 4937 quod
3406 4870 3629 4930 propter
3656 4868 3828 4911 terre-

2236 4977 2334 5017 nas
2354 4961 2710 5031 cogitationes
2739 4960 2808 5013 de
2832 4958 2927 5012 illa
2950 4970 2972 4995 υ
2999 4958 3208 5013 οωΙεΜί
3240 4953 3579 5011 beatitudine
3609 4951 3680 5004 sit
3710 4948 3827 5017 lap-

2235 5066 2347 5108 sus.
2376 5052 2574 5108 Pectus
2599 5053 2743 5108 enim
2776 5049 3089 5121 frequenter
3117 5063 3363 5105 recessus
3383 5046 3598 5119 quidam
3620 5044 3823 5113 accipi-

2233 5154 2322 5200 tur
2344 5143 2649 5217 sapi‘entite.
2678 5145 2741 5199 Et
2767 5146 2888 5200 ideo
2918 5145 3210 5215 Apostolus
3230 5156 3390 5213 supra
3415 5147 3600 5206 pectus
3621 5136 3825 5192 Christi

2230 5242 2460 5296 reclinat
2485 5251 2676 5311 caput.
2708 5255 2812 5295 IlOit
2835 5239 2888 5294 in
2922 5249 3116 5293 terram
3138 5236 3340 5305 dejicit.
3373 5235 3514 5306 Ergo
3545 5234 3588 5288 si
3608 5232 3822 5301 sapien‘

2233 5335 2305 5388 tia
2332 5335 2533 5390 diaboli
2555 5333 2682 5388 feris
2706 5333 3108 5387 intmauissitnis
3141 5330 3300 5403 180
3313 5338 3674 5399 comparatur,
3701 5327 3823 5397 qui-

2222 5462 2435 5523 ponant,
2463 5452 2850 5523 restituendum
2870 5451 3046 5507 locum
3069 5452 3390 5523 putavimus,
3411 5450 3548 5523 sicut
3571 5452 3620 5503 in
3638 5459 3818 5507 textu.

2296 5536 2317 5564 ο
2350 5528 2419 5579 Ita
2456 5540 2585 5579 nisa.
2619 5521 2788 5580 Clar..
2810 5521 2989 5589 Genu,
3018 5523 3197 5588 Cttlb.,
3226 5521 3365 5591 Big.,
3392 5523 3490 5594 SS.
3517 5522 3727 5594 Remig.
3765 5534 3822 5579 et

2218 5596 2320 5651 Th.
2351 5597 2456 5651 Alii
2490 5607 2666 5649 tamen
2710 5606 2763 5649 et
2793 5594 2924 5651 edit.
2956 5608 3168 5658 omnes,
3200 5597 3277 5646 vir
3301 5593 3482 5646 mentis
3517 5593 3817 5649 delectatio.

2217 5666 2243 5720 Ι
2253 5679 2404 5735 taque
2431 5683 2631 5731 sensus,
2658 5676 2764 5720 ete.

2287 5732 2328 5775 ’³⁷
2353 5740 2479 5792 Mss.
2514 5736 2628 5792 fere
2670 5738 2735 5792 ad
2777 5751 2973 5804 unum,
3014 5732 3317 5806 Colligenda
3348 5743 3422 5787 est
3454 5737 3620 5789 omnis
3657 5753 3820 5793 excit-

2212 5811 2363 5866 satio.

2290 5891 2311 5919 θ
2344 5862 2468 5938 Mss.
2499 5862 2704 5954 aliquot
2726 5879 2850 5937 boni
2877 5878 3002 5945 tevi,
3031 5871 3220 5932 cretati
3240 5871 3608 5932 benediclione.
