4150 6358
287 352 317 378 9
359 355 389 369 υ

287 354 393 406 di.)

288 465 388 520 bus
438 467 580 522 intra
634 463 799 536 pedes
850 467 1035 531 pectus
1080 455 1266 510 sitzet
1302 449 1466 505 etiam

289 569 505 615 terrena
548 560 799 627 sapiunt,
833 569 933 610 nec
978 548 1236 606 interiore
1276 543 1472 597 allecto
1513 538 1788 606 eriguntur
1815 529 1881 584 ad

287 654 511 718 caelum,
545 664 700 707 utero
738 649 984 703 videntur
1029 650 1243 710 reptare
1292 651 1387 706 per
1433 645 1664 693 terram;
1698 626 1883 692 utique

287 759 532 799 ventrem
565 745 758 797 animte
809 751 1009 794 nostra:
1065 750 1167 788 non
1199 723 1665 795 .cnrruptibilihus
1698 715 1880 772 SH‘CU“

289 839 454 908 hujus
477 839 723 908 implere,
746 834 838 890 sed
863 833 1032 900 magis
1057 829 1148 882 Dei
1179 841 1259 908 v._=i
1279 823 1345 876 bo
1375 823 1571 876 satiare
1597 815 1880 870 debemus.

290 933 438 989 Bene
468 933 631 1002 igitur
675 928 838 983 David
884 936 1170 993 personam
1199 903 1503 985 suscipiens
1531 909 1659 966 Ada:
1701 904 1831 961 dicit
1866 921 1878 958 :

290 1001 582 1078 Humiliata
627 1029 700 1074 est
743 1021 794 1072 in
825 1016 1026 1087 pulvere
1061 1011 1233 1066 aninta
1260 1024 1391 1068 utea,
1424 1002 1640 1059 adluesit
1663 1001 1715 1052 in
1747 1006 1882 1050 terra

284 1129 460 1172 venter
521 1130 662 1168 meus
721 1110 839 1182 (Ps.
890 1124 1050 1175 mn,
1099 1105 1216 1173 25).
1263 1099 1502 1156 Adhaesit
1548 1094 1690 1150 enim
1753 1091 1878 1144 dum

284 1209 655 1280 configuratur
693 1205 956 1276 serpenti,
989 1203 1076 1272 qui
1111 1197 1346 1268 pascitur
1378 1195 1430 1248 in
1462 1190 1739 1260 iniquitate
1777 1195 1884 1238 ter-

282 1319 432 1359 reua.
471 1303 704 1371 Ideoque
732 1317 832 1355 nos
878 1296 1171 1366 Apostolus
1201 1286 1527 1360 conligurari
1557 1283 1686 1338 dicit
1715 1292 1880 1348 opor-

282 1409 398 1451 tere
425 1394 644 1450 Christo
675 1394 854 1461 (Rom.
881 1408 952 1454 vt,
1003 1389 1082 1458 5).
1117 1399 1173 1440 ut
1219 1385 1388 1438 virtus
1420 1377 1619 1432 Christi
1654 1382 1882 1446 przeten-

282 1490 375 1544 dat
400 1490 452 1544 in
485 1489 662 1543 nobis.
693 1489 824 1554 Qua:
871 1483 1138 1538 sententia
1173 1494 1276 1534 non
1312 1485 1528 1546 putatur
1571 1473 1623 1524 in
1659 1483 1883 1536 serpen-

285 1591 392 1636 tem
417 1583 618 1651 gravis,
651 1595 769 1634 cum
795 1579 958 1631 etiam
978 1575 1170 1639 Adam,
1196 1572 1282 1641 qui
1308 1569 1476 1624 levius
1499 1562 1756 1636 peccavit,
1788 1559 1878 1614 tali

283 1673 679 1728 condemnatur
706 1670 993 1726 sententia.

357 1765 447 1822 75.
477 1767 745 1835 Scriptum
770 1776 847 1819 est
878 1765 1020 1818 enim
1054 1777 1067 1816 :
1100 1759 1380 1815 Maledicta
1403 1768 1536 1810 terra
1566 1756 1619 1808 in
1641 1752 1879 1824 operibus

281 1860 384 1912 tuis
425 1875 444 1912 :

281 1949 554 2022 tutamen.
586 1966 662 2015 ut,
701 1951 808 2020 I7).
847 1947 1070 2003 Videtur
1105 1957 1252 2001 certe
1282 1943 1578 1998 similitudo
1628 1938 1872 2010 qumdam

279 2060 402 2100 esse
448 2045 730 2099 sententia:
757 2061 769 2096 :
807 2043 899 2096 sed
927 2051 1104 2095 tamen
1139 2041 1189 2093 in
1241 2039 1354 2106 ipsa
1385 2034 1733 2090 similitudine
1762 2047 1875 2084 ma.

278 2152 381 2205 gna
429 2137 700 2191 discretio.
758 2135 986 2188 Interest
1033 2134 1175 2186 enim
1225 2144 1405 2184 utrum
1457 2126 1744 2181 manducet
1779 2122 1875 2178 ali-

283 2231 405 2299 quis
451 2241 670 2294 terram,
721 2229 862 2282 sicut
907 2227 1146 2296 serpenti
1193 2226 1396 2280 dictum
1460 2231 1574 2288 est,
1606 2219 1726 2290 quia
1766 2226 1876 2271 ter-

281 2337 395 2376 ratn
447 2322 787 2377 tnanducabit
845 2337 966 2377 :an
1017 2336 1146 2374 vero
1207 2319 1346 2372 sicut
1407 2314 1609 2370 homini
1673 2312 1872 2366 dictum

280 2426 402 2477 est,
437 2417 488 2470 in
511 2416 719 2470 tristitia
769 2413 1126 2468 manducabis.
1175 2412 1420 2482 Adjectio
1458 2410 1600 2464 enim
1647 2409 1745 2461 ista
1773 2425 1784 2460 :
1809 2403 1874 2458 In

281 2509 510 2575 tristitia,
553 2509 932 2564 discretionem
986 2507 1130 2562 facit.
1162 2507 1424 2561 Discretio
1450 2520 1608 2574 quam
1639 2503 1743 2556 vim
1775 2502 1871 2555 ha-

279 2600 434 2666 heat,
477 2602 786 2656 considers.
821 2601 1024 2655 Bonum
1069 2608 1154 2655 est
1194 2598 1321 2652 mihi
1356 2598 1406 2651 in
1447 2596 1662 2651 tristitia
1707 2593 1874 2664 magis

279 2702 482 2749 terram
533 2696 879 2761 manducare,
913 2688 1073 2764 quam
1118 2695 1169 2748 in
1213 2693 1593 2753 delectatione,
1626 2690 1728 2744 hoc
1759 2698 1871 2752 est,

278 2798 336 2841 ut
369 2789 419 2840 iu
454 2797 575 2843 actu
604 2790 834 2859 quodam
875 2799 928 2844 et
951 2804 1111 2843 sensu
1159 2787 1406 2857 corporis
1449 2784 1755 2839 contristari
1799 2783 1876 2836 vi-

277 2884 430 2949 dear,
459 2900 617 2954 qttam
644 2885 901 2939 delectari
935 2887 985 2937 in
1019 2893 1259 2952 peccato.
1293 2880 1445 2935 Multi
1485 2880 1628 2933 enim
1657 2885 1876 2945 propter

281 2975 477 3030 nimias
510 2975 821 3045 iniquitates
867 2991 972 3028 non
1003 2974 1302 3042 suscipiunt
1337 2970 1543 3039 peccati
1589 2969 1872 3022 conscien-

280 3068 430 3122 tiam.
464 3070 530 3122 At
577 3083 709 3122 vero
757 3069 846 3123 ille
885 3070 974 3138 qui
1017 3070 1087 3120 ait
1123 3084 1136 3120 :
1169 3065 1378 3135 Castigo
1404 3081 1587 3135 corpus
1609 3079 1798 3122 meum.
1833 3071 1877 3115 et

277 3162 508 3214 servituti
531 3163 708 3232 redigo
733 3162 785 3232 (I
816 3161 934 3216 Cor.
966 3177 1038 3225 Ix,
1068 3161 1182 3231 Ἦ),
1209 3159 1561 3235 contristatur
1585 3159 1635 3210 in
1667 3166 1878 3209 nostro-

1249 335 1338 392 DE
1376 329 1538 388 CAIN
1576 325 1664 384 ET
1703 320 1886 382 ABEL
1925 317 2110 375 LIBRI
2147 314 2304 372 DUO.
2352 309 2745 370 ADMONITIO.

1499 442 1745 500 homines
1790 436 1880 506 qui
1911 442 1957 499 Α
1987 431 2243 502 operibus
2272 429 2676 498 corporalibus;
2708 424 2829 480 illos
2852 434 2981 478 vero
3013 419 3064 474 in
3087 414 3351 489 supplicio
3373 426 3588 470 reman-

483 1860 538 1912 in
588 1859 795 1912 tristitia
836 1855 1170 1909 manducabis
1226 1870 1336 1906 eam
1383 1866 1554 1904 onmes
1601 1848 1709 1901 dies
1757 1847 1876 1901 vita:
1908 1866 1955 1926 B
1981 1849 2352 1900 consummata
2381 1837 2541 1891 luerit
2574 1832 2850 1887 fortitudo.
2879 1831 3017 1897 Ergo
3047 1834 3102 1879 et
3144 1837 3243 1876 nos

3481 296 3586 352 5H

1987 525 2156 590 sisse,
2181 525 2270 595 qui
2303 523 2711 579 delectabantur
2741 520 2898 590 hujus
2939 515 3122 572 mundi
3166 511 3442 582 operibus.
3478 507 3585 563 Dc-

1985 619 2148 688 nique
2172 616 2380 671 Hebraei
2404 617 2493 686 qui
2519 614 2938 687 ingemiscebant
2972 611 3024 665 in
3049 607 3325 663 laboribus
3341 601 3584 674 Egypli,

1979 712 2248 783 justorum
2295 715 2518 780 gratiam
2566 708 2841 764 consecuti
2903 714 3028 760 sunt
3076 702 3275 770 (Exod.
3327 715 3409 764 ιι,
3462 693 3579 767 2t).

1987 804 2054 860 Et
2083 803 2204 873 quia
2239 818 2429 873 panem
2461 803 2511 856 iu
2546 801 2762 855 tristitia
2795 797 3286 859 manducaverunt,
3321 805 3448 847 esca
3487 788 3590 842 do-

1987 899 2094 954 nati
2125 906 2253 952 sunt
2296 896 2526 968 spiritali
2571 893 2770 968 (Exod.
2807 909 2914 958 xvi,
2950 891 3015 946 15
3042 899 3087 945 et
3129 887 3262 958 seq.)
3296 905 3310 941 :
3347 879 3584 954 Aigyplii

1985 1012 2115 1052 vero
2145 993 2234 1064 qui
2266 993 2388 1046 talia
2434 1006 2596 1062 opera
2620 1005 2739 1044 cum
2791 985 3156 1043 exsultatione
3201 978 3582 1040 celebrabant,

1985 1089 2096 1160 regi
2111 1084 2418 1142 detestabili
2437 1084 2764 1142 servientes,
2787 1078 3216 1134 nullamveuiam
3236 1083 3360 1128 sunt
3381 1069 3580 1140 adepti.

2056 1182 2145 1237 76.
2181 1181 2285 1237 Sed
2317 1191 2396 1234 est
2427 1189 2478 1234 et
2503 1177 2591 1232 illa
2615 1175 2920 1237 distinetio,
2953 1169 3094 1241 quod
3119 1167 3357 1236 serpenti
3386 1163 3586 1218 dicitur

1985 1276 2108 1346 quia
2137 1282 2332 1328 terram
2358 1269 2733 1333 mandueahit;
2759 1267 2891 1322 Ada:
2929 1273 3106 1318 autem
3141 1279 3152 1314 :
3180 1269 3206 1297 τι
3239 1258 3302 1312 In
3334 1257 3544 1312 tristitia
3569 1296 3582 1318 ,

1986 1367 2591 1441 inquit,manducabis,et
2607 1381 2717 1417 cum
2731 1359 2919 1416 sudore
2933 1355 3287 1417 manducabis,
3303 1362 3348 1407 et
3362 1349 3586 1405 mandu-

1984 1469 2120 1523 cabis
2145 1468 2322 1535 fenum
2344 1463 2458 1534 agri
2474 1460 2625 1532 (Gen.
2643 1457 2798 1520 111.18
2815 1467 2858 1510 et
2880 1455 2990 1527 I9);
3009 1447 3366 1521 utqnemdam
3385 1443 3586 1498 intelli—

1983 1559 2236 1633 gamusin
2255 1558 2337 1612 his
2349 1571 2469 1610 esse
2487 1568 2794 1624 processum
2824 1559 2878 1604 et
2903 1545 3117 1618 quando
3143 1554 3338 1597 terram
3361 1536 3585 1615 mandu-

1985 1655 2264 1720 camus,in
2283 1650 2510 1722 quadam
2547 1647 2746 1702 malitia
2783 1658 2905 1698 esse
2932 1640 3212 1695 videamur
3233 1654 3244 1689 :
3265 1630 3481 1703 quando
3509 1628 3586 1682 fe-

1985 1767 2132 1812 num,
2160 1749 2209 1802 in
2238 1745 2468 1816 quodam
2503 1755 2784 1812 processu:
2815 1734 3032 1808 quando
3063 1747 3192 1786 vero
3215 1741 3430 1799 panem,
3459 1736 3579 1776 cum

3283 1819 3579 1873 habeamus

1984 1951 2296 2008 processum
2325 1933 2447 1985 vita:
2463 1929 2620 1999 hujus
2636 1969 2651 1994 ,
2668 1929 2804 1981 sicut
2820 1923 3069 1978 habuitet
3092 1917 3286 1972 Paulus
3310 1913 3398 1983 qui
3413 1910 3575 1965 dicit:

1990 2029 2116 2083 Vivo
2146 2039 2316 2081 autem
2347 2027 2450 2087 iant
2483 2040 2585 2075 non
2607 2037 2696 2092 ego
2731 2017 2926 2088 (Galat.
2957 2031 3025 2078 ιι,
3055 2011 3181 2083 20),
3207 2010 3309 2063 hoc
3332 2016 3436 2072 est,
3473 2017 3579 2058 non

1980 2139 2079 2192 ego
2102 2121 2190 2189 qui
2208 2130 2408 2173 terram
2433 2123 2558 2168 ante
2581 2109 2970 2168 mzuiducabam
2986 2125 2997 2158 :
3015 2121 3119 2160 non
3136 2101 3336 2173 egoqni
3372 2099 3576 2160 fenum,

1978 2189 2100 2286 quia
2124 2212 2302 2268 omnis
2329 2224 2457 2265 caro
2498 2206 2679 2262 fenuu‘.
2707 2224 2720 2258 :
2756 2202 2862 2259 Sed
2915 2201 3031 2255 vivit
3058 2200 3110 2252 in
3135 2214 3213 2250 me
3240 2195 3395 2267 181
3429 2189 3579 2245 Citri-

1978 2320 2107 2374 stus,
2142 2309 2245 2370 hoc
2271 2315 2353 2362 est
2374 2349 2389 2370 .
2419 2304 2546 2358 vivit
2590 2301 2743 2372 panis
2773 2299 2861 2353 ille
2885 2297 3039 2351 vivus
3070 2294 3158 2364 qui
3191 2290 3336 2345 venit
3365 2303 3394 2342 e
3415 2286 3577 2349 cwlo,

1981 2403 2117 2457 vivit
2143 2400 2427 2471 sapientia,
2454 2399 2583 2454 vivit
2607 2396 2802 2468 gratia,
2833 2393 2961 2448 vivit
2981 2388 3209 2462 justitia,
3242 2384 3374 2439 vivit
3399 2397 3580 2437 resur-

1977 2497 2168 2551 rectio.

2052 2592 2142 2646 77.
2185 2588 2389 2644 Deinde
2419 2586 2707 2643 considera
2732 2583 2852 2652 quia
2882 2598 2986 2637 non
3027 2589 3111 2636 est
3137 2576 3452 2633 maledictus
3479 2573 3580 2627 ho-

1979 2699 2090 2749 mo,
2121 2684 2215 2738 sed
2249 2680 2570 2736 maledictus
2599 2689 2682 2733 est
2715 2692 2941 2746 serpens
2971 2693 2982 2727 :
3017 2689 3113 2728 nec
3135 2684 3275 2728 terra
3309 2671 3359 2724 iu
3389 2684 3448 2723 se
3469 2683 3581 2720 ma-

1979 2778 2173 2831 ledicta
2205 2783 2321 2842 est;
2357 2774 2450 2830 sed
2489 2771 2800 2838 Maledicta,
2837 2768 3029 2838 inquit,
3079 2767 3129 2819 in
3161 2763 3399 2833 operibus
3435 2761 3535 2815 tuis
3558 2800 3573 2824 ,

1977 2870 2004 2909 δ
2021 2870 2161 2941 quod
2190 2869 2256 2923 ad
2282 2868 2450 2923 Adam
2469 2867 2669 2920 dictum
2694 2876 2795 2920 εει.
2816 2864 2969 2918 Tunc
2994 2872 3133 2916 terra
3163 2857 3450 2913 maledicta
3474 2863 3577 2920 est,

1979 2968 2022 3022 si
2058 2967 2257 3021 habeas
2288 2981 2452 3035 opera
2499 2974 2735 3027 terrena,
2785 2962 2834 3016 id
2876 2971 2955 3015 est
2984 2974 3148 3031 Opera
3183 2954 3482 3010 saecularia.
3516 2953 3579 3007 Et

1978 3061 2261 3117 maledicta
2313 3077 2419 3114 non
2459 3060 2512 3114 in
2563 3059 2916 3116 universum;
2979 3053 3071 3109 sed
3116 3052 3378 3121 utspinas
3407 3045 3579 3102 cttti-

1981 3157 2138 3210 hulos
2162 3164 2409 3224 generet,
2442 3154 2546 3208 nisi
2598 3155 2755 3225 182
2781 3151 2943 3206 fuerit
2971 3151 3216 3203 humanae
3247 3144 3423 3199 studio
3449 3158 3576 3212 ope-

277 3269 394 3307 rmn
448 3257 762 3325 poenitentia
807 3264 1182 3325 peccatorum;
1214 3254 1335 3324 quia
1378 3269 1472 3306 sua
1507 3259 1648 3304 tanta
1679 3251 1870 3303 delicta
1901 3253 1946 3315 ί]
1979 3251 2204 3305 rationis
2242 3248 2558 3304 exercitata.
2607 3248 2757 3315 Quod
2788 3246 2831 3299 si
2865 3256 2885 3283 ο
2915 3259 3032 3298 eam
3057 3240 3478 3303 excreuerimus,
3523 3237 3574 3290 in

277 3362 382 3401 non
410 3349 627 3412 habuit,
662 3360 714 3401 ut
749 3348 802 3402 in
860 3348 940 3402 his
992 3347 1302 3402 contristari
1346 3346 1584 3400 deberet.
1638 3346 1876 3414 Denique

276 3450 330 3495 et
355 3443 505 3495 nobis
530 3441 721 3495 suadet
749 3443 932 3496 utilem
968 3443 1126 3496 istam
1162 3457 1282 3496 esse
1312 3440 1607 3502 tristitiam,
1640 3455 1760 3511 qua:
1782 3454 1874 3495 se-

277 3537 505 3591 cundum
541 3537 728 3603 Deum,
763 3552 869 3590 non
893 3537 1189 3591 secundum
1213 3536 1469 3590 szeculum
1496 3545 1598 3589 est.
1623 3533 1870 3602 Oportet,

278 3628 470 3696 inquit,
524 3645 620 3682 vos
688 3629 996 3683 contristari
1045 3630 1096 3682 in
1153 3627 1520 3697 pcenilentiam
1576 3625 1871 3680 secundum

278 3718 446 3774 Deum
479 3720 560 3791 (II
593 3719 712 3775 Cor.
762 3737 856 3786 vn,
905 3720 939 3775 9
965 3731 1010 3774 et
1036 3719 1159 3789 l0);
1194 3736 1313 3773 nam
1347 3717 1643 3773 secundum
1703 3718 1867 3771 Deum

277 3810 493 3867 trisutia
517 3813 741 3866 salutem
765 3821 1040 3881 operatur,
1065 3811 1247 3864 Sarculi
1273 3821 1449 3864 autem
1480 3808 1693 3862 tristitia
1726 3821 1871 3861 mor-

272 3911 378 3956 tem
412 3912 685 3972 operatur.
734 3903 838 3959 Sed
891 3913 946 3958 et
989 3903 1054 3957 de
1086 3903 1249 3957 veteri
1294 3902 1644 3957 Testamento
1685 3902 1870 3968 accipe

271 3996 402 4052 illos
432 3997 496 4051 ad
541 3999 764 4067 gratiam
817 3998 1148 4068 pervenisse,
1181 3999 1268 4066 qui
1305 3996 1759 4051 contristabantur
1817 3996 1868 4048 in

298 4205 308 4216 .
344 4145 370 4173 ἰ
407 4134 545 4218 pica,
571 4134 1097 4218 Gem.,‘Tor.n...‘SS.
1134 4134 1234 4188 Th.
1268 4145 1314 4218 et
1359 4134 1540 4218 Mich.,
1593 4135 1655 4218 lu
1707 4137 1868 4189 tristi-

270 4207 366 4270 tia,
403 4208 586 4277 inquit,
622 4207 955 4260 manducabis
979 4208 1153 4271 fenum
1193 4208 1329 4276 agri,
1354 4217 1408 4257 ut
1430 4207 1723 4275 quemdam.
1756 4215 1864 4260 etc.

341 4279 369 4336 ι»
394 4278 560 4344 Clar.,
593 4280 746 4334 Rem.
778 4289 832 4334 et
859 4280 917 4334 S.
949 4278 1074 4343 Th.,
1098 4279 1165 4332 ad
1195 4279 1419 4332 animant
1448 4279 1640 4331 dictum
1666 4289 1758 4332 est.

1980 3346 2164 3400 labore
2186 3342 2403 3414 quidem
2429 3351 2482 3396 et
2513 3340 2739 3405 sudore,
2783 3337 2878 3394 sed
2921 3348 3096 3390 tamen
3121 3347 3315 3405 paucm
3349 3329 3574 3384 mandu-

1977 3441 2240 3497 Cabimus.
2291 3439 2570 3506 l'lepuguat
2615 3436 2759 3489 etiim
2791 3433 2877 3489 lex
2915 3431 3095 3486 carnis
3123 3429 3224 3499 legi
3258 3425 3472 3481 mentis.
3510 3421 3577 3477 Et

1978 3531 2333 3588 laborandum
2375 3530 2530 3586 nobis
2583 3539 2665 3584 est
2721 3545 2782 3584 ac
2812 3524 3218 3584 desudaudmu,
3267 3518 3573 3588 utcastige-

1977 3641 2098 3681 mus
2125 3640 2342 3696 corpus,
2376 3634 2430 3679 et
2458 3623 2705 3679 servituti
2739 3622 3065 3691 redigamus,
3097 3626 3149 3672 et
3170 3630 3288 3686 quze
3319 3610 3576 3680 suutspi-

1974 3721 2148 3774 ritalia
2169 3721 2530 3776 seminemus.
2562 3719 2617 3775 Si
2639 3719 2783 3773 enim
2816 3714 3052 3770 carnalia
3085 3707 3568 3766 seminaverimus,

1976 3830 2095 3884 qua:
2126 3815 2360 3868 carnalia
2392 3824 2518 3869 sunt
2552 3824 2815 3867 metemus
2842 3831 2854 3863 :
2890 3811 2934 3863 si
2966 3823 3095 3863 vero
3114 3804 3374 3875 spiritalia
3404 3799 3569 3854 semi-

1979 3907 2309 3972 naveriiuus,
2335 3919 2602 3964 metemus
2623 3923 2683 3962 ea
2705 3901 3263 3976 qutesuntspiritalia.
3284 3897 3370 3970 (S.
3405 3895 3564 3964 Aug.,

1982 4003 2020 4055 Ι.
2056 4018 2091 4056 ιι
2121 4011 2256 4056 cont.
2281 4001 2394 4057 Jul.
2430 4001 2638 4072 Pelag.,
2669 4018 2715 4054 c.
2746 3998 2827 4071 5).

2053 4151 2074 4175 ο
2118 4138 2258 4192 Edit.
2298 4139 2477 4200 Ilom..
2514 4138 2667 4204 Quod
2697 4139 2740 4191 si
2784 4138 2935 4190 etiam
2964 4132 3358 4190 exercuerimus.
3393 4170 3405 4183 .
3435 4169 3446 4184 .
3482 4145 3568 4183 su-

1976 4210 2098 4264 dore
2123 4212 2350 4275 erimus;
2381 4210 2469 4264 sed
2494 4221 2682 4276 tamen,
2713 4220 2820 4263 etc.

391 4465 426 4470 -ι-
583 4462 671 4472 δρα-
868 4465 1138 4473 ..--,
2059 4465 2084 4471 ‘
2261 4467 2312 4471 ___
2389 4466 2568 4472 ___7‘_~_-
2850 4462 2862 4468 -
2887 4461 3027 4467 rﬁ‘-~___
3107 4459 3150 4463 __
3184 4456 3279 4463 ,.-_
3384 4452 3428 4459 -_
3455 4451 3484 4460 --

637 4583 758 4667 IN
833 4583 1248 4668 LIBROS
1325 4583 1482 4668 DE
1558 4583 1837 4666 CAIN
1911 4585 2060 4666 ET
2137 4583 2429 4666 ABEL
2503 4532 3212 4665 ADMONITIO.

339 4855 633 4910 Ambrosius
657 4855 710 4908 in
740 4856 852 4927 ipso
879 4856 1091 4910 exordio
1119 4857 1237 4910 libri
1279 4856 1346 4910 de
1399 4856 1773 4912 Incaruatione
1809 4856 2087 4912 Dominica
2143 4859 2353 4927 loquens
2406 4860 2469 4914 de
2512 4858 2707 4912 duobus
2737 4857 2974 4911 Gratiani
3015 4855 3372 4920 cubiculariis,
3419 4852 3570 4908 Aria-

263 4968 348 5006 ηαξ
369 4964 517 5008 sectw
538 4953 847 5015 hominibus.
879 4955 964 5022 qui
987 4958 1099 5027 ejus
1120 4955 1351 5008 courioni
1368 4954 1484 5024 ﬁcte
1512 4955 1728 5023 polliciti
1753 4972 1858 5009 sese
1884 4953 2192 5021 adfuturos,
2255 4954 2530 5025 obligatam
2562 4954 2718 5022 [idem
2764 4970 2862 5007 non
2915 4952 3230 5015 liberabant,
3284 4965 3567 5004 sermonem

262 5047 332 5100 ad
353 5049 638 5100 institutam
688 5046 834 5102 Caiui
878 5057 925 5101 et
962 5048 1130 5102 Abt-lis
1167 5048 1434 5100 historiam
1473 5064 1527 5101 se
1561 5056 1851 5102 convertere
1899 5047 2190 5118 proﬁtetur.
2238 5046 2422 5112 Itaque
2473 5045 2598 5100 dum
2662 5047 2780 5112 illi,
2827 5047 3020 5116 inquit,
3071 5044 3292 5099 forsitan
3324 5043 3566 5102 veniunt,

263 5141 330 5196 ad
374 5142 504 5196 istos
553 5144 641 5210 qui
684 5143 940 5211 propositi
983 5155 1126 5208 sunt,
1170 5141 1523 5197 deﬂectamus
1567 5143 1852 5212 agricolas,
1897 5157 2125 5212 quorum
2155 5141 2318 5205 alter,
2367 5139 2469 5194 hoc
2511 5149 2614 5200 est.
2659 5141 2811 5206 Cain,
2857 5152 2965 5196 etc.
3004 5138 3084 5193 Ex
3109 5138 3290 5205 quibus
3321 5151 3443 5188 sane
3466 5150 3565 5185 non

261 5239 389 5293 levis
417 5239 639 5308 suspicio
669 5239 814 5311 injici
854 5250 1015 5308 patest
1043 5241 1518 5293 commentationem
1561 5238 1624 5292 de
1654 5236 1782 5291 Cain
1830 5246 1876 5289 et
1927 5237 2053 5290 Abel
2101 5236 2239 5290 haud
2280 5235 2424 5306 prius
2461 5233 2652 5288 editam
2685 5235 2843 5305 fuisse
2868 5276 2880 5294 ,
2933 5248 3083 5301 quam
3124 5232 3215 5284 illa
3259 5225 3565 5299 pronuntia-

263 5337 443 5380 rentur
469 5327 530 5379 ab
562 5327 846 5382 Ambrosio.
883 5328 944 5381 Et
985 5330 1105 5384 huic
1138 5333 1447 5402 conjectura:
1476 5331 1598 5384 inde
1623 5328 1861 5398 fortassis
1885 5328 2121 5382 nonnihil
2163 5327 2392 5382 rideatur
2423 5326 2661 5380 accedere
2697 5325 3118 5391 conﬁrmationis.
3153 5321 3290 5391 quod
3317 5330 3362 5372 et
3393 5317 3568 5372 eadem

263 5421 394 5490 ﬁdes
420 5461 434 5484 ,
481 5435 634 5489 quant
661 5421 736 5472 vir
766 5431 971 5474 sanctus
997 5423 1047 5474 in
1079 5422 1209 5476 libro
1231 5423 1297 5475 de
1336 5421 1710 5476 Incarnatione
1739 5421 1946 5474 Arianis
1973 5421 2245 5489 explicato,
2298 5419 2449 5472 etiam
2484 5419 2536 5470 in
2569 5433 2722 5485 opere
2761 5417 2825 5469 de
2853 5433 2954 5484 quo
2994 5416 3191 5483 agimus
3218 5457 3232 5478 ,
3288 5409 3566 5480 plurimum

263 5513 648 5566 commendetur
672 5553 686 5574 ,
742 5523 786 5566 et
825 5514 877 5565 itt
918 5508 1130 5584 utroque
1164 5515 1340 5568 eadem
1392 5513 1643 5569 Geneseos
1681 5513 1829 5566 verba
1870 5529 1971 5566 non
2011 5512 2234 5566 absimili
2274 5511 2470 5565 ratione
2523 5519 2862 5579 exponantur.
2911 5509 3035 5560 Cum
3075 5517 3244 5560 autem
3287 5512 3566 5576 memorata

265 5606 548 5673 disputatio
589 5606 656 5660 de
699 5605 1069 5662 Iucarnatione
1109 5608 1387 5661 Dominica
1433 5609 1518 5660 vix
1557 5614 1679 5658 ante
1712 5620 1906 5657 annum
1949 5604 2088 5670 582,
2139 5613 2196 5656 ut
2234 5619 2326 5656 suo
2363 5602 2474 5654 loco
2505 5600 2740 5660 dicetur,
2786 5598 2960 5650 habita
2992 5598 3170 5666 fuerit,
3217 5574 3332 5650 hinc
3387 5598 3561 5666 forsan

267 5700 428 5766 possit
469 5702 656 5768 aliquis
686 5702 929 5776 colligere;
971 5703 1357 5776 eidemquoque
1397 5700 1610 5768 tempori
1652 5707 1928 5751 tractatum
1949 5697 2012 5750 de
2028 5695 2155 5750 Cain
2192 5705 2237 5748 et
2270 5694 2396 5748 Abel
2431 5709 2540 5745 esse
2569 5690 2911 5744 tribuendum.
2951 5687 3308 5743 Verumtamen
3348 5699 3402 5742 ut
3430 5691 3566 5744 hunc

262 5787 595 5854 antiquiorem
619 5792 981 5856 existimemus,
1015 5803 1066 5844 ut
1090 5800 1207 5859 pote
1231 5792 1372 5858 operi
1399 5790 1466 5844 de
1493 5789 1752 5842 Paradiso
1783 5780 2077 5857 supparent,
2101 5787 2281 5855 primis
2311 5783 2542 5855 ejusdem
2564 5781 2726 5835 verbis
2753 5778 3079 5856 alldttcmtttr.
3112 5778 3137 5832 Ι
3147 5781 3196 5836 bi
3221 5783 3470 5852 siquidem
3493 5784 3563 5837 ita

265 5879 583 5937 δρυοτιονξ
614 5884 686 5941 Dc
716 5883 1004 5952 Paz'atlico,
1032 5885 1231 5953 inquit,
1264 5883 1312 5936 in
1343 5882 1730 5952 superioribus.
1780 5919 1793 5933 .
1840 5919 1851 5933 .
1897 5919 1912 5934 .
1959 5919 1969 5933 .
2016 5920 2028 5932 .
2071 5853 2414 5950 digessimus.
2463 5915 2473 5927 .
2523 5914 2536 5928 .
2585 5914 2592 5920 .
2641 5913 2656 5928 .
2697 5854 2846 5926 Nune
2893 5881 3207 5942 sequentem
3257 5853 3565 5930 adoriamur
