4150 6358
557 287 620 347 5|
635 294 669 350 ὕ
1893 285 2146 346 εΑΝετι
2177 285 2506 346 ΔΜΒΒΟΕΙΙ
3781 290 3900 348 516

559 407 842 464 historiam
865 415 918 466 et
947 421 1008 464 ea
1031 406 1464 480 quae'secundum
1493 407 1798 478 Scriptum
1825 421 2034 463 annexa
2061 416 2188 462 sunt
2213 405 2446 472 divinas,
2471 413 2660 463 nostro
2679 420 2846 478 opere
2873 419 3282 478 prosequamur.
3321 405 3448 462 Iliae
3467 415 3603 462 certe
3629 405 3902 460 dubitare

561 502 855 567 neutiquam
879 500 1068 563 sinunt,
1121 499 1244 565 quin
1287 499 1510 568 apellam
1539 499 1670 552 hanc
1699 513 1816 571 quia
1843 501 1898 554 in
1927 515 2054 555 mss.
2073 499 2272 570 duobus
2295 511 2409 570 post
2437 499 2628 554 librum
2655 499 2725 556 de
2759 499 3022 556 Paradiso
3039 512 3252 554 exarata
3273 541 3286 566 ,
3313 501 3606 554 inscribitur
3633 502 3714 556 de
3759 498 3904 554 Cain

559 601 616 646 et
641 591 776 646 Abel
811 590 946 646 liber
967 589 1256 658 secundus,
1305 591 1466 644 eidem
1507 591 1640 646 libro
1667 591 2027 663 subjunrerit;
2059 608 2212 662 quam
2242 591 2458 662 proinde
2483 593 2684 647 circiter
2709 609 2798 648 an.
2829 593 2966 658 575,
2995 595 3238 662 scriptam
3285 595 3445 664 fuisse
3477 593 3904 647 crediderimus.

563 683 763 738 Praeter
787 687 1108 757 conjecturas
1147 701 1179 737 a
1201 684 1344 738 nobis
1383 685 1440 738 in
1479 686 1736 753 superiori
1775 687 2128 741 admonitione
2163 685 2476 758 propositas,
2511 687 2610 740 huc
2647 687 2802 740 etiam
2839 686 2968 756 facit
2991 685 3253 756 utriusque
3269 688 3440 759 operis
3475 691 3786 752 character,
3815 686 3911 756 qui

561 775 716 831 dubio
742 779 921 846 procul
941 795 1042 832 non
1071 789 1284 848 tantam,
1313 791 1556 851 quantam
1577 783 1819 846 aliorum,
1849 783 2194 838 maturitatem
2216 785 2444 854 prtefert,
2481 782 2570 836 sed
2615 780 3049 853 quodammodo,
3101 793 3154 836 ut
3193 799 3312 836 uoce
3351 792 3558 836 utamur
3597 782 3906 848 Ambrosii,

554 863 971 934 jnvenculescit.
1024 867 1208 939 Itaque
1247 871 1386 936 quod
1419 872 1508 926 ille
1535 873 1588 925 in
1617 872 1731 926 loco
1771 888 1798 927 e
1835 875 2256 928 commentatione
2303 874 2372 930 de
2417 873 2790 928 Incartnttione
2841 873 3115 929 Dominica
3161 876 3398 944 superius
3441 875 3657 932 laudato
3715 893 3782 931 se
3835 878 3910 930 ad

559 959 778 1016 Cainum
807 971 958 1032 atque
979 961 1188 1018 Abelcm
1210 964 1484 1035 deﬂectere
1509 967 1792 1040 signiﬁcat,
1839 978 2164 1020 autumamus
2193 966 2308 1020 ideo
2329 966 2554 1032 dictum,
2601 967 2722 1036 quia
2749 969 2882 1037 forte
2905 966 3174 1020 amborum
3219 969 3442 1038 fratrum
3491 969 3716 1022 historia
3739 1009 3754 1034 ,
3811 983 3912 1020 cu-

559 1055 644 1125 jus
691 1055 840 1110 lectio
859 1059 1135 1126 quotannis
1173 1067 1310 1114 certo
1341 1069 1568 1132 tempore
1586 1063 1638 1114 in
1667 1059 1904 1116 Ecclesia
1929 1061 2240 1128 recurrebat,
2269 1071 2390 1116 tunc
2406 1061 2473 1114 ad
2495 1063 2742 1134 pupulum
2769 1065 2936 1134 fuerat
2961 1063 3192 1118 recitata.

483 1169 486 1173 '
593 1175 596 1178 ’
635 1151 900 1219 Quidnam
945 1163 1193 1210 tractetur
1245 1157 1300 1210 in
1347 1156 1441 1211 hoc
1479 1173 1662 1228 Opere,
1725 1167 1830 1211 tum
1873 1159 1988 1228 ipsa
2029 1161 2142 1232 ejus
2171 1157 2440 1226 inscriptio
2465 1199 2478 1222 ,
2507 1169 2616 1213 tum
2649 1173 2762 1227 qua:
2793 1175 2826 1212 a
2855 1157 2998 1212 nobis
3043 1174 3202 1230 supra
3235 1157 3374 1212 dicta
3401 1167 3522 1212 sunt
3545 1199 3564 1226 ,
3611 1159 3750 1214 satis
3813 1159 3912 1214 de-

561 1247 782 1303 clarant.
831 1249 982 1316 Quod
1012 1267 1130 1306 vero
1159 1250 1230 1304 ad
1261 1251 1520 1306 tractandi
1561 1253 1810 1307 rationem
1847 1254 2048 1316 attinet,
2081 1261 2435 1324 argumentum
2475 1268 2627 1305 suum
2685 1251 2867 1322 ubique
2907 1253 3014 1322 fere
3077 1251 3305 1322 mysticis
3355 1249 3902 1320 interpretationibus

565 1343 772 1412 exponit
793 1351 838 1396 et
867 1343 1114 1398 illustrat.
1135 1342 1454 1398 Immoratur
1482 1345 1763 1413 prtesertim
1779 1345 1832 1398 in
1861 1343 2185 1416 explicandis
2214 1343 2362 1398 Caini
2393 1353 2439 1396 et
2467 1342 2639 1396 Abelis
2661 1341 2956 1410 sacriﬁciis,
2977 1357 3082 1410 qua
3105 1341 3154 1394 in
3183 1356 3238 1394 re
3259 1341 3422 1394 multo
3445 1343 3700 1413 majorem
3731 1343 3910 1398 (alius

567 1435 1009 1489 commentationis
1030 1437 1476 1505 parteminsumit.
1499 1437 1744 1505 Quamvis
1773 1449 1942 1492 autem
1969 1439 2052 1492 hic
2097 1455 2200 1494 non
2243 1447 2346 1494 tam
2389 1439 2581 1493 multus
2609 1439 2672 1492 sit
2701 1439 2754 1491 in
2777 1435 3107 1510 exagitandis
3145 1435 3578 1506 confutandisque
3603 1435 3906 1501 lnereticis,

567 1539 722 1592 quam
742 1527 794 1579 in
817 1525 945 1581 libro
966 1527 1033 1581 de
1051 1527 1308 1583 Paradiso
1331 1546 1345 1594 ;
1371 1530 1460 1584 sed
1481 1531 1690 1586 liberius
1711 1533 1938 1586 oratorio
1953 1534 2090 1604 style
2111 1533 2378 1605 indulgeat
2403 1549 2422 1588 :
2445 1533 2700 1587 interdum
2723 1541 2890 1586 tamen
2905 1531 3154 1585 nonnulla
3175 1529 3443 1584 catholica:
3461 1529 3584 1600 ﬁdei
3615 1528 3903 1602 dogmata,

569 1629 683 1682 qum
703 1616 990 1672 imbuendis
1012 1619 1246 1689 ﬁdelium
1267 1621 1452 1675 animis
1480 1622 1696 1692 putabat
1723 1624 1964 1692 utiliora,
2009 1626 2133 1680 satis
2178 1625 2430 1680 subtiliter
2457 1626 2706 1681 insinuat.
2735 1623 2817 1678 Ea
2843 1642 2958 1680 vero
2981 1641 3096 1697 qua:
3121 1625 3188 1678 ad
3228 1625 3494 1696 ﬁngendas
3537 1640 3712 1680 mores
3765 1639 3910 1678 con-

571 1700 784 1772 ducunt,
834 1708 1002 1778 fusius
1037 1713 1428 1784 accuratiusque
1449 1718 1789 1786 prosequitur.

647 1795 784 1853 Hinc
807 1799 1014 1872 quidem
1053 1815 1158 1858 non
1195 1815 1376 1860 temere
1405 1807 1585 1878 fecisse
1611 1807 1758 1863 nobis
1779 1809 2054 1878 uidebitur,
2085 1811 2174 1882 qui
2203 1811 2346 1884 prius
2395 1827 2524 1882 Opus
2575 1811 2670 1866 hoc
2697 1812 2900 1880 publice
2939 1821 3234 1882 peroratum
3259 1851 3274 1876 ,
3331 1827 3394 1865 ac
3441 1820 3618 1884 postea
3667 1813 3726 1866 in
3755 1827 3906 1876 mm,

571 1905 672 1958 qua
701 1909 835 1950 stunc
865 1897 1082 1954 habetur
1107 1941 1122 1968 ,
1170 1904 1392 1972 formam
1436 1903 1699 1958 redactum
1735 1921 1846 1959 esse
1873 1904 2206 1962 existimabit.
2239 1903 2460 1958 Tametsi
2517 1919 2620 1958 non
2657 1905 2722 1958 sit
2765 1903 3198 1958 dissimulandum
3225 1902 3281 1956 id
3303 1903 3352 1956 in
3383 1903 3501 1957 aliis
3531 1902 3907 1958 Ambrosianis

571 1989 837 2058 operibus,
891 1993 947 2046 in
991 1993 1177 2063 quibus
1221 1998 1437 2051 oratorii
1483 1999 1691 2054 dicendi
1717 1999 1858 2054 modi
1885 2002 2166 2055 etiamnum
2193 2009 2414 2066 exstant,
2439 2001 2646 2071 facilius
2677 1997 3078 2054 anidmaduerti.

645 2077 934 2138 Fatendum
965 2103 1118 2156 porro
1140 2088 1390 2145 Sanctum
1413 2092 1546 2146 hunc
1575 2105 1802 2148 nostrum
1824 2096 2051 2166 plurima
2083 2113 2109 2150 e
2135 2095 2356 2151 Philone
2385 2097 2436 2149 in
2467 2095 2872 2150 lucubrationem
2897 2109 3044 2148 suam
3093 2091 3436 2146 transtulisse.
3465 2089 3690 2161 Confer,
3719 2092 3766 2144 si
3791 2107 3893 2144 ua-

575 2179 674 2236 cat,
704 2189 820 2244 qua:
849 2174 974 2228 dicit
1001 2177 1054 2232 in
1079 2179 1188 2234 haec
1213 2179 1466 2235 Geneseos
1493 2183 1679 2239 verba:
1707 2185 1928 2242 Possetli
1953 2187 2228 2242 hominem
2253 2203 2348 2258 per
2371 2189 2560 2252 Deum,
2589 2204 2706 2242 cum
2731 2185 2906 2240 Iudici
2932 2186 3076 2240 illius
3101 2185 3234 2238 libro
3257 2183 3326 2238 de
3351 2182 3674 2250 Cherubin),
3701 2193 3755 2236 et
3783 2183 3910 2236 hinc

575 2275 634 2313 ea
663 2261 932 2335 desumpta
959 2283 1070 2322 esse
1097 2271 1243 2324 nullo
1273 2273 1876 2345 negotiodeprehendes.
1912 2277 2167 2332 Similiter
2189 2280 2338 2333 etiam
2369 2295 2400 2332 a
2425 2279 2594 2332 medio
2621 2281 2786 2352 primo
2809 2281 2978 2350 capite
3003 2279 3192 2348 prioris
3216 2277 3329 2332 libri
3367 2276 3436 2330 ad
3465 2287 3620 2347 caput
3665 2287 3907 2330 «(auum

574 2360 892 2426 posterioris,
921 2378 1022 2416 non
1065 2365 1332 2419 minimam
1366 2379 1564 2437 partem
1593 2371 1726 2424 libro
1751 2372 1985 2441 ejusdem
2035 2375 2261 2428 auctoris
2313 2375 2378 2430 de
2421 2375 2720 2430 Sacriliciis
2749 2373 2888 2430 Abel
2923 2383 2978 2428 et
3001 2375 3160 2438 Cain,
3199 2371 3371 2426 deberi
3417 2372 3752 2442 ntarrifestum
3805 2381 3906 2425 est.

577 2449 814 2508 Attamen
840 2456 893 2507 in
919 2457 1078 2512 tribus
1102 2459 1298 2513 ultimis
1319 2462 1437 2515 libri
1459 2465 1670 2518 secundi
1709 2465 1998 2538 capitibus},
2027 2468 2113 2522 ubi
2155 2469 2454 2524 Ambrosius
2493 2469 2697 2538 reliqua
2747 2469 2818 2522 ad
2869 2468 3014 2522 illam
3045 2467 3212 2536 ipsam
3269 2465 3538 2520 historiam
3581 2464 3907 2533 pertinentia

578 2552 760 2620 paucis
787 2551 1016 2620 expedit,
1049 2571 1078 2608 e
1107 2555 1236 2610 libro
1255 2597 1270 2624 ,
1295 2559 1379 2612 cui
1408 2561 1588 2615 titulus
1623 2576 1641 2615 :
1672 2561 1746 2617 De
1769 2577 1834 2618 eo
1855 2564 1998 2634 quod
2021 2565 2260 2620 deterius
2281 2565 2476 2636 potiori
2503 2563 2746 2619 insidiari
2775 2563 2946 2618 soleat
2975 2605 2989 2629 ,
3021 2563 3076 2616 in
3099 2579 3196 2629 quo
3231 2561 3408 2614 eadem
3431 2577 3462 2612 a
3485 2557 3711 2614 Philone
3733 2559 3908 2628 fusius

581 2651 985 2712 pertractantur,
1003 2657 1106 2702 tres
1129 2651 1336 2704 omnino
1359 2651 1497 2707 locos
1517 2654 1746 2709 imitatus
1763 2663 1856 2710 est.
1893 2655 2080 2710 Verum
2103 2668 2152 2712 et
2181 2658 2296 2712 istic
2319 2668 2366 2712 et
2393 2657 2700 2727 ubicumque
2719 2655 2918 2728 aliquid
2941 2671 3003 2709 ea:
3027 2653 3126 2708 hoc
3145 2663 3354 2706 auctore
3379 2661 3668 2714 mutuatur,
3701 2665 3908 2704 summa

581 2751 780 2809 semper
807 2739 1260 2810 utiturlibertdte;
1291 2745 1366 2800 ita
1391 2755 1468 2814 ut,
1495 2763 1613 2800 cum
1635 2747 1794 2816 lubet,
1837 2750 2155 2821 philonianis
2185 2751 2450 2806 sententiis
2479 2751 2726 2820 adjiciat,
2751 2749 2989 2804 detrahat
3018 2759 3065 2802 et
3095 2747 3380 2802 contrarias
3407 2760 3608 2816 quoque
3637 2761 3902 2799 nonnum-

583 2847 738 2901 quam
758 2845 1054 2908 anteponat.

654 2927 953 2985 Cazteruma
976 2931 1118 2986 nobis
1139 2933 1411 3006 impetrare
1439 2953 1540 2992 non
1568 2955 1861 3011 possumus.
1887 2949 1943 2994 ut
1963 2939 2120 3010 hujus
2137 2939 2304 3010 operis
2327 2939 2630 2993 divisionem
2655 2937 2717 2990 ab
2749 2937 3015 2991 Ambrosio
3043 2939 3328 3008 profectam
3357 2933 3686 2988 arbitremur.
3723 2931 3902 2986 Halu-

587 3037 700 3076 mus
719 3023 864 3078 illam
895 3026 1116 3083 tribuere
1128 3027 1308 3084 Sciolo
1337 3031 1582 3104 cuipiam,
1607 3035 1829 3102 quicum
1855 3035 2100 3106 pleraque
2121 3036 2314 3102 omnia,
2347 3035 2410 3088 de
2435 3033 2616 3104 quibus
2645 3032 2785 3106 apud
2813 3030 3086 3086 Philonem
3107 3030 3252 3094 libris
3281 3028 3478 3084 duobus
3497 3028 3778 3098 agitur,_in
3805 3031 3903 3082 hoc

585 3123 808 3172 tractatu
839 3121 1088 3174 contineri
1113 3121 1418 3192 adverteret,
1451 3141 1564 3180 eum
1589 3143 1787 3198 quoque
1811 3127 2056 3200 bifariam
2085 3127 2416 3182 diuidendum
2437 3142 2544 3180 esse
2555 3124 2808 3196 judicavit
2833 3139 2851 3176 :
2873 3122 2961 3176 sed
2989 3122 3116 3176 adeo
3141 3129 3450 3192 praepostere
3477 3118 3612 3174 illud
3639 3118 3898 3188 prtestitit,

585 3220 640 3264 ut
676 3210 746 3264 ibi
779 3213 1008 3282 posuerit
1047 3215 1258 3269 secundi
1285 3217 1399 3272 libri
1428 3218 1652 3287 initium,
1683 3218 1770 3272 ubi
1795 3236 1860 3275 ne
1884 3230 2039 3292 caput
2077 3220 2285 3289 quidem
2308 3218 2531 3288 incipere
2557 3225 2830 3290 oporteret.
2866 3213 3039 3286 Longe
3075 3229 3195 3268 sane
3225 3213 3540 3266 commodius
3579 3210 3642 3264 ab
3673 3226 3732 3262 eo
3763 3211 3894 3276 loco,

587 3301 672 3354 ubi
693 3303 768 3356 uir
790 3314 998 3358 sanctus
1027 3305 1096 3358 ad
1115 3309 1370 3378 agendum
1391 3311 1454 3365 de
1482 3309 1710 3364 secundo
1729 3311 1972 3381 sacriﬁcii
2005 3309 2152 3364 Caini
2178 3311 2300 3364 vitio
2321 3311 2642 3380 aggreditur,
2673 3308 2880 3362 initium
2897 3305 3103 3360 duceret
3131 3307 3384 3360 secundus
3407 3303 3551 3358 liber.
3578 3303 3710 3358 Cum
3731 3313 3896 3357 autem

589 3395 773 3449 divisio
801 3396 894 3451 illa
921 3400 1014 3452 etsi
1040 3399 1268 3456 absurda
1291 3402 1355 3456 ab
1384 3405 1722 3475 antiquissimi
1764 3407 1858 3460 leui
1888 3406 2252 3476 niartuscriptis
2281 3407 2350 3458 ad
2371 3405 2656 3458 editionum
2687 3413 2922 3473 tempora
2943 3401 3245 3471 peruenerit,
3281 3416 3374 3454 nos
3401 3415 3602 3470 quoque
3645 3415 3758 3453 eam
3779 3439 3795 3466 ,
3824 3413 3884 3452 ne

587 3501 690 3555 qua
725 3489 782 3542 in
808 3490 1133 3546 citatiouibus
1159 3496 1392 3564 confusio
1421 3497 1638 3562 oriatur,
1669 3499 1960 3552 censuimus
1989 3514 2096 3552 esse
2119 3497 2459 3552 retinendam.

954 3741 1979 3914 SANCTI
2196 3746 3558 3914 AMBROSII

1773 4003 2352 4089 MEDIOLANENSIS
2411 4003 2747 4088 EPISGOPI

1353 4191 1631 4335 DE
1723 4191 2197 4341 CAIN
2289 4195 2536 4335 ET
2635 4192 3156 4338 ABEL

1915 4417 2220 4492 LIBRI
2297 4405 2591 4491 DUO‘.

624 3603 3902 3632 _______________________________________________________

1732 4571 2778 4602 Μ

1817 4681 2166 4766 LIBER
2245 4677 2725 4763 PRIMUS.

1011 4847 1167 4922 183
1203 4834 1446 4904 'CAPUT
1486 4843 1776 4904 PRIMUM.
2225 4853 2280 4914 Α
2305 4841 2612 4906 literedem,
2676 4849 2989 4912 sequentem
3031 4839 3340 4896 adoriamur
3381 4839 3658 4896 historiam
3683 4881 3697 4906 ,
3750 4847 3806 4896 et
3843 4855 3906 4896 ea

605 4940 734 4997 Post
773 4941 968 4997 brevem
997 4957 1030 4995 a
1060 4940 1191 4996 libro
1220 4940 1475 5010 superiori
1503 4939 1572 4994 ad
1614 4939 1808 4996 huncce
1848 4939 2200 4994 transitionem
2303 4951 2425 5006 quae
2448 4935 2741 4990 secundum
2763 4935 3068 5005 Scripturas
3097 4949 3308 4990 annexa
3331 4943 3457 4990 sunt
3511 4935 3724 4989 divinas
3749 4975 3766 5002 ,
3806 4949 3906 4990 no-

679 5035 849 5110 agitur
891 5036 953 5093 de
979 5045 1092 5092 ortu
1123 5035 1250 5091 Cain
1272 5044 1318 5090 ct
1345 5035 1468 5090 Abel
1493 5052 1512 5103 ;
1553 5049 1612 5088 ac
1652 5049 1742 5106 per
1766 5034 1858 5089 hos
1879 5033 2010 5088 sicut
2037 5043 2082 5086 et
2113 5045 2203 5102 per
2307 5039 2424 5086 stro
2436 5045 2604 5102 opere
2631 5045 3046 5101 prosequamur.

687 5129 826 5186 Esau
871 5138 917 5185 et
956 5129 1151 5199 Iacob,
1200 5129 1333 5184 duas
1364 5129 1628 5183 hominum
1673 5135 1838 5183 sectas
1864 5127 1960 5183 sibi
1989 5127 2205 5180 inuicem
2374 5125 2430 5178 ‘2.
2472 5124 2641 5178 Adam
2685 5135 2858 5179 autem
2899 5124 3132 5196 cognouit
3188 5121 3352 5178 Euam
3413 5121 3684 5178 mulierem
3735 5137 3905 5186 suam,

679 5225 942 5300 oppositas
972 5225 1275 5301 pratsignari
1305 5223 1613 5279 ostenditur.
2307 5235 2421 5290 quae
2446 5219 2676 5289 concepit
2706 5228 2753 5272 et
2781 5219 2977 5290 peperit
2999 5219 3150 5283 Cain,
3175 5227 3224 5271 et
3243 5215 3378 5272 dixit
3407 5233 3422 5271 :
3455 5215 3712 5286 Acquisiui
3738 5214 3908 5269 homi-

683 5320 734 5375 1.
780 5319 854 5376 De
887 5319 1137 5390 paradiso
1175 5319 1229 5374 in
1256 5317 1635 5388 superioribus
1663 5329 1761 5384 pro
1805 5321 1964 5383 captu
1997 5321 2204 5381 nostro,
2308 5329 2423 5368 nem
2457 5329 2545 5383 per
2567 5309 2734 5366 Deum
2756 5311 2908 5376 (Gen.
2938 5325 3014 5374 tv,
3047 5309 3126 5379 Ι).
3155 5309 3286 5376 Qua:
3315 5309 3668 5379 acquirimus,
3693 5323 3758 5362 ex
3777 5321 3906 5378 quo,

613 5423 672 5468 ut
705 5415 1001 5483 potuimus,
1028 5411 1170 5483 quod
1203 5411 1464 5466 Dominus
1486 5407 1684 5464 inludit
1707 5445 1724 5473 ,
1753 5419 1945 5462 sensus
1976 5407 2205 5470 invenit,
2309 5415 2365 5461 et
2395 5421 2424 5460 a
2449 5421 2579 5476 quo,
2609 5415 2663 5460 et
2692 5419 2789 5474 per
2815 5403 2940 5474 quid
2975 5405 3340 5475 acquiramus,
3366 5403 3700 5460 considerari
3729 5401 3864 5455 solet
3893 5419 3906 5456 :

613 5503 934 5575 digessimus
959 5545 974 5570 ,
1028 5503 1080 5558 in
1125 5502 1320 5574 quibus
1373 5501 1545 5557 Adam
1575 5509 1738 5570 atque
1767 5498 1890 5552 Eva:
1921 5497 2102 5568 lapsus
2125 5505 2211 5553 est
2309 5515 2374 5558 ex
2403 5515 2511 5572 quo
2536 5543 2550 5568 ,
2597 5509 2848 5570 tanquam
2879 5515 2946 5554 ex
2987 5497 3251 5556 materia:
3279 5513 3308 5556 a
3331 5513 3439 5569 quo
3463 5537 3479 5564 ,
3519 5497 3640 5566 quis
3670 5504 3860 5550 auctor
3893 5512 3908 5550 :

614 5599 1063 5667 comprehensus.
1089 5597 1240 5654 Nunc
1265 5599 1518 5668 quoniam
1541 5596 1634 5652 illa
1653 5607 1815 5666 penes
1829 5602 2080 5648 auctores
2102 5609 2206 5647 non
2313 5607 2409 5663 per
2435 5591 2588 5663 quid,
2624 5603 2876 5663 tanquam
2907 5607 3000 5662 per
3027 5591 3244 5664 aliquod
3274 5592 3720 5646 instrumentum.
3747 5585 3914 5642 Num-

613 5691 771 5744 stetit
795 5691 948 5758 culpa
983 5707 995 5743 :
1027 5689 1123 5746 sed
1155 5689 1299 5762 quod
1329 5689 1480 5761 pejus
1509 5695 1616 5756 est,
1649 5685 1972 5744 deteriorem
2006 5685 2212 5746 invenit
2317 5687 2446 5760 quid
2477 5687 2566 5748 hic
2602 5688 2682 5744 sic
2722 5685 2848 5742 dicit
2876 5704 2889 5742 :
2917 5687 3174 5760 Acquisivi
3208 5687 3466 5743 hominem
3501 5699 3593 5768 per
3625 5681 3790 5738 Deum
3813 5697 3834 5750 ;
3858 5689 3916 5738 ut

690 5837 716 5866 ει
755 5829 1114 5904 Scripticirc.
1145 5845 1235 5889 an.
1265 5829 1392 5890 575.
