4150 6358
612 286 718 348 519

1944 287 2191 347 SANCTI
2229 291 2551 352 AMBROSII

3819 302 3937 363 520

612 417 899 461 commune
925 401 1206 473 collegium
1232 441 1248 469 ,
1298 409 1352 458 et
1387 399 1653 472 quoddam
1693 401 1955 474 populare
1981 418 2201 461 consor—
2231 409 2285 469 Α
2307 408 2428 464 cteli
2463 409 2657 464 ﬁrmati
2689 418 2835 465 sunt.
2895 410 2997 466 Per
3016 408 3247 467 verbum
3282 411 3443 483 igitur
3469 412 3559 470 Dei
3585 427 3694 469 non
3726 413 3931 485 lapsus

617 499 749 555 tium
779 505 882 555 est.
929 494 1209 553 Audiendo
1238 496 1377 551 enim
1412 495 1653 566 plerique
1694 496 1983 567 proficiunt
2006 541 2020 567 ,
2070 514 2205 570 quos

612 590 906 647 nominavit
931 589 1205 661 populum.
1253 586 1355 644 Ubi
1406 597 1584 644 autem
1623 604 1730 645 non
1760 590 1993 645 humana
2039 592 2204 647 tradi-

614 684 781 749 tione,
805 683 899 738 sed
933 681 1209 752 ingeniosa
1245 681 1563 736 collectione
1592 683 1711 737 sine
1763 698 1862 737 usu
1895 682 2095 738 laboris
2125 684 2206 738 di-

610 779 835 848 sciplina
877 776 1191 847 percipitur,
1218 776 1330 830 illic
1359 776 1607 830 sublimis
1646 777 1859 847 generis
1891 778 2202 847 incorrupta

604 873 889 930 sinceritas
911 872 1181 945 186est.
1207 871 1272 926 Et
1296 872 1416 928 ideo
1441 871 1588 927 Isaac
1605 880 1876 943 tamquam
1895 873 1985 928 Dei
2012 887 2205 928 munus

601 965 669 1021 ad
705 979 875 1035 genus
905 978 1061 1018 suum
1092 963 1260 1035 magis
1286 1006 1300 1028 ,
1351 980 1512 1034 quam
1544 963 1612 1019 ad
1640 964 1893 1034 populum
1927 965 2204 1035 appositus

600 1058 816 1130 legitur,
844 1071 900 1113 ut
919 1059 1225 1115 divinorum
1245 1059 1422 1130 potius
1442 1074 1601 1130 quam
1632 1059 1991 1115 humanorum
2024 1061 2203 1115 imita-

603 1162 777 1209 terem
807 1168 928 1209 esse
957 1153 1206 1209 sedulum
1234 1168 1617 1225 recognoscas.

673 1249 727 1304 7.
755 1247 922 1304 Beata
962 1257 1017 1303 et
1046 1248 1136 1302 illa
1166 1264 1318 1303 mens
1346 1263 1465 1319 qua:
1493 1249 1705 1320 species
1750 1258 1803 1305 et
1835 1250 2007 1321 ipsum
2032 1264 2203 1320 genus

598 1340 1019 1411 supergredieus
1064 1350 1305 1395 meretur
1339 1341 1527 1395 audire
1574 1342 1717 1412 quod
1765 1340 1968 1397 dictum
2012 1350 2095 1397 est
2131 1342 2199 1397 ad

603 1433 863 1504 Moysen,
897 1447 1017 1486 cum
1045 1440 1389 1499 separaretur
1430 1447 1459 1485 a
1503 1434 1740 1503 pepulo:
1794 1434 1869 1487 Tu
1918 1444 2086 1488 autem
2122 1443 2202 1489 sta

597 1540 796 1578 mecum
827 1522 1009 1596 (Deut.
1040 1541 1093 1588 v,
1121 1524 1184 1579 3|
1215 1524 1235 1596 )
1268 1526 1282 1579 ι
1312 1524 1443 1579 Nam
1471 1526 1611 1581 sicut
1641 1527 1693 1581 in
1723 1526 1873 1583 Isaac
1902 1527 2197 1583 Dominietc

599 1616 988 1671 incarnationis
1016 1625 1175 1689 typus
1205 1617 1453 1672 humana:
1480 1620 1846 1689 generationis
1875 1634 2195 1691 supergres-

597 1723 691 1763 sus
714 1709 1163 1765 consuetudinem
1192 1752 1206 1777 ,
1240 1709 1367 1765 vicit
1402 1712 1650 1780 priores;
1704 1712 1775 1766 ita
1822 1721 1877 1766 ut
1908 1713 1958 1766 in
1986 1728 2053 1767 eo
2084 1729 2191 1768 non

2311 502 2531 572 operis,
2574 502 2667 558 sed
2701 503 3101 559 ﬁrmamentum
3146 514 3249 561 est.
3295 505 3412 562 Non
3460 522 3590 577 ergo
3637 516 3930 579 tamquam

2311 594 2559 664 relapsus
2584 595 2636 650 in
2666 604 2866 651 terram
2893 596 3319 667 deprehenditur
3348 600 3595 670 corporis
3621 600 3929 670 solutione,

2280 689 2404 769 used
2437 701 2708 760 tamquam
2752 691 2902 746 verbi
2946 692 3185 746 cmlestis
3225 692 3544 762 operatione
3581 694 3821 749 donatus
3871 706 3933 751 et

2311 796 2573 846 munere;
2610 793 2667 835 ttt
2693 783 2929 853 quietem
2959 784 3128 854 magis
3151 797 3280 838 caro
3308 786 3424 853 ejus
3454 824 3469 851 ,
3499 799 3660 855 quam
3693 787 3927 841 bustum

2308 874 2602 941 acccperh.

2379 966 2433 1021 9.
2466 966 2610 1021 Bene
2649 975 2829 1024 autem
2858 968 3000 1023 inter
3023 968 3299 1024 dominum
3331 978 3387 1024 et
3411 985 3627 1026 servum
3657 980 3926 1029 servatur

2306 1057 2582 1116 distantia.
2637 1060 2706 1115 Ut
2738 1062 3149 1132 praerogativam
3181 1064 3386 1119 domini
3422 1067 3691 1139 intelligas
3721 1108 3735 1131 ,
3765 1068 3925 1124 servi

2305 1154 2551 1223 gratiam,
2581 1154 2648 1209 de
2679 1155 2861 1225 Moyse
2890 1156 3108 1227 legitur,
3136 1159 3259 1229 quia
3290 1159 3627 1227 sepulturam
3659 1160 3779 1229 ejus
3814 1176 3923 1217 ne-

2306 1260 2394 1298 tuo
2446 1245 2586 1300 scit:
2615 1246 2681 1299 de
2709 1246 2927 1301 Christo
2952 1260 3131 1302 autem
3153 1290 3168 1313 ,
3200 1250 3473 1319 sepultura
3512 1250 3631 1319 ejus
3660 1251 3731 1306 de
3760 1260 3923 1306 terra

2304 1341 2511 1395 sublata
2538 1350 2621 1396 est
2650 1339 2819 1414 (Esai.
2855 1358 2968 1407 un,
3000 1344 3093 1413 8);
3124 1345 3247 1413 quia
3276 1345 3363 1399 ille
3378 1344 3676 1399 secundum
3705 1356 3923 1417 urysteo

2304 1434 2438 1486 rium
2467 1434 2601 1504 legis
2621 1435 2972 1504 exspectabat
3000 1435 3447 1505 redemptionem,
3477 1446 3534 1489 ut
3560 1444 3916 1507 resurgeret:
3958 1450 3979 1459 ‘

2303 1525 2389 1580 hic
2415 1529 2710 1581 secundum
2740 1528 3018 1597 Evangelii
3057 1528 3212 1600 187
3236 1528 3436 1581 donum
3469 1528 3917 1597 redemptionem

2301 1633 2405 1673 non
2432 1619 2801 1690 exspectabat,
2829 1621 2922 1675 sed
2956 1620 3214 1675 donabat.
3250 1620 3319 1674 Et
3347 1619 3466 1674 ideo
3481 1621 3761 1689 sepultura
3785 1621 3917 1690 ejus

2301 1714 2540 1783 ignorata
2571 1729 2675 1767 non
2708 1722 2813 1777 est,
2844 1713 2937 1767 sed
2967 1713 3171 1767 elevata
3196 1756 3211 1778 ,
3237 1729 3394 1782 quam
3423 1712 3630 1767 diutius
3655 1726 3916 1768 creatura

597 1799 840 1870 vulgaris
869 1801 1254 1872 popularisque
1280 1802 1477 1872 gratia,
1514 1804 1605 1857 sed
1635 1803 1889 1873 specialis
1924 1819 2194 1873 prmroga-
2226 1809 2274 1869 B
2303 1815 2486 1861 tenere
2516 1822 2621 1860 non
2654 1809 2827 1875 potuit
2864 1824 2878 1872 ;
2932 1806 3056 1877 quia
3105 1822 3201 1877 per
3231 1808 3407 1876 ipsum
3444 1810 3625 1863 omnis
3653 1818 3917 1862 creatura

594 1891 701 1946 tiva
732 1891 1088 1962 prmeelleret,
1122 1892 1263 1948 sicut
1288 1894 1450 1949 lectio
1472 1893 1631 1950 docet
1662 1912 1675 1949 :
1702 1894 1925 1951 Abrahae
1948 1897 2087 1950 enim
2115 1897 2197 1950 di-

606 1994 703 2039 ctte
730 1994 853 2039 sunt
878 1988 1243 2058 promissiones
1272 1998 1319 2042 et
1346 1989 1528 2043 semini
1554 1991 1665 2061 ejus
1682 2008 1698 2046 :
1718 2007 1820 2044 non
1856 1991 1982 2046 dicit
2020 2000 2068 2044 et
2111 2008 2192 2045 se-

597 2079 820 2135 minibus
852 2089 1110 2152 tamquam
1138 2082 1190 2136 in
1219 2082 1415 2148 multis,
1443 2082 1534 2137 sed
1560 2085 1691 2137 sicut
1720 2084 1833 2148 uni,
1865 2082 1964 2137 hoc
1990 2094 2083 2147 est.
2116 2100 2197 2139 se-

596 2176 727 2231 mini
753 2185 863 2243 tuo,
896 2177 1035 2248 quod
1054 2187 1128 2231 est
1157 2175 1395 2232 Christus
1426 2176 1625 2249 (Galat.
1660 2193 1738 2245 ιιι,
1766 2177 1832 2233 l6
1855 2180 1871 2246 )
1893 2196 1905 2231 :
1930 2178 2004 2233 ita
2032 2180 2194 2234 etiam

593 2268 646 2324 in
678 2269 861 2341 Moyse
893 2270 1103 2324 venturi
1134 2271 1380 2326 Doctoris
1402 2271 1595 2341 ﬁgura,
1624 2271 1716 2341 qui
1747 2271 1919 2343 legent
1951 2272 2193 2339 doceret,

597 2361 955 2434 Evangelium
989 2363 1345 2434 prmdicaret,
1388 2362 1641 2434 impleret
1661 2363 2066 2420 Testamentum
2100 2381 2194 2420 ve-

594 2462 682 2508 tus
708 2496 723 2518 ,
770 2471 971 2509 novum
1008 2455 1303 2522 conderet,
1349 2455 1575 2511 caeleste
1614 2456 1830 2527 populis
1879 2457 2195 2513 alimentum

593 2544 797 2611 daret,
835 2544 1087 2602 humana:
1130 2546 1447 2617 dignitatem
1497 2548 1828 2605 conditionis
1869 2555 2104 2607 excessit
2130 2566 2197 2608 eo

592 2651 806 2706 usque,
853 2646 911 2692 ιιι
956 2637 1054 2693 Dei
1097 2636 1394 2693 donaretur
1444 2641 1702 2707 nomine,
1747 2641 1888 2697 sicut
1935 2642 2196 2700 habemus

593 2727 856 2796 scriptum
887 2772 899 2793 ,
945 2729 1162 2786 dicente
1194 2729 1423 2786 Domino
1451 2749 1464 2785 :
1522 2731 1684 2787 Ροεηὶ
1706 2744 1752 2789 te
1776 2735 1829 2789 in
1858 2735 2024 2790 Deum
2054 2735 2199 2792 Pha-

593 2819 746 2873 raoni
770 2818 967 2888 (Exod.
997 2838 1067 2876 vn
1094 2864 1108 2886 ,
1149 2822 1225 2893 1).
1279 2822 1494 2880 Etenim
1542 2828 1714 2881 victor
1742 2828 2049 2897 passionum
2081 2844 2197 2885 om-

598 2910 769 2976 nium,
800 2928 899 2969 nec
930 2912 1050 2969 ullis
1080 2926 1268 2987 captus
1295 2917 1478 2971 saeculi
1508 2918 1779 2974 illecebris
1809 2962 1823 2984 ,
1855 2922 1947 2990 qui
1977 2937 2194 2979 omnem

590 3001 749 3058 istam
783 3005 1080 3061 secundum
1110 3023 1308 3079 corpus
1356 3009 1741 3065 habitationem
1770 3014 2009 3070 caelestis
2050 3017 2196 3086 puri-

594 3104 702 3152 tate
730 3101 1161 3157 conversationis
1187 3103 1526 3171 obduxerat,
1566 3116 1802 3161 mentem
1829 3124 2044 3179 regens,
2075 3127 2195 3167 car-

592 3203 716 3244 nem
743 3191 1040 3259 subjiciens
1066 3236 1079 3257 .
1132 3202 1187 3249 et
1233 3195 1379 3266 regia
1411 3198 1639 3268 quadam
1672 3204 1995 3258 auctoritate
2030 3205 2191 3260 casti-
2216 3192 2261 3254 C

589 3296 725 3351 gans
751 3324 766 3349 ,
798 3286 1022 3340 nomine
1050 3285 1144 3340 Dei
1173 3298 1394 3342 vocatus
1431 3300 1514 3345 est
1535 3332 1548 3356 ,
1593 3290 1661 3345 ad
1706 3292 1860 3362 cujus
1885 3295 2194 3351 similitudi-

595 3386 718 3426 nent
752 3387 809 3427 se
838 3375 1092 3444 perfecta:
1115 3377 1330 3433 virtutis
1352 3380 1600 3437 ubertate
1631 3382 1975 3439 formaverat.

665 3466 718 3521 8.
766 3466 834 3521 Et
885 3467 1010 3523 ideo
1057 3485 1163 3524 non
1210 3470 1437 3541 legimus
1476 3476 1544 3530 de
1574 3492 1641 3531 eo
1667 3478 1810 3533 sicut
1837 3478 1906 3535 de
1930 3483 2141 3537 creteris
2171 3522 2186 3547 ,

592 3558 716 3628 quia
759 3558 1016 3616 deficiens
1057 3572 1304 3618 mortuus
1346 3575 1431 3620 est
1467 3584 1481 3620 :
1532 3576 1558 3604 ιι
1601 3567 1696 3623 sed
1729 3585 1820 3639 per
1860 3570 2068 3625 verbum
2092 3571 2191 3629 Dei

595 3663 824 3707 mortuus
854 3665 927 3708 est
962 3652 1160 3726 (Deut.
1190 3673 1379 3727 xxxtv,
1411 3660 1509 3732 5).
1550 3662 1695 3717 Deus
1724 3664 1867 3718 enim
1892 3680 2068 3735 neque
2094 3667 2188 3721 de-

590 3743 878 3801 fectionem
908 3755 1002 3801 aut
1030 3747 1463 3808 diminutiomem
1503 3755 1736 3824 patitur,
1790 3772 1963 3828 neque
2007 3759 2188 3830 adjec-

591 3839 791 3895 tionem
822 3843 989 3913 capit.
1025 3844 1178 3900 Unde
1205 3855 1261 3900 et
1286 3846 1489 3902 addidit
1520 3849 1799 3917 Scriptura
1826 3868 1841 3904 :
1877 3851 2011 3920 Quia
2042 3870 2191 3908 nemo

590 3930 685 3985 scit
701 3934 1017 4002 sepulturam
1042 3937 1158 4001 eius
1180 3954 1340 4011 usque
1360 3939 1414 3994 in
1437 3941 1743 3996 hodiernum
1764 3942 1899 3997 diem
1919 3942 2083 4014 (Ibid.
2106 3945 2185 4018 6.),

588 4031 646 4077 ttt
674 4025 1081 4084 translationem
1111 4032 1280 4099 magis
1306 4073 1320 4097 ,
1350 4047 1511 4101 quam
1539 4034 1813 4089 interitum
1845 4036 1962 4108 ejus
1985 4038 2184 4094 intelli-

585 4129 700 4184 gas.
729 4116 871 4173 Mors
897 4121 1039 4175 enim
1067 4123 1306 4178 secessio
1330 4128 1574 4193 quaedam
1590 4136 1674 4182 est
1694 4128 1890 4183 anima:
1918 4140 1970 4184 et
1996 4128 2189 4201 corpu-

584 4206 682 4261 ris.
714 4207 954 4266 Mortuus
981 4215 1140 4283 igitur
1167 4226 1253 4271 est
1278 4233 1375 4287 per
1403 4220 1625 4276 verbum
1657 4220 1775 4286 Dei,
1808 4232 1863 4276 ut
1893 4224 1969 4277 ait
1998 4223 2184 4295 Scrip-

587 4307 727 4365 tura,
759 4316 866 4356 nou
909 4307 1204 4362 secundum
1230 4310 1452 4365 verbum
1494 4328 1509 4376 ;
1542 4323 1600 4368 ut
1629 4313 1880 4370 advertas
1908 4331 2011 4371 non
2049 4333 2187 4371 nun-

585 4388 716 4444 tium
745 4394 955 4459 mortis,
982 4397 1077 4451 sed
1106 4399 1294 4467 gratia:
1319 4416 1866 4473 munusexpressum,
1891 4407 1981 4476 qui
2010 4416 2187 4463 trans—

584 4480 726 4538 latus
756 4486 947 4556 magis.
981 4505 1140 4558 quam
1171 4490 1467 4550 derelictus
1495 4505 1578 4551 est
1605 4538 1619 4563 ,
1657 4498 1813 4568 cujus
1843 4516 2002 4556 nemo
2032 4505 2186 4558 novit

2301 1899 2606 1970 properavit
2635 1916 2663 1953 a
2688 1901 3051 1970 corruptionis
3074 1900 3309 1955 servitiis
3334 1901 3560 1955 elevari.
3590 1900 3764 1956 Nemo
3777 1916 3915 1971 ergo

2298 1994 2398 2048 scit
2430 1993 2761 2063 sepulturam
2794 1993 2986 2066 Moysi,
3015 1993 3139 2064 quia
3161 1994 3325 2048 vitam
3353 1994 3473 2063 ejus
3503 2008 3699 2049 omnes
3732 2008 3912 2049 nove-

2298 2095 2425 2141 runt
2452 2104 2464 2139 :
2493 2085 2693 2141 Christi
2723 2094 2903 2140 autem
2952 2085 3285 2155 sepulturam
3314 2083 3545 2139 vidimus
3571 2101 3586 2149 ;
3638 2084 3734 2138 sed
3762 2099 3913 2140 nunc

2292 2180 2405 2251 jam
2436 2197 2541 2234 non
2574 2181 2824 2235 novimus
2852 2221 2866 2245 ,
2914 2180 3004 2250 qui
3044 2177 3498 2234 resurrectionem
3529 2180 3648 2247 ejus
3677 2178 3911 2248 agnovi-

2298 2292 2440 2331 mus.
2493 2276 2689 2331 Debuit
2713 2276 2854 2329 enim
2884 2273 3138 2344 cognosci
3168 2272 3405 2327 tumulus
3426 2271 3545 2338 ejus
3571 2314 3587 2336 ,
3632 2280 3693 2326 ut
3721 2285 3909 2325 resur-

2298 2374 2468 2427 rectio
2497 2370 2971 2434 mauifestarelur;
3005 2375 3061 2424 et
3091 2367 3214 2423 ideo
3246 2367 3298 2420 in
3331 2366 3626 2436 Evangelio
3657 2366 3677 2431 (
3708 2364 3905 2422 Matth.

2298 2480 2472 2532 xxvn,
2503 2465 2572 2520 60
2602 2475 2647 2518 et
2671 2464 2804 2535 seq.)
2834 2464 3072 2517 tumulus
3088 2476 3297 2516 summa
3321 2460 3675 2530 expressione
3698 2458 3908 2513 deseri—

2299 2558 2444 2614 bitur
2472 2574 2485 2613 :
2535 2559 2587 2613 in
2618 2558 2734 2627 lege
2762 2570 2866 2612 nOn
2895 2554 3158 2625 qua-ritur
3194 2571 3210 2617 ;
3243 2554 3367 2620 quia
3395 2553 3522 2608 licet
3547 2551 3907 2608 resurrectio-

2298 2666 2420 2707 nem
2451 2650 2568 2721 ejus
2600 2651 2686 2705 lex
2717 2647 3116 2703 annuntiaverit
3145 2645 3317 2714 (Esui.
3343 2662 3415 2710 ιι,
3450 2644 3552 2715 10)
3579 2685 3594 2710 ,
3632 2644 3789 2699 nobis
3818 2653 3906 2698 tas

2297 2760 2421 2800 men
2450 2742 2731 2814 Evangelii
2757 2741 2929 2797 series
2959 2740 3272 2811 plenissime
3302 2737 3699 2807 comprobavit.

2939 2874 3167 2932 CAPUT
3205 2873 3295 2931 ΙΙΙ.

2299 2993 2404 3049 Per
2430 2994 2555 3049 Abel
2589 3003 2634 3049 et
2666 2991 2797 3047 Cain
2822 2992 3086 3065 sapientia:
3114 2992 3354 3045 humanae
3376 3005 3644 3059 processus
3669 3029 3683 3053 ,
3717 2990 3808 3055 qui
3846 2990 3899 3044 in

2370 3088 2572 3143 Christo
2595 3087 2707 3141 solo
2727 3088 2963 3140 inventus
2985 3101 3087 3139 non
3113 3094 3211 3151 est,
3235 3084 3534 3154 designari;
3556 3100 3645 3154 per
3669 3084 3903 3139 ordinem

2365 3198 2466 3251 quo
2485 3191 2692 3251 uterque
2708 3183 2928 3251 fratrum
2952 3181 3306 3244 nominantur,
3336 3195 3427 3231 nec
3448 3195 3550 3232 non
3578 3194 3669 3251 per
3697 3196 3902 3232 eorum—

2368 3275 2483 3329 dcm
2524 3274 2699 3346 officia
2723 3272 3008 3346 signiﬁcari
3034 3271 3242 3326 Abelem
3282 3271 3376 3326 etsi
3399 3272 3665 3342 juniorem
3689 3310 3705 3335 ,
3736 3273 3903 3342 fratre

2367 3380 2533 3426 tamen
2561 3386 2669 3423 esse
2698 3368 3129 3437 praestantiorem.

2367 3484 2454 3540 10.
2484 3482 2628 3555 Ergo
2654 3488 2716 3536 ut
2741 3480 2883 3553 quod
2912 3482 3313 3552 proposuimus,
3350 3478 3721 3548 compleamus
3747 3495 3761 3531 :
3792 3476 3900 3530 Ad-

2285 3577 2433 3649 jecit,
2463 3575 2653 3647 inquit,
2674 3592 2856 3646 parere
2878 3574 3027 3641 Abel,
3062 3575 3164 3629 hoc
3191 3582 3294 3640 est,
3321 3573 3602 3628 meliorem
3626 3572 3740 3627 Eva
3765 3586 3886 3641 qua:

2292 3669 2527 3740 graviter
2559 3679 2684 3724 ante
2713 3676 3049 3738 peccaverat,
3079 3682 3144 3722 ex
3176 3681 3235 3723 se
3260 3664 3541 3741 generavit
3564 3665 3888 3720 sententiam

2294 3771 2351 3818 ut
2382 3761 2681 3833 superioris
2732 3762 3018 3815 sententia:
3063 3759 3306 3814 aboleret
3347 3773 3614 3815 errorem.
3668 3756 3897 3811 Mentior

2292 3856 2393 3909 nisi
2426 3854 2528 3909 hoc
2557 3854 2607 3908 in
2633 3855 2905 3907 universis
2945 3851 3349 3922 comprobatur.
3398 3849 3473 3904 Ita
3522 3854 3665 3904 enim
3716 3849 3893 3903 nasci-

2292 3965 2413 4003 mur
2435 3991 2448 4015 ,
2482 3961 2539 4002 ut
2566 3958 2691 4003 ante
2720 3949 2965 4001 inlirmus
2994 3945 3235 4001 infantiae
3263 3958 3457 4000 sensus
3503 3944 3555 3997 in
3599 3943 3756 3997 nobis
3782 3945 3893 4009 sit,

2289 4050 2475 4112 postea
2509 4038 2751 4108 pueritia].
2779 4039 3027 4108 corporis
3060 4035 3434 4091 tantummodo
3465 4049 3653 4089 curam
3691 4035 3891 4101 sciens,

2291 4132 2497 4187 nullum
2523 4133 2748 4197 cultum,
2778 4132 2979 4186 nullam
3010 4130 3216 4185 habens
3249 4128 3652 4184 observantiam
3681 4128 3896 4184 divino-

2289 4242 2432 4282 rum.
2466 4224 2621 4281 Unde
2646 4238 2702 4281 et
2734 4224 2973 4281 evidenti
2999 4226 3204 4280 naturae
3234 4223 3472 4279 novitate
3502 4234 3681 4278 ortum
3708 4224 3890 4279 desum

2287 4318 2562 4375 Christum
2588 4334 2654 4374 ex
2684 4318 2891 4389 virgine
2920 4331 2980 4373 ut
3009 4318 3262 4389 probaret
3292 4298 3591 4390 propheta:
3618 4319 3693 4372 ait
3717 4335 3730 4371 :
3763 4316 3892 4373 Ecce

2300 4410 2455 4482 Virgo
2483 4412 2537 4466 in
2568 4422 2711 4466 utero
2741 4412 2998 4483 accipiet,
3029 4421 3078 4466 et
3115 4413 3280 4486 pariet
3310 4412 3481 4482 [ilium
3502 4454 3516 4478 ,
3548 4420 3594 4467 et
3626 4411 3889 4467 vocabitur

2288 4521 2473 4561 nomen
2503 4508 2614 4580 ejus
2642 4504 2898 4559 Emanucl
2928 4523 2941 4561 :
2983 4504 3224 4576 butyrum
3252 4515 3300 4559 et
3339 4506 3437 4559 mel
3466 4515 3487 4543 ο
3518 4504 3845 4559 manducabit
3868 4546 3883 4570 ,

582 4577 940 4671 sepulturam.
970 4582 1102 4652 Quis
1129 4585 1273 4640 enim
1307 4587 1357 4642 in
1393 4592 1622 4646 terrenis
1651 4592 1907 4665 reliquias
1935 4597 2052 4667 ejus
2085 4614 2181 4668 po-
2209 4578 2260 4638 Ῐ)
2285 4577 2534 4671 quoniam.
2562 4602 2861 4671 priusquam
2882 4599 3011 4653 sciat
3042 4600 3229 4653 malum
3257 4611 3341 4653 aut
3371 4599 3559 4654 bonum
3584 4615 3604 4652 :
3643 4616 3744 4653 non
3770 4614 3884 4653 cre—

581 4669 686 4726 tuit
711 4674 1152 4744 deprehendere,
1204 4696 1362 4751 quem
1417 4700 1601 4742 secum
1649 4703 1773 4745 esse
1806 4690 1896 4746 Dei
1928 4692 2097 4749 Filius
2124 4695 2176 4750 in

581 4760 876 4857 Evangelio
899 4769 1293 4829 demonstravit
1327 4775 1559 4847 (Matth.
1587 4797 1694 4837 xvtt
1722 4825 1737 4849 ,
1769 4783 1842 4856 5)
1870 4785 1891 4839 ?
1939 4786 2178 4857 Denique

578 4863 633 4908 et
662 4854 807 4912 Elias
840 4861 1000 4916 simul
1031 4872 1115 4918 est
1158 4866 1305 4922 visus
1335 4910 1350 4934 ,
1399 4872 1491 4941 qui
1542 4854 1834 4932 translatus
1864 4892 2026 4933 curru
2058 4854 2176 4948 est,

730 4951 977 5018 sepultus
1023 4971 1124 5011 nec
1159 4968 1403 5014 mortuus
1432 4963 1666 5038 legitur(
1689 4965 1758 5023 IV
1789 4967 1917 5040 Reg.
1946 4986 2003 5037 ιι,
2037 4971 2097 5025 11
2125 4971 2180 5042 )?

579 5037 606 5076 ι’
644 5040 785 5097 Vivit
815 5045 957 5100 enim
1002 5049 1093 5119 qni
1135 5065 1256 5106 cum
1306 5054 1398 5109 Dei
1428 5055 1566 5112 Filio
1605 5037 1706 5114 est.
1760 5037 1970 5134 Moyses
1995 5037 2175 5121 autem

577 5144 823 5191 mortuus
852 5139 1067 5209 quidem
1101 5145 1297 5215 legitur
1319 5188 1334 5211 ,
1383 5149 1479 5204 sed
1526 5167 1618 5221 per
1642 5155 1865 5209 verbum
1911 5158 2000 5211 Dei
2035 5176 2178 5214 mor-

576 5237 700 5286 tuus
727 5273 743 5299 ,
777 5249 872 5303 per
898 5238 1039 5306 quod
1069 5237 1204 5294 facta
1233 5252 1362 5296 sunt
1391 5247 1592 5301 omnia.
1650 5247 1829 5304 Verbo
1870 5259 2049 5306 autem
2082 5252 2174 5308 Dei

648 5389 672 5417 ιι
688 5380 779 5461 Ἐκ
812 5383 900 5461 his
922 5385 1177 5461 colligere
1195 5387 1294 5461 sibi
1326 5389 1575 5447 videntur
1594 5392 1813 5461 quidam
1838 5397 2167 5454 recentiores

578 5451 853 5539 anibrosii
882 5451 1385 5539 luisse—opinionem
1408 5503 1422 5528 ,
1452 5451 1744 5539 mort-num
1793 5467 2012 5539 Moysen
2053 5451 2164 5525 non

575 5535 737 5609 esse;
785 5535 961 5609 tamen
993 5532 1037 5584 si
1067 5533 1228 5609 verba
1263 5533 1380 5603 ejus
1406 5577 1419 5609 .
1451 5537 1578 5592 licet
1620 5539 1777 5605 paulo
1809 5532 2121 5595 obseuriora
2148 5586 2163 5609 ,

578 5597 1263 5678 perpendanturattentius
1287 5597 1307 5673 ξ
1332 5597 1729 5665 animadvertes
1762 5612 1909 5665 illum
1940 5612 2011 5666 ibi
2047 5597 2171 5668 Phi;

579 5662 722 5752 191ιῇ
743 5677 1082 5752 sententiam
1121 5662 1425 5752 exprimere
1457 5662 1730 5745 voluisse

576 5732 652 5826 ale
667 5737 883 5826 ﬂoysis‘;
906 5752 1079 5826 morte
1109 5732 1539 5826 setisu‘spiritali
1556 5732 2169 5824 ᾱῖἐέεὶυἶέἑῖοὸἇέῐέίῖ

573 5794 639 5861 tie
666 5794 884 5865 liltérttli

2287 4694 2371 4747 det
2396 4694 2625 4757 malitiae,
2653 4704 2706 4747 ut
2733 4694 2889 4766 eligat
2914 4692 3050 4763 quod
3080 4691 3263 4745 bonum
3290 4703 3362 4746 est
3392 4691 3566 4766 (Esai.
3600 4707 3671 4746 vu
3695 4736 3709 4757 ,
3745 4692 3811 4747 14
3839 4702 3884 4746 et

2285 4788 2439 4861 seq).
2472 4789 2538 4843 Et
2561 4789 2694 4843 infra
2720 4806 2733 4841 :
2766 4787 3082 4855 Priusquam
3106 4789 3233 4841 sciat
3253 4802 3379 4859 puer
3404 4803 3584 4841 uocare
3608 4796 3802 4856 patrem
3824 4801 3885 4838 ac

2284 4892 2517 4949 matrem,
2542 4882 2758 4953 accipiet
2804 4882 3041 4934 virtutem
3072 4879 3312 4933 Damasci
3354 4890 3403 4934 et
3430 4879 3598 4947 spolia
3628 4876 3882 4933 Samaria?

2281 4986 2460 5030 contra
2490 4991 2658 5045 regem
2685 4974 3015 5045 Assyriorum
3045 4972 3064 5045 (
3088 4972 3233 5026 Esui.
3260 4988 3349 5026 vut
3372 5012 3388 5040 ,
3416 4970 3449 5025 4
3545 4969 3705 5027 Solus
3735 4969 3879 5024 enim

2284 5066 2377 5121 fuit
2409 5068 2497 5138 qui
2529 5083 2635 5121 non
2661 5076 2746 5121 est
2770 5076 2957 5137 captus
2986 5065 3170 5120 surculi
3204 5065 3360 5134 hujus
3400 5064 3643 5118 vanitate
3678 5073 3731 5117 et
3757 5077 3878 5117 car-

2283 5161 2393 5216 nali
2426 5171 2676 5224 tumore;
2720 5167 2779 5211 ut
2824 5168 2948 5229 pote
2979 5160 3067 5228 qui
3114 5172 3173 5212 se
3218 5156 3522 5211 humiliavit
3553 5157 3724 5212 lactus
3750 5153 3880 5207 obe-

2278 5253 2431 5309 diens
2459 5266 2630 5321 usque
2677 5248 2744 5304 ad
2788 5258 3018 5305 mortem
3044 5291 3059 5314 ,
3110 5250 3266 5320 longe
3313 5249 3739 5319 uniuscujusque
3783 5259 3879 5301 uo-

2345 5396 2373 5435 ι’
2406 5396 2503 5453 Ms.
2531 5394 2892 5451 Floriaceusis
2917 5437 2932 5460 ,
2980 5396 3069 5451 sed
3097 5411 3187 5467 per
3213 5394 3419 5449 verbum
3450 5395 3581 5463 Dei,
3624 5410 3744 5449 cum
3776 5395 3873 5450 Dei

2272 5469 2382 5540 ﬁlio
2411 5478 2507 5523 est.

2349 5552 2372 5582 c
2422 5540 2539 5595 νει.
2570 5538 2701 5593 edit.
2735 5553 2856 5592 cum
2887 5552 2988 5591 ms.
3024 5537 3193 5593 Laud.
3223 5579 3238 5602 ,
3291 5540 3620 5592 ntanducabit
3644 5577 3659 5602 ,
3706 5538 3879 5603 prius-

2273 5629 2428 5685 quam
2456 5612 2581 5666 sciat
2610 5610 2921 5685 malumaut
2950 5610 3159 5685 bonum,
3194 5624 3296 5662 non
3313 5612 3521 5685 credet,
3547 5618 3652 5663 etc.
3686 5608 3874 5685 Bouh,

2275 5673 2603 5739 manducabit
2626 5723 2639 5746 ,
2683 5682 2881 5751 etideo
2916 5681 3216 5747 priusquam
3251 5682 3381 5735 sciat
3418 5682 3608 5751 malum
3653 5688 3743 5731 aut
3785 5673 3878 5733 bo;

2276 5773 2399 5812 num
2427 5797 2441 5821 ,
2469 5760 2589 5808 'uon
2632 5750 2841 5819 credet,
2888 5762 2993 5821 etc.
3048 5750 3160 5807 Nos
3193 5754 3373 5821 locum
3405 5750 3467 5807 es
3502 5767 3632 5809 mss.
3663 5751 3878 5805 duobus

2282 5828 2400 5883 Vat.
2429 5834 2483 5880 et
2511 5823 2732 5881 totidem
2760 5822 2983 5879 Gallicis
3013 5824 3367 5880 restituimns.
