  <div class='ocr_page' id='page_1' title='image "/cluster/home/n/w/nwhite01/storage/ocr_20150623/14/hvd.32044015471303/166.png"; bbox 0 0 4150 6358; ppageno 0'>
   <div class='ocr_carea' id='block_1_1' title="bbox 285 346 387 405">
    <p class='ocr_par' dir='ltr' id='par_1_1' title="bbox 285 346 387 405">
     <span class='ocr_line' id='line_1_1' title="bbox 285 346 387 405; baseline -0.059 0"><span class='ocrx_word' id='word_1_1' title='bbox 285 346 387 405; x_wconf 68' lang='lat'><strong>3‘21</strong></span> 
     </span>
    </p>
   </div>
   <div class='ocr_carea' id='block_1_2' title="bbox 1476 316 2396 381">
    <p class='ocr_par' dir='ltr' id='par_1_2' title="bbox 1476 316 2396 381">
     <span class='ocr_line' id='line_1_2' title="bbox 1476 316 2396 381; baseline -0.01 0"><span class='ocrx_word' id='word_1_2' title='bbox 1476 325 1564 381; x_wconf 84' lang='lat' dir='ltr'><strong>DE</strong></span> <span class='ocrx_word' id='word_1_3' title='bbox 1600 320 1763 381; x_wconf 83' lang='lat' dir='ltr'><strong>CAIN</strong></span> <span class='ocrx_word' id='word_1_4' title='bbox 1807 318 1894 376; x_wconf 86' lang='lat' dir='ltr'><strong>ET</strong></span> <span class='ocrx_word' id='word_1_5' title='bbox 1934 317 2138 377; x_wconf 81' lang='lat' dir='ltr'><strong>ABEL.</strong></span> <span class='ocrx_word' id='word_1_6' title='bbox 2179 318 2312 376; x_wconf 86' lang='lat' dir='ltr'><strong>LlB.</strong></span> <span class='ocrx_word' id='word_1_7' title='bbox 2354 316 2396 372; x_wconf 91' lang='lat' dir='ltr'><strong>l.</strong></span> 
     </span>
    </p>
   </div>
   <div class='ocr_carea' id='block_1_3' title="bbox 3482 319 3592 376">
    <p class='ocr_par' dir='ltr' id='par_1_3' title="bbox 3482 319 3592 376">
     <span class='ocr_line' id='line_1_3' title="bbox 3482 319 3592 376; baseline -0.027 0"><span class='ocrx_word' id='word_1_8' title='bbox 3482 319 3592 376; x_wconf 75' lang='lat'><strong>522</strong></span> 
     </span>
    </p>
   </div>
   <div class='ocr_carea' id='block_1_4' title="bbox 284 430 3591 513">
    <p class='ocr_par' dir='ltr' id='par_1_4' title="bbox 284 430 3591 513">
     <span class='ocr_line' id='line_1_4' title="bbox 284 430 3591 513; baseline -0.007 -4"><span class='ocrx_word' id='word_1_9' title='bbox 284 462 456 509; x_wconf 86' lang='lat' dir='ltr'><strong>strnm</strong></span> <span class='ocrx_word' id='word_1_10' title='bbox 487 444 769 504; x_wconf 83' lang='lat' dir='ltr'><strong>dissimilis</strong></span> <span class='ocrx_word' id='word_1_11' title='bbox 793 484 808 509; x_wconf 94' lang='lat'><strong>,</strong></span> <span class='ocrx_word' id='word_1_12' title='bbox 841 440 967 513; x_wconf 90' lang='lat' dir='ltr'><strong>quia</strong></span> <span class='ocrx_word' id='word_1_13' title='bbox 999 454 1098 496; x_wconf 89' lang='lat' dir='ltr'><strong>nos</strong></span> <span class='ocrx_word' id='word_1_14' title='bbox 1145 439 1338 494; x_wconf 87' lang='lat' dir='ltr'><strong>frustra</strong></span> <span class='ocrx_word' id='word_1_15' title='bbox 1364 436 1675 494; x_wconf 85' lang='lat' dir='ltr'><strong>extollimur</strong></span> <span class='ocrx_word' id='word_1_16' title='bbox 1706 445 1884 492; x_wconf 86' lang='lat' dir='ltr'><strong>mente</strong></span> <span class='ocrx_word' id='word_1_17' title='bbox 1910 441 1967 503; x_wconf 76' lang='grc' dir='ltr'>Α</span> <span class='ocrx_word' id='word_1_18' title='bbox 1989 432 2094 487; x_wconf 90' lang='lat' dir='ltr'><strong>cob</strong></span> <span class='ocrx_word' id='word_1_19' title='bbox 2128 450 2143 499; x_wconf 90' lang='lat'><strong>;</strong></span> <span class='ocrx_word' id='word_1_20' title='bbox 2173 433 2248 488; x_wconf 92' lang='lat' dir='ltr'><strong>ita</strong></span> <span class='ocrx_word' id='word_1_21' title='bbox 2275 440 2335 488; x_wconf 89' lang='lat' dir='ltr'><strong>ut</strong></span> <span class='ocrx_word' id='word_1_22' title='bbox 2364 431 2609 491; x_wconf 90' lang='lat' dir='ltr'><strong>diceret:</strong></span> <span class='ocrx_word' id='word_1_23' title='bbox 2640 430 2706 487; x_wconf 87' lang='lat' dir='ltr'><strong>Ut</strong></span> <span class='ocrx_word' id='word_1_24' title='bbox 2728 432 2853 503; x_wconf 84' lang='lat' dir='ltr'><strong>quid</strong></span> <span class='ocrx_word' id='word_1_25' title='bbox 2870 432 2995 487; x_wconf 83' lang='lat' dir='ltr'><strong>mihi</strong></span> <span class='ocrx_word' id='word_1_26' title='bbox 3016 433 3263 503; x_wconf 85' lang='lat' dir='ltr'><strong>primatus</strong></span> <span class='ocrx_word' id='word_1_27' title='bbox 3282 432 3432 505; x_wconf 82' lang='lat' dir='ltr'><strong>(Gen.</strong></span> <span class='ocrx_word' id='word_1_28' title='bbox 3460 449 3591 499; x_wconf 83' lang='lat' dir='ltr'><strong>xxv,</strong></span> 
     </span>
    </p>
   </div>
   <div class='ocr_carea' id='block_1_5' title="bbox 283 528 1888 601">
    <p class='ocr_par' dir='ltr' id='par_1_5' title="bbox 283 528 1888 601">
     <span class='ocr_line' id='line_1_5' title="bbox 283 528 1888 601; baseline -0.009 -2"><span class='ocrx_word' id='word_1_29' title='bbox 283 546 464 601; x_wconf 86' lang='lat' dir='ltr'><strong>carnis</strong></span> <span class='ocrx_word' id='word_1_30' title='bbox 498 538 692 595; x_wconf 76' lang='lat' dir='ltr'><strong>inﬂati.</strong></span> <span class='ocrx_word' id='word_1_31' title='bbox 738 534 892 592; x_wconf 86' lang='lat' dir='ltr'><strong>Unde</strong></span> <span class='ocrx_word' id='word_1_32' title='bbox 918 542 973 589; x_wconf 90' lang='lat' dir='ltr'><strong>et</strong></span> <span class='ocrx_word' id='word_1_33' title='bbox 1000 546 1158 588; x_wconf 90' lang='lat' dir='ltr'><strong>nemo</strong></span> <span class='ocrx_word' id='word_1_34' title='bbox 1190 531 1305 586; x_wconf 88' lang='lat' dir='ltr'><strong>sine</strong></span> <span class='ocrx_word' id='word_1_35' title='bbox 1325 540 1570 601; x_wconf 86' lang='lat' dir='ltr'><strong>peccato,</strong></span> <span class='ocrx_word' id='word_1_36' title='bbox 1601 544 1699 585; x_wconf 89' lang='lat' dir='ltr'><strong>nec</strong></span> <span class='ocrx_word' id='word_1_37' title='bbox 1729 528 1888 585; x_wconf 83' lang='lat' dir='ltr'><strong>unius</strong></span> 
     </span>
    </p>
   </div>
   <div class='ocr_carea' id='block_1_6' title="bbox 283 621 1887 697">
    <p class='ocr_par' dir='ltr' id='par_1_6' title="bbox 283 621 1887 697">
     <span class='ocr_line' id='line_1_6' title="bbox 283 621 1887 697; baseline -0.008 -5"><span class='ocrx_word' id='word_1_38' title='bbox 283 638 391 693; x_wconf 90' lang='lat' dir='ltr'><strong>diei</strong></span> <span class='ocrx_word' id='word_1_39' title='bbox 422 636 639 690; x_wconf 81' lang='lat' dir='ltr'><strong>infans:</strong></span> <span class='ocrx_word' id='word_1_40' title='bbox 697 631 784 687; x_wconf 81' lang='lat' dir='ltr'><strong>ille</strong></span> <span class='ocrx_word' id='word_1_41' title='bbox 813 638 991 684; x_wconf 90' lang='lat' dir='ltr'><strong>autem</strong></span> <span class='ocrx_word' id='word_1_42' title='bbox 1018 635 1296 697; x_wconf 89' lang='lat' dir='ltr'><strong>peccatum</strong></span> <span class='ocrx_word' id='word_1_43' title='bbox 1326 640 1433 678; x_wconf 90' lang='lat' dir='ltr'><strong>non</strong></span> <span class='ocrx_word' id='word_1_44' title='bbox 1473 624 1618 679; x_wconf 85' lang='lat' dir='ltr'><strong>fecit.</strong></span> <span class='ocrx_word' id='word_1_45' title='bbox 1671 624 1733 676; x_wconf 73' lang='lat' dir='ltr'><strong>lit</strong></span> <span class='ocrx_word' id='word_1_46' title='bbox 1765 621 1887 679; x_wconf 91' lang='lat' dir='ltr'><strong>ideo</strong></span> 
     </span>
    </p>
   </div>
   <div class='ocr_carea' id='block_1_7' title="bbox 293 717 1887 790">
    <p class='ocr_par' dir='ltr' id='par_1_7' title="bbox 293 717 1887 790">
     <span class='ocr_line' id='line_1_7' title="bbox 293 717 1887 790; baseline -0.01 -4"><span class='ocrx_word' id='word_1_47' title='bbox 293 732 348 786; x_wconf 91' lang='lat' dir='ltr'><strong>in</strong></span> <span class='ocrx_word' id='word_1_48' title='bbox 377 728 534 785; x_wconf 84' lang='lat' dir='ltr'><strong>nobis</strong></span> <span class='ocrx_word' id='word_1_49' title='bbox 561 735 687 782; x_wconf 90' lang='lat' dir='ltr'><strong>ante</strong></span> <span class='ocrx_word' id='word_1_50' title='bbox 729 724 962 780; x_wconf 81' lang='lat' dir='ltr'><strong>nascitur</strong></span> <span class='ocrx_word' id='word_1_51' title='bbox 983 721 1112 776; x_wconf 84' lang='lat' dir='ltr'><strong>Cain</strong></span> <span class='ocrx_word' id='word_1_52' title='bbox 1142 719 1377 790; x_wconf 89' lang='lat' dir='ltr'><strong>seipsum</strong></span> <span class='ocrx_word' id='word_1_53' title='bbox 1404 717 1698 787; x_wconf 74' lang='lat' dir='ltr'><strong>prmferens</strong></span> <span class='ocrx_word' id='word_1_54' title='bbox 1742 733 1755 769; x_wconf 90' lang='lat'><strong>:</strong></span> <span class='ocrx_word' id='word_1_55' title='bbox 1791 730 1887 785; x_wconf 89' lang='lat' dir='ltr'><strong>po-</strong></span> 
     </span>
    </p>
   </div>
   <div class='ocr_carea' id='block_1_8' title="bbox 284 808 1883 891">
    <p class='ocr_par' dir='ltr' id='par_1_8' title="bbox 284 808 1883 891">
     <span class='ocr_line' id='line_1_8' title="bbox 284 808 1883 891; baseline -0.01 -12"><span class='ocrx_word' id='word_1_56' title='bbox 284 831 401 879; x_wconf 89' lang='lat' dir='ltr'><strong>stea</strong></span> <span class='ocrx_word' id='word_1_57' title='bbox 429 821 566 878; x_wconf 80' lang='lat' dir='ltr'><strong>Abel</strong></span> <span class='ocrx_word' id='word_1_58' title='bbox 593 827 878 891; x_wconf 91' lang='lat' dir='ltr'><strong>generatur</strong></span> <span class='ocrx_word' id='word_1_59' title='bbox 902 857 916 883; x_wconf 91' lang='lat'><strong>,</strong></span> <span class='ocrx_word' id='word_1_60' title='bbox 948 816 999 869; x_wconf 93' lang='lat' dir='ltr'><strong>in</strong></span> <span class='ocrx_word' id='word_1_61' title='bbox 1022 828 1128 885; x_wconf 89' lang='lat' dir='ltr'><strong>quo</strong></span> <span class='ocrx_word' id='word_1_62' title='bbox 1153 812 1224 867; x_wconf 88' lang='lat' dir='ltr'><strong>sit</strong></span> <span class='ocrx_word' id='word_1_63' title='bbox 1242 811 1541 867; x_wconf 85' lang='lat' dir='ltr'><strong>reverentia</strong></span> <span class='ocrx_word' id='word_1_64' title='bbox 1567 808 1883 864; x_wconf 83' lang='lat' dir='ltr'><strong>divinitatis.</strong></span> 
     </span>
    </p>
   </div>
   <div class='ocr_carea' id='block_1_9' title="bbox 288 901 1886 984">
    <p class='ocr_par' dir='ltr' id='par_1_9' title="bbox 288 901 1886 984">
     <span class='ocr_line' id='line_1_9' title="bbox 288 901 1886 984; baseline -0.009 -14"><span class='ocrx_word' id='word_1_65' title='bbox 288 914 446 969; x_wconf 84' lang='lat' dir='ltr'><strong>Prius</strong></span> <span class='ocrx_word' id='word_1_66' title='bbox 475 927 606 984; x_wconf 89' lang='lat' dir='ltr'><strong>ergo</strong></span> <span class='ocrx_word' id='word_1_67' title='bbox 636 911 818 979; x_wconf 87' lang='lat' dir='ltr'><strong>irrepit</strong></span> <span class='ocrx_word' id='word_1_68' title='bbox 849 907 990 979; x_wconf 89' lang='lat' dir='ltr'><strong>quod</strong></span> <span class='ocrx_word' id='word_1_69' title='bbox 1040 906 1240 961; x_wconf 85' lang='lat' dir='ltr'><strong>malum</strong></span> <span class='ocrx_word' id='word_1_70' title='bbox 1281 913 1397 968; x_wconf 90' lang='lat' dir='ltr'><strong>est,</strong></span> <span class='ocrx_word' id='word_1_71' title='bbox 1430 912 1613 973; x_wconf 89' lang='lat' dir='ltr'><strong>postea</strong></span> <span class='ocrx_word' id='word_1_72' title='bbox 1641 901 1886 973; x_wconf 83' lang='lat' dir='ltr'><strong>agnosci-</strong></span> 
     </span>
    </p>
   </div>
   <div class='ocr_carea' id='block_1_10' title="bbox 289 996 1882 1075">
    <p class='ocr_par' dir='ltr' id='par_1_10' title="bbox 289 996 1882 1075">
     <span class='ocr_line' id='line_1_10' title="bbox 289 996 1882 1075; baseline -0.008 -13"><span class='ocrx_word' id='word_1_73' title='bbox 289 1016 376 1062; x_wconf 89' lang='lat' dir='ltr'><strong>tur</strong></span> <span class='ocrx_word' id='word_1_74' title='bbox 401 1005 546 1075; x_wconf 89' lang='lat' dir='ltr'><strong>qnod</strong></span> <span class='ocrx_word' id='word_1_75' title='bbox 577 1006 772 1059; x_wconf 88' lang='lat' dir='ltr'><strong>bonum</strong></span> <span class='ocrx_word' id='word_1_76' title='bbox 801 1009 902 1057; x_wconf 90' lang='lat' dir='ltr'><strong>est.</strong></span> <span class='ocrx_word' id='word_1_77' title='bbox 936 999 1037 1057; x_wconf 89' lang='lat' dir='ltr'><strong>Ubi</strong></span> <span class='ocrx_word' id='word_1_78' title='bbox 1068 1010 1246 1055; x_wconf 90' lang='lat' dir='ltr'><strong>autem</strong></span> <span class='ocrx_word' id='word_1_79' title='bbox 1273 998 1476 1053; x_wconf 88' lang='lat' dir='ltr'><strong>bonum</strong></span> <span class='ocrx_word' id='word_1_80' title='bbox 1496 1038 1510 1061; x_wconf 91' lang='lat'><strong>,</strong></span> <span class='ocrx_word' id='word_1_81' title='bbox 1536 996 1607 1052; x_wconf 89' lang='lat' dir='ltr'><strong>ibi</strong></span> <span class='ocrx_word' id='word_1_82' title='bbox 1634 996 1836 1066; x_wconf 87' lang='lat' dir='ltr'><strong>justum</strong></span> <span class='ocrx_word' id='word_1_83' title='bbox 1866 1012 1882 1062; x_wconf 89' lang='lat'><strong>;</strong></span> 
     </span>
    </p>
   </div>
   <div class='ocr_carea' id='block_1_11' title="bbox 287 1090 1886 1169">
    <p class='ocr_par' dir='ltr' id='par_1_11' title="bbox 287 1090 1886 1169">
     <span class='ocr_line' id='line_1_11' title="bbox 287 1090 1886 1169; baseline -0.006 -14"><span class='ocrx_word' id='word_1_84' title='bbox 287 1101 375 1157; x_wconf 93' lang='lat' dir='ltr'><strong>ubi</strong></span> <span class='ocrx_word' id='word_1_85' title='bbox 397 1100 603 1169; x_wconf 86' lang='lat' dir='ltr'><strong>justitia</strong></span> <span class='ocrx_word' id='word_1_86' title='bbox 632 1141 645 1165; x_wconf 93' lang='lat'><strong>,</strong></span> <span class='ocrx_word' id='word_1_87' title='bbox 679 1098 746 1154; x_wconf 90' lang='lat' dir='ltr'><strong>ibi</strong></span> <span class='ocrx_word' id='word_1_88' title='bbox 780 1097 1040 1153; x_wconf 81' lang='lat' dir='ltr'><strong>sanctitas</strong></span> <span class='ocrx_word' id='word_1_89' title='bbox 1065 1138 1078 1163; x_wconf 89' lang='lat'><strong>,</strong></span> <span class='ocrx_word' id='word_1_90' title='bbox 1109 1093 1212 1151; x_wconf 88' lang='lat' dir='ltr'><strong>hoc</strong></span> <span class='ocrx_word' id='word_1_91' title='bbox 1238 1101 1323 1150; x_wconf 86' lang='lat' dir='ltr'><strong>est</strong></span> <span class='ocrx_word' id='word_1_92' title='bbox 1345 1135 1361 1161; x_wconf 93' lang='lat'><strong>,</strong></span> <span class='ocrx_word' id='word_1_93' title='bbox 1393 1092 1529 1148; x_wconf 83' lang='lat' dir='ltr'><strong>Abel</strong></span> <span class='ocrx_word' id='word_1_94' title='bbox 1567 1091 1658 1162; x_wconf 91' lang='lat' dir='ltr'><strong>qui</strong></span> <span class='ocrx_word' id='word_1_95' title='bbox 1701 1090 1886 1146; x_wconf 78' lang='lat' dir='ltr'><strong>adluc-</strong></span> 
     </span>
    </p>
   </div>
   <div class='ocr_carea' id='block_1_12' title="bbox 289 1194 533 1250">
    <p class='ocr_par' dir='ltr' id='par_1_12' title="bbox 289 1194 533 1250">
     <span class='ocr_line' id='line_1_12' title="bbox 289 1194 533 1250; baseline -0.012 0"><span class='ocrx_word' id='word_1_96' title='bbox 289 1204 376 1250; x_wconf 90' lang='lat' dir='ltr'><strong>ret</strong></span> <span class='ocrx_word' id='word_1_97' title='bbox 402 1194 533 1249; x_wconf 89' lang='lat' dir='ltr'><strong>Deo.</strong></span> 
     </span>
    </p>
   </div>
   <div class='ocr_carea' id='block_1_13' title="bbox 356 1279 1886 1355">
    <p class='ocr_par' dir='ltr' id='par_1_13' title="bbox 356 1279 1886 1355">
     <span class='ocr_line' id='line_1_13' title="bbox 356 1279 1886 1355; baseline -0.005 -15"><span class='ocrx_word' id='word_1_98' title='bbox 356 1287 445 1341; x_wconf 80' lang='grc'><strong>11.</strong></span> <span class='ocrx_word' id='word_1_99' title='bbox 481 1285 551 1344; x_wconf 85' lang='lat' dir='ltr'><strong>Et</strong></span> <span class='ocrx_word' id='word_1_100' title='bbox 578 1286 747 1355; x_wconf 83' lang='lat' dir='ltr'><strong>[actus</strong></span> <span class='ocrx_word' id='word_1_101' title='bbox 777 1294 879 1351; x_wconf 87' lang='lat' dir='ltr'><strong>est,</strong></span> <span class='ocrx_word' id='word_1_102' title='bbox 912 1284 1119 1354; x_wconf 84' lang='lat' dir='ltr'><strong>inquit.</strong></span> <span class='ocrx_word' id='word_1_103' title='bbox 1168 1282 1292 1339; x_wconf 82' lang='lat' dir='ltr'><strong>Abel</strong></span> <span class='ocrx_word' id='word_1_104' title='bbox 1320 1291 1496 1354; x_wconf 92' lang='lat' dir='ltr'><strong>pastor</strong></span> <span class='ocrx_word' id='word_1_105' title='bbox 1523 1281 1724 1347; x_wconf 85' lang='lat' dir='ltr'><strong>ovium,</strong></span> <span class='ocrx_word' id='word_1_106' title='bbox 1758 1279 1886 1334; x_wconf 87' lang='lat' dir='ltr'><strong>Cain</strong></span> 
     </span>
    </p>
   </div>
   <div class='ocr_carea' id='block_1_14' title="bbox 280 1374 1884 1452">
    <p class='ocr_par' dir='ltr' id='par_1_14' title="bbox 280 1374 1884 1452">
     <span class='ocr_line' id='line_1_14' title="bbox 280 1374 1884 1452; baseline -0.006 -16"><span class='ocrx_word' id='word_1_107' title='bbox 280 1392 451 1438; x_wconf 85' lang='lat' dir='ltr'><strong>autent</strong></span> <span class='ocrx_word' id='word_1_108' title='bbox 478 1383 788 1452; x_wconf 86' lang='lat' dir='ltr'><strong>aperabatur</strong></span> <span class='ocrx_word' id='word_1_109' title='bbox 823 1390 1011 1433; x_wconf 78' lang='lat' dir='ltr'><strong>(errant</strong></span> <span class='ocrx_word' id='word_1_110' title='bbox 1040 1376 1212 1449; x_wconf 81' lang='lat' dir='ltr'><strong>(Gen.</strong></span> <span class='ocrx_word' id='word_1_111' title='bbox 1246 1393 1320 1441; x_wconf 86' lang='lat' dir='ltr'><strong>tv,</strong></span> <span class='ocrx_word' id='word_1_112' title='bbox 1350 1374 1442 1447; x_wconf 68' lang='lat'><strong>2).</strong></span> <span class='ocrx_word' id='word_1_113' title='bbox 1488 1375 1604 1430; x_wconf 83' lang='lat' dir='ltr'><strong>Non</strong></span> <span class='ocrx_word' id='word_1_114' title='bbox 1637 1384 1720 1430; x_wconf 89' lang='lat' dir='ltr'><strong>est</strong></span> <span class='ocrx_word' id='word_1_115' title='bbox 1743 1376 1884 1428; x_wconf 86' lang='lat' dir='ltr'><strong>otio-</strong></span> 
     </span>
    </p>
   </div>
   <div class='ocr_carea' id='block_1_15' title="bbox 278 1467 1886 1546">
    <p class='ocr_par' dir='ltr' id='par_1_15' title="bbox 278 1467 1886 1546">
     <span class='ocr_line' id='line_1_15' title="bbox 278 1467 1886 1546; baseline -0.007 -14"><span class='ocrx_word' id='word_1_116' title='bbox 278 1491 399 1532; x_wconf 88' lang='lat' dir='ltr'><strong>sum</strong></span> <span class='ocrx_word' id='word_1_117' title='bbox 431 1475 577 1546; x_wconf 89' lang='lat' dir='ltr'><strong>quod</strong></span> <span class='ocrx_word' id='word_1_118' title='bbox 605 1490 729 1530; x_wconf 88' lang='lat' dir='ltr'><strong>cum</strong></span> <span class='ocrx_word' id='word_1_119' title='bbox 759 1482 884 1527; x_wconf 86' lang='lat' dir='ltr'><strong>ante</strong></span> <span class='ocrx_word' id='word_1_120' title='bbox 914 1479 1206 1542; x_wconf 85' lang='lat' dir='ltr'><strong>generatus</strong></span> <span class='ocrx_word' id='word_1_121' title='bbox 1230 1470 1299 1524; x_wconf 89' lang='lat' dir='ltr'><strong>sit</strong></span> <span class='ocrx_word' id='word_1_122' title='bbox 1322 1468 1494 1538; x_wconf 87' lang='lat' dir='ltr'><strong>Cain,</strong></span> <span class='ocrx_word' id='word_1_123' title='bbox 1518 1477 1576 1522; x_wconf 91' lang='lat' dir='ltr'><strong>ut</strong></span> <span class='ocrx_word' id='word_1_124' title='bbox 1604 1468 1766 1524; x_wconf 81' lang='lat' dir='ltr'><strong>lectio</strong></span> <span class='ocrx_word' id='word_1_125' title='bbox 1789 1467 1886 1521; x_wconf 93' lang='lat' dir='ltr'><strong>do-</strong></span> 
     </span>
    </p>
   </div>
   <div class='ocr_carea' id='block_1_16' title="bbox 278 1560 1884 1637">
    <p class='ocr_par' dir='ltr' id='par_1_16' title="bbox 278 1560 1884 1637">
     <span class='ocr_line' id='line_1_16' title="bbox 278 1560 1884 1637; baseline -0.004 -14"><span class='ocrx_word' id='word_1_126' title='bbox 278 1578 365 1624; x_wconf 89' lang='lat' dir='ltr'><strong>cet</strong></span> <span class='ocrx_word' id='word_1_127' title='bbox 386 1610 401 1635; x_wconf 89' lang='lat'><strong>,</strong></span> <span class='ocrx_word' id='word_1_128' title='bbox 433 1568 689 1637; x_wconf 64' lang='lat' dir='ltr'><strong>praelatus</strong></span> <span class='ocrx_word' id='word_1_129' title='bbox 719 1568 789 1621; x_wconf 87' lang='lat' dir='ltr'><strong>sit</strong></span> <span class='ocrx_word' id='word_1_130' title='bbox 821 1565 923 1621; x_wconf 89' lang='lat' dir='ltr'><strong>hoc</strong></span> <span class='ocrx_word' id='word_1_131' title='bbox 954 1566 1073 1619; x_wconf 89' lang='lat' dir='ltr'><strong>loco</strong></span> <span class='ocrx_word' id='word_1_132' title='bbox 1101 1562 1236 1619; x_wconf 86' lang='lat' dir='ltr'><strong>Abel</strong></span> <span class='ocrx_word' id='word_1_133' title='bbox 1266 1581 1279 1629; x_wconf 92' lang='lat'><strong>;</strong></span> <span class='ocrx_word' id='word_1_134' title='bbox 1322 1578 1423 1618; x_wconf 91' lang='lat' dir='ltr'><strong>nec</strong></span> <span class='ocrx_word' id='word_1_135' title='bbox 1470 1561 1609 1617; x_wconf 92' lang='lat' dir='ltr'><strong>idem</strong></span> <span class='ocrx_word' id='word_1_136' title='bbox 1652 1562 1721 1617; x_wconf 86' lang='lat' dir='ltr'><strong>sit</strong></span> <span class='ocrx_word' id='word_1_137' title='bbox 1748 1560 1884 1616; x_wconf 87' lang='lat' dir='ltr'><strong>ordo</strong></span> 
     </span>
    </p>
   </div>
   <div class='ocr_carea' id='block_1_17' title="bbox 281 1652 1884 1729">
    <p class='ocr_par' dir='ltr' id='par_1_17' title="bbox 281 1652 1884 1729">
     <span class='ocr_line' id='line_1_17' title="bbox 281 1652 1884 1729; baseline -0.004 -16"><span class='ocrx_word' id='word_1_138' title='bbox 281 1660 584 1720; x_wconf 85' lang='lat' dir='ltr'><strong>nominum,</strong></span> <span class='ocrx_word' id='word_1_139' title='bbox 614 1659 811 1729; x_wconf 80' lang='lat' dir='ltr'><strong>quiest</strong></span> <span class='ocrx_word' id='word_1_140' title='bbox 840 1656 975 1711; x_wconf 84' lang='lat' dir='ltr'><strong>ordo</strong></span> <span class='ocrx_word' id='word_1_141' title='bbox 1005 1667 1232 1710; x_wconf 64' lang='lat' dir='ltr'><strong>natura}.</strong></span> <span class='ocrx_word' id='word_1_142' title='bbox 1266 1654 1403 1723; x_wconf 85' lang='lat' dir='ltr'><strong>Quid</strong></span> <span class='ocrx_word' id='word_1_143' title='bbox 1433 1653 1534 1708; x_wconf 92' lang='lat' dir='ltr'><strong>sibi</strong></span> <span class='ocrx_word' id='word_1_144' title='bbox 1567 1652 1681 1707; x_wconf 84' lang='lat' dir='ltr'><strong>vult</strong></span> <span class='ocrx_word' id='word_1_145' title='bbox 1710 1661 1884 1707; x_wconf 84' lang='lat' dir='ltr'><strong>mula-</strong></span> 
     </span>
    </p>
   </div>
   <div class='ocr_carea' id='block_1_18' title="bbox 282 1746 1878 1821">
    <p class='ocr_par' dir='ltr' id='par_1_18' title="bbox 282 1746 1878 1821">
     <span class='ocr_line' id='line_1_18' title="bbox 282 1746 1878 1821; baseline -0.004 -14"><span class='ocrx_word' id='word_1_146' title='bbox 282 1755 358 1807; x_wconf 90' lang='lat' dir='ltr'><strong>tio</strong></span> <span class='ocrx_word' id='word_1_147' title='bbox 386 1752 632 1815; x_wconf 83' lang='lat' dir='ltr'><strong>ordinis;</strong></span> <span class='ocrx_word' id='word_1_148' title='bbox 663 1757 723 1806; x_wconf 90' lang='lat' dir='ltr'><strong>ut</strong></span> <span class='ocrx_word' id='word_1_149' title='bbox 755 1750 904 1821; x_wconf 90' lang='lat' dir='ltr'><strong>prius</strong></span> <span class='ocrx_word' id='word_1_150' title='bbox 926 1749 1159 1819; x_wconf 87' lang='lat' dir='ltr'><strong>junioris</strong></span> <span class='ocrx_word' id='word_1_151' title='bbox 1191 1747 1518 1814; x_wconf 89' lang='lat' dir='ltr'><strong>meminerit,</strong></span> <span class='ocrx_word' id='word_1_152' title='bbox 1552 1747 1641 1802; x_wconf 90' lang='lat' dir='ltr'><strong>ubi</strong></span> <span class='ocrx_word' id='word_1_153' title='bbox 1671 1746 1878 1801; x_wconf 88' lang='lat' dir='ltr'><strong>descri-</strong></span> 
     </span>
    </p>
   </div>
   <div class='ocr_carea' id='block_1_19' title="bbox 1993 525 3592 598">
    <p class='ocr_par' dir='ltr' id='par_1_19' title="bbox 1993 525 3592 598">
     <span class='ocr_line' id='line_1_19' title="bbox 1993 525 3592 598; baseline -0.001 -15"><span class='ocrx_word' id='word_1_154' title='bbox 1993 525 2082 598; x_wconf 75' lang='lat'><strong>32)</strong></span> <span class='ocrx_word' id='word_1_155' title='bbox 2107 525 2131 579; x_wconf 77' lang='grc'><strong>7</strong></span> <span class='ocrx_word' id='word_1_156' title='bbox 2173 526 2277 582; x_wconf 90' lang='lat' dir='ltr'><strong>Sed</strong></span> <span class='ocrx_word' id='word_1_157' title='bbox 2319 541 2457 596; x_wconf 89' lang='lat' dir='ltr'><strong>quos</strong></span> <span class='ocrx_word' id='word_1_158' title='bbox 2480 526 2585 582; x_wconf 90' lang='lat' dir='ltr'><strong>iste</strong></span> <span class='ocrx_word' id='word_1_159' title='bbox 2609 525 2923 598; x_wconf 80' lang='lat' dir='ltr'><strong>posdtahuit</strong></span> <span class='ocrx_word' id='word_1_160' title='bbox 2945 569 2961 590; x_wconf 86' lang='lat'><strong>,</strong></span> <span class='ocrx_word' id='word_1_161' title='bbox 2992 528 3089 582; x_wconf 88' lang='lat' dir='ltr'><strong>bos</strong></span> <span class='ocrx_word' id='word_1_162' title='bbox 3120 526 3200 582; x_wconf 90' lang='lat' dir='ltr'><strong>vir</strong></span> <span class='ocrx_word' id='word_1_163' title='bbox 3227 534 3592 598; x_wconf 88' lang='lat' dir='ltr'><strong>cognomento</strong></span> 
     </span>
    </p>
   </div>
   <div class='ocr_carea' id='block_1_20' title="bbox 1991 620 3593 692">
    <p class='ocr_par' dir='ltr' id='par_1_20' title="bbox 1991 620 3593 692">
     <span class='ocr_line' id='line_1_20' title="bbox 1991 620 3593 692; baseline 0.001 -17"><span class='ocrx_word' id='word_1_164' title='bbox 1991 620 2404 675; x_wconf 80' lang='lat' dir='ltr'><strong>exercitationis</strong></span> <span class='ocrx_word' id='word_1_165' title='bbox 2434 621 2693 690; x_wconf 66' lang='lat' dir='ltr'><strong>praeditus</strong></span> <span class='ocrx_word' id='word_1_166' title='bbox 2720 621 2968 692; x_wconf 66' lang='lat' dir='ltr'><strong>quaesivit</strong></span> <span class='ocrx_word' id='word_1_167' title='bbox 3016 623 3234 677; x_wconf 89' lang='lat' dir='ltr'><strong>mereri.</strong></span> <span class='ocrx_word' id='word_1_168' title='bbox 3281 621 3470 677; x_wconf 85' lang='lat' dir='ltr'><strong>Nonne</strong></span> <span class='ocrx_word' id='word_1_169' title='bbox 3498 620 3593 677; x_wconf 86' lang='lat' dir='ltr'><strong>tibi</strong></span> 
     </span>
    </p>
   </div>
   <div class='ocr_carea' id='block_1_21' title="bbox 1990 696 3593 786">
    <p class='ocr_par' dir='ltr' id='par_1_21' title="bbox 1990 696 3593 786">
     <span class='ocr_line' id='line_1_21' title="bbox 1990 696 3593 786; baseline 0.001 -19"><span class='ocrx_word' id='word_1_170' title='bbox 1990 712 2205 767; x_wconf 89' lang='lat' dir='ltr'><strong>videtur</strong></span> <span class='ocrx_word' id='word_1_171' title='bbox 2238 712 2379 766; x_wconf 84' lang='lat' dir='ltr'><strong>Esau</strong></span> <span class='ocrx_word' id='word_1_172' title='bbox 2411 722 2683 781; x_wconf 85' lang='lat' dir='ltr'><strong>tamquam</strong></span> <span class='ocrx_word' id='word_1_173' title='bbox 2732 715 2785 769; x_wconf 93' lang='lat' dir='ltr'><strong>in</strong></span> <span class='ocrx_word' id='word_1_174' title='bbox 2803 696 2988 786; x_wconf 76' lang='lat' dir='ltr'><strong>agone</strong></span> <span class='ocrx_word' id='word_1_175' title='bbox 3032 714 3205 769; x_wconf 86' lang='lat' dir='ltr'><strong>victus</strong></span> <span class='ocrx_word' id='word_1_176' title='bbox 3230 756 3245 781; x_wconf 93' lang='lat'><strong>,</strong></span> <span class='ocrx_word' id='word_1_177' title='bbox 3275 723 3332 770; x_wconf 90' lang='lat' dir='ltr'><strong>et</strong></span> <span class='ocrx_word' id='word_1_178' title='bbox 3358 713 3593 785; x_wconf 67' lang='lat' dir='ltr'><strong>propriae</strong></span> 
     </span>
    </p>
   </div>
   <div class='ocr_carea' id='block_1_22' title="bbox 1990 804 3595 879">
    <p class='ocr_par' dir='ltr' id='par_1_22' title="bbox 1990 804 3595 879">
     <span class='ocr_line' id='line_1_22' title="bbox 1990 804 3595 879; baseline 0.002 -20"><span class='ocrx_word' id='word_1_179' title='bbox 1990 805 2188 861; x_wconf 87' lang='lat' dir='ltr'><strong>mentis</strong></span> <span class='ocrx_word' id='word_1_180' title='bbox 2232 804 2545 879; x_wconf 74' lang='lat' dir='ltr'><strong>infirmitate</strong></span> <span class='ocrx_word' id='word_1_181' title='bbox 2594 804 2854 877; x_wconf 90' lang='lat' dir='ltr'><strong>imparem</strong></span> <span class='ocrx_word' id='word_1_182' title='bbox 2900 823 2959 862; x_wconf 90' lang='lat' dir='ltr'><strong>se</strong></span> <span class='ocrx_word' id='word_1_183' title='bbox 3004 808 3321 863; x_wconf 80' lang='lat' dir='ltr'><strong>exiSIimans</strong></span> <span class='ocrx_word' id='word_1_184' title='bbox 3363 807 3595 863; x_wconf 89' lang='lat' dir='ltr'><strong>cessisse</strong></span> 
     </span>
    </p>
   </div>
   <div class='ocr_carea' id='block_1_23' title="bbox 1988 896 3597 970">
    <p class='ocr_par' dir='ltr' id='par_1_23' title="bbox 1988 896 3597 970">
     <span class='ocr_line' id='line_1_23' title="bbox 1988 896 3597 970; baseline 0.001 -19"><span class='ocrx_word' id='word_1_185' title='bbox 1988 896 2185 951; x_wconf 75' lang='lat' dir='ltr'><strong>victori</strong></span> <span class='ocrx_word' id='word_1_186' title='bbox 2212 912 2489 961; x_wconf 84' lang='lat' dir='ltr'><strong>coronam,</strong></span> <span class='ocrx_word' id='word_1_187' title='bbox 2520 913 2678 966; x_wconf 87' lang='lat' dir='ltr'><strong>quem</strong></span> <span class='ocrx_word' id='word_1_188' title='bbox 2710 897 2929 954; x_wconf 83' lang='lat' dir='ltr'><strong>videbat</strong></span> <span class='ocrx_word' id='word_1_189' title='bbox 2956 898 3118 954; x_wconf 91' lang='lat' dir='ltr'><strong>nullis</strong></span> <span class='ocrx_word' id='word_1_190' title='bbox 3139 899 3449 970; x_wconf 88' lang='lat' dir='ltr'><strong>passionum</strong></span> <span class='ocrx_word' id='word_1_191' title='bbox 3476 897 3597 953; x_wconf 91' lang='lat' dir='ltr'><strong>ille-</strong></span> 
     </span>
    </p>
   </div>
   <div class='ocr_carea' id='block_1_24' title="bbox 1989 988 3592 1059">
    <p class='ocr_par' dir='ltr' id='par_1_24' title="bbox 1989 988 3592 1059">
     <span class='ocr_line' id='line_1_24' title="bbox 1989 988 3592 1059; baseline 0 -15"><span class='ocrx_word' id='word_1_192' title='bbox 1989 988 2171 1045; x_wconf 85' lang='lat' dir='ltr'><strong>cebris</strong></span> <span class='ocrx_word' id='word_1_193' title='bbox 2197 988 2420 1055; x_wconf 81' lang='lat' dir='ltr'><strong>inflecti,</strong></span> <span class='ocrx_word' id='word_1_194' title='bbox 2449 1004 2675 1058; x_wconf 88' lang='lat' dir='ltr'><strong>quarum</strong></span> <span class='ocrx_word' id='word_1_195' title='bbox 2718 989 2833 1059; x_wconf 91' lang='lat' dir='ltr'><strong>ipse</strong></span> <span class='ocrx_word' id='word_1_196' title='bbox 2865 989 3140 1059; x_wconf 78' lang='lat' dir='ltr'><strong>pulverem</strong></span> <span class='ocrx_word' id='word_1_197' title='bbox 3181 991 3451 1046; x_wconf 87' lang='lat' dir='ltr'><strong>sustinere</strong></span> <span class='ocrx_word' id='word_1_198' title='bbox 3482 1003 3592 1044; x_wconf 89' lang='lat' dir='ltr'><strong>non</strong></span> 
     </span>
    </p>
   </div>
   <div class='ocr_carea' id='block_1_25' title="bbox 1988 1085 3592 1157">
    <p class='ocr_par' dir='ltr' id='par_1_25' title="bbox 1988 1085 3592 1157">
     <span class='ocr_line' id='line_1_25' title="bbox 1988 1085 3592 1157; baseline -0.002 -15"><span class='ocrx_word' id='word_1_199' title='bbox 1988 1087 2245 1157; x_wconf 79' lang='lat' dir='ltr'><strong>poterat?</strong></span> <span class='ocrx_word' id='word_1_200' title='bbox 2279 1086 2347 1142; x_wconf 89' lang='lat' dir='ltr'><strong>Ut</strong></span> <span class='ocrx_word' id='word_1_201' title='bbox 2370 1085 2496 1155; x_wconf 86' lang='lat' dir='ltr'><strong>quid</strong></span> <span class='ocrx_word' id='word_1_202' title='bbox 2522 1086 2670 1151; x_wconf 82' lang='lat' dir='ltr'><strong>mihi,</strong></span> <span class='ocrx_word' id='word_1_203' title='bbox 2697 1085 2893 1157; x_wconf 89' lang='lat' dir='ltr'><strong>inquit,</strong></span> <span class='ocrx_word' id='word_1_204' title='bbox 2923 1085 3218 1155; x_wconf 79' lang='lat' dir='ltr'><strong>primatus?</strong></span> <span class='ocrx_word' id='word_1_205' title='bbox 3257 1085 3412 1157; x_wconf 78' lang='lat' dir='ltr'><strong>Apud</strong></span> <span class='ocrx_word' id='word_1_206' title='bbox 3440 1086 3592 1155; x_wconf 82' lang='lat' dir='ltr'><strong>igua-</strong></span> 
     </span>
    </p>
   </div>
   <div class='ocr_carea' id='block_1_26' title="bbox 1987 1179 3594 1252">
    <p class='ocr_par' dir='ltr' id='par_1_26' title="bbox 1987 1179 3594 1252">
     <span class='ocr_line' id='line_1_26' title="bbox 1987 1179 3594 1252; baseline 0.001 -16"><span class='ocrx_word' id='word_1_207' title='bbox 1987 1196 2084 1237; x_wconf 88' lang='lat' dir='ltr'><strong>vos</strong></span> <span class='ocrx_word' id='word_1_208' title='bbox 2112 1183 2257 1237; x_wconf 88' lang='lat' dir='ltr'><strong>enim</strong></span> <span class='ocrx_word' id='word_1_209' title='bbox 2292 1182 2438 1237; x_wconf 88' lang='lat' dir='ltr'><strong>nulla</strong></span> <span class='ocrx_word' id='word_1_210' title='bbox 2466 1189 2593 1237; x_wconf 85' lang='lat' dir='ltr'><strong>sunt</strong></span> <span class='ocrx_word' id='word_1_211' title='bbox 2624 1179 2853 1252; x_wconf 90' lang='lat' dir='ltr'><strong>insignia</strong></span> <span class='ocrx_word' id='word_1_212' title='bbox 2883 1180 3122 1246; x_wconf 89' lang='lat' dir='ltr'><strong>virtutis,</strong></span> <span class='ocrx_word' id='word_1_213' title='bbox 3148 1180 3291 1251; x_wconf 91' lang='lat' dir='ltr'><strong>apud</strong></span> <span class='ocrx_word' id='word_1_214' title='bbox 3319 1181 3594 1250; x_wconf 82' lang='lat' dir='ltr'><strong>sapientes</strong></span> 
     </span>
    </p>
   </div>
   <div class='ocr_carea' id='block_1_27' title="bbox 1990 1271 3594 1345">
    <p class='ocr_par' dir='ltr' id='par_1_27' title="bbox 1990 1271 3594 1345">
     <span class='ocr_line' id='line_1_27' title="bbox 1990 1271 3594 1345; baseline -0.001 -18"><span class='ocrx_word' id='word_1_215' title='bbox 1990 1273 2159 1345; x_wconf 83' lang='lat' dir='ltr'><strong>prima</strong></span> <span class='ocrx_word' id='word_1_216' title='bbox 2195 1272 2501 1340; x_wconf 86' lang='lat' dir='ltr'><strong>habentur;</strong></span> <span class='ocrx_word' id='word_1_217' title='bbox 2554 1271 2731 1327; x_wconf 86' lang='lat' dir='ltr'><strong>studia</strong></span> <span class='ocrx_word' id='word_1_218' title='bbox 2775 1271 2919 1327; x_wconf 90' lang='lat' dir='ltr'><strong>enim</strong></span> <span class='ocrx_word' id='word_1_219' title='bbox 2969 1271 3184 1327; x_wconf 85' lang='lat' dir='ltr'><strong>virtutis</strong></span> <span class='ocrx_word' id='word_1_220' title='bbox 3226 1273 3472 1343; x_wconf 62' lang='lat' dir='ltr'><strong>quaedam</strong></span> <span class='ocrx_word' id='word_1_221' title='bbox 3511 1273 3594 1326; x_wconf 87' lang='lat' dir='ltr'><strong>in-</strong></span> 
     </span>
    </p>
   </div>
   <div class='ocr_carea' id='block_1_28' title="bbox 1989 1363 3595 1437">
    <p class='ocr_par' dir='ltr' id='par_1_28' title="bbox 1989 1363 3595 1437">
     <span class='ocr_line' id='line_1_28' title="bbox 1989 1363 3595 1437; baseline 0 -17"><span class='ocrx_word' id='word_1_222' title='bbox 1989 1376 2287 1421; x_wconf 88' lang='lat' dir='ltr'><strong>strumenta</strong></span> <span class='ocrx_word' id='word_1_223' title='bbox 2316 1377 2464 1423; x_wconf 90' lang='lat' dir='ltr'><strong>sunt.</strong></span> <span class='ocrx_word' id='word_1_224' title='bbox 2494 1365 2679 1437; x_wconf 84' lang='lat' dir='ltr'><strong>Itaque</strong></span> <span class='ocrx_word' id='word_1_225' title='bbox 2709 1366 2849 1421; x_wconf 84' lang='lat' dir='ltr'><strong>sicut</strong></span> <span class='ocrx_word' id='word_1_226' title='bbox 2878 1364 3110 1420; x_wconf 86' lang='lat' dir='ltr'><strong>bellator</strong></span> <span class='ocrx_word' id='word_1_227' title='bbox 3139 1363 3257 1421; x_wconf 89' lang='lat' dir='ltr'><strong>sine</strong></span> <span class='ocrx_word' id='word_1_228' title='bbox 3279 1366 3443 1421; x_wconf 91' lang='lat' dir='ltr'><strong>armis</strong></span> <span class='ocrx_word' id='word_1_229' title='bbox 3470 1379 3595 1421; x_wconf 89' lang='lat' dir='ltr'><strong>esse</strong></span> 
     </span>
    </p>
   </div>
   <div class='ocr_carea' id='block_1_29' title="bbox 1990 1457 3593 1530">
    <p class='ocr_par' dir='ltr' id='par_1_29' title="bbox 1990 1457 3593 1530">
     <span class='ocr_line' id='line_1_29' title="bbox 1990 1457 3593 1530; baseline 0.001 -16"><span class='ocrx_word' id='word_1_230' title='bbox 1990 1475 2095 1514; x_wconf 90' lang='lat' dir='ltr'><strong>non</strong></span> <span class='ocrx_word' id='word_1_231' title='bbox 2131 1468 2347 1530; x_wconf 89' lang='lat' dir='ltr'><strong>potest,</strong></span> <span class='ocrx_word' id='word_1_232' title='bbox 2380 1462 2449 1516; x_wconf 87' lang='lat' dir='ltr'><strong>ita</strong></span> <span class='ocrx_word' id='word_1_233' title='bbox 2491 1475 2592 1516; x_wconf 80' lang='lat' dir='ltr'><strong>nec</strong></span> <span class='ocrx_word' id='word_1_234' title='bbox 2635 1460 2755 1515; x_wconf 87' lang='lat' dir='ltr'><strong>sine</strong></span> <span class='ocrx_word' id='word_1_235' title='bbox 2783 1460 3173 1516; x_wconf 74' lang='lat' dir='ltr'><strong>exercitatione</strong></span> <span class='ocrx_word' id='word_1_236' title='bbox 3205 1459 3391 1514; x_wconf 84' lang='lat' dir='ltr'><strong>virtus.</strong></span> <span class='ocrx_word' id='word_1_237' title='bbox 3437 1457 3593 1516; x_wconf 81' lang='lat' dir='ltr'><strong>Unde</strong></span> 
     </span>
    </p>
   </div>
   <div class='ocr_carea' id='block_1_30' title="bbox 1986 1552 3595 1627">
    <p class='ocr_par' dir='ltr' id='par_1_30' title="bbox 1986 1552 3595 1627">
     <span class='ocr_line' id='line_1_30' title="bbox 1986 1552 3595 1627; baseline -0.003 -17"><span class='ocrx_word' id='word_1_238' title='bbox 1986 1564 2041 1610; x_wconf 88' lang='lat' dir='ltr'><strong>et</strong></span> <span class='ocrx_word' id='word_1_239' title='bbox 2073 1555 2329 1609; x_wconf 89' lang='lat' dir='ltr'><strong>Dominus</strong></span> <span class='ocrx_word' id='word_1_240' title='bbox 2362 1557 2413 1611; x_wconf 93' lang='lat' dir='ltr'><strong>in</strong></span> <span class='ocrx_word' id='word_1_241' title='bbox 2454 1556 2749 1627; x_wconf 84' lang='lat' dir='ltr'><strong>Evangelio</strong></span> <span class='ocrx_word' id='word_1_242' title='bbox 2771 1555 2848 1611; x_wconf 89' lang='lat' dir='ltr'><strong>ait</strong></span> <span class='ocrx_word' id='word_1_243' title='bbox 2875 1573 2887 1609; x_wconf 89' lang='lat'><strong>:</strong></span> <span class='ocrx_word' id='word_1_244' title='bbox 2917 1554 2962 1608; x_wconf 85' lang='lat' dir='ltr'><strong><em>A</em></strong></span> <span class='ocrx_word' id='word_1_245' title='bbox 2983 1554 3159 1609; x_wconf 85' lang='lat' dir='ltr'><strong>diebus</strong></span> <span class='ocrx_word' id='word_1_246' title='bbox 3186 1553 3407 1609; x_wconf 84' lang='lat' dir='ltr'><strong>Joannis</strong></span> <span class='ocrx_word' id='word_1_247' title='bbox 3453 1552 3595 1624; x_wconf 87' lang='lat' dir='ltr'><strong>Bap-</strong></span> 
     </span>
    </p>
   </div>
   <div class='ocr_carea' id='block_1_31' title="bbox 1986 1647 3595 1721">
    <p class='ocr_par' dir='ltr' id='par_1_31' title="bbox 1986 1647 3595 1721">
     <span class='ocr_line' id='line_1_31' title="bbox 1986 1647 3595 1721; baseline 0.002 -21"><span class='ocrx_word' id='word_1_248' title='bbox 1986 1647 2124 1701; x_wconf 76' lang='lat' dir='ltr'><strong>tista:</strong></span> <span class='ocrx_word' id='word_1_249' title='bbox 2174 1665 2388 1718; x_wconf 84' lang='lat' dir='ltr'><strong>regnum</strong></span> <span class='ocrx_word' id='word_1_250' title='bbox 2434 1651 2680 1705; x_wconf 80' lang='lat' dir='ltr'><strong>ccetorum</strong></span> <span class='ocrx_word' id='word_1_251' title='bbox 2710 1650 2946 1721; x_wconf 84' lang='lat' dir='ltr'><strong>cogitur,</strong></span> <span class='ocrx_word' id='word_1_252' title='bbox 2993 1660 3039 1704; x_wconf 85' lang='lat' dir='ltr'><strong>et</strong></span> <span class='ocrx_word' id='word_1_253' title='bbox 3079 1659 3314 1720; x_wconf 75' lang='lat' dir='ltr'><strong>cogentes</strong></span> <span class='ocrx_word' id='word_1_254' title='bbox 3341 1648 3595 1718; x_wconf 76' lang='lat' dir='ltr'><strong>diripiunt</strong></span> 
     </span>
    </p>
   </div>
   <div class='ocr_carea' id='block_1_32' title="bbox 1985 1739 3590 1816">
    <p class='ocr_par' dir='ltr' id='par_1_32' title="bbox 1985 1739 3590 1816">
     <span class='ocr_line' id='line_1_32' title="bbox 1985 1739 3590 1816; baseline 0.002 -22"><span class='ocrx_word' id='word_1_255' title='bbox 1985 1739 2121 1795; x_wconf 86' lang='lat' dir='ltr'><strong>illud</strong></span> <span class='ocrx_word' id='word_1_256' title='bbox 2147 1741 2364 1815; x_wconf 77' lang='lat' dir='ltr'><strong>(Matth.</strong></span> <span class='ocrx_word' id='word_1_257' title='bbox 2397 1760 2473 1811; x_wconf 76' lang='grc' dir='ltr'><strong>χι,</strong></span> <span class='ocrx_word' id='word_1_258' title='bbox 2510 1744 2621 1816; x_wconf 66' lang='grc' dir='ltr'><strong>η).</strong></span> <span class='ocrx_word' id='word_1_259' title='bbox 2652 1745 2742 1802; x_wconf 85' lang='grc' dir='ltr'><strong>,Ει</strong></span> <span class='ocrx_word' id='word_1_260' title='bbox 2765 1744 2929 1799; x_wconf 90' lang='lat' dir='ltr'><strong>alibi:</strong></span> <span class='ocrx_word' id='word_1_261' title='bbox 2964 1744 3188 1810; x_wconf 79' lang='lat' dir='ltr'><strong>Quterite</strong></span> <span class='ocrx_word' id='word_1_262' title='bbox 3212 1760 3424 1816; x_wconf 78' lang='lat' dir='ltr'><strong>regnum</strong></span> <span class='ocrx_word' id='word_1_263' title='bbox 3453 1743 3549 1798; x_wconf 85' lang='lat' dir='ltr'><strong>Dei</strong></span> <span class='ocrx_word' id='word_1_264' title='bbox 3572 1784 3590 1812; x_wconf 89' lang='lat'><strong>,</strong></span> 
     </span>
    </p>
   </div>
   <div class='ocr_carea' id='block_1_33' title="bbox 281 1833 3591 1914">
    <p class='ocr_par' dir='ltr' id='par_1_33' title="bbox 281 1833 3591 1914">
     <span class='ocr_line' id='line_1_33' title="bbox 281 1833 3591 1914; baseline -0.003 -13"><span class='ocrx_word' id='word_1_265' title='bbox 281 1848 426 1901; x_wconf 89' lang='lat' dir='ltr'><strong>bitur</strong></span> <span class='ocrx_word' id='word_1_266' title='bbox 455 1845 579 1900; x_wconf 76' lang='lat' dir='ltr'><strong>vita:</strong></span> <span class='ocrx_word' id='word_1_267' title='bbox 604 1852 773 1901; x_wconf 90' lang='lat' dir='ltr'><strong>status</strong></span> <span class='ocrx_word' id='word_1_268' title='bbox 798 1845 1086 1914; x_wconf 89' lang='lat' dir='ltr'><strong>operisque</strong></span> <span class='ocrx_word' id='word_1_269' title='bbox 1110 1857 1241 1897; x_wconf 89' lang='lat' dir='ltr'><strong>usus</strong></span> <span class='ocrx_word' id='word_1_270' title='bbox 1268 1844 1291 1896; x_wconf 85' lang='lat'><strong>?</strong></span> <span class='ocrx_word' id='word_1_271' title='bbox 1314 1840 1628 1897; x_wconf 84' lang='lat' dir='ltr'><strong>Officiorum</strong></span> <span class='ocrx_word' id='word_1_272' title='bbox 1654 1840 1887 1897; x_wconf 89' lang='lat' dir='ltr'><strong>interro—</strong></span> <span class='ocrx_word' id='word_1_273' title='bbox 1913 1833 1962 1896; x_wconf 89' lang='lat' dir='ltr'><strong>B</strong></span> <span class='ocrx_word' id='word_1_274' title='bbox 1991 1844 2038 1889; x_wconf 75' lang='lat' dir='ltr'><strong>el</strong></span> <span class='ocrx_word' id='word_1_275' title='bbox 2066 1851 2184 1890; x_wconf 78' lang='lat' dir='ltr'><strong>ecce</strong></span> <span class='ocrx_word' id='word_1_276' title='bbox 2206 1836 2378 1890; x_wconf 85' lang='lat' dir='ltr'><strong>omnia</strong></span> <span class='ocrx_word' id='word_1_277' title='bbox 2407 1847 2595 1909; x_wconf 63' lang='lat' dir='ltr'><strong>praesto</strong></span> <span class='ocrx_word' id='word_1_278' title='bbox 2624 1849 2744 1893; x_wconf 89' lang='lat' dir='ltr'><strong>sunt</strong></span> <span class='ocrx_word' id='word_1_279' title='bbox 2770 1838 2910 1893; x_wconf 83' lang='lat' dir='ltr'><strong>vobis</strong></span> <span class='ocrx_word' id='word_1_280' title='bbox 2940 1838 3153 1911; x_wconf 82' lang='lat' dir='ltr'><strong>(Matth.</strong></span> <span class='ocrx_word' id='word_1_281' title='bbox 3190 1854 3238 1892; x_wconf 86' lang='lat' dir='ltr'><strong>vt</strong></span> <span class='ocrx_word' id='word_1_282' title='bbox 3257 1881 3271 1904; x_wconf 91' lang='lat'><strong>,</strong></span> <span class='ocrx_word' id='word_1_283' title='bbox 3304 1838 3429 1909; x_wconf 76' lang='grc'><strong>55).</strong></span> <span class='ocrx_word' id='word_1_284' title='bbox 3473 1837 3591 1892; x_wconf 86' lang='lat' dir='ltr'><strong>Non</strong></span> 
     </span>
    </p>
   </div>
   <div class='ocr_carea' id='block_1_34' title="bbox 282 1935 1881 2008">
    <p class='ocr_par' dir='ltr' id='par_1_34' title="bbox 282 1935 1881 2008">
     <span class='ocr_line' id='line_1_34' title="bbox 282 1935 1881 2008; baseline -0.004 -12"><span class='ocrx_word' id='word_1_285' title='bbox 282 1955 474 2008; x_wconf 65' lang='lat' dir='ltr'><strong>gemus</strong></span> <span class='ocrx_word' id='word_1_286' title='bbox 504 1938 836 2007; x_wconf 75' lang='lat' dir='ltr'><strong>distantiam,</strong></span> <span class='ocrx_word' id='word_1_287' title='bbox 866 1945 922 1991; x_wconf 91' lang='lat' dir='ltr'><strong>ut</strong></span> <span class='ocrx_word' id='word_1_288' title='bbox 947 1937 1266 2005; x_wconf 80' lang='lat' dir='ltr'><strong>colligamus</strong></span> <span class='ocrx_word' id='word_1_289' title='bbox 1288 1950 1503 1993; x_wconf 89' lang='lat' dir='ltr'><strong>causam</strong></span> <span class='ocrx_word' id='word_1_290' title='bbox 1530 1935 1881 2006; x_wconf 64' lang='lat' dir='ltr'><strong>praelationis.</strong></span> 
     </span>
    </p>
   </div>
   <div class='ocr_carea' id='block_1_35' title="bbox 287 2029 1884 2102">
    <p class='ocr_par' dir='ltr' id='par_1_35' title="bbox 287 2029 1884 2102">
     <span class='ocr_line' id='line_1_35' title="bbox 287 2029 1884 2102; baseline -0.003 -14"><span class='ocrx_word' id='word_1_291' title='bbox 287 2031 514 2102; x_wconf 87' lang='lat' dir='ltr'><strong>Operari</strong></span> <span class='ocrx_word' id='word_1_292' title='bbox 548 2040 746 2086; x_wconf 87' lang='lat' dir='ltr'><strong>terram</strong></span> <span class='ocrx_word' id='word_1_293' title='bbox 777 2045 878 2085; x_wconf 91' lang='lat' dir='ltr'><strong>usu</strong></span> <span class='ocrx_word' id='word_1_294' title='bbox 909 2031 1062 2101; x_wconf 87' lang='lat' dir='ltr'><strong>prius</strong></span> <span class='ocrx_word' id='word_1_295' title='bbox 1087 2039 1194 2097; x_wconf 89' lang='lat' dir='ltr'><strong>est,</strong></span> <span class='ocrx_word' id='word_1_296' title='bbox 1245 2030 1415 2099; x_wconf 85' lang='lat' dir='ltr'><strong>gratia</strong></span> <span class='ocrx_word' id='word_1_297' title='bbox 1446 2029 1694 2095; x_wconf 88' lang='lat' dir='ltr'><strong>inferius,</strong></span> <span class='ocrx_word' id='word_1_298' title='bbox 1725 2044 1884 2097; x_wconf 85' lang='lat' dir='ltr'><strong>quam</strong></span> 
     </span>
    </p>
   </div>
   <div class='ocr_carea' id='block_1_36' title="bbox 282 2122 1885 2195">
    <p class='ocr_par' dir='ltr' id='par_1_36' title="bbox 282 2122 1885 2195">
     <span class='ocr_line' id='line_1_36' title="bbox 282 2122 1885 2195; baseline -0.001 -15"><span class='ocrx_word' id='word_1_299' title='bbox 282 2140 413 2180; x_wconf 87' lang='lat' dir='ltr'><strong>oves</strong></span> <span class='ocrx_word' id='word_1_300' title='bbox 444 2139 689 2195; x_wconf 87' lang='lat' dir='ltr'><strong>pascere.</strong></span> <span class='ocrx_word' id='word_1_301' title='bbox 733 2123 844 2178; x_wconf 84' lang='lat' dir='ltr'><strong>Hoc</strong></span> <span class='ocrx_word' id='word_1_302' title='bbox 874 2123 1017 2178; x_wconf 87' lang='lat' dir='ltr'><strong>enim</strong></span> <span class='ocrx_word' id='word_1_303' title='bbox 1046 2123 1215 2178; x_wconf 77' lang='lat' dir='ltr'><strong>insmr</strong></span> <span class='ocrx_word' id='word_1_304' title='bbox 1242 2132 1323 2178; x_wconf 90' lang='lat' dir='ltr'><strong>est</strong></span> <span class='ocrx_word' id='word_1_305' title='bbox 1350 2123 1625 2193; x_wconf 87' lang='lat' dir='ltr'><strong>cujusdam</strong></span> <span class='ocrx_word' id='word_1_306' title='bbox 1644 2122 1885 2179; x_wconf 88' lang='lat' dir='ltr'><strong>doctoris</strong></span> 
     </span>
    </p>
   </div>
   <div class='ocr_carea' id='block_1_37' title="bbox 283 2216 1887 2289">
    <p class='ocr_par' dir='ltr' id='par_1_37' title="bbox 283 2216 1887 2289">
     <span class='ocr_line' id='line_1_37' title="bbox 283 2216 1887 2289; baseline -0.001 -15"><span class='ocrx_word' id='word_1_307' title='bbox 283 2231 337 2274; x_wconf 92' lang='lat' dir='ltr'><strong>et</strong></span> <span class='ocrx_word' id='word_1_308' title='bbox 365 2218 644 2289; x_wconf 77' lang='lat' dir='ltr'><strong>principis,</strong></span> <span class='ocrx_word' id='word_1_309' title='bbox 675 2217 977 2288; x_wconf 87' lang='lat' dir='ltr'><strong>meritoque</strong></span> <span class='ocrx_word' id='word_1_310' title='bbox 998 2217 1181 2272; x_wconf 90' lang='lat' dir='ltr'><strong>senior</strong></span> <span class='ocrx_word' id='word_1_311' title='bbox 1200 2231 1231 2272; x_wconf 91' lang='lat' dir='ltr'><strong>a</strong></span> <span class='ocrx_word' id='word_1_312' title='bbox 1254 2217 1640 2272; x_wconf 82' lang='lat' dir='ltr'><strong>vetustioribus</strong></span> <span class='ocrx_word' id='word_1_313' title='bbox 1663 2216 1887 2272; x_wconf 89' lang='lat' dir='ltr'><strong>inchoa-</strong></span> 
     </span>
    </p>
   </div>
   <div class='ocr_carea' id='block_1_38' title="bbox 281 2307 1887 2381">
    <p class='ocr_par' dir='ltr' id='par_1_38' title="bbox 281 2307 1887 2381">
     <span class='ocr_line' id='line_1_38' title="bbox 281 2307 1887 2381; baseline -0.002 -16"><span class='ocrx_word' id='word_1_314' title='bbox 281 2314 379 2372; x_wconf 80' lang='lat' dir='ltr'><strong>vit.</strong></span> <span class='ocrx_word' id='word_1_315' title='bbox 400 2310 585 2379; x_wconf 88' lang='lat' dir='ltr'><strong>junior</strong></span> <span class='ocrx_word' id='word_1_316' title='bbox 599 2309 897 2363; x_wconf 86' lang='lat' dir='ltr'><strong>recentiora</strong></span> <span class='ocrx_word' id='word_1_317' title='bbox 915 2308 1167 2377; x_wconf 69' lang='lat' dir='ltr'><strong>prmtulit,</strong></span> <span class='ocrx_word' id='word_1_318' title='bbox 1190 2324 1309 2378; x_wconf 86' lang='lat' dir='ltr'><strong>quae</strong></span> <span class='ocrx_word' id='word_1_319' title='bbox 1324 2307 1497 2363; x_wconf 89' lang='lat' dir='ltr'><strong>nullas</strong></span> <span class='ocrx_word' id='word_1_320' title='bbox 1510 2308 1887 2381; x_wconf 75' lang='lat' dir='ltr'><strong>spinas,188</strong></span> 
     </span>
    </p>
   </div>
   <div class='ocr_carea' id='block_1_39' title="bbox 281 2384 1884 2472">
    <p class='ocr_par' dir='ltr' id='par_1_39' title="bbox 281 2384 1884 2472">
     <span class='ocr_line' id='line_1_39' title="bbox 281 2384 1884 2472; baseline -0.001 -14"><span class='ocrx_word' id='word_1_321' title='bbox 281 2402 462 2458; x_wconf 87' lang='lat' dir='ltr'><strong>nullos</strong></span> <span class='ocrx_word' id='word_1_322' title='bbox 492 2402 719 2456; x_wconf 88' lang='lat' dir='ltr'><strong>tribulos</strong></span> <span class='ocrx_word' id='word_1_323' title='bbox 749 2384 1157 2472; x_wconf 38' lang='lat' dir='ltr'><strong>germinarent‘,</strong></span> <span class='ocrx_word' id='word_1_324' title='bbox 1188 2401 1334 2457; x_wconf 68' lang='lat' dir='ltr'><strong>nulli</strong></span> <span class='ocrx_word' id='word_1_325' title='bbox 1366 2401 1653 2457; x_wconf 65' lang='lat' dir='ltr'><strong>sententia:</strong></span> <span class='ocrx_word' id='word_1_326' title='bbox 1700 2413 1884 2457; x_wconf 84' lang='lat' dir='ltr'><strong>essent</strong></span> 
     </span>
    </p>
   </div>
   <div class='ocr_carea' id='block_1_40' title="bbox 279 2493 1886 2565">
    <p class='ocr_par' dir='ltr' id='par_1_40' title="bbox 279 2493 1886 2565">
     <span class='ocr_line' id='line_1_40' title="bbox 279 2493 1886 2565; baseline 0.001 -16"><span class='ocrx_word' id='word_1_327' title='bbox 279 2494 535 2549; x_wconf 85' lang='lat' dir='ltr'><strong>obnoxia.</strong></span> <span class='ocrx_word' id='word_1_328' title='bbox 571 2494 808 2565; x_wconf 89' lang='lat' dir='ltr'><strong>Denique</strong></span> <span class='ocrx_word' id='word_1_329' title='bbox 838 2496 1041 2564; x_wconf 76' lang='lat' dir='ltr'><strong>peccati</strong></span> <span class='ocrx_word' id='word_1_330' title='bbox 1073 2510 1198 2550; x_wconf 87' lang='lat' dir='ltr'><strong>reus</strong></span> <span class='ocrx_word' id='word_1_331' title='bbox 1227 2494 1398 2549; x_wconf 84' lang='lat' dir='ltr'><strong>Adam</strong></span> <span class='ocrx_word' id='word_1_332' title='bbox 1421 2493 1489 2550; x_wconf 92' lang='lat' dir='ltr'><strong>de</strong></span> <span class='ocrx_word' id='word_1_333' title='bbox 1516 2494 1766 2565; x_wconf 84' lang='lat' dir='ltr'><strong>paradiso</strong></span> <span class='ocrx_word' id='word_1_334' title='bbox 1805 2495 1886 2550; x_wconf 87' lang='lat' dir='ltr'><strong>di-</strong></span> 
     </span>
    </p>
   </div>
   <div class='ocr_carea' id='block_1_41' title="bbox 279 2586 1886 2657">
    <p class='ocr_par' dir='ltr' id='par_1_41' title="bbox 279 2586 1886 2657">
     <span class='ocr_line' id='line_1_41' title="bbox 279 2586 1886 2657; baseline 0.001 -15"><span class='ocrx_word' id='word_1_335' title='bbox 279 2588 478 2642; x_wconf 86' lang='lat' dir='ltr'><strong>missus</strong></span> <span class='ocrx_word' id='word_1_336' title='bbox 508 2595 592 2642; x_wconf 92' lang='lat' dir='ltr'><strong>est</strong></span> <span class='ocrx_word' id='word_1_337' title='bbox 623 2587 914 2656; x_wconf 88' lang='lat' dir='ltr'><strong>voluptatis</strong></span> <span class='ocrx_word' id='word_1_338' title='bbox 938 2627 954 2652; x_wconf 95' lang='lat'><strong>,</strong></span> <span class='ocrx_word' id='word_1_339' title='bbox 987 2596 1045 2640; x_wconf 93' lang='lat' dir='ltr'><strong>ut</strong></span> <span class='ocrx_word' id='word_1_340' title='bbox 1083 2595 1402 2657; x_wconf 85' lang='lat' dir='ltr'><strong>operaretur</strong></span> <span class='ocrx_word' id='word_1_341' title='bbox 1449 2596 1668 2643; x_wconf 89' lang='lat' dir='ltr'><strong>terram.</strong></span> <span class='ocrx_word' id='word_1_342' title='bbox 1716 2586 1886 2644; x_wconf 83' lang='lat' dir='ltr'><strong>Recte</strong></span> 
     </span>
    </p>
   </div>
   <div class='ocr_carea' id='block_1_42' title="bbox 279 2677 1885 2750">
    <p class='ocr_par' dir='ltr' id='par_1_42' title="bbox 279 2677 1885 2750">
     <span class='ocr_line' id='line_1_42' title="bbox 279 2677 1885 2750; baseline -0.001 -15"><span class='ocrx_word' id='word_1_343' title='bbox 279 2696 411 2750; x_wconf 82' lang='lat' dir='ltr'><strong>ergo</strong></span> <span class='ocrx_word' id='word_1_344' title='bbox 434 2678 526 2734; x_wconf 90' lang='lat' dir='ltr'><strong>ubi</strong></span> <span class='ocrx_word' id='word_1_345' title='bbox 559 2688 857 2735; x_wconf 88' lang='lat' dir='ltr'><strong>nascuntur</strong></span> <span class='ocrx_word' id='word_1_346' title='bbox 886 2677 940 2732; x_wconf 87' lang='lat' dir='ltr'><strong>bi</strong></span> <span class='ocrx_word' id='word_1_347' title='bbox 969 2678 1179 2740; x_wconf 82' lang='lat' dir='ltr'><strong>fratres,</strong></span> <span class='ocrx_word' id='word_1_348' title='bbox 1213 2688 1458 2734; x_wconf 83' lang='lat' dir='ltr'><strong>servatur</strong></span> <span class='ocrx_word' id='word_1_349' title='bbox 1478 2679 1643 2734; x_wconf 87' lang='lat' dir='ltr'><strong>etiam</strong></span> <span class='ocrx_word' id='word_1_350' title='bbox 1673 2680 1726 2734; x_wconf 88' lang='lat' dir='ltr'><strong>in</strong></span> <span class='ocrx_word' id='word_1_351' title='bbox 1748 2696 1885 2749; x_wconf 76' lang='lat' dir='ltr'><strong>pra:—</strong></span> 
     </span>
    </p>
   </div>
   <div class='ocr_carea' id='block_1_43' title="bbox 279 2772 1885 2843">
    <p class='ocr_par' dir='ltr' id='par_1_43' title="bbox 279 2772 1885 2843">
     <span class='ocr_line' id='line_1_43' title="bbox 279 2772 1885 2843; baseline -0.001 -13"><span class='ocrx_word' id='word_1_352' title='bbox 279 2773 513 2830; x_wconf 86' lang='lat' dir='ltr'><strong>dicando</strong></span> <span class='ocrx_word' id='word_1_353' title='bbox 536 2774 671 2828; x_wconf 88' lang='lat' dir='ltr'><strong>ordo</strong></span> <span class='ocrx_word' id='word_1_354' title='bbox 704 2783 943 2830; x_wconf 64' lang='lat' dir='ltr'><strong>naturas:</strong></span> <span class='ocrx_word' id='word_1_355' title='bbox 977 2773 1066 2827; x_wconf 87' lang='lat' dir='ltr'><strong>ubi</strong></span> <span class='ocrx_word' id='word_1_356' title='bbox 1097 2788 1225 2827; x_wconf 81' lang='lat' dir='ltr'><strong>vero</strong></span> <span class='ocrx_word' id='word_1_357' title='bbox 1250 2772 1571 2843; x_wconf 83' lang='lat' dir='ltr'><strong>exprimitur</strong></span> <span class='ocrx_word' id='word_1_358' title='bbox 1598 2774 1885 2841; x_wconf 86' lang='lat' dir='ltr'><strong>disciplina</strong></span> 
     </span>
    </p>
   </div>
   <div class='ocr_carea' id='block_1_44' title="bbox 280 2865 1886 2939">
    <p class='ocr_par' dir='ltr' id='par_1_44' title="bbox 280 2865 1886 2939">
     <span class='ocr_line' id='line_1_44' title="bbox 280 2865 1886 2939; baseline 0.002 -18"><span class='ocrx_word' id='word_1_359' title='bbox 280 2867 521 2933; x_wconf 74' lang='lat' dir='ltr'><strong>vivendi,</strong></span> <span class='ocrx_word' id='word_1_360' title='bbox 548 2868 748 2923; x_wconf 88' lang='lat' dir='ltr'><strong>seniori</strong></span> <span class='ocrx_word' id='word_1_361' title='bbox 773 2867 959 2936; x_wconf 88' lang='lat' dir='ltr'><strong>junior</strong></span> <span class='ocrx_word' id='word_1_362' title='bbox 984 2865 1320 2931; x_wconf 80' lang='lat' dir='ltr'><strong>antefertur;</strong></span> <span class='ocrx_word' id='word_1_363' title='bbox 1359 2867 1481 2937; x_wconf 89' lang='lat' dir='ltr'><strong>quia</strong></span> <span class='ocrx_word' id='word_1_364' title='bbox 1509 2869 1611 2923; x_wconf 89' lang='lat' dir='ltr'><strong>etsi</strong></span> <span class='ocrx_word' id='word_1_365' title='bbox 1642 2879 1886 2939; x_wconf 86' lang='lat' dir='ltr'><strong>tempore</strong></span> 
     </span>
    </p>
   </div>
   <div class='ocr_carea' id='block_1_45' title="bbox 276 2958 1887 3031">
    <p class='ocr_par' dir='ltr' id='par_1_45' title="bbox 276 2958 1887 3031">
     <span class='ocr_line' id='line_1_45' title="bbox 276 2958 1887 3031; baseline 0.002 -19"><span class='ocrx_word' id='word_1_366' title='bbox 276 2960 481 3031; x_wconf 90' lang='lat' dir='ltr'><strong>junior,</strong></span> <span class='ocrx_word' id='word_1_367' title='bbox 514 2960 709 3015; x_wconf 84' lang='lat' dir='ltr'><strong>virtute</strong></span> <span class='ocrx_word' id='word_1_368' title='bbox 738 2959 1089 3031; x_wconf 63' lang='lat' dir='ltr'><strong>praestantior</strong></span> <span class='ocrx_word' id='word_1_369' title='bbox 1116 2969 1216 3013; x_wconf 89' lang='lat' dir='ltr'><strong>est.</strong></span> <span class='ocrx_word' id='word_1_370' title='bbox 1247 2958 1557 3014; x_wconf 90' lang='lat' dir='ltr'><strong>lnuocentia</strong></span> <span class='ocrx_word' id='word_1_371' title='bbox 1578 2963 1719 3015; x_wconf 87' lang='lat' dir='ltr'><strong>enim</strong></span> <span class='ocrx_word' id='word_1_372' title='bbox 1754 2973 1887 3016; x_wconf 80' lang='lat' dir='ltr'><strong>tem-</strong></span> 
     </span>
    </p>
   </div>
   <div class='ocr_carea' id='block_1_46' title="bbox 282 3052 1887 3127">
    <p class='ocr_par' dir='ltr' id='par_1_46' title="bbox 282 3052 1887 3127">
     <span class='ocr_line' id='line_1_46' title="bbox 282 3052 1887 3127; baseline 0.004 -23"><span class='ocrx_word' id='word_1_373' title='bbox 282 3070 417 3127; x_wconf 84' lang='lat' dir='ltr'><strong>pore</strong></span> <span class='ocrx_word' id='word_1_374' title='bbox 446 3054 719 3125; x_wconf 85' lang='lat' dir='ltr'><strong>posterior</strong></span> <span class='ocrx_word' id='word_1_375' title='bbox 748 3061 833 3109; x_wconf 90' lang='lat' dir='ltr'><strong>est</strong></span> <span class='ocrx_word' id='word_1_376' title='bbox 856 3095 872 3121; x_wconf 90' lang='lat'><strong>,</strong></span> <span class='ocrx_word' id='word_1_377' title='bbox 897 3069 1058 3124; x_wconf 89' lang='lat' dir='ltr'><strong>quam</strong></span> <span class='ocrx_word' id='word_1_378' title='bbox 1089 3052 1319 3120; x_wconf 83' lang='lat' dir='ltr'><strong>malitia,</strong></span> <span class='ocrx_word' id='word_1_379' title='bbox 1351 3063 1404 3107; x_wconf 91' lang='lat' dir='ltr'><strong>et</strong></span> <span class='ocrx_word' id='word_1_380' title='bbox 1429 3054 1658 3123; x_wconf 81' lang='lat' dir='ltr'><strong>quadam</strong></span> <span class='ocrx_word' id='word_1_381' title='bbox 1688 3069 1887 3125; x_wconf 88' lang='lat' dir='ltr'><strong>suppar</strong></span> 
     </span>
    </p>
   </div>
   <div class='ocr_carea' id='block_1_47' title="bbox 282 3146 1887 3215">
    <p class='ocr_par' dir='ltr' id='par_1_47' title="bbox 282 3146 1887 3215">
     <span class='ocr_line' id='line_1_47' title="bbox 282 3146 1887 3215; baseline 0.001 -14"><span class='ocrx_word' id='word_1_382' title='bbox 282 3155 466 3214; x_wconf 82' lang='lat' dir='ltr'><strong>a-tate,</strong></span> <span class='ocrx_word' id='word_1_383' title='bbox 506 3146 601 3201; x_wconf 88' lang='lat' dir='ltr'><strong>sed</strong></span> <span class='ocrx_word' id='word_1_384' title='bbox 635 3146 954 3201; x_wconf 89' lang='lat' dir='ltr'><strong>meritorum</strong></span> <span class='ocrx_word' id='word_1_385' title='bbox 980 3146 1267 3201; x_wconf 86' lang='lat' dir='ltr'><strong>nobilitate</strong></span> <span class='ocrx_word' id='word_1_386' title='bbox 1297 3147 1589 3215; x_wconf 89' lang='lat' dir='ltr'><strong>antiquior.</strong></span> <span class='ocrx_word' id='word_1_387' title='bbox 1641 3148 1887 3203; x_wconf 77' lang='lat' dir='ltr'><strong>Senectus</strong></span> 
     </span>
    </p>
   </div>
   <div class='ocr_carea' id='block_1_48' title="bbox 1990 1928 3598 2003">
    <p class='ocr_par' dir='ltr' id='par_1_48' title="bbox 1990 1928 3598 2003">
     <span class='ocr_line' id='line_1_48' title="bbox 1990 1928 3598 2003; baseline 0.004 -20"><span class='ocrx_word' id='word_1_388' title='bbox 1990 1928 2387 1986; x_wconf 87' lang='lat' dir='ltr'><strong>dormientibus</strong></span> <span class='ocrx_word' id='word_1_389' title='bbox 2412 1972 2427 1996; x_wconf 93' lang='lat'><strong>,</strong></span> <span class='ocrx_word' id='word_1_390' title='bbox 2458 1947 2631 2002; x_wconf 89' lang='lat' dir='ltr'><strong>neque</strong></span> <span class='ocrx_word' id='word_1_391' title='bbox 2658 1931 2950 1989; x_wconf 89' lang='lat' dir='ltr'><strong>otiantibus</strong></span> <span class='ocrx_word' id='word_1_392' title='bbox 2976 1974 2991 1998; x_wconf 91' lang='lat'><strong>,</strong></span> <span class='ocrx_word' id='word_1_393' title='bbox 3038 1932 3133 1988; x_wconf 88' lang='lat' dir='ltr'><strong>sed</strong></span> <span class='ocrx_word' id='word_1_394' title='bbox 3168 1931 3515 2003; x_wconf 82' lang='lat' dir='ltr'><strong>vigilantibus</strong></span> <span class='ocrx_word' id='word_1_395' title='bbox 3541 1940 3598 1989; x_wconf 89' lang='lat' dir='ltr'><strong>et</strong></span> 
     </span>
    </p>
   </div>
   <div class='ocr_carea' id='block_1_49' title="bbox 1990 2021 3597 2095">
    <p class='ocr_par' dir='ltr' id='par_1_49' title="bbox 1990 2021 3597 2095">
     <span class='ocr_line' id='line_1_49' title="bbox 1990 2021 3597 2095; baseline 0.004 -19"><span class='ocrx_word' id='word_1_396' title='bbox 1990 2021 2364 2078; x_wconf 86' lang='lat' dir='ltr'><strong>laborantibus</strong></span> <span class='ocrx_word' id='word_1_397' title='bbox 2392 2024 2715 2094; x_wconf 89' lang='lat' dir='ltr'><strong>pollicentur</strong></span> <span class='ocrx_word' id='word_1_398' title='bbox 2755 2025 2973 2095; x_wconf 75' lang='lat' dir='ltr'><strong>prtemia</strong></span> <span class='ocrx_word' id='word_1_399' title='bbox 3016 2041 3031 2081; x_wconf 90' lang='lat'><strong>:</strong></span> <span class='ocrx_word' id='word_1_400' title='bbox 3087 2034 3141 2081; x_wconf 91' lang='lat' dir='ltr'><strong>et</strong></span> <span class='ocrx_word' id='word_1_401' title='bbox 3182 2025 3353 2080; x_wconf 86' lang='lat' dir='ltr'><strong>labori</strong></span> <span class='ocrx_word' id='word_1_402' title='bbox 3385 2040 3597 2082; x_wconf 89' lang='lat' dir='ltr'><strong>merces</strong></span> 
     </span>
    </p>
   </div>
   <div class='ocr_carea' id='block_1_50' title="bbox 1989 2117 3593 2193">
    <p class='ocr_par' dir='ltr' id='par_1_50' title="bbox 1989 2117 3593 2193">
     <span class='ocr_line' id='line_1_50' title="bbox 1989 2117 3593 2193; baseline 0.007 -25"><span class='ocrx_word' id='word_1_403' title='bbox 1989 2126 2171 2186; x_wconf 88' lang='lat' dir='ltr'><strong>parata</strong></span> <span class='ocrx_word' id='word_1_404' title='bbox 2202 2128 2307 2186; x_wconf 90' lang='lat' dir='ltr'><strong>est,</strong></span> <span class='ocrx_word' id='word_1_405' title='bbox 2331 2118 2425 2190; x_wconf 87' lang='lat' dir='ltr'><strong>qui</strong></span> <span class='ocrx_word' id='word_1_406' title='bbox 2453 2117 2580 2175; x_wconf 91' lang='lat' dir='ltr'><strong>licet</strong></span> <span class='ocrx_word' id='word_1_407' title='bbox 2605 2136 2710 2175; x_wconf 91' lang='lat' dir='ltr'><strong>non</strong></span> <span class='ocrx_word' id='word_1_408' title='bbox 2740 2120 2811 2176; x_wconf 90' lang='lat' dir='ltr'><strong>sit</strong></span> <span class='ocrx_word' id='word_1_409' title='bbox 2839 2121 3020 2176; x_wconf 88' lang='lat' dir='ltr'><strong>suavis</strong></span> <span class='ocrx_word' id='word_1_410' title='bbox 3042 2120 3106 2176; x_wconf 85' lang='lat' dir='ltr'><strong>ad</strong></span> <span class='ocrx_word' id='word_1_411' title='bbox 3132 2123 3383 2193; x_wconf 84' lang='lat' dir='ltr'><strong>gratiam,</strong></span> <span class='ocrx_word' id='word_1_412' title='bbox 3413 2131 3593 2179; x_wconf 90' lang='lat' dir='ltr'><strong>tamen</strong></span> 
     </span>
    </p>
   </div>
   <div class='ocr_carea' id='block_1_51' title="bbox 1989 2211 2845 2286">
    <p class='ocr_par' dir='ltr' id='par_1_51' title="bbox 1989 2211 2845 2286">
     <span class='ocr_line' id='line_1_51' title="bbox 1989 2211 2845 2286; baseline 0.002 -18"><span class='ocrx_word' id='word_1_413' title='bbox 1989 2211 2299 2270; x_wconf 88' lang='lat' dir='ltr'><strong>fructuosus</strong></span> <span class='ocrx_word' id='word_1_414' title='bbox 2329 2214 2396 2270; x_wconf 89' lang='lat' dir='ltr'><strong>ad</strong></span> <span class='ocrx_word' id='word_1_415' title='bbox 2427 2216 2706 2286; x_wconf 68' lang='lat' dir='ltr'><strong>praemium</strong></span> <span class='ocrx_word' id='word_1_416' title='bbox 2743 2224 2845 2272; x_wconf 89' lang='lat' dir='ltr'><strong>est.</strong></span> 
     </span>
    </p>
   </div>
   <div class='ocr_carea' id='block_1_52' title="bbox 2064 2306 3597 2381">
    <p class='ocr_par' dir='ltr' id='par_1_52' title="bbox 2064 2306 3597 2381">
     <span class='ocr_line' id='line_1_52' title="bbox 2064 2306 3597 2381; baseline 0.003 -21"><span class='ocrx_word' id='word_1_417' title='bbox 2064 2306 2149 2361; x_wconf 80' lang='grc'><strong>15.</strong></span> <span class='ocrx_word' id='word_1_418' title='bbox 2183 2308 2350 2363; x_wconf 90' lang='lat' dir='ltr'><strong>Docet</strong></span> <span class='ocrx_word' id='word_1_419' title='bbox 2375 2306 2480 2363; x_wconf 88' lang='lat' dir='ltr'><strong>hoc</strong></span> <span class='ocrx_word' id='word_1_420' title='bbox 2504 2324 2684 2364; x_wconf 84' lang='lat' dir='ltr'><strong>sermo</strong></span> <span class='ocrx_word' id='word_1_421' title='bbox 2716 2309 2851 2381; x_wconf 81' lang='lat' dir='ltr'><strong>legis</strong></span> <span class='ocrx_word' id='word_1_422' title='bbox 2871 2352 2886 2377; x_wconf 90' lang='lat'><strong>,</strong></span> <span class='ocrx_word' id='word_1_423' title='bbox 2932 2310 3072 2366; x_wconf 90' lang='lat' dir='ltr'><strong>sicut</strong></span> <span class='ocrx_word' id='word_1_424' title='bbox 3096 2308 3356 2381; x_wconf 91' lang='lat' dir='ltr'><strong>scriptum</strong></span> <span class='ocrx_word' id='word_1_425' title='bbox 3388 2309 3597 2365; x_wconf 85' lang='lat' dir='ltr'><strong>inveni-</strong></span> 
     </span>
    </p>
   </div>
   <div class='ocr_carea' id='block_1_53' title="bbox 1988 2400 3596 2472">
    <p class='ocr_par' dir='ltr' id='par_1_53' title="bbox 1988 2400 3596 2472">
     <span class='ocr_line' id='line_1_53' title="bbox 1988 2400 3596 2472; baseline 0.002 -19"><span class='ocrx_word' id='word_1_426' title='bbox 1988 2415 2106 2454; x_wconf 90' lang='lat' dir='ltr'><strong>mus</strong></span> <span class='ocrx_word' id='word_1_427' title='bbox 2132 2418 2144 2454; x_wconf 90' lang='lat'><strong>:</strong></span> <span class='ocrx_word' id='word_1_428' title='bbox 2177 2400 2239 2456; x_wconf 86' lang='lat' dir='ltr'><strong>Si</strong></span> <span class='ocrx_word' id='word_1_429' title='bbox 2270 2402 2484 2472; x_wconf 78' lang='lat' dir='ltr'><strong>fuerint,</strong></span> <span class='ocrx_word' id='word_1_430' title='bbox 2516 2402 2712 2472; x_wconf 87' lang='lat' dir='ltr'><strong>inquit,</strong></span> <span class='ocrx_word' id='word_1_431' title='bbox 2739 2403 2830 2456; x_wconf 89' lang='lat' dir='ltr'><strong>uni</strong></span> <span class='ocrx_word' id='word_1_432' title='bbox 2858 2401 3055 2456; x_wconf 78' lang='lat' dir='ltr'><strong>homini</strong></span> <span class='ocrx_word' id='word_1_433' title='bbox 3078 2402 3197 2458; x_wconf 78' lang='lat' dir='ltr'><strong>dare</strong></span> <span class='ocrx_word' id='word_1_434' title='bbox 3224 2418 3412 2457; x_wconf 78' lang='lat' dir='ltr'><strong>uxores</strong></span> <span class='ocrx_word' id='word_1_435' title='bbox 3436 2445 3452 2471; x_wconf 91' lang='lat'><strong>,</strong></span> <span class='ocrx_word' id='word_1_436' title='bbox 3488 2418 3596 2457; x_wconf 82' lang='lat' dir='ltr'><strong>una</strong></span> 
     </span>
    </p>
   </div>
   <div class='ocr_carea' id='block_1_54' title="bbox 1987 2492 3598 2565">
    <p class='ocr_par' dir='ltr' id='par_1_54' title="bbox 1987 2492 3598 2565">
     <span class='ocr_line' id='line_1_54' title="bbox 1987 2492 3598 2565; baseline -0.001 -18"><span class='ocrx_word' id='word_1_437' title='bbox 1987 2509 2163 2547; x_wconf 86' lang='lat' dir='ltr'><strong>earum</strong></span> <span class='ocrx_word' id='word_1_438' title='bbox 2189 2493 2396 2559; x_wconf 87' lang='lat' dir='ltr'><strong>dilecta,</strong></span> <span class='ocrx_word' id='word_1_439' title='bbox 2427 2502 2477 2548; x_wconf 82' lang='lat' dir='ltr'><strong>et</strong></span> <span class='ocrx_word' id='word_1_440' title='bbox 2506 2494 2667 2549; x_wconf 88' lang='lat' dir='ltr'><strong>altera</strong></span> <span class='ocrx_word' id='word_1_441' title='bbox 2696 2494 2903 2549; x_wconf 86' lang='lat' dir='ltr'><strong>adibitis</strong></span> <span class='ocrx_word' id='word_1_442' title='bbox 2929 2536 2944 2561; x_wconf 91' lang='lat'><strong>,</strong></span> <span class='ocrx_word' id='word_1_443' title='bbox 2975 2506 3025 2548; x_wconf 82' lang='lat' dir='ltr'><strong>et</strong></span> <span class='ocrx_word' id='word_1_444' title='bbox 3049 2496 3338 2565; x_wconf 88' lang='lat' dir='ltr'><strong>pepererint</strong></span> <span class='ocrx_word' id='word_1_445' title='bbox 3367 2494 3412 2548; x_wconf 87' lang='lat' dir='ltr'><strong>ei</strong></span> <span class='ocrx_word' id='word_1_446' title='bbox 3435 2492 3598 2549; x_wconf 71' lang='lat' dir='ltr'><strong>ambae</strong></span> 
     </span>
    </p>
   </div>
   <div class='ocr_carea' id='block_1_55' title="bbox 1986 2584 3599 2658">
    <p class='ocr_par' dir='ltr' id='par_1_55' title="bbox 1986 2584 3599 2658">
     <span class='ocr_line' id='line_1_55' title="bbox 1986 2584 3599 2658; baseline 0.001 -19"><span class='ocrx_word' id='word_1_447' title='bbox 1986 2584 2124 2654; x_wconf 80' lang='lat' dir='ltr'><strong>ﬁlios</strong></span> <span class='ocrx_word' id='word_1_448' title='bbox 2153 2584 2342 2640; x_wconf 85' lang='lat' dir='ltr'><strong>dilecta</strong></span> <span class='ocrx_word' id='word_1_449' title='bbox 2366 2596 2414 2641; x_wconf 89' lang='lat' dir='ltr'><strong>et</strong></span> <span class='ocrx_word' id='word_1_450' title='bbox 2430 2586 2657 2652; x_wconf 87' lang='lat' dir='ltr'><strong>odibilis,</strong></span> <span class='ocrx_word' id='word_1_451' title='bbox 2690 2595 2738 2642; x_wconf 88' lang='lat' dir='ltr'><strong>et</strong></span> <span class='ocrx_word' id='word_1_452' title='bbox 2757 2586 3047 2657; x_wconf 85' lang='lat' dir='ltr'><strong>primitivus</strong></span> <span class='ocrx_word' id='word_1_453' title='bbox 3069 2588 3222 2658; x_wconf 80' lang='lat' dir='ltr'><strong>fuerit</strong></span> <span class='ocrx_word' id='word_1_454' title='bbox 3249 2588 3391 2657; x_wconf 80' lang='lat' dir='ltr'><strong>ﬁlius</strong></span> <span class='ocrx_word' id='word_1_455' title='bbox 3414 2586 3599 2641; x_wconf 86' lang='lat' dir='ltr'><strong>mulie-</strong></span> 
     </span>
    </p>
   </div>
   <div class='ocr_carea' id='block_1_56' title="bbox 1987 2678 3601 2754">
    <p class='ocr_par' dir='ltr' id='par_1_56' title="bbox 1987 2678 3601 2754">
     <span class='ocr_line' id='line_1_56' title="bbox 1987 2678 3601 2754; baseline 0.002 -22"><span class='ocrx_word' id='word_1_456' title='bbox 1987 2680 2061 2733; x_wconf 87' lang='lat' dir='ltr'><strong>ris</strong></span> <span class='ocrx_word' id='word_1_457' title='bbox 2091 2678 2333 2746; x_wconf 85' lang='lat' dir='ltr'><strong>odibilis;</strong></span> <span class='ocrx_word' id='word_1_458' title='bbox 2364 2697 2468 2750; x_wconf 87' lang='lat' dir='ltr'><strong>qua</strong></span> <span class='ocrx_word' id='word_1_459' title='bbox 2494 2680 2577 2735; x_wconf 88' lang='lat' dir='ltr'><strong>die</strong></span> <span class='ocrx_word' id='word_1_460' title='bbox 2597 2681 2825 2736; x_wconf 78' lang='lat' dir='ltr'><strong>htcredes</strong></span> <span class='ocrx_word' id='word_1_461' title='bbox 2847 2682 3107 2754; x_wconf 78' lang='lat' dir='ltr'><strong>reliquerit</strong></span> <span class='ocrx_word' id='word_1_462' title='bbox 3130 2682 3267 2751; x_wconf 79' lang='lat' dir='ltr'><strong>ﬁlios</strong></span> <span class='ocrx_word' id='word_1_463' title='bbox 3286 2683 3343 2736; x_wconf 91' lang='lat' dir='ltr'><strong>in</strong></span> <span class='ocrx_word' id='word_1_464' title='bbox 3360 2682 3601 2737; x_wconf 88' lang='lat' dir='ltr'><strong>substan-</strong></span> 
     </span>
    </p>
   </div>
   <div class='ocr_carea' id='block_1_57' title="bbox 1989 2773 3623 2847">
    <p class='ocr_par' dir='ltr' id='par_1_57' title="bbox 1989 2773 3623 2847">
     <span class='ocr_line' id='line_1_57' title="bbox 1989 2773 3623 2847; baseline 0.003 -22"><span class='ocrx_word' id='word_1_465' title='bbox 1989 2773 2062 2826; x_wconf 85' lang='lat' dir='ltr'><strong>tia</strong></span> <span class='ocrx_word' id='word_1_466' title='bbox 2090 2790 2204 2838; x_wconf 90' lang='lat' dir='ltr'><strong>sua,</strong></span> <span class='ocrx_word' id='word_1_467' title='bbox 2236 2790 2337 2828; x_wconf 91' lang='lat' dir='ltr'><strong>non</strong></span> <span class='ocrx_word' id='word_1_468' title='bbox 2358 2775 2546 2844; x_wconf 88' lang='lat' dir='ltr'><strong>poterit</strong></span> <span class='ocrx_word' id='word_1_469' title='bbox 2574 2776 2852 2847; x_wconf 84' lang='lat' dir='ltr'><strong>primatum</strong></span> <span class='ocrx_word' id='word_1_470' title='bbox 2878 2776 3003 2829; x_wconf 88' lang='lat' dir='ltr'><strong>dare</strong></span> <span class='ocrx_word' id='word_1_471' title='bbox 3030 2776 3144 2845; x_wconf 81' lang='lat' dir='ltr'><strong>ﬁlio</strong></span> <span class='ocrx_word' id='word_1_472' title='bbox 3185 2775 3416 2830; x_wconf 77' lang='lat' dir='ltr'><strong>mulieris</strong></span> <span class='ocrx_word' id='word_1_473' title='bbox 3467 2775 3623 2830; x_wconf 42' lang='lat' dir='ltr'><strong>diter</strong></span> 
     </span>
    </p>
   </div>
   <div class='ocr_carea' id='block_1_58' title="bbox 1989 2865 3597 2938">
    <p class='ocr_par' dir='ltr' id='par_1_58' title="bbox 1989 2865 3597 2938">
     <span class='ocr_line' id='line_1_58' title="bbox 1989 2865 3597 2938; baseline 0.004 -21"><span class='ocrx_word' id='word_1_474' title='bbox 1989 2873 2107 2929; x_wconf 77' lang='lat' dir='ltr'><strong>ctte,</strong></span> <span class='ocrx_word' id='word_1_475' title='bbox 2128 2866 2362 2919; x_wconf 86' lang='lat' dir='ltr'><strong>amittens</strong></span> <span class='ocrx_word' id='word_1_476' title='bbox 2377 2865 2544 2933; x_wconf 82' lang='lat' dir='ltr'><strong>ﬁlium</strong></span> <span class='ocrx_word' id='word_1_477' title='bbox 2570 2866 2967 2938; x_wconf 73' lang='lat' dir='ltr'><strong>odibilis:189</strong></span> <span class='ocrx_word' id='word_1_478' title='bbox 2985 2867 3076 2922; x_wconf 83' lang='lat' dir='ltr'><strong>sed</strong></span> <span class='ocrx_word' id='word_1_479' title='bbox 3101 2868 3415 2937; x_wconf 73' lang='lat' dir='ltr'><strong>primitivum</strong></span> <span class='ocrx_word' id='word_1_480' title='bbox 3430 2869 3597 2938; x_wconf 82' lang='lat' dir='ltr'><strong>ﬁlium</strong></span> 
     </span>
    </p>
   </div>
   <div class='ocr_carea' id='block_1_59' title="bbox 1989 2954 3600 3031">
    <p class='ocr_par' dir='ltr' id='par_1_59' title="bbox 1989 2954 3600 3031">
     <span class='ocr_line' id='line_1_59' title="bbox 1989 2954 3600 3031; baseline 0.004 -22"><span class='ocrx_word' id='word_1_481' title='bbox 1989 2954 2197 3009; x_wconf 80' lang='lat' dir='ltr'><strong>adibitis</strong></span> <span class='ocrx_word' id='word_1_482' title='bbox 2213 2966 2236 2992; x_wconf 70' lang='grc' dir='ltr'><strong><em>η</em></strong></span> <span class='ocrx_word' id='word_1_483' title='bbox 2252 2967 2517 3028; x_wconf 84' lang='lat' dir='ltr'><strong>cognoscet</strong></span> <span class='ocrx_word' id='word_1_484' title='bbox 2534 2957 2660 3012; x_wconf 89' lang='lat' dir='ltr'><strong>dare</strong></span> <span class='ocrx_word' id='word_1_485' title='bbox 2680 2957 2760 3011; x_wconf 89' lang='lat' dir='ltr'><strong>illi</strong></span> <span class='ocrx_word' id='word_1_486' title='bbox 2781 2958 2950 3012; x_wconf 88' lang='lat' dir='ltr'><strong>dotem</strong></span> <span class='ocrx_word' id='word_1_487' title='bbox 2975 2974 3038 3012; x_wconf 81' lang='lat' dir='ltr'><strong>ea:</strong></span> <span class='ocrx_word' id='word_1_488' title='bbox 3057 2958 3291 3014; x_wconf 89' lang='lat' dir='ltr'><strong>omnibus</strong></span> <span class='ocrx_word' id='word_1_489' title='bbox 3319 2976 3434 3031; x_wconf 74' lang='lat' dir='ltr'><strong>qua:</strong></span> <span class='ocrx_word' id='word_1_490' title='bbox 3458 2962 3600 3015; x_wconf 86' lang='lat' dir='ltr'><strong>inve-</strong></span> 
     </span>
    </p>
   </div>
   <div class='ocr_carea' id='block_1_60' title="bbox 1991 3048 3597 3123">
    <p class='ocr_par' dir='ltr' id='par_1_60' title="bbox 1991 3048 3597 3123">
     <span class='ocr_line' id='line_1_60' title="bbox 1991 3048 3597 3123; baseline 0.005 -23"><span class='ocrx_word' id='word_1_491' title='bbox 1991 3048 2207 3101; x_wconf 88' lang='lat' dir='ltr'><strong>niuntur</strong></span> <span class='ocrx_word' id='word_1_492' title='bbox 2237 3049 2283 3102; x_wconf 87' lang='lat' dir='ltr'><strong>ei</strong></span> <span class='ocrx_word' id='word_1_493' title='bbox 2306 3066 2325 3114; x_wconf 86' lang='lat'><strong><em>;</em></strong></span> <span class='ocrx_word' id='word_1_494' title='bbox 2352 3050 2473 3120; x_wconf 87' lang='lat' dir='ltr'><strong>quia</strong></span> <span class='ocrx_word' id='word_1_495' title='bbox 2501 3050 2609 3119; x_wconf 88' lang='lat' dir='ltr'><strong>ipse</strong></span> <span class='ocrx_word' id='word_1_496' title='bbox 2634 3050 2836 3104; x_wconf 87' lang='lat' dir='ltr'><strong>initiunt</strong></span> <span class='ocrx_word' id='word_1_497' title='bbox 2867 3051 3096 3118; x_wconf 81' lang='lat' dir='ltr'><strong>ﬁliorum</strong></span> <span class='ocrx_word' id='word_1_498' title='bbox 3125 3054 3237 3113; x_wconf 85' lang='lat' dir='ltr'><strong>eius</strong></span> <span class='ocrx_word' id='word_1_499' title='bbox 3266 3061 3340 3107; x_wconf 86' lang='lat' dir='ltr'><strong>est</strong></span> <span class='ocrx_word' id='word_1_500' title='bbox 3364 3093 3379 3117; x_wconf 93' lang='lat'><strong>,</strong></span> <span class='ocrx_word' id='word_1_501' title='bbox 3422 3064 3466 3107; x_wconf 81' lang='lat' dir='ltr'><strong>et</strong></span> <span class='ocrx_word' id='word_1_502' title='bbox 3495 3053 3597 3123; x_wconf 82' lang='lat' dir='ltr'><strong>ipsi</strong></span> 
     </span>
    </p>
   </div>
   <div class='ocr_carea' id='block_1_61' title="bbox 1992 3142 3602 3217">
    <p class='ocr_par' dir='ltr' id='par_1_61' title="bbox 1992 3142 3602 3217">
     <span class='ocr_line' id='line_1_61' title="bbox 1992 3142 3602 3217; baseline 0.003 -21"><span class='ocrx_word' id='word_1_503' title='bbox 1992 3142 2246 3197; x_wconf 86' lang='lat' dir='ltr'><strong>debentur</strong></span> <span class='ocrx_word' id='word_1_504' title='bbox 2269 3144 2514 3213; x_wconf 71' lang='lat' dir='ltr'><strong>primitia:</strong></span> <span class='ocrx_word' id='word_1_505' title='bbox 2548 3142 2727 3213; x_wconf 86' lang='lat' dir='ltr'><strong>(Deut.</strong></span> <span class='ocrx_word' id='word_1_506' title='bbox 2753 3160 2871 3209; x_wconf 73' lang='grc' dir='ltr'><strong>χχι,</strong></span> <span class='ocrx_word' id='word_1_507' title='bbox 2906 3145 2975 3200; x_wconf 81' lang='lat' dir='ltr'><strong>l5</strong></span> <span class='ocrx_word' id='word_1_508' title='bbox 3003 3153 3050 3199; x_wconf 87' lang='lat' dir='ltr'><strong>et</strong></span> <span class='ocrx_word' id='word_1_509' title='bbox 3079 3161 3185 3216; x_wconf 84' lang='lat' dir='ltr'><strong>seq.</strong></span> <span class='ocrx_word' id='word_1_510' title='bbox 3210 3145 3250 3216; x_wconf 92' lang='lat'><strong>).</strong></span> <span class='ocrx_word' id='word_1_511' title='bbox 3272 3146 3442 3212; x_wconf 87' lang='lat' dir='ltr'><strong>Quam</strong></span> <span class='ocrx_word' id='word_1_512' title='bbox 3472 3162 3602 3217; x_wconf 88' lang='lat' dir='ltr'><strong>pro-</strong></span> 
     </span>
    </p>
   </div>
   <div class='ocr_carea' id='block_1_62' title="bbox 198 3232 3600 3319">
    <p class='ocr_par' dir='ltr' id='par_1_62' title="bbox 198 3232 3600 3319">
     <span class='ocr_line' id='line_1_62' title="bbox 198 3232 3600 3319; baseline 0 -22"><span class='ocrx_word' id='word_1_513' title='bbox 198 3266 204 3272; x_wconf 87' lang='grc'>·</span> <span class='ocrx_word' id='word_1_514' title='bbox 283 3244 417 3298; x_wconf 88' lang='lat' dir='ltr'><strong>enim</strong></span> <span class='ocrx_word' id='word_1_515' title='bbox 439 3240 743 3297; x_wconf 83' lang='lat' dir='ltr'><strong>venerabilis</strong></span> <span class='ocrx_word' id='word_1_516' title='bbox 765 3251 859 3307; x_wconf 84' lang='lat' dir='ltr'><strong>est,</strong></span> <span class='ocrx_word' id='word_1_517' title='bbox 890 3258 991 3296; x_wconf 89' lang='lat' dir='ltr'><strong>non</strong></span> <span class='ocrx_word' id='word_1_518' title='bbox 1007 3242 1159 3295; x_wconf 87' lang='lat' dir='ltr'><strong>annis</strong></span> <span class='ocrx_word' id='word_1_519' title='bbox 1184 3242 1393 3307; x_wconf 83' lang='lat' dir='ltr'><strong>incana,</strong></span> <span class='ocrx_word' id='word_1_520' title='bbox 1429 3242 1518 3295; x_wconf 91' lang='lat' dir='ltr'><strong>sed</strong></span> <span class='ocrx_word' id='word_1_521' title='bbox 1544 3241 1788 3297; x_wconf 86' lang='lat' dir='ltr'><strong>moribus.</strong></span> <span class='ocrx_word' id='word_1_522' title='bbox 1824 3242 1889 3297; x_wconf 82' lang='lat' dir='ltr'><strong>Et</strong></span> <span class='ocrx_word' id='word_1_523' title='bbox 1915 3254 1959 3319; x_wconf 68' lang='grc' dir='ltr'>ο</span> <span class='ocrx_word' id='word_1_524' title='bbox 1993 3232 2155 3289; x_wconf 59' lang='lat' dir='ltr'><strong>illud“</strong></span> <span class='ocrx_word' id='word_1_525' title='bbox 2185 3236 2359 3291; x_wconf 69' lang='lat' dir='ltr'><strong>latent</strong></span> <span class='ocrx_word' id='word_1_526' title='bbox 2388 3240 2768 3307; x_wconf 71' lang='lat' dir='ltr'><strong>mysteriorum</strong></span> <span class='ocrx_word' id='word_1_527' title='bbox 2798 3248 3008 3293; x_wconf 76' lang='lat' dir='ltr'><strong>secreta</strong></span> <span class='ocrx_word' id='word_1_528' title='bbox 3038 3239 3088 3292; x_wconf 86' lang='lat' dir='ltr'><strong>in</strong></span> <span class='ocrx_word' id='word_1_529' title='bbox 3126 3238 3325 3295; x_wconf 83' lang='lat' dir='ltr'><strong>litteris</strong></span> <span class='ocrx_word' id='word_1_530' title='bbox 3353 3242 3381 3301; x_wconf 74' lang='grc'><strong>2,</strong></span> <span class='ocrx_word' id='word_1_531' title='bbox 3424 3241 3600 3296; x_wconf 86' lang='lat' dir='ltr'><strong>Reco-</strong></span> 
     </span>
    </p>
   </div>
   <div class='ocr_carea' id='block_1_63' title="bbox 282 3334 1883 3407">
    <p class='ocr_par' dir='ltr' id='par_1_63' title="bbox 282 3334 1883 3407">
     <span class='ocr_line' id='line_1_63' title="bbox 282 3334 1883 3407; baseline -0.001 -17"><span class='ocrx_word' id='word_1_532' title='bbox 282 3348 429 3403; x_wconf 54' lang='lat' dir='ltr'><strong>a’tas,</strong></span> <span class='ocrx_word' id='word_1_533' title='bbox 456 3336 652 3406; x_wconf 84' lang='lat' dir='ltr'><strong>inquit,</strong></span> <span class='ocrx_word' id='word_1_534' title='bbox 692 3335 968 3390; x_wconf 84' lang='lat' dir='ltr'><strong>senectutis</strong></span> <span class='ocrx_word' id='word_1_535' title='bbox 1005 3335 1107 3388; x_wconf 84' lang='lat' dir='ltr'><strong>vita</strong></span> <span class='ocrx_word' id='word_1_536' title='bbox 1138 3334 1471 3388; x_wconf 85' lang='lat' dir='ltr'><strong>immaculata</strong></span> <span class='ocrx_word' id='word_1_537' title='bbox 1502 3334 1656 3405; x_wconf 86' lang='lat' dir='ltr'><strong>(Sap.</strong></span> <span class='ocrx_word' id='word_1_538' title='bbox 1687 3351 1757 3399; x_wconf 88' lang='lat' dir='ltr'><strong>tv,</strong></span> <span class='ocrx_word' id='word_1_539' title='bbox 1791 3335 1883 3407; x_wconf 85' lang='lat'><strong>8).</strong></span> 
     </span>
    </p>
   </div>
   <div class='ocr_carea' id='block_1_64' title="bbox 281 3428 1888 3501">
    <p class='ocr_par' dir='ltr' id='par_1_64' title="bbox 281 3428 1888 3501">
     <span class='ocr_line' id='line_1_64' title="bbox 281 3428 1888 3501; baseline 0 -15"><span class='ocrx_word' id='word_1_540' title='bbox 281 3429 383 3486; x_wconf 84' lang='lat' dir='ltr'><strong>Ubi</strong></span> <span class='ocrx_word' id='word_1_541' title='bbox 419 3445 551 3501; x_wconf 87' lang='lat' dir='ltr'><strong>ergo</strong></span> <span class='ocrx_word' id='word_1_542' title='bbox 580 3430 857 3501; x_wconf 83' lang='lat' dir='ltr'><strong>generatio</strong></span> <span class='ocrx_word' id='word_1_543' title='bbox 884 3428 1224 3497; x_wconf 87' lang='lat' dir='ltr'><strong>exprimitur,</strong></span> <span class='ocrx_word' id='word_1_544' title='bbox 1260 3430 1560 3497; x_wconf 66' lang='lat' dir='ltr'><strong>prieveuiat</strong></span> <span class='ocrx_word' id='word_1_545' title='bbox 1588 3429 1720 3485; x_wconf 88' lang='lat' dir='ltr'><strong>Cain</strong></span> <span class='ocrx_word' id='word_1_546' title='bbox 1755 3447 1767 3481; x_wconf 89' lang='lat'><strong>:</strong></span> <span class='ocrx_word' id='word_1_547' title='bbox 1800 3431 1888 3486; x_wconf 90' lang='lat' dir='ltr'><strong>ubi</strong></span> 
     </span>
    </p>
   </div>
   <div class='ocr_carea' id='block_1_65' title="bbox 282 3522 1890 3595">
    <p class='ocr_par' dir='ltr' id='par_1_65' title="bbox 282 3522 1890 3595">
     <span class='ocr_line' id='line_1_65' title="bbox 282 3522 1890 3595; baseline 0.002 -18"><span class='ocrx_word' id='word_1_548' title='bbox 282 3522 691 3593; x_wconf 87' lang='lat' dir='ltr'><strong>disciplinarum</strong></span> <span class='ocrx_word' id='word_1_549' title='bbox 722 3523 780 3577; x_wconf 85' lang='lat' dir='ltr'><strong>iit</strong></span> <span class='ocrx_word' id='word_1_550' title='bbox 801 3523 1135 3595; x_wconf 74' lang='lat' dir='ltr'><strong>prtedicatio,</strong></span> <span class='ocrx_word' id='word_1_551' title='bbox 1163 3530 1459 3591; x_wconf 69' lang='lat' dir='ltr'><strong>prtecurrat</strong></span> <span class='ocrx_word' id='word_1_552' title='bbox 1480 3522 1637 3580; x_wconf 85' lang='lat' dir='ltr'><strong>Abel.</strong></span> <span class='ocrx_word' id='word_1_553' title='bbox 1662 3523 1890 3580; x_wconf 84' lang='lat' dir='ltr'><strong>Adoles-</strong></span> 
     </span>
    </p>
   </div>
   <div class='ocr_carea' id='block_1_66' title="bbox 282 3615 1889 3687">
    <p class='ocr_par' dir='ltr' id='par_1_66' title="bbox 282 3615 1889 3687">
     <span class='ocr_line' id='line_1_66' title="bbox 282 3615 1889 3687; baseline 0.001 -17"><span class='ocrx_word' id='word_1_554' title='bbox 282 3617 516 3671; x_wconf 89' lang='lat' dir='ltr'><strong>centiam</strong></span> <span class='ocrx_word' id='word_1_555' title='bbox 550 3617 712 3687; x_wconf 85' lang='lat' dir='ltr'><strong>igitur</strong></span> <span class='ocrx_word' id='word_1_556' title='bbox 735 3657 748 3681; x_wconf 93' lang='lat'><strong>,</strong></span> <span class='ocrx_word' id='word_1_557' title='bbox 781 3627 835 3671; x_wconf 92' lang='lat' dir='ltr'><strong>et</strong></span> <span class='ocrx_word' id='word_1_558' title='bbox 863 3618 1029 3686; x_wconf 89' lang='lat' dir='ltr'><strong>ipsam</strong></span> <span class='ocrx_word' id='word_1_559' title='bbox 1060 3616 1111 3670; x_wconf 92' lang='lat' dir='ltr'><strong>in</strong></span> <span class='ocrx_word' id='word_1_560' title='bbox 1138 3615 1376 3671; x_wconf 82' lang='lat' dir='ltr'><strong>exordiis</strong></span> <span class='ocrx_word' id='word_1_561' title='bbox 1416 3618 1755 3686; x_wconf 86' lang='lat' dir='ltr'><strong>juventutem</strong></span> <span class='ocrx_word' id='word_1_562' title='bbox 1798 3632 1889 3671; x_wconf 86' lang='lat' dir='ltr'><strong>va—</strong></span> 
     </span>
    </p>
   </div>
   <div class='ocr_carea' id='block_1_67' title="bbox 282 3706 1887 3779">
    <p class='ocr_par' dir='ltr' id='par_1_67' title="bbox 282 3706 1887 3779">
     <span class='ocr_line' id='line_1_67' title="bbox 282 3706 1887 3779; baseline 0.001 -17"><span class='ocrx_word' id='word_1_563' title='bbox 282 3709 484 3763; x_wconf 79' lang='lat' dir='ltr'><strong>riarum</strong></span> <span class='ocrx_word' id='word_1_564' title='bbox 512 3708 784 3763; x_wconf 85' lang='lat' dir='ltr'><strong>illecebris</strong></span> <span class='ocrx_word' id='word_1_565' title='bbox 807 3707 1118 3777; x_wconf 89' lang='lat' dir='ltr'><strong>passionum</strong></span> <span class='ocrx_word' id='word_1_566' title='bbox 1150 3706 1361 3763; x_wconf 85' lang='lat' dir='ltr'><strong>fervere</strong></span> <span class='ocrx_word' id='word_1_567' title='bbox 1391 3709 1511 3779; x_wconf 91' lang='lat' dir='ltr'><strong>quis</strong></span> <span class='ocrx_word' id='word_1_568' title='bbox 1542 3709 1769 3764; x_wconf 84' lang='lat' dir='ltr'><strong>abnuat:</strong></span> <span class='ocrx_word' id='word_1_569' title='bbox 1792 3708 1887 3764; x_wconf 89' lang='lat' dir='ltr'><strong>sed</strong></span> 
     </span>
    </p>
   </div>
   <div class='ocr_carea' id='block_1_68' title="bbox 284 3800 1889 3872">
    <p class='ocr_par' dir='ltr' id='par_1_68' title="bbox 284 3800 1889 3872">
     <span class='ocr_line' id='line_1_68' title="bbox 284 3800 1889 3872; baseline 0.001 -18"><span class='ocrx_word' id='word_1_570' title='bbox 284 3800 375 3855; x_wconf 89' lang='lat' dir='ltr'><strong>ubi</strong></span> <span class='ocrx_word' id='word_1_571' title='bbox 402 3801 665 3855; x_wconf 86' lang='lat' dir='ltr'><strong>maturior</strong></span> <span class='ocrx_word' id='word_1_572' title='bbox 694 3809 828 3855; x_wconf 72' lang='lat' dir='ltr'><strong>retas</strong></span> <span class='ocrx_word' id='word_1_573' title='bbox 856 3801 1204 3868; x_wconf 87' lang='lat' dir='ltr'><strong>successerit,</strong></span> <span class='ocrx_word' id='word_1_574' title='bbox 1239 3811 1510 3871; x_wconf 89' lang='lat' dir='ltr'><strong>tamquam</strong></span> <span class='ocrx_word' id='word_1_575' title='bbox 1543 3802 1889 3872; x_wconf 86' lang='lat' dir='ltr'><strong>pubescentis</strong></span> 
     </span>
    </p>
   </div>
   <div class='ocr_carea' id='block_1_69' title="bbox 285 3892 1891 3961">
    <p class='ocr_par' dir='ltr' id='par_1_69' title="bbox 285 3892 1891 3961">
     <span class='ocr_line' id='line_1_69' title="bbox 285 3892 1891 3961; baseline 0.002 -14"><span class='ocrx_word' id='word_1_576' title='bbox 285 3892 526 3949; x_wconf 85' lang='lat' dir='ltr'><strong>lasciviae</strong></span> <span class='ocrx_word' id='word_1_577' title='bbox 559 3900 879 3958; x_wconf 81' lang='lat' dir='ltr'><strong>tempestate</strong></span> <span class='ocrx_word' id='word_1_578' title='bbox 917 3892 1160 3948; x_wconf 89' lang='lat' dir='ltr'><strong>discussa</strong></span> <span class='ocrx_word' id='word_1_579' title='bbox 1191 3934 1205 3958; x_wconf 91' lang='lat'><strong>,</strong></span> <span class='ocrx_word' id='word_1_580' title='bbox 1237 3894 1679 3961; x_wconf 85' lang='lat' dir='ltr'><strong>tranquillitatem</strong></span> <span class='ocrx_word' id='word_1_581' title='bbox 1710 3896 1891 3950; x_wconf 87' lang='lat' dir='ltr'><strong>refun-</strong></span> 
     </span>
    </p>
   </div>
   <div class='ocr_carea' id='block_1_70' title="bbox 288 3984 1889 4055">
    <p class='ocr_par' dir='ltr' id='par_1_70' title="bbox 288 3984 1889 4055">
     <span class='ocr_line' id='line_1_70' title="bbox 288 3984 1889 4055; baseline 0.001 -15"><span class='ocrx_word' id='word_1_582' title='bbox 288 3985 366 4053; x_wconf 90' lang='lat' dir='ltr'><strong>di,</strong></span> <span class='ocrx_word' id='word_1_583' title='bbox 399 3995 454 4040; x_wconf 91' lang='lat' dir='ltr'><strong>et</strong></span> <span class='ocrx_word' id='word_1_584' title='bbox 481 3984 535 4040; x_wconf 90' lang='lat' dir='ltr'><strong>in</strong></span> <span class='ocrx_word' id='word_1_585' title='bbox 566 3984 827 4054; x_wconf 87' lang='lat' dir='ltr'><strong>quosdam</strong></span> <span class='ocrx_word' id='word_1_586' title='bbox 863 3993 1048 4054; x_wconf 92' lang='lat' dir='ltr'><strong>portus</strong></span> <span class='ocrx_word' id='word_1_587' title='bbox 1074 3986 1286 4055; x_wconf 90' lang='lat' dir='ltr'><strong>quietos</strong></span> <span class='ocrx_word' id='word_1_588' title='bbox 1334 3986 1491 4041; x_wconf 73' lang='lat' dir='ltr'><strong>lassa:</strong></span> <span class='ocrx_word' id='word_1_589' title='bbox 1520 3988 1713 4041; x_wconf 62' lang='lat' dir='ltr'><strong>animus</strong></span> <span class='ocrx_word' id='word_1_590' title='bbox 1739 3988 1889 4043; x_wconf 85' lang='lat' dir='ltr'><strong>navi-</strong></span> 
     </span>
    </p>
   </div>
   <div class='ocr_carea' id='block_1_71' title="bbox 288 4069 1892 4149">
    <p class='ocr_par' dir='ltr' id='par_1_71' title="bbox 288 4069 1892 4149">
     <span class='ocr_line' id='line_1_71' title="bbox 288 4069 1892 4149; baseline 0.002 -18"><span class='ocrx_word' id='word_1_591' title='bbox 288 4079 433 4149; x_wconf 83' lang='lat' dir='ltr'><strong>gium</strong></span> <span class='ocrx_word' id='word_1_592' title='bbox 457 4077 799 4133; x_wconf 83' lang='lat' dir='ltr'><strong>subducere?</strong></span> <span class='ocrx_word' id='word_1_593' title='bbox 818 4074 1000 4147; x_wconf 89' lang='lat' dir='ltr'><strong>Itaque</strong></span> <span class='ocrx_word' id='word_1_594' title='bbox 1026 4069 1220 4147; x_wconf 81' lang='lat' dir='ltr'><strong>graves</strong></span> <span class='ocrx_word' id='word_1_595' title='bbox 1243 4086 1424 4132; x_wconf 87' lang='lat' dir='ltr'><strong>motus</strong></span> <span class='ocrx_word' id='word_1_596' title='bbox 1453 4088 1653 4132; x_wconf 63' lang='lat' dir='ltr'><strong>nostrae</strong></span> <span class='ocrx_word' id='word_1_597' title='bbox 1678 4077 1892 4134; x_wconf 87' lang='lat' dir='ltr'><strong>adoles—</strong></span> 
     </span>
    </p>
   </div>
   <div class='ocr_carea' id='block_1_72' title="bbox 289 4171 1584 4243">
    <p class='ocr_par' dir='ltr' id='par_1_72' title="bbox 289 4171 1584 4243">
     <span class='ocr_line' id='line_1_72' title="bbox 289 4171 1584 4243; baseline -0.002 -15"><span class='ocrx_word' id='word_1_598' title='bbox 289 4172 486 4228; x_wconf 57' lang='lat' dir='ltr'><strong>centia</strong></span> <span class='ocrx_word' id='word_1_599' title='bbox 514 4171 616 4229; x_wconf 84' lang='lat' dir='ltr'><strong>fida</strong></span> <span class='ocrx_word' id='word_1_600' title='bbox 643 4171 939 4228; x_wconf 85' lang='lat' dir='ltr'><strong>senectutis</strong></span> <span class='ocrx_word' id='word_1_601' title='bbox 966 4172 1201 4227; x_wconf 82' lang='lat' dir='ltr'><strong>statione</strong></span> <span class='ocrx_word' id='word_1_602' title='bbox 1230 4171 1584 4243; x_wconf 88' lang='lat' dir='ltr'><strong>placidantnr.</strong></span> 
     </span>
    </p>
   </div>
   <div class='ocr_carea' id='block_1_73' title="bbox 897 4348 1255 4408">
    <p class='ocr_par' dir='ltr' id='par_1_73' title="bbox 897 4348 1255 4408">
     <span class='ocr_line' id='line_1_73' title="bbox 897 4348 1255 4408; baseline -0.008 -2"><span class='ocrx_word' id='word_1_603' title='bbox 897 4348 1129 4407; x_wconf 84' lang='lat' dir='ltr'><strong>CAPUT</strong></span> <span class='ocrx_word' id='word_1_604' title='bbox 1168 4350 1255 4408; x_wconf 79' lang='grc' dir='ltr'><strong>Ν.</strong></span> 
     </span>
    </p>
   </div>
   <div class='ocr_carea' id='block_1_74' title="bbox 292 4485 1889 4557">
    <p class='ocr_par' dir='ltr' id='par_1_74' title="bbox 292 4485 1889 4557">
     <span class='ocr_line' id='line_1_74' title="bbox 292 4485 1889 4557; baseline 0 -14"><span class='ocrx_word' id='word_1_605' title='bbox 292 4486 549 4544; x_wconf 73' lang='lat' dir='ltr'><strong>.llalitiam</strong></span> <span class='ocrx_word' id='word_1_606' title='bbox 588 4494 813 4557; x_wconf 80' lang='lat' dir='ltr'><strong>tempore</strong></span> <span class='ocrx_word' id='word_1_607' title='bbox 854 4486 1076 4557; x_wconf 85' lang='lat' dir='ltr'><strong>priorem</strong></span> <span class='ocrx_word' id='word_1_608' title='bbox 1123 4501 1269 4553; x_wconf 88' lang='lat' dir='ltr'><strong>esse,</strong></span> <span class='ocrx_word' id='word_1_609' title='bbox 1316 4485 1552 4540; x_wconf 86' lang='lat' dir='ltr'><strong>virtutem</strong></span> <span class='ocrx_word' id='word_1_610' title='bbox 1594 4485 1844 4556; x_wconf 86' lang='lat' dir='ltr'><strong>dignitate</strong></span> <span class='ocrx_word' id='word_1_611' title='bbox 1869 4504 1889 4543; x_wconf 89' lang='lat'><strong><em>:</em></strong></span> 
     </span>
    </p>
   </div>
   <div class='ocr_carea' id='block_1_75' title="bbox 364 4580 1892 4656">
    <p class='ocr_par' dir='ltr' id='par_1_75' title="bbox 364 4580 1892 4656">
     <span class='ocr_line' id='line_1_75' title="bbox 364 4580 1892 4656; baseline -0.003 -17"><span class='ocrx_word' id='word_1_612' title='bbox 364 4584 477 4640; x_wconf 84' lang='lat' dir='ltr'><strong>Hoc</strong></span> <span class='ocrx_word' id='word_1_613' title='bbox 505 4585 673 4656; x_wconf 86' lang='lat' dir='ltr'><strong>ipsum</strong></span> <span class='ocrx_word' id='word_1_614' title='bbox 699 4599 789 4654; x_wconf 86' lang='lat' dir='ltr'><strong>per</strong></span> <span class='ocrx_word' id='word_1_615' title='bbox 812 4581 951 4637; x_wconf 85' lang='lat' dir='ltr'><strong>Esau</strong></span> <span class='ocrx_word' id='word_1_616' title='bbox 972 4591 1019 4637; x_wconf 90' lang='lat' dir='ltr'><strong>et</strong></span> <span class='ocrx_word' id='word_1_617' title='bbox 1044 4580 1209 4636; x_wconf 84' lang='lat' dir='ltr'><strong>Jacob</strong></span> <span class='ocrx_word' id='word_1_618' title='bbox 1239 4581 1522 4653; x_wconf 87' lang='lat' dir='ltr'><strong>designari,</strong></span> <span class='ocrx_word' id='word_1_619' title='bbox 1556 4582 1689 4636; x_wconf 86' lang='lat' dir='ltr'><strong>sicut</strong></span> <span class='ocrx_word' id='word_1_620' title='bbox 1713 4592 1762 4635; x_wconf 90' lang='lat' dir='ltr'><strong>et</strong></span> <span class='ocrx_word' id='word_1_621' title='bbox 1801 4599 1892 4652; x_wconf 89' lang='lat' dir='ltr'><strong>per</strong></span> 
     </span>
    </p>
   </div>
   <div class='ocr_carea' id='block_1_76' title="bbox 361 4663 1968 4755">
    <p class='ocr_par' dir='ltr' id='par_1_76' title="bbox 361 4663 1968 4755">
     <span class='ocr_line' id='line_1_76' title="bbox 361 4663 1968 4755; baseline -0.002 -22"><span class='ocrx_word' id='word_1_622' title='bbox 361 4681 490 4735; x_wconf 89' lang='lat' dir='ltr'><strong>duas</strong></span> <span class='ocrx_word' id='word_1_623' title='bbox 520 4679 808 4747; x_wconf 74' lang='lat' dir='ltr'><strong>Scriptura:</strong></span> <span class='ocrx_word' id='word_1_624' title='bbox 842 4679 1081 4755; x_wconf 81' lang='lat' dir='ltr'><strong>mulieres</strong></span> <span class='ocrx_word' id='word_1_625' title='bbox 1112 4695 1132 4744; x_wconf 90' lang='lat'><strong><em>;</em></strong></span> <span class='ocrx_word' id='word_1_626' title='bbox 1174 4695 1393 4750; x_wconf 86' lang='lat' dir='ltr'><strong>quarum</strong></span> <span class='ocrx_word' id='word_1_627' title='bbox 1437 4678 1601 4734; x_wconf 89' lang='lat' dir='ltr'><strong>altera</strong></span> <span class='ocrx_word' id='word_1_628' title='bbox 1644 4678 1845 4734; x_wconf 87' lang='lat' dir='ltr'><strong>virtutis</strong></span> <span class='ocrx_word' id='word_1_629' title='bbox 1869 4719 1887 4747; x_wconf 86' lang='lat'><strong>,</strong></span> <span class='ocrx_word' id='word_1_630' title='bbox 1914 4663 1968 4725; x_wconf 85' lang='lat' dir='ltr'><strong>D</strong></span> 
     </span>
    </p>
   </div>
   <div class='ocr_carea' id='block_1_77' title="bbox 361 4768 1892 4844">
    <p class='ocr_par' dir='ltr' id='par_1_77' title="bbox 361 4768 1892 4844">
     <span class='ocr_line' id='line_1_77' title="bbox 361 4768 1892 4844; baseline -0.001 -16"><span class='ocrx_word' id='word_1_631' title='bbox 361 4773 526 4828; x_wconf 82' lang='lat' dir='ltr'><strong>altera</strong></span> <span class='ocrx_word' id='word_1_632' title='bbox 552 4771 830 4840; x_wconf 86' lang='lat' dir='ltr'><strong>voluptatis</strong></span> <span class='ocrx_word' id='word_1_633' title='bbox 875 4771 1045 4843; x_wconf 86' lang='lat' dir='ltr'><strong>imago</strong></span> <span class='ocrx_word' id='word_1_634' title='bbox 1074 4780 1165 4826; x_wconf 88' lang='lat' dir='ltr'><strong>est.</strong></span> <span class='ocrx_word' id='word_1_635' title='bbox 1222 4768 1456 4843; x_wconf 78' lang='lat' dir='ltr'><strong>Denique</strong></span> <span class='ocrx_word' id='word_1_636' title='bbox 1502 4770 1659 4844; x_wconf 80' lang='lat' dir='ltr'><strong>hujus</strong></span> <span class='ocrx_word' id='word_1_637' title='bbox 1698 4771 1892 4826; x_wconf 67' lang='lat' dir='ltr'><strong>ultima:</strong></span> 
     </span>
    </p>
   </div>
   <div class='ocr_carea' id='block_1_78' title="bbox 362 4863 902 4920">
    <p class='ocr_par' dir='ltr' id='par_1_78' title="bbox 362 4863 902 4920">
     <span class='ocr_line' id='line_1_78' title="bbox 362 4863 902 4920; baseline -0.002 -1"><span class='ocrx_word' id='word_1_638' title='bbox 362 4876 496 4919; x_wconf 88' lang='lat' dir='ltr'><strong>artes</strong></span> <span class='ocrx_word' id='word_1_639' title='bbox 525 4863 902 4920; x_wconf 87' lang='lat' dir='ltr'><strong>describuntur.</strong></span> 
     </span>
    </p>
   </div>
   <div class='ocr_carea' id='block_1_79' title="bbox 300 5000 1891 5077">
    <p class='ocr_par' dir='ltr' id='par_1_79' title="bbox 300 5000 1891 5077">
     <span class='ocr_line' id='line_1_79' title="bbox 300 5000 1891 5077; baseline -0.001 -18"><span class='ocrx_word' id='word_1_640' title='bbox 300 5032 303 5035; x_wconf 56' lang='grc' dir='ltr'>ν</span> <span class='ocrx_word' id='word_1_641' title='bbox 346 5003 661 5077; x_wconf 69' lang='lat' dir='ltr'><strong>42.Neergo</strong></span> <span class='ocrx_word' id='word_1_642' title='bbox 684 5003 901 5060; x_wconf 90' lang='lat' dir='ltr'><strong>dubites</strong></span> <span class='ocrx_word' id='word_1_643' title='bbox 924 5001 1119 5058; x_wconf 87' lang='lat' dir='ltr'><strong>talibus</strong></span> <span class='ocrx_word' id='word_1_644' title='bbox 1140 5007 1348 5056; x_wconf 69' lang='lat' dir='ltr'><strong>natura:</strong></span> <span class='ocrx_word' id='word_1_645' title='bbox 1371 5000 1681 5056; x_wconf 86' lang='lat' dir='ltr'><strong>admonitus</strong></span> <span class='ocrx_word' id='word_1_646' title='bbox 1707 5016 1891 5058; x_wconf 84' lang='lat' dir='ltr'><strong>exem-</strong></span> 
     </span>
    </p>
   </div>
   <div class='ocr_carea' id='block_1_80' title="bbox 291 5094 1889 5171">
    <p class='ocr_par' dir='ltr' id='par_1_80' title="bbox 291 5094 1889 5171">
     <span class='ocr_line' id='line_1_80' title="bbox 291 5094 1889 5171; baseline -0.002 -17"><span class='ocrx_word' id='word_1_647' title='bbox 291 5099 430 5171; x_wconf 88' lang='lat' dir='ltr'><strong>plis,</strong></span> <span class='ocrx_word' id='word_1_648' title='bbox 470 5097 613 5168; x_wconf 89' lang='lat' dir='ltr'><strong>quod</strong></span> <span class='ocrx_word' id='word_1_649' title='bbox 643 5098 842 5153; x_wconf 85' lang='lat' dir='ltr'><strong>malitia</strong></span> <span class='ocrx_word' id='word_1_650' title='bbox 873 5094 1144 5168; x_wconf 60' lang='lat' dir='ltr'><strong>praecedat</strong></span> <span class='ocrx_word' id='word_1_651' title='bbox 1170 5104 1449 5165; x_wconf 91' lang='lat' dir='ltr'><strong>tempore,</strong></span> <span class='ocrx_word' id='word_1_652' title='bbox 1498 5094 1592 5149; x_wconf 87' lang='lat' dir='ltr'><strong>sed</strong></span> <span class='ocrx_word' id='word_1_653' title='bbox 1631 5094 1889 5165; x_wconf 85' lang='lat' dir='ltr'><strong>juveucu-</strong></span> 
     </span>
    </p>
   </div>
   <div class='ocr_carea' id='block_1_81' title="bbox 292 5190 1892 5262">
    <p class='ocr_par' dir='ltr' id='par_1_81' title="bbox 292 5190 1892 5262">
     <span class='ocr_line' id='line_1_81' title="bbox 292 5190 1892 5262; baseline -0.004 -8"><span class='ocrx_word' id='word_1_654' title='bbox 292 5199 464 5255; x_wconf 89' lang='lat' dir='ltr'><strong>lcseat</strong></span> <span class='ocrx_word' id='word_1_655' title='bbox 492 5196 820 5251; x_wconf 80' lang='lat' dir='ltr'><strong>inﬁrmitate.</strong></span> <span class='ocrx_word' id='word_1_656' title='bbox 854 5195 1027 5251; x_wconf 80' lang='lat' dir='ltr'><strong>Habet</strong></span> <span class='ocrx_word' id='word_1_657' title='bbox 1055 5194 1144 5251; x_wconf 90' lang='lat' dir='ltr'><strong>illa</strong></span> <span class='ocrx_word' id='word_1_658' title='bbox 1173 5197 1348 5249; x_wconf 71' lang='lat' dir='ltr'><strong>mtatis</strong></span> <span class='ocrx_word' id='word_1_659' title='bbox 1378 5190 1707 5262; x_wconf 89' lang='lat' dir='ltr'><strong>stipendium</strong></span> <span class='ocrx_word' id='word_1_660' title='bbox 1736 5211 1749 5247; x_wconf 91' lang='lat'><strong>:</strong></span> <span class='ocrx_word' id='word_1_661' title='bbox 1782 5193 1892 5248; x_wconf 85' lang='lat' dir='ltr'><strong>vir-</strong></span> 
     </span>
    </p>
   </div>
   <div class='ocr_carea' id='block_1_82' title="bbox 293 5272 1896 5358">
    <p class='ocr_par' dir='ltr' id='par_1_82' title="bbox 293 5272 1896 5358">
     <span class='ocr_line' id='line_1_82' title="bbox 293 5272 1896 5358; baseline -0.003 -12"><span class='ocrx_word' id='word_1_662' title='bbox 293 5300 588 5346; x_wconf 75' lang='lat' dir='ltr'><strong>tUS&#39;autem</strong></span> <span class='ocrx_word' id='word_1_663' title='bbox 619 5288 1026 5357; x_wconf 62' lang='lat' dir='ltr'><strong>praerogativam</strong></span> <span class='ocrx_word' id='word_1_664' title='bbox 1059 5289 1248 5357; x_wconf 67' lang='lat' dir='ltr'><strong>gloriae</strong></span> <span class='ocrx_word' id='word_1_665' title='bbox 1273 5329 1287 5349; x_wconf 84' lang='lat'><strong>.</strong></span> <span class='ocrx_word' id='word_1_666' title='bbox 1330 5300 1437 5358; x_wconf 82' lang='lat' dir='ltr'><strong>qua</strong></span> <span class='ocrx_word' id='word_1_667' title='bbox 1466 5272 1783 5357; x_wconf 87' lang='lat' dir='ltr'><strong>plerumque</strong></span> <span class='ocrx_word' id='word_1_668' title='bbox 1808 5286 1896 5356; x_wconf 86' lang='lat' dir='ltr'><strong>ju-</strong></span> 
     </span>
    </p>
   </div>
   <div class='ocr_carea' id='block_1_83' title="bbox 298 5378 1895 5450">
    <p class='ocr_par' dir='ltr' id='par_1_83' title="bbox 298 5378 1895 5450">
     <span class='ocr_line' id='line_1_83' title="bbox 298 5378 1895 5450; baseline -0.004 -10"><span class='ocrx_word' id='word_1_669' title='bbox 298 5391 385 5441; x_wconf 87' lang='lat' dir='ltr'><strong>sto</strong></span> <span class='ocrx_word' id='word_1_670' title='bbox 415 5380 559 5437; x_wconf 88' lang='lat' dir='ltr'><strong>cedit</strong></span> <span class='ocrx_word' id='word_1_671' title='bbox 586 5379 821 5450; x_wconf 90' lang='lat' dir='ltr'><strong>iniquus.</strong></span> <span class='ocrx_word' id='word_1_672' title='bbox 864 5378 1036 5447; x_wconf 85' lang='lat' dir='ltr'><strong>Cujus</strong></span> <span class='ocrx_word' id='word_1_673' title='bbox 1076 5380 1153 5434; x_wconf 90' lang='lat' dir='ltr'><strong>rei</strong></span> <span class='ocrx_word' id='word_1_674' title='bbox 1196 5380 1349 5435; x_wconf 87' lang='lat' dir='ltr'><strong>testis</strong></span> <span class='ocrx_word' id='word_1_675' title='bbox 1395 5390 1478 5435; x_wconf 86' lang='lat' dir='ltr'><strong>est</strong></span> <span class='ocrx_word' id='word_1_676' title='bbox 1510 5378 1688 5434; x_wconf 86' lang='lat' dir='ltr'><strong>fidelis</strong></span> <span class='ocrx_word' id='word_1_677' title='bbox 1715 5379 1895 5434; x_wconf 88' lang='lat' dir='ltr'><strong>divina</strong></span> 
     </span>
    </p>
   </div>
   <div class='ocr_carea' id='block_1_84' title="bbox 306 5472 1897 5549">
    <p class='ocr_par' dir='ltr' id='par_1_84' title="bbox 306 5472 1897 5549">
     <span class='ocr_line' id='line_1_84' title="bbox 306 5472 1897 5549; baseline -0.005 -14"><span class='ocrx_word' id='word_1_678' title='bbox 306 5480 583 5549; x_wconf 89' lang='lat' dir='ltr'><strong>Scriptura</strong></span> <span class='ocrx_word' id='word_1_679' title='bbox 607 5518 623 5543; x_wconf 95' lang='lat'><strong>,</strong></span> <span class='ocrx_word' id='word_1_680' title='bbox 666 5490 789 5546; x_wconf 62' lang='lat' dir='ltr'><strong>quae</strong></span> <span class='ocrx_word' id='word_1_681' title='bbox 818 5472 977 5528; x_wconf 87' lang='lat' dir='ltr'><strong>docet</strong></span> <span class='ocrx_word' id='word_1_682' title='bbox 1021 5473 1162 5527; x_wconf 77' lang='lat' dir='ltr'><strong>Esau</strong></span> <span class='ocrx_word' id='word_1_683' title='bbox 1192 5474 1516 5543; x_wconf 81' lang='lat' dir='ltr'><strong>cognomine</strong></span> <span class='ocrx_word' id='word_1_684' title='bbox 1546 5474 1791 5529; x_wconf 67' lang='lat' dir='ltr'><strong>stultitim</strong></span> <span class='ocrx_word' id='word_1_685' title='bbox 1819 5475 1897 5529; x_wconf 89' lang='lat' dir='ltr'><strong>vi-</strong></span> 
     </span>
    </p>
   </div>
   <div class='ocr_carea' id='block_1_85' title="bbox 300 5567 1894 5642">
    <p class='ocr_par' dir='ltr' id='par_1_85' title="bbox 300 5567 1894 5642">
     <span class='ocr_line' id='line_1_85' title="bbox 300 5567 1894 5642; baseline -0.006 -10"><span class='ocrx_word' id='word_1_686' title='bbox 300 5591 419 5633; x_wconf 89' lang='lat' dir='ltr'><strong>rum</strong></span> <span class='ocrx_word' id='word_1_687' title='bbox 465 5572 699 5631; x_wconf 84' lang='lat' dir='ltr'><strong>cessisse</strong></span> <span class='ocrx_word' id='word_1_688' title='bbox 728 5568 995 5642; x_wconf 86' lang='lat' dir='ltr'><strong>patienter</strong></span> <span class='ocrx_word' id='word_1_689' title='bbox 1022 5569 1284 5638; x_wconf 88' lang='lat' dir='ltr'><strong>primatus</strong></span> <span class='ocrx_word' id='word_1_690' title='bbox 1312 5584 1441 5626; x_wconf 90' lang='lat' dir='ltr'><strong>suos</strong></span> <span class='ocrx_word' id='word_1_691' title='bbox 1478 5568 1631 5624; x_wconf 81' lang='lat' dir='ltr'><strong>fratri</strong></span> <span class='ocrx_word' id='word_1_692' title='bbox 1674 5582 1774 5623; x_wconf 88' lang='lat' dir='ltr'><strong>suo</strong></span> <span class='ocrx_word' id='word_1_693' title='bbox 1803 5567 1894 5623; x_wconf 82' lang='lat' dir='ltr'><strong>Ja-</strong></span> 
     </span>
    </p>
   </div>
   <div class='ocr_carea' id='block_1_86' title="bbox 373 5712 1899 5783">
    <p class='ocr_par' dir='ltr' id='par_1_86' title="bbox 373 5712 1899 5783">
     <span class='ocr_line' id='line_1_86' title="bbox 373 5712 1899 5783; baseline -0.004 -12"><span class='ocrx_word' id='word_1_694' title='bbox 373 5727 397 5755; x_wconf 70' lang='grc' dir='ltr'>τι</span> <span class='ocrx_word' id='word_1_695' title='bbox 429 5714 552 5773; x_wconf 82' lang='lat' dir='ltr'><strong>Vet.</strong></span> <span class='ocrx_word' id='word_1_696' title='bbox 585 5713 721 5772; x_wconf 88' lang='lat' dir='ltr'><strong>edit.</strong></span> <span class='ocrx_word' id='word_1_697' title='bbox 752 5726 1062 5783; x_wconf 88' lang='lat' dir='ltr'><strong>cognoscens</strong></span> <span class='ocrx_word' id='word_1_698' title='bbox 1115 5712 1197 5766; x_wconf 84' lang='lat' dir='ltr'><strong>det</strong></span> <span class='ocrx_word' id='word_1_699' title='bbox 1247 5712 1328 5767; x_wconf 91' lang='lat' dir='ltr'><strong>illi</strong></span> <span class='ocrx_word' id='word_1_700' title='bbox 1355 5714 1543 5769; x_wconf 84' lang='lat' dir='ltr'><strong>dotem.</strong></span> <span class='ocrx_word' id='word_1_701' title='bbox 1592 5712 1779 5783; x_wconf 78' lang='lat' dir='ltr'><strong>Rom.,</strong></span> <span class='ocrx_word' id='word_1_702' title='bbox 1810 5728 1899 5766; x_wconf 78' lang='lat' dir='ltr'><strong>co-</strong></span> 
     </span>
    </p>
   </div>
   <div class='ocr_carea' id='block_1_87' title="bbox 306 5782 1897 5863">
    <p class='ocr_par' dir='ltr' id='par_1_87' title="bbox 306 5782 1897 5863">
     <span class='ocr_line' id='line_1_87' title="bbox 306 5782 1897 5863; baseline -0.003 -19"><span class='ocrx_word' id='word_1_703' title='bbox 306 5798 535 5863; x_wconf 83' lang='lat' dir='ltr'><strong>gnoscet,</strong></span> <span class='ocrx_word' id='word_1_704' title='bbox 554 5799 612 5844; x_wconf 87' lang='lat' dir='ltr'><strong>ut</strong></span> <span class='ocrx_word' id='word_1_705' title='bbox 642 5788 727 5842; x_wconf 88' lang='lat' dir='ltr'><strong>det</strong></span> <span class='ocrx_word' id='word_1_706' title='bbox 768 5782 856 5863; x_wconf 69' lang='lat' dir='ltr'><strong>illi</strong></span> <span class='ocrx_word' id='word_1_707' title='bbox 878 5783 1358 5863; x_wconf 71' lang='lat' dir='ltr'><strong>dupla._Nirnirt_tm</strong></span> <span class='ocrx_word' id='word_1_708' title='bbox 1383 5802 1448 5842; x_wconf 87' lang='lat' dir='ltr'><strong>ex</strong></span> <span class='ocrx_word' id='word_1_709' title='bbox 1493 5783 1664 5856; x_wconf 80' lang='lat' dir='ltr'><strong>LXX,</strong></span> <span class='ocrx_word' id='word_1_710' title='bbox 1699 5782 1789 5840; x_wconf 85' lang='lat' dir='ltr'><strong>ubi</strong></span> <span class='ocrx_word' id='word_1_711' title='bbox 1818 5784 1897 5840; x_wconf 85' lang='lat' dir='ltr'><strong>lc-</strong></span> 
     </span>
    </p>
   </div>
   <div class='ocr_carea' id='block_1_88' title="bbox 307 5854 1500 5935">
    <p class='ocr_par' dir='ltr' id='par_1_88' title="bbox 307 5854 1500 5935">
     <span class='ocr_line' id='line_1_88' title="bbox 307 5854 1500 5935; baseline -0.003 -20"><span class='ocrx_word' id='word_1_712' title='bbox 307 5854 403 5933; x_wconf 63' lang='lat' dir='ltr'><strong>gas</strong></span> <span class='ocrx_word' id='word_1_713' title='bbox 432 5878 446 5914; x_wconf 87' lang='lat'><strong>:</strong></span> <span class='ocrx_word' id='word_1_714' title='bbox 474 5854 811 5935; x_wconf 60' lang='grc' dir='ltr'><strong>ἐτέτγνώσεται</strong></span> <span class='ocrx_word' id='word_1_715' title='bbox 829 5854 1003 5915; x_wconf 78' lang='grc' dir='ltr'><strong>δοῦναι</strong></span> <span class='ocrx_word' id='word_1_716' title='bbox 1028 5858 1162 5927; x_wconf 82' lang='grc' dir='ltr'><strong>αὐτῷ</strong></span> <span class='ocrx_word' id='word_1_717' title='bbox 1191 5854 1367 5922; x_wconf 81' lang='grc' dir='ltr'><strong>διπλᾶ.</strong></span> <span class='ocrx_word' id='word_1_718' title='bbox 1394 5868 1500 5915; x_wconf 87' lang='lat' dir='ltr'><strong>etc.</strong></span> 
     </span>
    </p>
   </div>
   <div class='ocr_carea' id='block_1_89' title="bbox 1992 3329 3598 3405">
    <p class='ocr_par' dir='ltr' id='par_1_89' title="bbox 1992 3329 3598 3405">
     <span class='ocr_line' id='line_1_89' title="bbox 1992 3329 3598 3405; baseline 0.005 -23"><span class='ocrx_word' id='word_1_719' title='bbox 1992 3344 2215 3399; x_wconf 84' lang='lat' dir='ltr'><strong>gnosce,</strong></span> <span class='ocrx_word' id='word_1_720' title='bbox 2243 3329 2446 3395; x_wconf 88' lang='lat' dir='ltr'><strong>anima,</strong></span> <span class='ocrx_word' id='word_1_721' title='bbox 2473 3341 2655 3399; x_wconf 88' lang='lat' dir='ltr'><strong>partus</strong></span> <span class='ocrx_word' id='word_1_722' title='bbox 2679 3341 2820 3396; x_wconf 89' lang='lat' dir='ltr'><strong>tuos,</strong></span> <span class='ocrx_word' id='word_1_723' title='bbox 2850 3341 2903 3386; x_wconf 90' lang='lat' dir='ltr'><strong>et</strong></span> <span class='ocrx_word' id='word_1_724' title='bbox 2928 3330 3147 3387; x_wconf 89' lang='lat' dir='ltr'><strong>odibilis</strong></span> <span class='ocrx_word' id='word_1_725' title='bbox 3174 3332 3328 3405; x_wconf 74' lang='lat' dir='ltr'><strong>istius</strong></span> <span class='ocrx_word' id='word_1_726' title='bbox 3353 3333 3598 3390; x_wconf 86' lang='lat' dir='ltr'><strong>mulieris</strong></span> 
     </span>
    </p>
   </div>
   <div class='ocr_carea' id='block_1_90' title="bbox 1994 3422 3593 3496">
    <p class='ocr_par' dir='ltr' id='par_1_90' title="bbox 1994 3422 3593 3496">
     <span class='ocr_line' id='line_1_90' title="bbox 1994 3422 3593 3496; baseline 0.006 -23"><span class='ocrx_word' id='word_1_727' title='bbox 1994 3436 2176 3491; x_wconf 68' lang='lat' dir='ltr'><strong>qumre</strong></span> <span class='ocrx_word' id='word_1_728' title='bbox 2207 3422 2544 3492; x_wconf 87' lang='lat' dir='ltr'><strong>mysterium.</strong></span> <span class='ocrx_word' id='word_1_729' title='bbox 2580 3423 2720 3478; x_wconf 86' lang='lat' dir='ltr'><strong>Intra</strong></span> <span class='ocrx_word' id='word_1_730' title='bbox 2756 3434 2806 3479; x_wconf 89' lang='lat' dir='ltr'><strong>te</strong></span> <span class='ocrx_word' id='word_1_731' title='bbox 2829 3439 2889 3479; x_wconf 89' lang='lat' dir='ltr'><strong>ea</strong></span> <span class='ocrx_word' id='word_1_732' title='bbox 2923 3425 3165 3483; x_wconf 87' lang='lat' dir='ltr'><strong>invenies</strong></span> <span class='ocrx_word' id='word_1_733' title='bbox 3189 3467 3206 3494; x_wconf 93' lang='lat'><strong>,</strong></span> <span class='ocrx_word' id='word_1_734' title='bbox 3253 3427 3297 3482; x_wconf 89' lang='lat' dir='ltr'><strong>si</strong></span> <span class='ocrx_word' id='word_1_735' title='bbox 3327 3426 3593 3496; x_wconf 85' lang='lat' dir='ltr'><strong>requiras.</strong></span> 
     </span>
    </p>
   </div>
   <div class='ocr_carea' id='block_1_91' title="bbox 1994 3513 3595 3590">
    <p class='ocr_par' dir='ltr' id='par_1_91' title="bbox 1994 3513 3595 3590">
     <span class='ocr_line' id='line_1_91' title="bbox 1994 3513 3595 3590; baseline 0.005 -22"><span class='ocrx_word' id='word_1_736' title='bbox 1994 3513 2199 3583; x_wconf 84' lang='lat' dir='ltr'><strong>Repete</strong></span> <span class='ocrx_word' id='word_1_737' title='bbox 2229 3513 2587 3584; x_wconf 83' lang='lat' dir='ltr'><strong>cogitationes</strong></span> <span class='ocrx_word' id='word_1_738' title='bbox 2614 3557 2629 3582; x_wconf 93' lang='lat'><strong>,</strong></span> <span class='ocrx_word' id='word_1_739' title='bbox 2660 3517 2837 3587; x_wconf 88' lang='lat' dir='ltr'><strong>relege</strong></span> <span class='ocrx_word' id='word_1_740' title='bbox 2862 3533 3058 3575; x_wconf 83' lang='lat' dir='ltr'><strong>sensus</strong></span> <span class='ocrx_word' id='word_1_741' title='bbox 3088 3530 3209 3575; x_wconf 88' lang='lat' dir='ltr'><strong>tuos</strong></span> <span class='ocrx_word' id='word_1_742' title='bbox 3236 3561 3249 3587; x_wconf 87' lang='lat'><strong>,</strong></span> <span class='ocrx_word' id='word_1_743' title='bbox 3281 3530 3335 3576; x_wconf 89' lang='lat' dir='ltr'><strong>et</strong></span> <span class='ocrx_word' id='word_1_744' title='bbox 3365 3520 3448 3576; x_wconf 91' lang='lat' dir='ltr'><strong>cui</strong></span> <span class='ocrx_word' id='word_1_745' title='bbox 3483 3520 3595 3590; x_wconf 86' lang='lat' dir='ltr'><strong>pri-</strong></span> 
     </span>
    </p>
   </div>
   <div class='ocr_carea' id='block_1_92' title="bbox 1994 3604 3689 3679">
    <p class='ocr_par' dir='ltr' id='par_1_92' title="bbox 1994 3604 3689 3679">
     <span class='ocr_line' id='line_1_92' title="bbox 1994 3604 3689 3679; baseline 0.005 -19"><span class='ocrx_word' id='word_1_746' title='bbox 1994 3607 2157 3661; x_wconf 74' lang='lat' dir='ltr'><strong>mitizc</strong></span> <span class='ocrx_word' id='word_1_747' title='bbox 2187 3606 2510 3675; x_wconf 90' lang='lat' dir='ltr'><strong>debeantur,</strong></span> <span class='ocrx_word' id='word_1_748' title='bbox 2540 3624 2823 3679; x_wconf 84' lang='lat' dir='ltr'><strong>agnosces.</strong></span> <span class='ocrx_word' id='word_1_749' title='bbox 2856 3611 2982 3668; x_wconf 76' lang='lat' dir='ltr'><strong>Dum</strong></span> <span class='ocrx_word' id='word_1_750' title='bbox 3013 3613 3158 3669; x_wconf 90' lang='lat' dir='ltr'><strong>enim</strong></span> <span class='ocrx_word' id='word_1_751' title='bbox 3192 3615 3447 3670; x_wconf 89' lang='lat' dir='ltr'><strong>mulieres</strong></span> <span class='ocrx_word' id='word_1_752' title='bbox 3478 3604 3599 3670; x_wconf 49' lang='lat' dir='ltr'><strong>uni?</strong></span> <span class='ocrx_word' id='word_1_753' title='bbox 3630 3606 3637 3609; x_wconf 58' lang='grc'>⁷</span> <span class='ocrx_word' id='word_1_754' title='bbox 3676 3612 3689 3669; x_wconf 63' lang='grc' dir='ltr'><strong>ὶ</strong></span> 
     </span>
    </p>
   </div>
   <div class='ocr_carea' id='block_1_93' title="bbox 1992 3702 3598 3774">
    <p class='ocr_par' dir='ltr' id='par_1_93' title="bbox 1992 3702 3598 3774">
     <span class='ocr_line' id='line_1_93' title="bbox 1992 3702 3598 3774; baseline 0.007 -19"><span class='ocrx_word' id='word_1_755' title='bbox 1992 3702 2186 3772; x_wconf 85' lang='lat' dir='ltr'><strong>cuique</strong></span> <span class='ocrx_word' id='word_1_756' title='bbox 2212 3712 2460 3759; x_wconf 90' lang='lat' dir='ltr'><strong>nostrum</strong></span> <span class='ocrx_word' id='word_1_757' title='bbox 2488 3703 2836 3774; x_wconf 89' lang='lat' dir='ltr'><strong>cohabitant,</strong></span> <span class='ocrx_word' id='word_1_758' title='bbox 2886 3706 3186 3764; x_wconf 88' lang='lat' dir='ltr'><strong>inimicitiis</strong></span> <span class='ocrx_word' id='word_1_759' title='bbox 3216 3724 3280 3765; x_wconf 89' lang='lat' dir='ltr'><strong>ac</strong></span> <span class='ocrx_word' id='word_1_760' title='bbox 3310 3708 3598 3766; x_wconf 80' lang='lat' dir='ltr'><strong>discordiis</strong></span> 
     </span>
    </p>
   </div>
   <div class='ocr_carea' id='block_1_94' title="bbox 1993 3793 3598 3873">
    <p class='ocr_par' dir='ltr' id='par_1_94' title="bbox 1993 3793 3598 3873">
     <span class='ocr_line' id='line_1_94' title="bbox 1993 3793 3598 3873; baseline 0.004 -24"><span class='ocrx_word' id='word_1_761' title='bbox 1993 3793 2318 3851; x_wconf 86' lang='lat' dir='ltr'><strong>dissidentes</strong></span> <span class='ocrx_word' id='word_1_762' title='bbox 2341 3838 2356 3863; x_wconf 94' lang='lat'><strong>,</strong></span> <span class='ocrx_word' id='word_1_763' title='bbox 2390 3796 2539 3852; x_wconf 92' lang='lat' dir='ltr'><strong>velut</strong></span> <span class='ocrx_word' id='word_1_764' title='bbox 2564 3798 2882 3872; x_wconf 74' lang='lat' dir='ltr'><strong>quibusdam</strong></span> <span class='ocrx_word' id='word_1_765' title='bbox 2919 3801 3203 3873; x_wconf 72' lang='lat' dir='ltr'><strong>zelotypia:</strong></span> <span class='ocrx_word' id='word_1_766' title='bbox 3231 3801 3598 3857; x_wconf 89' lang='lat' dir='ltr'><strong>contentioni-</strong></span> 
     </span>
    </p>
   </div>
   <div class='ocr_carea' id='block_1_95' title="bbox 1992 3885 3597 3957">
    <p class='ocr_par' dir='ltr' id='par_1_95' title="bbox 1992 3885 3597 3957">
     <span class='ocr_line' id='line_1_95' title="bbox 1992 3885 3597 3957; baseline 0.009 -16"><span class='ocrx_word' id='word_1_767' title='bbox 1992 3885 2095 3941; x_wconf 90' lang='lat' dir='ltr'><strong>bus</strong></span> <span class='ocrx_word' id='word_1_768' title='bbox 2124 3896 2322 3942; x_wconf 67' lang='lat' dir='ltr'><strong>nostrae</strong></span> <span class='ocrx_word' id='word_1_769' title='bbox 2350 3890 2622 3957; x_wconf 84' lang='lat' dir='ltr'><strong>replentcs</strong></span> <span class='ocrx_word' id='word_1_770' title='bbox 2649 3891 2843 3947; x_wconf 67' lang='lat' dir='ltr'><strong>animae</strong></span> <span class='ocrx_word' id='word_1_771' title='bbox 2870 3892 3112 3948; x_wconf 86' lang='lat' dir='ltr'><strong>domum.</strong></span> <span class='ocrx_word' id='word_1_772' title='bbox 3148 3893 3262 3949; x_wconf 83' lang='lat' dir='ltr'><strong>Una</strong></span> <span class='ocrx_word' id='word_1_773' title='bbox 3285 3912 3467 3953; x_wconf 90' lang='lat' dir='ltr'><strong>earum</strong></span> <span class='ocrx_word' id='word_1_774' title='bbox 3499 3915 3597 3956; x_wconf 90' lang='lat' dir='ltr'><strong>no-</strong></span> 
     </span>
    </p>
   </div>
   <div class='ocr_carea' id='block_1_96' title="bbox 2004 3978 3588 4062">
    <p class='ocr_par' dir='ltr' id='par_1_96' title="bbox 2004 3978 3588 4062">
     <span class='ocr_line' id='line_1_96' title="bbox 2004 3978 3588 4062; baseline 0.01 -30"><span class='ocrx_word' id='word_1_775' title='bbox 2004 3978 2089 4033; x_wconf 90' lang='lat' dir='ltr'><strong>bis</strong></span> <span class='ocrx_word' id='word_1_776' title='bbox 2117 3979 2370 4034; x_wconf 82' lang='lat' dir='ltr'><strong>suavitati</strong></span> <span class='ocrx_word' id='word_1_777' title='bbox 2397 3992 2452 4037; x_wconf 90' lang='lat' dir='ltr'><strong>et</strong></span> <span class='ocrx_word' id='word_1_778' title='bbox 2473 3983 2646 4038; x_wconf 87' lang='lat' dir='ltr'><strong>amori</strong></span> <span class='ocrx_word' id='word_1_779' title='bbox 2673 3994 2777 4051; x_wconf 90' lang='lat' dir='ltr'><strong>est,</strong></span> <span class='ocrx_word' id='word_1_780' title='bbox 2795 3984 2987 4041; x_wconf 82' lang='lat' dir='ltr'><strong>blanda</strong></span> <span class='ocrx_word' id='word_1_781' title='bbox 3018 3986 3357 4044; x_wconf 85' lang='lat' dir='ltr'><strong>conciliatrix</strong></span> <span class='ocrx_word' id='word_1_782' title='bbox 3382 3992 3588 4062; x_wconf 72' lang='lat' dir='ltr'><strong>gratim,</strong></span> 
     </span>
    </p>
   </div>
   <div class='ocr_carea' id='block_1_97' title="bbox 1994 4075 3595 4151">
    <p class='ocr_par' dir='ltr' id='par_1_97' title="bbox 1994 4075 3595 4151">
     <span class='ocr_line' id='line_1_97' title="bbox 1994 4075 3595 4151; baseline 0.011 -25"><span class='ocrx_word' id='word_1_783' title='bbox 1994 4088 2115 4141; x_wconf 66' lang='lat' dir='ltr'><strong>qua:</strong></span> <span class='ocrx_word' id='word_1_784' title='bbox 2144 4080 2366 4129; x_wconf 87' lang='lat' dir='ltr'><strong>vocatur</strong></span> <span class='ocrx_word' id='word_1_785' title='bbox 2398 4075 2669 4146; x_wconf 89' lang='lat' dir='ltr'><strong>voluptas.</strong></span> <span class='ocrx_word' id='word_1_786' title='bbox 2721 4077 2870 4134; x_wconf 82' lang='lat' dir='ltr'><strong>Hanc</strong></span> <span class='ocrx_word' id='word_1_787' title='bbox 2900 4078 3056 4136; x_wconf 89' lang='lat' dir='ltr'><strong>nobis</strong></span> <span class='ocrx_word' id='word_1_788' title='bbox 3081 4081 3369 4151; x_wconf 85' lang='lat' dir='ltr'><strong>cpinamur</strong></span> <span class='ocrx_word' id='word_1_789' title='bbox 3392 4086 3595 4143; x_wconf 88' lang='lat' dir='ltr'><strong>sociam</strong></span> 
     </span>
    </p>
   </div>
   <div class='ocr_carea' id='block_1_98' title="bbox 1995 4166 3596 4251">
    <p class='ocr_par' dir='ltr' id='par_1_98' title="bbox 1995 4166 3596 4251">
     <span class='ocr_line' id='line_1_98' title="bbox 1995 4166 3596 4251; baseline 0.01 -31"><span class='ocrx_word' id='word_1_790' title='bbox 1995 4181 2059 4221; x_wconf 91' lang='lat' dir='ltr'><strong>ac</strong></span> <span class='ocrx_word' id='word_1_791' title='bbox 2088 4166 2440 4224; x_wconf 81' lang='lat' dir='ltr'><strong>domesticam</strong></span> <span class='ocrx_word' id='word_1_792' title='bbox 2479 4184 2493 4219; x_wconf 85' lang='lat'><strong>:</strong></span> <span class='ocrx_word' id='word_1_793' title='bbox 2526 4169 2673 4225; x_wconf 87' lang='lat' dir='ltr'><strong>illam</strong></span> <span class='ocrx_word' id='word_1_794' title='bbox 2700 4169 2922 4226; x_wconf 88' lang='lat' dir='ltr'><strong>alteram</strong></span> <span class='ocrx_word' id='word_1_795' title='bbox 2964 4171 3256 4244; x_wconf 89' lang='lat' dir='ltr'><strong>immitem,</strong></span> <span class='ocrx_word' id='word_1_796' title='bbox 3304 4191 3551 4250; x_wconf 89' lang='lat' dir='ltr'><strong>asperam</strong></span> <span class='ocrx_word' id='word_1_797' title='bbox 3578 4221 3596 4251; x_wconf 87' lang='lat'><strong>,</strong></span> 
     </span>
    </p>
   </div>
   <div class='ocr_carea' id='block_1_99' title="bbox 1996 4256 3649 4347">
    <p class='ocr_par' dir='ltr' id='par_1_99' title="bbox 1996 4256 3649 4347">
     <span class='ocr_line' id='line_1_99' title="bbox 1996 4256 3649 4347; baseline 0.009 -35"><span class='ocrx_word' id='word_1_798' title='bbox 1996 4256 2166 4314; x_wconf 88' lang='lat' dir='ltr'><strong>feram</strong></span> <span class='ocrx_word' id='word_1_799' title='bbox 2196 4260 2487 4324; x_wconf 84' lang='lat' dir='ltr'><strong>credimus,</strong></span> <span class='ocrx_word' id='word_1_800' title='bbox 2513 4261 2597 4317; x_wconf 91' lang='lat' dir='ltr'><strong>cui</strong></span> <span class='ocrx_word' id='word_1_801' title='bbox 2624 4277 2821 4319; x_wconf 89' lang='lat' dir='ltr'><strong>nomen</strong></span> <span class='ocrx_word' id='word_1_802' title='bbox 2848 4264 3018 4320; x_wconf 88' lang='lat' dir='ltr'><strong>virtus</strong></span> <span class='ocrx_word' id='word_1_803' title='bbox 3045 4275 3148 4323; x_wconf 89' lang='lat' dir='ltr'><strong>est.</strong></span> <span class='ocrx_word' id='word_1_804' title='bbox 3202 4328 3205 4333; x_wconf 23' lang='lat'><strong>,</strong></span> <span class='ocrx_word' id='word_1_805' title='bbox 3568 4339 3599 4347; x_wconf 25' lang='lat' dir='ltr'>ﬁ</span> <span class='ocrx_word' id='word_1_806' title='bbox 3640 4336 3649 4345; x_wconf 31' lang='grc' dir='ltr'><em>Ι</em></span> 
     </span>
    </p>
   </div>
   <div class='ocr_carea' id='block_1_100' title="bbox 2070 4352 3601 4438">
    <p class='ocr_par' dir='ltr' id='par_1_100' title="bbox 2070 4352 3601 4438">
     <span class='ocr_line' id='line_1_100' title="bbox 2070 4352 3601 4438; baseline 0.012 -31"><span class='ocrx_word' id='word_1_807' title='bbox 2070 4352 2156 4408; x_wconf 59' lang='lat' dir='ltr'><strong>is.</strong></span> <span class='ocrx_word' id='word_1_808' title='bbox 2188 4353 2286 4409; x_wconf 90' lang='lat' dir='ltr'><strong>Illa</strong></span> <span class='ocrx_word' id='word_1_809' title='bbox 2309 4354 2477 4425; x_wconf 90' lang='lat' dir='ltr'><strong>igitur</strong></span> <span class='ocrx_word' id='word_1_810' title='bbox 2502 4357 2809 4413; x_wconf 84' lang='lat' dir='ltr'><strong>meretricio</strong></span> <span class='ocrx_word' id='word_1_811' title='bbox 2832 4373 3031 4430; x_wconf 83' lang='lat' dir='ltr'><strong>procax</strong></span> <span class='ocrx_word' id='word_1_812' title='bbox 3062 4370 3233 4431; x_wconf 90' lang='lat' dir='ltr'><strong>motu,</strong></span> <span class='ocrx_word' id='word_1_813' title='bbox 3253 4363 3486 4423; x_wconf 90' lang='lat' dir='ltr'><strong>infracto</strong></span> <span class='ocrx_word' id='word_1_814' title='bbox 3501 4381 3601 4438; x_wconf 85' lang='lat' dir='ltr'><strong>per</strong></span> 
     </span>
    </p>
   </div>
   <div class='ocr_carea' id='block_1_101' title="bbox 1994 4446 3600 4530">
    <p class='ocr_par' dir='ltr' id='par_1_101' title="bbox 1994 4446 3600 4530">
     <span class='ocr_line' id='line_1_101' title="bbox 1994 4446 3600 4530; baseline 0.011 -29"><span class='ocrx_word' id='word_1_815' title='bbox 1994 4446 2216 4503; x_wconf 89' lang='lat' dir='ltr'><strong>delicias</strong></span> <span class='ocrx_word' id='word_1_816' title='bbox 2244 4449 2477 4515; x_wconf 88' lang='lat' dir='ltr'><strong>incessu,</strong></span> <span class='ocrx_word' id='word_1_817' title='bbox 2508 4450 2821 4508; x_wconf 83' lang='lat' dir='ltr'><strong>nutantibus</strong></span> <span class='ocrx_word' id='word_1_818' title='bbox 2862 4455 3058 4522; x_wconf 90' lang='lat' dir='ltr'><strong>oculis,</strong></span> <span class='ocrx_word' id='word_1_819' title='bbox 3099 4466 3154 4513; x_wconf 89' lang='lat' dir='ltr'><strong>et</strong></span> <span class='ocrx_word' id='word_1_820' title='bbox 3181 4457 3490 4515; x_wconf 89' lang='lat' dir='ltr'><strong>ludentibus</strong></span> <span class='ocrx_word' id='word_1_821' title='bbox 3515 4461 3600 4530; x_wconf 89' lang='lat' dir='ltr'><strong>ja-</strong></span> 
     </span>
    </p>
   </div>
   <div class='ocr_carea' id='block_1_102' title="bbox 1994 4536 3655 4621">
    <p class='ocr_par' dir='ltr' id='par_1_102' title="bbox 1994 4536 3655 4621">
     <span class='ocr_line' id='line_1_102' title="bbox 1994 4536 3655 4621; baseline 0.01 -27"><span class='ocrx_word' id='word_1_822' title='bbox 1994 4540 2183 4595; x_wconf 87' lang='lat' dir='ltr'><strong>cnlans</strong></span> <span class='ocrx_word' id='word_1_823' title='bbox 2214 4540 2491 4611; x_wconf 83' lang='lat' dir='ltr'><strong>palpebris</strong></span> <span class='ocrx_word' id='word_1_824' title='bbox 2509 4542 2878 4615; x_wconf 88' lang='lat' dir='ltr'><strong>retia,quibus</strong></span> <span class='ocrx_word' id='word_1_825' title='bbox 2910 4548 3453 4621; x_wconf 89' lang='lat' dir='ltr'><strong>pretiosasjuvenum</strong></span> <span class='ocrx_word' id='word_1_826' title='bbox 3477 4556 3598 4610; x_wconf 88' lang='lat' dir='ltr'><strong>ani-</strong></span> <span class='ocrx_word' id='word_1_827' title='bbox 3652 4536 3655 4539; x_wconf 17' lang='grc' dir='ltr'><em>Α</em></span> 
     </span>
    </p>
   </div>
   <div class='ocr_carea' id='block_1_103' title="bbox 1996 4633 3598 4719">
    <p class='ocr_par' dir='ltr' id='par_1_103' title="bbox 1996 4633 3598 4719">
     <span class='ocr_line' id='line_1_103' title="bbox 1996 4633 3598 4719; baseline 0.009 -33"><span class='ocrx_word' id='word_1_828' title='bbox 1996 4649 2112 4687; x_wconf 88' lang='lat' dir='ltr'><strong>mas</strong></span> <span class='ocrx_word' id='word_1_829' title='bbox 2127 4635 2279 4704; x_wconf 81' lang='lat' dir='ltr'><strong>capit</strong></span> <span class='ocrx_word' id='word_1_830' title='bbox 2290 4633 2502 4707; x_wconf 88' lang='lat' dir='ltr'><strong>(oculus</strong></span> <span class='ocrx_word' id='word_1_831' title='bbox 2524 4636 2669 4691; x_wconf 89' lang='lat' dir='ltr'><strong>enim</strong></span> <span class='ocrx_word' id='word_1_832' title='bbox 2693 4638 2992 4695; x_wconf 89' lang='lat' dir='ltr'><strong>meretricis</strong></span> <span class='ocrx_word' id='word_1_833' title='bbox 3010 4638 3194 4712; x_wconf 83' lang='lat' dir='ltr'><strong>(Prov.</strong></span> <span class='ocrx_word' id='word_1_834' title='bbox 3215 4658 3309 4711; x_wconf 84' lang='lat' dir='ltr'><strong>vn,</strong></span> <span class='ocrx_word' id='word_1_835' title='bbox 3329 4645 3395 4700; x_wconf 83' lang='grc'><strong>10</strong></span> <span class='ocrx_word' id='word_1_836' title='bbox 3407 4655 3453 4700; x_wconf 85' lang='lat' dir='ltr'><strong>et</strong></span> <span class='ocrx_word' id='word_1_837' title='bbox 3464 4644 3598 4719; x_wconf 81' lang='lat' dir='ltr'><strong>seq.)</strong></span> 
     </span>
    </p>
   </div>
   <div class='ocr_carea' id='block_1_104' title="bbox 1993 4724 3599 4802">
    <p class='ocr_par' dir='ltr' id='par_1_104' title="bbox 1993 4724 3599 4802">
     <span class='ocr_line' id='line_1_104' title="bbox 1993 4724 3599 4802; baseline 0.008 -22"><span class='ocrx_word' id='word_1_838' title='bbox 1993 4724 2216 4797; x_wconf 86' lang='lat' dir='ltr'><strong>laqueus</strong></span> <span class='ocrx_word' id='word_1_839' title='bbox 2228 4726 3230 4802; x_wconf 70' lang='lat' dir='ltr'><strong>peccatoris),quemcumquevideritb</strong></span> <span class='ocrx_word' id='word_1_840' title='bbox 3253 4735 3599 4793; x_wconf 63' lang='lat' dir='ltr'><strong>dubiosrnsu</strong></span> 
     </span>
    </p>
   </div>
   <div class='ocr_carea' id='block_1_105' title="bbox 1993 4822 3591 4894">
    <p class='ocr_par' dir='ltr' id='par_1_105' title="bbox 1993 4822 3591 4894">
     <span class='ocr_line' id='line_1_105' title="bbox 1993 4822 3591 4894; baseline 0.008 -19"><span class='ocrx_word' id='word_1_841' title='bbox 1993 4830 2413 4892; x_wconf 69' lang='lat' dir='ltr'><strong>prmtereuntem</strong></span> <span class='ocrx_word' id='word_1_842' title='bbox 2447 4823 2499 4877; x_wconf 91' lang='lat' dir='ltr'><strong>in</strong></span> <span class='ocrx_word' id='word_1_843' title='bbox 2522 4822 2727 4894; x_wconf 60' lang='lat' dir='ltr'><strong>angulo&quot;</strong></span> <span class='ocrx_word' id='word_1_844' title='bbox 2740 4827 3001 4881; x_wconf 87' lang='lat' dir='ltr'><strong>transitus</strong></span> <span class='ocrx_word' id='word_1_845' title='bbox 3030 4826 3223 4884; x_wconf 88' lang='lat' dir='ltr'><strong>domus</strong></span> <span class='ocrx_word' id='word_1_846' title='bbox 3245 4845 3356 4883; x_wconf 82' lang='lat' dir='ltr'><strong>sua:</strong></span> <span class='ocrx_word' id='word_1_847' title='bbox 3379 4845 3591 4887; x_wconf 89' lang='lat' dir='ltr'><strong>sermo-</strong></span> 
     </span>
    </p>
   </div>
   <div class='ocr_carea' id='block_1_106' title="bbox 1995 4915 3600 4993">
    <p class='ocr_par' dir='ltr' id='par_1_106' title="bbox 1995 4915 3600 4993">
     <span class='ocr_line' id='line_1_106' title="bbox 1995 4915 3600 4993; baseline 0.01 -25"><span class='ocrx_word' id='word_1_848' title='bbox 1995 4915 2153 4970; x_wconf 87' lang='lat' dir='ltr'><strong>nibus</strong></span> <span class='ocrx_word' id='word_1_849' title='bbox 2203 4916 2449 4972; x_wconf 90' lang='lat' dir='ltr'><strong>adoritur</strong></span> <span class='ocrx_word' id='word_1_850' title='bbox 2498 4917 2788 4988; x_wconf 84' lang='lat' dir='ltr'><strong>gratiosis,</strong></span> <span class='ocrx_word' id='word_1_851' title='bbox 2852 4917 3056 4976; x_wconf 86' lang='lat' dir='ltr'><strong>faciens</strong></span> <span class='ocrx_word' id='word_1_852' title='bbox 3100 4922 3359 4993; x_wconf 88' lang='lat' dir='ltr'><strong>juvenum</strong></span> <span class='ocrx_word' id='word_1_853' title='bbox 3409 4925 3600 4984; x_wconf 76' lang='lat' dir='ltr'><strong>Vulare</strong></span> 
     </span>
    </p>
   </div>
   <div class='ocr_carea' id='block_1_107' title="bbox 1993 5006 3596 5090">
    <p class='ocr_par' dir='ltr' id='par_1_107' title="bbox 1993 5006 3596 5090">
     <span class='ocr_line' id='line_1_107' title="bbox 1993 5006 3596 5090; baseline 0.008 -30"><span class='ocrx_word' id='word_1_854' title='bbox 1993 5006 2182 5074; x_wconf 86' lang='lat' dir='ltr'><strong>corda,</strong></span> <span class='ocrx_word' id='word_1_855' title='bbox 2202 5008 2350 5063; x_wconf 89' lang='lat' dir='ltr'><strong>domi</strong></span> <span class='ocrx_word' id='word_1_856' title='bbox 2372 5008 2639 5079; x_wconf 88' lang='lat' dir='ltr'><strong>inquieta,</strong></span> <span class='ocrx_word' id='word_1_857' title='bbox 2657 5011 2710 5067; x_wconf 91' lang='lat' dir='ltr'><strong>in</strong></span> <span class='ocrx_word' id='word_1_858' title='bbox 2737 5012 2928 5082; x_wconf 87' lang='lat' dir='ltr'><strong>plateis</strong></span> <span class='ocrx_word' id='word_1_859' title='bbox 2952 5030 3108 5086; x_wconf 87' lang='lat' dir='ltr'><strong>vaga,</strong></span> <span class='ocrx_word' id='word_1_860' title='bbox 3123 5018 3326 5074; x_wconf 88' lang='lat' dir='ltr'><strong>osculis</strong></span> <span class='ocrx_word' id='word_1_861' title='bbox 3347 5019 3596 5090; x_wconf 87' lang='lat' dir='ltr'><strong>prodiga,</strong></span> 
     </span>
    </p>
   </div>
   <div class='ocr_carea' id='block_1_108' title="bbox 1998 5101 3601 5181">
    <p class='ocr_par' dir='ltr' id='par_1_108' title="bbox 1998 5101 3601 5181">
     <span class='ocr_line' id='line_1_108' title="bbox 1998 5101 3601 5181; baseline 0.008 -28"><span class='ocrx_word' id='word_1_862' title='bbox 1998 5101 2206 5171; x_wconf 90' lang='lat' dir='ltr'><strong>pudore</strong></span> <span class='ocrx_word' id='word_1_863' title='bbox 2236 5103 2377 5169; x_wconf 86' lang='lat' dir='ltr'><strong>vilis,</strong></span> <span class='ocrx_word' id='word_1_864' title='bbox 2409 5104 2609 5159; x_wconf 91' lang='lat' dir='ltr'><strong>amictu</strong></span> <span class='ocrx_word' id='word_1_865' title='bbox 2638 5106 2809 5174; x_wconf 88' lang='lat' dir='ltr'><strong>dives,</strong></span> <span class='ocrx_word' id='word_1_866' title='bbox 2839 5121 3008 5177; x_wconf 88' lang='lat' dir='ltr'><strong>genas</strong></span> <span class='ocrx_word' id='word_1_867' title='bbox 3037 5110 3200 5178; x_wconf 90' lang='lat' dir='ltr'><strong>picta.</strong></span> <span class='ocrx_word' id='word_1_868' title='bbox 3232 5110 3444 5166; x_wconf 85' lang='lat' dir='ltr'><strong>Etenim</strong></span> <span class='ocrx_word' id='word_1_869' title='bbox 3474 5116 3601 5181; x_wconf 89' lang='lat' dir='ltr'><strong>quia</strong></span> 
     </span>
    </p>
   </div>
   <div class='ocr_carea' id='block_1_109' title="bbox 2000 5194 3604 5270">
    <p class='ocr_par' dir='ltr' id='par_1_109' title="bbox 2000 5194 3604 5270">
     <span class='ocr_line' id='line_1_109' title="bbox 2000 5194 3604 5270; baseline 0.007 -23"><span class='ocrx_word' id='word_1_870' title='bbox 2000 5196 2186 5249; x_wconf 81' lang='lat' dir='ltr'><strong>verum</strong></span> <span class='ocrx_word' id='word_1_871' title='bbox 2208 5194 2461 5253; x_wconf 88' lang='lat' dir='ltr'><strong>decorem</strong></span> <span class='ocrx_word' id='word_1_872' title='bbox 2494 5206 2701 5253; x_wconf 75' lang='lat' dir='ltr'><strong>naturae</strong></span> <span class='ocrx_word' id='word_1_873' title='bbox 2727 5198 2929 5253; x_wconf 79' lang='lat' dir='ltr'><strong>habere</strong></span> <span class='ocrx_word' id='word_1_874' title='bbox 2977 5216 3085 5255; x_wconf 84' lang='lat' dir='ltr'><strong>non</strong></span> <span class='ocrx_word' id='word_1_875' title='bbox 3117 5211 3318 5270; x_wconf 88' lang='lat' dir='ltr'><strong>potest,</strong></span> <span class='ocrx_word' id='word_1_876' title='bbox 3341 5203 3604 5258; x_wconf 81' lang='lat' dir='ltr'><strong>adulteri-</strong></span> 
     </span>
    </p>
   </div>
   <div class='ocr_carea' id='block_1_110' title="bbox 2002 5288 3599 5363">
    <p class='ocr_par' dir='ltr' id='par_1_110' title="bbox 2002 5288 3599 5363">
     <span class='ocr_line' id='line_1_110' title="bbox 2002 5288 3599 5363; baseline 0.004 -20"><span class='ocrx_word' id='word_1_877' title='bbox 2002 5288 2088 5343; x_wconf 89' lang='lat' dir='ltr'><strong>nis</strong></span> <span class='ocrx_word' id='word_1_878' title='bbox 2104 5289 2240 5344; x_wconf 90' lang='lat' dir='ltr'><strong>fucis</strong></span> <span class='ocrx_word' id='word_1_879' title='bbox 2262 5288 2526 5345; x_wconf 67' lang='lat' dir='ltr'><strong>aﬂ‘ectatte</strong></span> <span class='ocrx_word' id='word_1_880' title='bbox 2542 5290 2959 5361; x_wconf 84' lang='lat' dir='ltr'><strong>pulchritudinis</strong></span> <span class='ocrx_word' id='word_1_881' title='bbox 2981 5292 3319 5349; x_wconf 87' lang='lat' dir='ltr'><strong>lenocinatur</strong></span> <span class='ocrx_word' id='word_1_882' title='bbox 3339 5294 3599 5363; x_wconf 85' lang='lat' dir='ltr'><strong>speciem,</strong></span> 
     </span>
    </p>
   </div>
   <div class='ocr_carea' id='block_1_111' title="bbox 2001 5382 3603 5459">
    <p class='ocr_par' dir='ltr' id='par_1_111' title="bbox 2001 5382 3603 5459">
     <span class='ocr_line' id='line_1_111' title="bbox 2001 5382 3603 5459; baseline 0.004 -23"><span class='ocrx_word' id='word_1_883' title='bbox 2001 5396 2108 5437; x_wconf 92' lang='lat' dir='ltr'><strong>non</strong></span> <span class='ocrx_word' id='word_1_884' title='bbox 2154 5384 2460 5438; x_wconf 90' lang='lat' dir='ltr'><strong>veritatem.</strong></span> <span class='ocrx_word' id='word_1_885' title='bbox 2496 5382 2767 5439; x_wconf 79' lang='lat' dir='ltr'><strong>Vitiorum</strong></span> <span class='ocrx_word' id='word_1_886' title='bbox 2798 5387 3076 5441; x_wconf 87' lang='lat' dir='ltr'><strong>succincta</strong></span> <span class='ocrx_word' id='word_1_887' title='bbox 3105 5386 3366 5443; x_wconf 88' lang='lat' dir='ltr'><strong>comitatu</strong></span> <span class='ocrx_word' id='word_1_888' title='bbox 3388 5397 3442 5443; x_wconf 87' lang='lat' dir='ltr'><strong>et</strong></span> <span class='ocrx_word' id='word_1_889' title='bbox 3464 5403 3603 5459; x_wconf 83' lang='lat' dir='ltr'><strong>quo-</strong></span> 
     </span>
    </p>
   </div>
   <div class='ocr_carea' id='block_1_112' title="bbox 2001 5474 3599 5552">
    <p class='ocr_par' dir='ltr' id='par_1_112' title="bbox 2001 5474 3599 5552">
     <span class='ocr_line' id='line_1_112' title="bbox 2001 5474 3599 5552; baseline 0.004 -22"><span class='ocrx_word' id='word_1_890' title='bbox 2001 5474 2122 5530; x_wconf 86' lang='lat' dir='ltr'><strong>dam</strong></span> <span class='ocrx_word' id='word_1_891' title='bbox 2150 5477 2513 5547; x_wconf 84' lang='lat' dir='ltr'><strong>nequitiarum</strong></span> <span class='ocrx_word' id='word_1_892' title='bbox 2564 5479 2736 5533; x_wconf 85' lang='lat' dir='ltr'><strong>choro</strong></span> <span class='ocrx_word' id='word_1_893' title='bbox 2763 5479 3115 5548; x_wconf 89' lang='lat' dir='ltr'><strong>circumfusa,</strong></span> <span class='ocrx_word' id='word_1_894' title='bbox 3145 5480 3254 5535; x_wconf 82' lang='lat' dir='ltr'><strong>dux</strong></span> <span class='ocrx_word' id='word_1_895' title='bbox 3284 5480 3599 5552; x_wconf 86' lang='lat' dir='ltr'><strong>criminum,</strong></span> 
     </span>
    </p>
   </div>
   <div class='ocr_carea' id='block_1_113' title="bbox 2005 5569 3606 5645">
    <p class='ocr_par' dir='ltr' id='par_1_113' title="bbox 2005 5569 3606 5645">
     <span class='ocr_line' id='line_1_113' title="bbox 2005 5569 3606 5645; baseline 0.006 -20"><span class='ocrx_word' id='word_1_896' title='bbox 2005 5569 2201 5627; x_wconf 83' lang='lat' dir='ltr'><strong>talibus</strong></span> <span class='ocrx_word' id='word_1_897' title='bbox 2222 5572 2517 5628; x_wconf 89' lang='lat' dir='ltr'><strong>verborum</strong></span> <span class='ocrx_word' id='word_1_898' title='bbox 2541 5571 2811 5627; x_wconf 87' lang='lat' dir='ltr'><strong>machinis</strong></span> <span class='ocrx_word' id='word_1_899' title='bbox 2830 5587 3041 5626; x_wconf 89' lang='lat' dir='ltr'><strong>murum</strong></span> <span class='ocrx_word' id='word_1_900' title='bbox 3075 5573 3273 5629; x_wconf 89' lang='lat' dir='ltr'><strong>mentis</strong></span> <span class='ocrx_word' id='word_1_901' title='bbox 3293 5574 3606 5645; x_wconf 85' lang='lat' dir='ltr'><strong>aggreditur</strong></span> 
     </span>
    </p>
   </div>
   <div class='ocr_carea' id='block_1_114' title="bbox 2074 5713 3607 5785">
    <p class='ocr_par' dir='ltr' id='par_1_114' title="bbox 2074 5713 3607 5785">
     <span class='ocr_line' id='line_1_114' title="bbox 2074 5713 3607 5785; baseline 0.007 -15"><span class='ocrx_word' id='word_1_902' title='bbox 2074 5713 2102 5754; x_wconf 65' lang='grc' dir='ltr'>δ</span> <span class='ocrx_word' id='word_1_903' title='bbox 2128 5716 2287 5773; x_wconf 80' lang='lat' dir='ltr'><strong>Rom.</strong></span> <span class='ocrx_word' id='word_1_904' title='bbox 2315 5716 2475 5785; x_wconf 91' lang='lat' dir='ltr'><strong>edit.,</strong></span> <span class='ocrx_word' id='word_1_905' title='bbox 2503 5733 2655 5774; x_wconf 87' lang='lat' dir='ltr'><strong>sensu</strong></span> <span class='ocrx_word' id='word_1_906' title='bbox 2701 5715 2967 5785; x_wconf 84' lang='lat' dir='ltr'><strong>indignum</strong></span> <span class='ocrx_word' id='word_1_907' title='bbox 2991 5733 3011 5782; x_wconf 88' lang='lat'><strong><em>;</em></strong></span> <span class='ocrx_word' id='word_1_908' title='bbox 3037 5715 3185 5775; x_wconf 80' lang='lat' dir='ltr'><strong>LXX</strong></span> <span class='ocrx_word' id='word_1_909' title='bbox 3218 5719 3383 5779; x_wconf 86' lang='lat' dir='ltr'><strong>etiam</strong></span> <span class='ocrx_word' id='word_1_910' title='bbox 3415 5721 3490 5779; x_wconf 87' lang='lat' dir='ltr'><strong>ibi</strong></span> <span class='ocrx_word' id='word_1_911' title='bbox 3518 5737 3607 5781; x_wconf 85' lang='lat' dir='ltr'><strong>se-</strong></span> 
     </span>
    </p>
   </div>
   <div class='ocr_carea' id='block_1_115' title="bbox 2002 5784 3191 5865">
    <p class='ocr_par' dir='ltr' id='par_1_115' title="bbox 2002 5784 3191 5865">
     <span class='ocr_line' id='line_1_115' title="bbox 2002 5784 3191 5865; baseline 0.004 -23"><span class='ocrx_word' id='word_1_912' title='bbox 2002 5786 2185 5856; x_wconf 86' lang='lat' dir='ltr'><strong>quitur</strong></span> <span class='ocrx_word' id='word_1_913' title='bbox 2211 5805 2226 5855; x_wconf 91' lang='lat'><strong>;</strong></span> <span class='ocrx_word' id='word_1_914' title='bbox 2258 5790 2333 5845; x_wconf 89' lang='lat' dir='ltr'><strong>illi</strong></span> <span class='ocrx_word' id='word_1_915' title='bbox 2367 5784 2511 5844; x_wconf 87' lang='lat' dir='ltr'><strong>enim</strong></span> <span class='ocrx_word' id='word_1_916' title='bbox 2548 5807 2561 5844; x_wconf 88' lang='lat'><strong>:</strong></span> <span class='ocrx_word' id='word_1_917' title='bbox 2592 5788 2788 5844; x_wconf 77' lang='grc' dir='ltr'><strong>νιανίαν</strong></span> <span class='ocrx_word' id='word_1_918' title='bbox 2816 5784 2957 5847; x_wconf 74' lang='grc' dir='ltr'><strong>ἓνδεῆ</strong></span> <span class='ocrx_word' id='word_1_919' title='bbox 2983 5799 3191 5865; x_wconf 73' lang='grc' dir='ltr'><strong>φρενῶν.</strong></span> 
     </span>
    </p>
   </div>
  </div>
