4150 6358
613 267 727 331 325

1933 267 2180 328 SANCTI
2219 268 2540 331 AMBROSII

3809 265 3919 346 sas

617 389 870 441 hmuanm
902 384 1261 456 :Sacriﬁcium
1288 383 1431 452 pacis
1451 391 1525 437 est
1547 381 1692 445 mihi.
1732 381 1889 436 hodie
1912 381 2072 436 reddo
2097 392 2210 436 vota
2238 397 2290 457 Α
2316 389 2505 443 ciorem
2563 388 2737 444 bibite.
2795 385 3170 448 Hauducemus
3218 401 3266 449 et
3303 395 3579 465 bibamus;
3611 415 3727 454 cras
3777 405 3918 454 enim

612 496 732 533 mea
760 479 893 533 :Itac
917 495 979 532 ex
1005 495 1158 532 causa
1187 492 1454 547 progressa
1489 492 1603 530 sunt
1630 475 1828 530 obviam
1859 476 1969 542 tibi,
2003 475 2206 529 deside-

609 588 734 625 rans
750 571 932 640 faciem
951 582 1088 624 tuam
1107 570 1388 623 “invenire.
1411 567 1614 623 lnstitis
1651 568 1786 622 texui
1804 568 1990 622 lectum
2015 584 2203 634 meum,

611 676 660 717 et
692 667 876 735 tapetis
893 667 954 716 ab
979 661 1053 717 1E
1058 673 1210 735 θυμω
1224 663 1397 716 stravi.
1411 661 1480 714 As
1489 662 1622 732 perri
1643 661 1829 715 lectum
1847 677 2014 714 meum
2030 677 2204 726 croco,

610 757 818 810 domum
845 767 1195 811 autemmeam
1217 756 1562 809 cinnamomo.
1594 753 1741 817 Veni,
1760 758 2002 825 fruamur
2022 755 2204 808 amici-

607 851 678 903 tia
707 866 861 918 usque
890 851 942 902 in
969 848 1261 902 diluculum
1283 863 1302 901 :
1338 848 1470 912 veni,
1505 858 1551 902 et
1601 848 1938 902 colluctemur
1964 847 2207 916 cupidine

601 941 785 1012 (Prov.
812 956 904 1006 vti,
935 939 1013 995 14
1040 950 1088 994 et
1114 940 1268 1012 seq.).
1307 938 1457 994 Haiic
1484 938 1630 994 enim
1662 954 1756 1008 per
1803 953 1865 993 os
1895 938 2204 995 Salomonis

600 1036 844 1106 speciem
879 1036 1183 1092 fornicariae
1231 1034 1485 1090 videmus
1536 1049 1874 1104 expressam.
1911 1033 2045 1088 Nam
2074 1033 2203 1104 quid

603 1137 711 1184 tam
733 1130 1124 1194 meretricium,
1141 1145 1301 1200 quam
1319 1128 1597 1184 saecularis
1613 1127 1857 1196 voluptas
1871 1142 1990 1198 quae
2007 1142 2035 1181 a
2053 1126 2204 1183 lene-

600 1232 712 1279 stra
741 1224 934 1279 domus
962 1239 1074 1278 sua:
1097 1222 1474 1288 iutrat,oculis
1503 1223 1672 1291 prima
1711 1229 2045 1276 teutamenta
2068 1237 2204 1291 prze-

599 1315 822 1381 ludens;
847 1326 898 1372 et
923 1324 1172 1386 penetrat
1193 1315 1304 1370 cito
1333 1315 1378 1367 si
1411 1324 1464 1367 tu
1497 1315 1551 1368 in
1577 1313 1814 1383 plateam
1841 1314 2199 1383 prospiciens,

599 1408 654 1462 id
681 1416 788 1475 est,
822 1407 874 1462 in
933 1407 1175 1477 publicas
1228 1406 1622 1461 transeuntium
1674 1407 1807 1470 vias,
1845 1421 1950 1460 non
1982 1407 2035 1460 in
2068 1407 2200 1477 legis

600 1500 814 1554 interna
852 1501 1106 1571 mysteria
1145 1499 1395 1554 obtutum
1433 1510 1537 1554 tute
1568 1500 1762 1554 mentis
1813 1500 2083 1556 intendas.
2121 1501 2197 1557 Ea

599 1590 844 1662 proiecto
894 1600 978 1646 est
1021 1606 1141 1662 qua:
1175 1591 1532 1646 validioribus
1561 1593 1786 1647 vinculis
1826 1593 1977 1648 velut
2020 1593 2200 1650 cubile

598 1683 868 1754 quoddam
898 1684 1223 1739 consociata:
1271 1684 1426 1739 nobis
1459 1687 1866 1740 communitatis
1898 1687 2110 1751 intexit,
2137 1694 2198 1741 ut

599 1776 689 1846 qui
725 1778 1073 1831 reclinaverit
1116 1792 1200 1844 se,
1235 1776 1460 1845 ligetur;
1486 1786 1541 1832 et
1591 1778 1966 1847 Opprobriosm
1993 1778 2197 1836 fraudis
2228 1802 2275 1864 Β

595 1871 866 1926 velamine
895 1873 1071 1941 operit
1100 1870 1342 1940 corporis
1383 1872 1464 1926 sui
1494 1881 1744 1937 stratum,
1773 1872 1842 1926 ad
1893 1872 2192 1928 Sollicitan-

595 1964 692 2018 dos
705 1964 965 2033 juvenum
981 1965 1191 2018 animos
1213 1965 1514 2019 absentiam
1538 1965 1664 2030 viri,
1687 1965 1788 2022 hoc
1809 1975 1914 2032 est,
1929 1965 2193 2022 incuriam

594 2056 731 2127 legis
753 2057 1039 2112 obtexeus.
1065 2058 1168 2112 Lex
1191 2059 1333 2111 enim
1357 2059 1553 2113 absens
1582 2059 1927 2128 peccantibus
1949 2069 2055 2124 est,
2072 2075 2194 2114 nam

597 2150 641 2205 si
706 2149 941 2217 adesset,
1008 2165 1111 2204 non
1163 2149 1603 2221 delinqueretur;
1645 2161 1700 2206 et
1751 2151 1871 2206 ideo
1921 2153 1996 2206 ait
2029 2170 2041 2205 :
2074 2151 2196 2206 Non

589 2243 725 2297 enim
751 2244 894 2298 adest
920 2244 997 2296 vir
1015 2260 1152 2297 meus
1184 2243 1236 2297 in
1277 2244 1430 2298 domo
1456 2260 1474 2296 :
1499 2243 1624 2297 abiit
1647 2254 1814 2297 autem
1841 2245 1972 2297 viam
1994 2245 2190 2316 longis-

585 2340 766 2393 simam
787 2339 1048 2392 involucro
1085 2338 1314 2408 pecuniae
1357 2348 1570 2408 accepto
1621 2339 1673 2390 in
1703 2354 1858 2390 manu
1886 2337 2077 2407 (Ibid.,
2101 2338 2191 2404 i9,

587 2431 705 2499 20)..
735 2431 876 2500 Quid
919 2431 1020 2487 hoc
1043 2446 1169 2487 esse
1195 2433 1394 2498 dicam,
1428 2432 1530 2487 nisi
1558 2431 1698 2487 forte
1725 2431 1848 2501 quia
1878 2432 2074 2487 divites
2099 2449 2193 2503 pu-

595 2533 710 2579 tant
751 2525 886 2580 nihil
929 2539 1051 2582 esse
1098 2525 1242 2597 quod
1294 2541 1402 2582 non
1436 2526 1730 2582 eedatsute
1757 2527 2025 2596 pecunias,
2056 2536 2111 2582 et
2138 2527 2191 2583 in

483 2648 490 2670 ν
587 2621 815 2689 gratiam
845 2621 926 2674 sui
955 2621 1129 2691 legem
1150 2621 1316 2676 velint
1343 2636 1464 2677 esse
1490 2621 1783 2677 venalem?
1810 2622 2028 2693 Spargit
2059 2625 2193 2679 odo-

476 3197 498 3248 ἔ.

590 2727 679 2766 res
723 2727 850 2766 suos
881 2712 1150 2782 voluptas,
1195 2715 1319 2783 quia
1353 2711 1556 2768 Christi
1589 2713 1812 2768 odorem
1849 2730 1954 2768 non
2003 2714 2188 2783 habet,

591 2807 880 2862 thesauros
904 2807 1265 2874 demonstrat,
1291 2823 1454 2879 regna
1481 2808 1640 2880 190
1663 2809 1949 2879 promittit,
1973 2825 2190 2866 amores

586 2902 820 2972 spondet
840 2902 1528 2972 continuos,iuexploratos
1546 2902 1864 2957 concubitus
1879 2904 2186 2974 pollicetur,

583 2999 700 3053 sine
731 2998 1021 3069 paedagogo
1065 2996 1403 3067 disciplinas,
1437 2997 1554 3052 sine
1581 2997 1849 3052 monitore
1879 3012 2182 3064 sermones,

583 3093 748 3146 vitam
797 3089 914 3146 sine
959 3088 1351 3156 sollicitudine,
1383 3089 1605 3145 mollem
1637 3104 1911 3154 somnum,
1936 3089 2186 3159 inexple-

580 3282 804 3336 diutento
850 3296 1162 3347 sermonum,
1196 3289 1240 3332 et
1285 3279 1481 3348 laqueis
1530 3276 1782 3332 labiorum
1831 3293 2046 3330 suorum
2074 3275 2185 3330 alli-

581 3391 740 3445 gans,
771 3375 977 3426 domum
997 3374 1226 3442 adusque
1252 3371 1486 3425 attraxit.
1513 3372 1575 3424 At
1611 3372 1698 3425 ille
1729 3378 1932 3424 secuttts
1957 3387 2067 3424 eam
2085 3371 2188 3424 cit'o

585 3468 898 3519 eumvenitur
925 3462 1112 3536 (Ibid.,
1133 3464 1248 3532 ﬁl).
1272 3463 1486 3518 Nitcbat
1515 3464 1636 3517 aula
1661 3462 1812 3534 regio
1842 3463 1968 3516 luxu
1997 3463 2182 3532 splen-

580 3559 708 3614 dida
757 3559 960 3614 czelatis
991 3557 1309 3628 parietibus,
1353 3566 1406 3612 et
1460 3555 1677 3610 humida
1732 3556 1990 3610 natabant
2032 3557 2183 3625 pavi-

582 3663 763 3710 menta
789 3655 939 3708 vino.
975 3649 1266 3722 Flagrabat
1325 3657 1610 3720 unguento
1639 3649 1859 3716 humus,
1895 3648 2065 3719 Spiuis
2091 3664 2184 3704 co-

577 3757 769 3818 eperta
800 3747 1054 3818 piscium,
1083 3754 1139 3801 et
1167 3744 1537 3799 marcentibus
1556 3742 1665 3812 jam
1692 3742 1916 3796 ﬂoribus
1949 3741 2179 3796 lubrica.

577 3842 692 3898 lllic
723 3841 1150 3896 comessantium
1173 3839 1455 3905 tumultus,
1498 3837 1930 3894 concertantiutn
1951 3839 2179 3904 clamor,

575 3935 899 4007 litigantium
931 3934 1132 3998 caedes,
1161 3931 1191 3971 δ
1219 3942 1518 3988 concentus
1564 3932 1919 3997 cmuz‘tntium,
1971 3932 2178 3986 saltan-

577 4033 710 4088 tium
743 4034 1020 4104 strepitus,
1073 4030 1364 4087 ridentium
1415 4029 1738 4095 cachinnus,
1776 4026 2177 4082 lascivientium

579 4125 823 4194 plausus,
853 4126 1077 4181 confusa
1111 4125 1317 4188 omnia,
1345 4121 1476 4176 nihil
1517 4133 1727 4176 natura:
1752 4119 1969 4176 ordine.
1997 4118 2178 4176 Salta-

575 4216 740 4271 trices
771 4225 962 4281 tonsae,
995 4225 1048 4272 et
1075 4217 1378 4286 crispantes
1434 4216 1584 4284 pueri
1618 4230 1796 4280 coma,
1841 4215 2175 4282 epulantium

574 4308 834 4376 cruditas,
868 4311 1146 4364 edentium
1200 4321 1409 4373 ructus,
1448 4309 1723 4363 ebriorum
1749 4309 1892 4373 sitis,
1925 4307 2174 4362 hesterna

575 4406 818 4474 crapula,
853 4404 1120 4461 hodierna
1143 4404 1480 4468 temulentis,
1515 4403 1722 4470 repleta
1755 4401 1959 4454 vomitu
1989 4401 2176 4456 biben-

575 4499 708 4553 tium
729 4499 921 4567 poeula
955 4497 1158 4566 majore
1186 4497 1358 4550 odore
1387 4493 1865 4564 ebrietatis,q.uatn
1898 4493 1943 4546 si
1978 4509 2172 4548 recen-

2310 483 2613 545 moriemur.
2630 482 2979 539 Trunsietvita
3010 497 3184 541 nostra
3211 496 3468 557 tamquam
3493 492 3710 563 vestigia
3735 492 3918 561 nubis,

2310 585 2358 629 et
2389 585 2648 647 tamquam
2677 579 2863 633 nebula
2887 578 3224 653 dissipabitur
3249 581 3431 652 (Prov.
3455 601 3538 648 rx,
3577 585 3691 655 l7).
3728 585 3920 641 Venite

2308 683 2428 737 ergo
2444 710 2457 733 ,
2483 669 2718 738 fruamur
2736 670 2882 725 bonis
2909 687 3024 740 qua
3050 682 3189 738 sunt,
3219 683 3265 726 et
3290 684 3498 728 utantur
3525 685 3759 730 creatura
3777 687 3920 730 tam-

2307 777 2460 830 quam
2490 764 2543 816 in
2558 765 2830 835 juventute
2848 766 3102 820 celeriter.
3136 767 3269 822 Vino
3312 769 3533 837 pretim
3553 781 3602 824 et
3635 772 3920 841 unguentis

2310 872 2402 908 nos
2422 858 2748 928 impleamus,
2780 869 2827 913 et
2850 876 2950 913 non
2985 869 3251 932 pratereat
3277 878 3367 915 nos
3389 863 3488 931 flos
3515 865 3778 933 temporis.
3814 864 3920 919 Co-

2308 966 2549 1004 ronemus
2581 968 2671 1006 nos
2700 954 2830 1007 rosis
2857 963 3126 1024 antequam
3169 965 3503 1013 marcescant.
3538 954 3762 1010 Nullum
3783 975 3916 1026 pra—

2309 1053 2418 1096 tum
2468 1045 2534 1098 sit
2570 1047 2706 1114 quod
2753 1062 2853 1101 non
2881 1057 3196 1117 pertranseat
3224 1050 3433 1103 luxuria
3462 1059 3640 1104 nostra
3670 1067 3688 1104 :
3721 1049 3917 1119 ubique

2307 1136 2659 1204 relinquamus
2686 1139 2832 1210 signa
2861 1140 3054 1194 laetitia:
3080 1140 3236 1213 (Sup.
3260 1157 3322 1207 ll,
3348 1143 3380 1196 8
3403 1151 3450 1196 et
3472 1141 3628 1213 seq.).
3648 1143 3776 1199 Haec
3791 1159 3916 1199 om—

2307 1227 2398 1281 nia
2425 1231 2824 1300 rclinquuntur,
2858 1232 2992 1287 nihil
3021 1248 3208 1289 secum
3256 1236 3377 1305 quis
3432 1237 3591 1303 teret,
3627 1238 3730 1292 nisi
3762 1237 3911 1308 quod

2305 1322 2552 1389 corporis
2581 1315 2856 1393 voluptate
2882 1327 3210 1396 perceperit.
3245 1327 3487 1398 Denique
3513 1344 3616 1398 ego
3638 1329 3800 1384 istam
3829 1331 3915 1384 iu-

2305 1412 2452 1466 stitui
2485 1413 2887 1484 PhilosOphiam
2915 1433 2930 1482 ;
2963 1433 3065 1473 nec
3083 1429 3167 1474 est
3197 1420 3302 1474 alia
3327 1422 3527 1488 verior,
3561 1420 3663 1476 nisi
3691 1437 3755 1476 ea
3784 1437 3915 1492 qua:

2303 1503 2504 1558 bonum
2531 1511 2729 1562 asserit
2757 1510 2899 1579 quod
2932 1525 3098 1567 suave
3128 1513 3610 1583 atquejucundum
3638 1514 3730 1569 sit.
3761 1515 3912 1587 Ergo

2303 1599 2389 1653 vel
2417 1598 2779 1671 Philosoiihia:
2806 1604 2888 1659 vel
2925 1605 3205 1674 sapientia:
3233 1607 3541 1663 Salomonis
3567 1607 3793 1664 credite.

2933 1738 3158 1796 CAPUT
3193 1737 3256 1796 V.

2309 1848 2603 1905 Sollicitato
2627 1868 2655 1904 a
2680 1854 2940 1922 voluptate
2961 1857 3119 1908 virtus
3142 1857 3350 1910 saniora
3371 1858 3617 1925 consulit;
3645 1860 3908 1926 quomodo

2331 2019 2334 2024 _
2377 1944 2643 2002 diubolicis
2701 1949 3063 2003 tentationibus
3105 1951 3463 2017 resistendum,
3496 1960 3717 2022 etaquo
3755 1954 3909 2007 etiam

2373 2040 2678 2108 temporalia
2704 2044 3011 2111 expetenda,
3044 2060 3296 2112 quamque
3335 2044 3426 2098 illa
3472 2043 3718 2114 improbis
3751 2047 3909 2098 noxia

2371 2134 2493 2196 sint,
2526 2134 2708 2198 docet;
2740 2134 2919 2189 invitat
2966 2135 3033 2188 ad
3076 2137 3363 2191 convivium
3402 2139 3689 2207 sapientiw,
3713 2139 3909 2210 etquid

2370 2223 2478 2293 ejus
2510 2225 2726 2278 ebrietas
2759 2244 2790 2280 a
2815 2227 3090 2281 vinolentia
3128 2229 3396 2300 discrepet,
3445 2233 3649 2302 aperit;
3680 2248 3741 2285 ac
3790 2243 3910 2287 tan-.

2372 2315 2485 2370 (lein
2513 2319 2745 2373 avaritia:
2772 2322 2909 2395 mqfa
2932 2321 3180 2376 declarat.

2375 2431 2462 2486 15.
2487 2431 2588 2486 llis
2615 2433 2837 2498 auditis,
2871 2435 3026 2490 velut
3063 2449 3261 2491 cervus
3304 2437 3592 2506 sagittalus
3637 2438 3691 2492 in
3716 2438 3904 2509 iecore

2297 2524 2470 2581 lateret
2523 2527 2760 2582 Saucius.
2795 2528 2963 2596 Quem
3017 2531 3284 2585 miserans
3319 2531 3518 2600 virtus,
3570 2543 3626 2588 et
3649 2548 3902 2588 casurqu

2295 2619 2403 2674 cito
2434 2619 2646 2685 videns,
2673 2621 2968 2690 improviso
2994 2633 3016 2660 ε
3041 2625 3304 2690 occurrit,
3332 2625 3500 2680 verita
3531 2641 3599 2680 ne
3622 2626 3763 2680 inter
3787 2641 3902 2680 mo-

2297 2728 2383 2768 ras
2412 2714 2686 2770 illecebris
2725 2715 3161 2772 demulcentibus
3193 2734 3349 2774 meus
3375 2719 3623 2789 capiatur
3647 2721 3898 2775 humana.

2296 2810 2502 2875 Palam,
2529 2811 2724 2881 inquit,
2757 2815 2982 2882 apparui
3014 2813 3108 2867 tibi
3133 2829 3240 2868 non
3271 2815 3538 2884 quaerenti
3568 2830 3675 2869 me.
3697 2814 3778 2870 Ne
3804 2817 3899 2868 lal—

2293 2901 2368 2956 lat
2395 2903 2813 2970 imprudentem,
2831 2913 2887 2959 et
2916 2905 3306 2960 circumveniat
3334 2915 3386 2960 te
3409 2907 3607 2962 mulier
3633 2906 3897 2963 effrenata

2291 3005 2344 3051 et
2382 2997 2535 3068 191
2566 2998 2846 3052 luxuriosa
2874 3013 2995 3068 qua;
3021 3015 3126 3054 non
3156 3001 3304 3056 novit
3331 3000 3592 3070 pudorem
3614 3017 3634 3066 ε,
3658 3001 3816 3057 sedet
3841 3002 3896 3056 in

2291 3084 2496 3144 toribus
2543 3089 2737 3147 domus
2785 3092 2839 3145 in
2869 3093 3220 3162 sella,palam
3269 3094 3321 3148 iu
3371 3095 3567 3164 plateis
3592 3075 3894 3152 advocatis

525 3249 530 3252 _
573 3186 747 3251 bilem
772 3185 1142 3256 cupiditatem.
1174 3183 1459 3248 Seducens,
1485 3183 1680 3253 inquit,
1713 3201 1830 3238 eum
1859 3184 2021 3238 multo
2040 3184 2186 3238 blan-
2212 3199 2257 3263 ο
2292 3191 2687 3249 praetereuntes
2718 3182 2899 3254 (Prov.
2952 3199 3032 3250 ix,
3067 3185 3129 3239 lli
3160 3193 3207 3239 et
3240 3183 3354 3256 15).
3384 3186 3541 3240 Nunc
3590 3186 3770 3259 igitur,
3793 3188 3892 3256 ﬁli,

2291 3273 2413 3328 audi
2443 3291 2541 3340 me,
2580 3277 2784 3331 intende
2828 3277 2992 3332 verbis
3035 3279 3138 3332 oris
3161 3280 3280 3334 mei.
3326 3277 3450 3332 Non
3478 3279 3694 3334 declinet
3715 3280 3769 3333 in
3793 3279 3892 3334 vias

2289 3375 2399 3442 ejus
2430 3388 2519 3425 cor
2537 3382 2697 3428 tuum.
2732 3371 2930 3428 Multos
2955 3374 3088 3427 enim
3119 3374 3442 3429 vulnerando
3465 3374 3675 3443 dejecit,
3701 3383 3748 3428 et
3774 3384 3891 3428 sunt

2286 3464 2682 3519 innumerabiles
2697 3467 3128 3534 quostrucidavit.
3148 3466 3252 3521 Via:
3265 3468 3551 3538 inferorum
3566 3468 3746 3522 domus
3758 3470 3888 3540 ejus,

2287 3555 2591 3612 deducentes
2621 3558 2674 3610 in
2699 3575 2955 3612 secessum
2989 3560 3167 3613 mortis
3198 3559 3384 3631 (Prov.
3417 3576 3512 3626 vn,
3545 3561 3616 3615 24
3649 3572 3695 3616 et
3722 3560 3880 3632 seq.).

2286 3649 2448 3719 Aufer
2470 3650 2628 3719 igitur
2667 3652 2756 3706 tibi
2795 3669 3010 3720 pravum
3037 3669 3093 3708 os
3114 3663 3160 3707 et
3187 3654 3381 3726 injusta
3424 3654 3564 3708 labia
3604 3655 3754 3726 longe
3782 3674 3814 3709 a
3841 3666 3886 3710 te

2285 3746 2535 3814 propelle.
2573 3746 2721 3799 (lculi
2745 3748 2820 3800 tui
2851 3759 2988 3801 recta
3035 3747 3238 3803 videant
3278 3747 3461 3822 (Prov.
3487 3765 3560 3816 tv,
3586 3749 3657 3803 24
3680 3761 3725 3805 et
3750 3748 3842 3818 95)
3869 3767 3881 3802 :

2285 3835 2390 3890 noli
2415 3837 2677 3892 intendere
2706 3839 2883 3910 fallaci
2916 3841 3120 3894 mulieri
3152 3840 3335 3911 (Prov.
3365 3857 3418 3910 v,
3442 3842 3521 3914 2).
3547 3843 3708 3900 Mella
3739 3844 3880 3900 enim

2282 3928 2627 3986 distillabunt
2647 3947 2676 3985 a
2697 3931 2855 3986 labiis
2877 3933 3124 3988 mulieris
3151 3933 3478 3999 fornicariae,
3508 3951 3627 4005 qua}
3653 3935 3720 3990 ad
3751 3945 3880 3990 tem-

2284 4037 2382 4092 pus
2413 4023 2714 4094 impinguat
2769 4024 2951 4081 fauces
3000 4035 3143 4091 tuas,
3179 4039 3366 4097 postea
3400 4043 3528 4085 vero
3549 4029 3874 4085 amariorem

2282 4116 2406 4172 felle
2440 4119 2704 4174 invenies.
2767 4119 2892 4175 Dies
2935 4135 3024 4175 me
3068 4121 3227 4175 citius
3254 4121 3517 4177 deiecerit
3553 4138 3714 4192 quam
3751 4124 3878 4177 vitia

2281 4212 2398 4281 ejus
2422 4229 2714 4281 exponam,
2749 4228 2870 4282 qua:
2903 4222 3081 4268 tamen
3115 4215 3166 4268 in
3199 4214 3508 4270 Proverbiis
3545 4231 3640 4270 ore
3671 4215 3878 4285 sapien-

2279 4307 2367 4358 tia‘:
2398 4306 2667 4376 descripta
2725 4315 2888 4375 atque
2940 4321 3197 4376 expressa
3251 4317 3374 4362 sunt
3425 4307 3608 4376 (Prov.
3634 4324 3706 4374 vt,
3739 4308 3809 4362 9.4
3832 4326 3876 4374 ει

2278 4395 2429 4468 seq.).
2447 4397 2560 4451 Non
2587 4405 2638 4454 te
2654 4399 2836 4452 vincat
2862 4400 3048 4453 formre
3071 4401 3535 4469 concupiscentia.
3560 4400 3874 4457 Adulterina

2278 4499 2384 4556 est,
2417 4490 2552 4546 fucis
2583 4493 2738 4558 illita,
2771 4509 3110 4564 nequaquam
3168 4510 3299 4549 vero
3329 4510 3393 4550 ac
3421 4496 3635 4550 sincero
3666 4494 3875 4566 fulgens

568 4597 640 4649 tia
672 4603 880 4648 tantum
907 4595 1026 4648 vina
1061 4592 1371 4662 ﬂagrarent.
1420 4591 1538 4660 Ipsa
1569 4589 1622 4644 iu
1655 4587 1838 4643 medio
1866 4596 2016 4642 stans
2044 4605 2058 4642 :
2083 4589 2174 4643 Bi-
2205 4605 2252 4665 ι)
2278 4583 2496 4640 decore.
2522 4583 2706 4656 Neque
2729 4589 2963 4657 capiaris
2983 4588 3183 4655 oculis;
3218 4589 3543 4644 circumfusa
3567 4590 3710 4644 enim
3740 4591 3872 4645 retia

574 4688 704 4754 bile,
729 4687 918 4757 inquit,
941 4697 992 4742 et
1024 4684 1392 4751 inebriamini,
1422 4695 1478 4738 ut
1506 4682 1662 4738 cadat
1694 4681 2087 4752 unusquisque,
2118 4690 2174 4737 et

575 4798 680 4838 non
714 4792 976 4852 resurgat.
1001 4780 1098 4835 Ille
1117 4780 1257 4850 apud
1291 4795 1376 4834 me
1404 4781 1631 4849 primus,
1653 4778 1744 4848 qui
1772 4777 2015 4832 onmium
2049 4791 2172 4846 per-

572 4875 890 4931 ditissimus.
926 4873 1018 4928 llle
1047 4887 1203 4928 meus
1235 4881 1340 4940 est,
1373 4872 1468 4944 qui
1497 4886 1630 4927 suus
1654 4886 1760 4926 non
1781 4878 1884 4926 est.
1923 4869 2017 4925 Ille
2039 4869 2170 4924 mihi

567 4971 794 5042 gratior,
831 4969 920 5040 qui
965 4967 1068 5023 sibi
1097 4965 1342 5038 nequior.
1378 4965 1533 5021 Calix
1564 4981 1761 5021 aureus
1789 4964 2081 5035 Babylonis
2114 4964 2168 5017 in

567 5081 730 5120 manu
761 5079 878 5119 mea
902 5061 1171 5118 inebrians
1198 5074 1415 5114 omnem
1435 5069 1698 5123 terram,a
1723 5059 1851 5113 vino
1875 5073 1996 5113 meo
2025 5056 2172 5112 bibe-

567 5170 694 5216 runt
717 5173 906 5215 omnes
931 5166 1139 5228 gentes.
1175 5153 1277 5224 Qui
1303 5161 1388 5208 est
1411 5167 1542 5224 ergo
1575 5152 1916 5222 insipientior
1940 5151 2172 5206 divertat

567 5255 635 5310 ad
657 5270 762 5321 me,
793 5262 849 5310 et
875 5249 1238 5322 indigentibus
1251 5248 1512 5318 sapientia
1542 5247 1797 5317 prtecipio
1817 5246 2037 5300 dicens:
2067 5244 2172 5299 Pa-

566 5349 716 5404 nibus
737 5345 1048 5404 absconditis
1065 5344 1290 5399 suaviter
1310 5342 1540 5408 utimini,
1557 5349 1604 5395 et
1625 5356 1825 5411 aquam
1841 5338 2026 5411 furtim
2051 5337 2172 5392 dul-

635 5534 661 5562 ιι
686 5525 815 5580 Mss.
845 5523 952 5577 duo
972 5519 1095 5575 Vat.
1145 5529 1200 5574 et
1249 5513 1445 5581 Laud.,
1495 5511 1664 5566 inveni
1695 5520 1760 5564 te.
1793 5508 1933 5565 Cum
1962 5505 2046 5581 his
2075 5505 2155 5561 fa-

563 5578 901 5654 cittutLXX.
930 5594 1020 5662 qui
1049 5592 1126 5645 sic
1157 5578 1661 5662 liabent__:_sroeoﬁaa
1686 5585 1744 5639 τὸ
1766 5583 1853 5662 qua
1871 5578 2154 5656 πρόσωπον

567 5666 754 5749 abeunti:
783 5687 862 5722 trs.
908 5653 975 5719 E't
1005 5672 1129 5734 post
1159 5675 1328 5732 pauca
1357 5657 1519 5716 iidem
1540 5653 2037 5722 mss.,collwtemur
2066 5666 2157 5704 cu-

565 5741 892 5867 milii-vei.
921 5804 1052 5863 edit.
1078 5820 1198 5862 cum
1229 5819 1359 5860 mss.
1389 5802 1513 5860 Vat.
1538 5814 1669 5868 uno,
1695 5805 1751 5857 et.
1798 5797 1922 5854 Div.
1950 5809 1966 5864 ;
1991 5792 2152 5852 Rom.

2277 4689 2400 4736 sunt
2434 4676 2607 4754 (Cant.
2637 4681 2749 4740 11.8
2773 4690 2818 4735 et
2847 4681 2928 4754 9).
2962 4682 3090 4736 Esto
3119 4684 3290 4751 magis
3318 4683 3510 4737 similis
3538 4683 3681 4738 illius
3709 4692 3764 4739 et
3788 4699 3871 4739 se-

2273 4791 2440 4846 quere
2470 4791 2592 4830 cum
2626 4775 2716 4846 qui
2761 4776 2886 4829 salit
2905 4790 3071 4844 super
3103 4786 3336 4841 montes,
3362 4785 3416 4830 et
3446 4775 3679 4831 transilit
3707 4791 3871 4846 super

2270 4868 2462 4932 colles,
2481 4868 2821 4937 prospiciens
2845 4883 2938 4937 per
2961 4867 3250 4935 fenestras,
3265 4866 3510 4924 eminens
3529 4884 3691 4939 super
3712 4870 3864 4924 retia.

2275 4959 2411 5016 Mala
2439 4971 2563 5016 sunt
2585 4963 2878 5030 voluptatis
2897 4961 3136 5017 vincula.
3159 4962 3358 5018 Oculos
3381 4962 3636 5031 delectat,
3661 4962 3868 5019 demul-

2274 5065 2360 5108 cet
2410 5069 2592 5122 aures,
2622 5054 2722 5111 sed
2769 5065 3006 5111 mentem
3037 5055 3285 5126 inquinat
3319 5073 3332 5109 :
3363 5056 3532 5110 multa
3583 5056 3864 5122 mentitur,

2273 5148 2407 5204 lalsa
2436 5149 2698 5220 adiungit,
2727 5165 2852 5206 vera
2873 5149 3151 5216 subducit,
3178 5150 3410 5220 spondet
3431 5151 3738 5218 pecuniam,
3767 5167 3864 5206 au-

2273 5259 2393 5298 rum
2421 5243 2577 5300 oﬂ‘ert
2611 5243 2751 5309 ;sed
2789 5243 2968 5300 aufert
2997 5245 3338 5316 disciplinam
3389 5245 3574 5318 (Prov.
3605 5262 3716 5310 vttt,
3750 5245 3861 5318 l0).

2271 5335 2353 5393 'l‘u
2382 5349 2561 5394 autem
2587 5338 2771 5408 accipe
2794 5339 2974 5408 potius
2996 5337 3360 5409 disciplinam,
3376 5353 3535 5410 quam
3554 5339 3860 5411 pecuniam,

2262 5518 2444 5564 autem
2484 5525 2606 5564 cum
2635 5509 2778 5575 aliis,
2811 5518 3086 5565 concentus
3113 5512 3425 5565 canentium.

2339 5592 2359 5618 ο
2392 5582 2519 5636 Mss.
2551 5581 2664 5635 Vat.
2702 5596 2864 5645 unus,
2895 5581 3012 5637 Div.
3043 5590 3097 5637 et
3123 5580 3270 5636 Flor.
3322 5598 3528 5640 necnon
3561 5585 3694 5640 edit.
3715 5595 3855 5651 vet.,

2264 5653 2484 5708 occurrit
2533 5654 2763 5707 veritate.
2825 5651 2921 5708 Ms.
2953 5652 3150 5720 Laud.,
3179 5655 3399 5708 occurrit
3425 5657 3634 5713 veritas.
3667 5657 3859 5716 Melius

2267 5723 2388 5778 Vat.
2413 5723 2588 5793 Alter,
2611 5731 2667 5780 et
2692 5723 2823 5780 edit.
2851 5723 3035 5795 Rom.,
3063 5726 3306 5796 occurrit,
3339 5727 3501 5782 verita
3523 5745 3608 5800 ne,
3641 5738 3748 5788 etc.
