4222 6364
281 331 390 394 Si’a'

1476 326 1566 386 DE
1604 325 1762 390 ΟΜΝ
1803 328 1892 390 ET
1928 327 2134 388 ABEL.
2177 323 2305 392 LIB.
2349 317 2392 385 l.

3483 325 3588 388 39.6

283 460 339 509 et
364 449 650 508 scientiam
681 462 850 520 super
869 460 1064 503 aurum
1090 445 1398 517 probatum.
1431 445 1621 503 Melior
1645 457 1728 504 est
1745 445 1890 502 enim
1921 454 1966 512 Α
1996 447 2310 516 accipientis
2339 457 2444 512 est,
2466 446 2510 501 si
2544 444 2622 501 uti
2650 444 3026 514 nesciat.Quid
3047 445 3284 502 estenim
3307 445 3591 503 thesaurus

285 544 558 615 lapidibus
576 541 832 613 pretiosis
854 540 1034 612 (Prov.
1057 556 1138 604 Ill,
1167 539 1231 595 l0
1247 549 1294 598 et
1319 557 1406 612 seq
1430 538 1470 612 ).
1489 538 1606 598 Non
1631 550 1682 596 te
1699 541 1890 598 celabo

287 651 408 709 qum
435 651 645 691 summa
675 635 794 706 ejus
815 634 1127 700 feruntur,“
1157 648 1226 690 ne
1255 633 1443 690 videar
1462 633 1750 706 deoperire
1767 649 1892 705 quas

290 731 622 802 displiceant
649 731 704 786 in
724 729 1025 800 voluptate,
1043 738 1096 786 et
1119 729 1450 786 obumbrare
1475 746 1595 801 quae
1618 730 1890 800 placeant.

291 826 482 882 Elevat
511 826 656 881 enim
689 834 742 880 et
769 823 984 879 extollit
1021 833 1259 879 mentem
1294 825 1553 879 suasoriis
1573 825 1772 888 verbis,
1798 837 1890 879 os-

291 917 464 974 tendit
493 917 674 972 omnia
725 931 890 987 regna
947 925 1130 982 terrae,
1159 916 1345 972 dicens
1379 933 1391 969 :
1421 917 1535 971 ha'c
1589 917 1768 973 omnia
1799 917 1892 973 tibi

295 1011 460 1078 dabo,
517 1011 562 1065 si
609 1010 894 1080 procidens
926 1008 1239 1064 adoraveris
1288 1023 1396 1064 me.
1450 1009 1526 1064 lbi
1583 1018 1637 1063 tu
1667 1023 1799 1063 cave
1829 1023 1896 1063 ne

297 1102 527 1173 rapiaris
557 1116 590 1156 a
638 1099 1148 1172 praeterlabentibus
1200 1109 1255 1155 et
1296 1115 1404 1156 non
1445 1100 1812 1166 manentibus,
1842 1101 1897 1155 in

300 1196 496 1268 quibus
521 1209 714 1266 magna
755 1194 982 1249 tentatio
1005 1203 1110 1248 est.

373 1291 460 1347 l6.
490 1292 682 1347 Docuit
723 1304 776 1346 te
799 1299 949 1345 certe
972 1289 1236 1344 Dominus
1264 1287 1423 1345 Iesus
1440 1287 1895 1360 quemadmodum

302 1384 564 1440 adversus
594 1381 903 1452 hujusmodi
931 1379 1258 1438 tentationes
1285 1382 1528 1436 resistas.
1575 1381 1903 1436 Tetenderat

303 1476 558 1533 diabolus
582 1477 812 1545 primum
841 1476 1090 1545 laqueum
1119 1475 1257 1544 gula:
1289 1474 1476 1530 dicens
1505 1491 1518 1526 :
1551 1473 1612 1529 Si
1637 1474 1776 1543 ﬁlius
1808 1472 1904 1527 Dei

303 1587 376 1638 es,
407 1571 492 1625 dic
538 1571 660 1624 huic
703 1569 886 1641 lapidi,
916 1579 971 1624 ut
1025 1572 1176 1638 panis
1217 1570 1312 1639 ﬁat
1356 1569 1571 1640 (Matth.
1601 1584 1676 1634 Iv,
1700 1569 1734 1623 5
1758 1566 1903 1634 eti).

309 1664 608 1736 Respondit
643 1665 947 1720 Dominus:
995 1662 1118 1718 Non
1148 1664 1203 1717 in
1252 1679 1386 1732 pane
1427 1664 1537 1717 solo
1583 1662 1704 1717 vivit
1730 1663 1905 1727 homo,

307 1760 398 1814 sed
429 1760 482 1812 in
514 1758 654 1812 omni
671 1757 820 1814 verba
844 1755 962 1812 Dei.
991 1755 1272 1824 Laqueum
1301 1755 1458 1811 solvit
1484 1757 1584 1811 hoc
1610 1754 1778 1813 dicto.
1805 1755 1907 1810 Po-

304 1855 414 1910 suit
437 1855 630 1910 iterum
652 1852 898 1910 diabolus
913 1852 1212 1908 secundum
1235 1851 1510 1921 iactantia:
1525 1851 1798 1921 laqueum,
1816 1850 1908 1919 qui

306 1947 466 2002 etiam
481 1946 680 2002 bonam
694 1957 928 2001 montem
945 1945 1218 2014 prostieris
1231 1953 1541 1999 currentem
1557 1944 1764 1998 semitis
1775 1943 1913 1998 solet

307 2040 686 2109 strangulare:
717 2037 785 2094 Et
823 2037 974 2093 duxit
1019 2037 1188 2102 illum,
1223 2037 1424 2105 inquit,
1453 2039 1506 2090 in
1557 2035 1912 2104 Hierusalem,

310 2143 362 2189 et
381 2134 562 2187 statuit
585 2147 700 2188 eunt
728 2148 880 2203 super
907 2132 1122 2202 pinnam
1146 2131 1340 2202 templi,
1355 2139 1405 2185 et
1431 2130 1560 2184 dixit
1588 2131 1702 2185 illi:
1733 2130 1794 2185 Si
1815 2127 1910 2182 Fi-

310 2226 410 2281 lius
441 2225 536 2280 Dei
557 2242 632 2290 es,
663 2227 806 2280 mitts
830 2234 882 2280 te
907 2227 1048 2280 hinc.
1105 2225 1368 2295 Scriptum
1397 2234 1472 2278 est
1498 2231 1632 2278 enim
1659 2223 1795 2290 quod
1824 2239 1918 2277 an-

313 2319 447 2390 gelis
475 2320 582 2374 suis
604 2319 870 2374 mandauit
880 2319 943 2372 de
964 2327 1031 2386 te,
1050 2327 1103 2372 ut
1123 2327 1416 2372 conservent
1439 2326 1507 2383 te,
1529 2318 1651 2388 quia
1671 2317 1722 2370 in
1751 2317 1920 2370 mani-

313 2413 408 2466 bus
464 2412 644 2467 tollent
691 2421 763 2478 te,
794 2427 857 2466 ne
910 2415 1046 2482 forte
1095 2408 1332 2478 oﬁ'endas
1361 2410 1428 2462 ad
1473 2408 1696 2478 lapidem
1742 2407 1920 2476 pedem

316 2517 458 2561 tuum
492 2505 655 2577 (Ibid.
680 2507 714 2561 5
742 2515 794 2561 et
821 2506 900 2579 6).
943 2505 1136 2577 Itaque
1177 2521 1301 2562 cum
1334 2513 1518 2576 posset
1539 2504 1662 2558 sine
1689 2503 1797 2558 ullo
1829 2519 1921 2572 pe-

319 2601 490 2656 riculo
545 2600 762 2656 mittere
811 2615 872 2657 se
905 2601 1166 2656 Dominus
1201 2598 1361 2656 Jesus
1387 2637 1404 2665 ,
1454 2599 1540 2654 cui
1569 2603 1923 2668 suppeterent

321 2693 596 2764 spiritales
649 2694 898 2760 volatus;
935 2702 1114 2748 tamen
1147 2708 1214 2748 ne
1258 2692 1532 2761 iactantiae
1558 2703 1730 2760 genus
1753 2697 1922 2753 esset,

321 2787 600 2866 respondit
625 2788 844 2844 diabolo
867 2804 882 2842 :
906 2785 1028 2841 Non
1055 2786 1274 2840 teatabis
1303 2784 1583 2840 Dominum
1595 2782 1764 2838 Deum
1781 2792 1924 2838 tuum

321 2883 510 2957 (lbitl.,
534 2885 610 2953 Ἰ).
645 2883 818 2940 Simul
845 2881 1030 2938 docuit
1055 2896 1158 2936 nos
1199 2895 1394 2936 cavere
1435 2895 1502 2934 ne
1534 2878 1794 2934 faciamus
1826 2889 1926 2929 vo-

326 2978 588 3033 luntatem
615 2977 838 3032 diaboli.
874 2976 936 3032 Si
983 2989 1115 3047 ergo
1163 2989 1290 3031 vere
1315 2973 1577 3046 iactantia
1603 2971 1924 3029 declinanda

326 3079 432 3137 est,
455 3079 658 3140 quanto
683 3071 855 3140 magis
883 3084 1046 3124 nemo
1065 3068 1226 3123 debet
1242 3067 1374 3122 falsa
1396 3067 1606 3137 jactare
1626 3079 1725 3136 pro
1746 3064 1926 3120 veris?

329 3163 545 3220 Tertius
575 3172 828 3233 superest
856 3162 1079 3232 laqueus
1105 3162 1347 3216 avaritia:
1400 3167 1566 3230 atque
1592 3157 1922 3213 ambitionis.

1993 540 2296 605 luxurioso,
2328 541 2430 596 nisi
2459 549 2706 611 sumptus
2731 541 2960 598 luxuria:
2982 543 3004 596 ?
3027 541 3181 598 Unde
3213 557 3322 596 non
3349 543 3591 598 luxurio.

1993 649 2108 697 sus,
2140 635 2235 690 sed
2275 634 2413 704 frugi
2447 636 2724 706 probatur.
2757 633 2826 694 Et
2848 636 2968 692 ideo
2998 646 3148 694 utere
3171 638 3320 706 quasi
3347 635 3487 708 frugi
3518 637 3586 693 iis

1993 744 2116 799 quac
2141 727 2236 785 tibi
2258 739 2626 799 apponuntur,
2659 742 2716 786 ut
2747 745 2996 786 noncum
3023 730 3315 786 manducas
3339 731 3595 800 multum,

1995 824 2212 881 odibilis
2239 826 2338 880 tias
2369 843 2383 880 :
2416 825 2621 899 Vigilitz
2647 827 2790 882 enim
2817 835 2864 882 et
2891 835 3145 884 tormenta
3165 827 3273 881 viro
3299 826 3445 882 edaci
3469 824 3594 896 (Ec-

1996 919 2086 973 cli.
2110 934 2262 985 xxxx,
2310 917 2430 991 9.5).
2465 919 2530 974 Et
2567 919 2704 976 infra
2733 935 2748 972 :
2791 919 2851 975 Si
2876 929 3080 974 coactus
3109 920 3270 992 fueris
3299 921 3352 974 in
3379 919 3597 988 edendo,

1999 1029 2154 1082 surge
2170 1023 2218 1066 et
2239 1029 2404 1078 vente,
2421 1023 2471 1070 et
2497 1013 2826 1083 refrigerabit
2853 1022 2986 1077 te,et
3007 1029 3110 1068 non
3137 1013 3363 1068 adduces
3395 1013 3602 1084 corpori

2000 1113 2090 1157 tuo
2115 1105 2468 1174 infirmitatem
2490 1103 2682 1174 (lbid.,
2715 1104 3121 1174 $5).Plurimos
3148 1105 3328 1176 itaque
3348 1105 3472 1176 gula
3503 1121 3600 1161 sua

2001 1195 2220 1259 occidit,
2243 1197 2451 1252 nullum
2477 1196 2754 1266 frugalitas
2778 1215 2790 1249 :
2825 1197 3126 1254 innumeris
3142 1199 3262 1253 vina
3281 1205 3604 1265 nocuerunt,

2003 1287 2140 1344 nulli
2165 1289 2520 1358 parcintonia.
2561 1289 2815 1360 Plerique
2862 1289 3003 1346 inter
3032 1289 3220 1360 epulas
3251 1295 3261 1356 l
3273 1290 3460 1346 fudere
3486 1289 3605 1348 ani-

2006 1396 2144 1443 mas.
2194 1391 2248 1436 et
2303 1397 2522 1440 mensas
2581 1384 2801 1455 proprio
2833 1384 3114 1454 replevere
3160 1384 3443 1453 sanguine.
3472 1383 3609 1442 Aliis

2007 1473 2250 1530 cruditas
2270 1489 2460 1532 vocem
2484 1476 2641 1531 simul
2676 1476 2855 1546 rapuit
2883 1486 2937 1532 et
2963 1492 3184 1534 sensum
3218 1494 3230 1531 :
3257 1486 3312 1532 et
3337 1477 3383 1532 si
3414 1478 3610 1548 aliqui-

2009 1567 2108 1624 bus
2135 1569 2374 1625 cruditas
2421 1569 2581 1626 noxia
2615 1586 2720 1625 non
2773 1569 2896 1634 fuit,
2927 1571 3012 1625 his
3040 1573 3252 1626 ruinam
3285 1569 3411 1626 fecit
3431 1571 3613 1628 ebrie-

2009 1669 2113 1717 tas.
2150 1662 2302 1718 Alios
2324 1664 2470 1720 enim
2508 1664 2560 1718 in
2601 1664 2808 1719 crimen
2838 1665 2950 1735 egit
2989 1665 3264 1731 ebrietas;
3292 1666 3398 1720 etsi
3447 1666 3562 1734 ipsa
3590 1677 3612 1705 ο

2012 1756 2218 1811 crimen
2243 1756 2336 1822 sit,
2359 1757 2495 1813 alios
2517 1757 2582 1812 ad
2614 1768 2910 1827 egestatem
2934 1757 3158 1829 redegit.
3193 1759 3478 1813 Postremo
3491 1759 3616 1814 audi

1945 1878 1986 1938 Β
2014 1864 2151 1918 quos
2179 1848 2430 1906 Christus
2486 1849 2733 1906 excludat
2771 1869 2784 1904 :
2817 1850 2946 1906 Cum
2989 1851 3271 1918 intraverit,
3301 1851 3494 1921 inquit,
3525 1868 3621 1921 pa-

2019 1943 2352 2013 terfamilias,
2384 1952 2430 1997 et
2482 1943 2723 2000 clauserit
2752 1945 2980 2010 ostium,
3013 1945 3267 2015 incipietis
3309 1947 3440 2017 foris
3459 1954 3615 2012 stare,

2017 2043 2064 2090 et
2094 2034 2306 2106 pulsare
2332 2037 2519 2092 ostium
2544 2038 2804 2094 dicentes:
2835 2037 2993 2108 Aperi
3018 2039 3179 2096 nobis.
3209 2037 3277 2094 Et
3309 2041 3620 2112 respondeas

2019 2129 2150 2184 dicet
2171 2145 2188 2184 :
2212 2128 2402 2186 Nescio
2432 2146 2518 2184 vos
2550 2115 2684 2185 unde
2708 2133 2848 2198 estis,
2873 2132 3096 2186 receditc
3117 2150 3150 2186 a
3177 2148 3278 2199 me,
3301 2149 3477 2188 omnes
3499 2149 3622 2203 ape-

2019 2221 2148 2275 rarii
2176 2222 2482 2291 iniquitatis.
2543 2222 2687 2278 Tunc
2729 2225 2985 2296 incipiatis
3035 2225 3245 2280 dicere:
3281 2224 3622 2282 Manducavi-

2021 2333 2132 2370 nm
2153 2333 2330 2370 rorant
2359 2328 2426 2382 te,
2451 2326 2498 2372 et
2524 2317 2768 2383 bibimus,
2795 2327 2843 2372 et
2869 2319 2922 2372 in
2948 2319 3132 2390 plateis
3159 2319 3347 2374 nostris
3373 2318 3618 2375 docuisti.

2025 2409 2092 2464 Et
2109 2411 2242 2465 dicet
2267 2410 2408 2465 vobis
2427 2426 2446 2464 :
2477 2409 2668 2467 Nescio
2689 2412 2826 2468 unde
2847 2410 3133 2483 estis(Luc.
3162 2427 3274 2480 xttt,
3292 2411 3366 2467 25
3393 2422 3438 2466 et
3460 2411 3620 2484 seq.).

2022 2503 2236 2561 Audiati
2275 2505 2404 2575 quid
2445 2504 2514 2561 de
2545 2504 2998 2560 manducantibus
3028 2506 3244 2561 dixerit.
3293 2504 3434 2561 Audi
3481 2520 3624 2562 nunc

2023 2601 2148 2670 quid
2173 2599 2242 2655 de
2263 2599 2634 2670 jejunantibus
2678 2599 2862 2656 dicat:
2889 2598 3038 2655 Beati
3074 2600 3165 2670 qui
3207 2615 3344 2654 nunc
3395 2599 3626 2655 esuriant

2024 2706 2070 2752 et
2101 2697 2301 2762 sitiunt,
2334 2697 2459 2766 quia
2488 2695 2860 2750 saturabuntttr
2890 2694 3042 2768 (Luc.
3083 2711 3160 2760 vt,
3188 2694 3305 2768 9A).
3341 2694 3410 2751 Ει
3439 2694 3578 2749 infra
3609 2711 3628 2752 ι

2035 2787 2125 2843 Va:
2151 2786 2291 2843 vobis
2339 2789 2428 2860 qui
2457 2789 2682 2844 saturati
2720 2789 2862 2857 estis,
2891 2788 3136 2859 quoniam
3170 2787 3408 2844 esurialis
3433 2785 3626 2857 (Ibid,

2025 2883 2146 2955 as).

2103 2978 2189 3033 t9.
2218 2977 2323 3034 Sed
2346 2977 2427 3034 vis
2457 2977 2810 3044 manducare,
2829 2976 2912 3033 vis
2931 2976 3124 3038 bibere
3143 2973 3316 3033 ἓνδιιὶ
3341 2975 3408 3031 ad
3439 2975 3630 3031 convi-

2033 3071 2176 3126 vium
2233 3071 2514 3141 sapientiae
2534 3086 2655 3142 quae.
2703 3071 3104 3126 invitatomnes
3129 3085 3252 3125 cum
3278 3084 3465 3139 magna
3491 3083 3632 3138 prae-

2031 3165 2306 3221 dicatioue
2327 3165 2518 3220 dicens
2550 3183 2562 3218 :
2597 3164 2779 3220 Venite
2803 3173 2851 3218 et
2881 3165 3018 3219 edite
3044 3180 3205 3233 panes
3233 3179 3390 3229 meos,
3415 3172 3461 3218 et
3481 3161 3634 3217 bibite

329 3255 580 3315 Ostendit
603 3257 656 3311 in
683 3265 866 3312 monte
896 3256 1078 3326 posito
1099 3254 1282 3308 omnia
1312 3268 1475 3323 regna
1503 3252 1652 3307 orbis
1683 3260 1844 3307 terrae
1873 3251 1927 3305 in
1957 3282 2004 3346 ε
2035 3259 2208 3312 viuum
2228 3257 2370 3328 quod
2411 3257 2596 3312 miscui
2622 3257 2763 3312 υοιίε
2789 3255 2974 3330 (ρνου,
2997 3271 3072 3321 ιχ,
3105 3255 3185 3316 5),
3211 3254 3489 3310 Delectant
3508 3269 3636 3308 ea...

333 3357 612 3406 momento
626 3348 884 3417 temporis
900 3345 950 3417 (ι
959 3345 1062 3400 bid.
1073 3389 1088 3413 ,
1103 3345 1160 3411 8,
1175 3356 1220 3399 et
1236 3344 1546 3416 seq.).Bene
1559 3345 1612 3399 iu
1631 3351 1930 3408 momento,

334 3445 457 3516 quia
486 3442 742 3498 diuturna
786 3456 909 3498 esse
939 3450 1233 3510 nequeunt.
1265 3437 1547 3493 Paululum
1573 3443 1848 3507 exspecta,
1879 3443 1936 3490 et

337 3539 448 3595 cito
469 3545 770 3593 transeunt.
794 3533 977 3606 itaque
994 3537 1083 3605 qui
1109 3541 1408 3604 sequuntur
1426 3547 1514 3597 ea,
1545 3532 1597 3586 in
1630 3540 1814 3586 monte
1833 3528 1938 3584 sibi

338 3650 459 3691 esse
480 3633 733 3689 videntur
760 3650 774 3686 :
802 3631 898 3687 sed
943 3646 1054 3686 non
1081 3639 1206 3685 sunt
1262 3628 1531 3699 perpetui,
1587 3628 1727 3681 sicut
1773 3623 1940 3680 habes

348 3735 608 3804 scriptum
634 3731 790 3786 :Vidi
806 3729 1023 3792 impium
1048 3726 1488 3795 saperexaltatum
1513 3735 1558 3779 et
1585 3723 1741 3796 192
1772 3722 1940 3776 clera-

346 3836 451 3883 tttnt
479 3843 632 3898 super
661 3826 842 3881 cedrus
871 3823 1091 3889 Libani,
1124 3833 1171 3876 et
1201 3821 1438 3886 transivi,
1471 3829 1519 3874 et
1558 3835 1674 3873 ecce
1701 3834 1802 3871 non
1833 3823 1940 3870 erat

343 3922 461 3996 (1's.
485 3937 669 3988 xxxvi,
688 3918 801 3990 55).
837 3919 944 3976 Sed
971 3919 1062 3989 qui
1090 3932 1154 3973 ea
1177 3913 1399 3971 maximi
1429 3913 1580 3976 facit,
1603 3911 1833 3967 adorare
1859 3909 1940 3964 vi-

341 4016 499 4072 detur
520 4016 792 4071 diabolum
813 4055 828 4081 ,
861 4015 1018 4083 cujus
1050 4012 1194 4068 Deus
1223 4020 1416 4066 venter
1441 4017 1547 4076 est,
1577 4018 1632 4064 et
1660 4007 1712 4062 in
1736 4006 1944 4078 puden-

344 4111 428 4168 dis
447 4111 638 4182 gloria.
669 4111 748 4164 Tu
775 4117 954 4164 autem
986 4108 1040 4162 in
1074 4108 1184 4162 Deo
1227 4105 1454 4175 gloriam
1499 4117 1706 4171 quaere,
1735 4101 1826 4171 qui
1849 4099 1942 4156 tibi

355 4203 431 4258 ait
462 4222 474 4255 :
502 4201 782 4256 Dominum
812 4201 978 4256 Deam
1007 4210 1154 4254 tuum
1183 4197 1448 4260 adorabis,
1470 4196 1615 4251 etilli
1634 4195 1732 4250 soli
1757 4194 1946 4248 servies

352 4297 771 4368 (MattthJO),
791 4313 820 4352 a
839 4312 946 4368 quo
962 4307 1166 4351 :eterna
1189 4294 1448 4365 accipias,
1474 4307 1582 4348 non
1604 4288 1942 4360 temporalia.

424 4392 730 4448 ii.’l‘amen
748 4391 798 4446 si
817 4407 979 4460 quem
1003 4390 1170 4446 etiam
1197 4389 1302 4444 ista
1322 4387 1617 4452 delectent,
1645 4386 1718 4441 ab
1743 4399 1810 4442 eo
1832 4398 1950 4439 mo-

2039 3352 2144 3406 tica
2171 3365 2292 3421 quae
2339 3351 2646 3420 epulantem
2690 3348 3074 3405 demulceam?
3106 3347 3246 3404 Audi
3300 3348 3636 3413 hortantem,

2037 3425 2167 3500 audi
2193 3452 2504 3500 cantantem
2529 3445 2850 3507 Ecclesium,
2868 3461 2974 3498 non
2994 3443 3170 3500 solum
3198 3443 3252 3497 in
3280 3442 3527 3508 canticis,
3542 3440 3639 3498 sed

2038 3539 2198 3595 etiam
2233 3540 2285 3593 in
2316 3536 2552 3593 Canticis
2597 3539 2932 3593 canticorum
2977 3554 2991 3591 :
3038 3534 3378 3600 Manducate,
3411 3534 3642 3608 proximi

2041 3636 2158 3696 mei,
2185 3643 2234 3688 et
2255 3634 2426 3699 bibite,
2453 3642 2504 3688 et
2529 3629 2917 3699 ineln'iamini,d
2947 3641 3120 3704 patres
3149 3632 3249 3686 mei
3273 3629 3447 3701 (Cant.
3480 3646 3533 3695 ν,
3561 3629 3638 3697 1).

2040 3726 2144 3782 Sed
2175 3726 2289 3781 haec
2327 3725 2564 3781 ebrietas
2594 3725 2808 3780 sobrios
2831 3725 2993 3790 facit;
3024 3723 3138 3779 haec
3160 3723 3396 3780 ebrietas
3428 3723 3640 3794 gratiae,

2042 3835 2154 3874 non
2182 3819 2518 3874 temulentim
2545 3827 2652 3875 est.
2697 3817 2964 3873 Lmtitiatu
2990 3827 3237 3889 generat,
3272 3831 3382 3872 non
3410 3815 3643 3872 tituban-

2042 3911 2192 3965 tiam.
2222 3909 2332 3964 Nec
2353 3911 2591 3965 verearis
2623 3923 2692 3965 ne
2714 3910 2768 3964 in
2787 3909 3036 3964 convivio
3078 3907 3338 3964 Ecclesiae
3389 3915 3482 3962 aut
3505 3905 3646 3978 grati

2043 4005 2237 4061 odores
2267 4004 2386 4069 tibi,
2428 4014 2519 4059 aut
2545 4004 2732 4058 dulces
2773 4004 2901 4070 cibi,
2948 4012 3040 4056 aut
3093 4003 3290 4057 diversi
3341 4009 3524 4071 potus,
3554 4007 3652 4056 aut

2045 4096 2292 4154 convivae
2321 4095 2536 4152 nobiles
2575 4095 2776 4164 desint,
2811 4105 2903 4152 aut
2927 4094 3184 4152 decentes
3225 4094 3479 4150 ministri.
3507 4092 3645 4161 Quid

2044 4191 2266 4248 Christo
2292 4190 2646 4262 nobilins,qui
2672 4190 2723 4244 in
2743 4189 2990 4245 convivio
3021 4189 3280 4245 Ecclesiae
3297 4197 3353 4245 et
3378 4188 3648 4244 ministrat

2045 4296 2100 4342 et
2124 4283 2504 4340 ministratur?
2531 4281 2688 4338 Istius
2728 4282 2972 4338 convivat
3013 4281 3376 4338 recumbentis
3417 4291 3647 4336 annecte

2053 4379 2210 4452 193
2233 4385 2286 4434 te
2317 4377 2495 4442 lateri,
2546 4392 2610 4434 ac
2657 4385 2709 4432 te
2743 4376 2854 4432 Deo
2883 4376 3194 4447 conjunge;
3245 4391 3352 4432 non
3408 4371 3654 4430 fastidias

352 4485 594 4541 deratius
620 4491 871 4554 petantur
897 4483 990 4554 qui
1017 4498 1179 4538 verus
1205 4481 1450 4537 omnium
1476 4479 1602 4534 fons
1628 4489 1732 4534 est.
1763 4475 1947 4530 bNam
2049 4486 2292 4527 mensam
2338 4485 2498 4542 quam
2536 4467 2788 4525 Christus
2836 4468 3004 4540 elegit
3053 4467 3278 4524 dicens:
3333 4464 3554 4521 Introiui
3599 4466 3654 4520 in

352 4589 408 4636 et
435 4582 546 4650 ipsa
574 4580 862 4650 peculiaria
910 4593 1030 4647 qua:
1067 4577 1348 4649 possidere
1392 4575 1492 4630 sibi
1519 4574 1732 4631 videtur
1761 4572 1950 4628 diabo-
2051 4568 2256 4620 hortum
2276 4581 2466 4629 meum,
2489 4580 2636 4619 soror
2676 4579 2788 4620 mea
2814 4579 3026 4634 sponsa,
3058 4561 3366 4620 uindemiavi
3391 4559 3656 4632 myrrham

351 4670 460 4738 lus,
493 4671 670 4726 aliena
695 4679 841 4737 sunt,
868 4671 1008 4725 sicut
1040 4671 1156 4740 ipse
1199 4667 1335 4723 dixit
1369 4686 1380 4722 :
1413 4666 1532 4722 Tibi
1570 4666 1702 4720 dabo
1729 4674 1949 4736 potesta-
1976 4677 2028 4737 ι)
2053 4675 2169 4714 cum
2207 4656 2524 4712 aromatibtts
2551 4657 2674 4712 meis
2703 4672 2722 4711 :
2765 4654 3072 4711 manducavi
3103 4670 3288 4724 pauent
3339 4669 3508 4708 meum
3539 4669 3656 4708 cum

315 4828 322 4834 I
352 4777 450 4822 teni
481 4768 616 4820 Itane
633 4768 926 4821 universam
952 4774 998 4819 et
1028 4765 1250 4840 gloriam
1264 4763 1599 4832 eoruut,quia
1619 4761 1748 4814 mihi
1765 4758 1954 4812 tradita

351 4870 476 4916 sunt
507 4857 700 4932 (Ibid.,
726 4857 806 4932 9).
839 4859 920 4916 Ab
947 4872 1015 4914 eo
1043 4872 1176 4928 ergo
1223 4871 1404 4926 spera,
1438 4855 1566 4909 licet
1602 4853 1780 4908 brevis
1827 4851 1954 4904 vita:

355 4967 464 5009 non
487 4955 558 5007 sit
586 4952 804 5024 longum
834 4953 1086 5007 viaticum
1129 4946 1514 5020 requirendum
1541 4962 1556 5012 ;
1589 4955 1770 4999 tamen
1791 4944 1858 4997 ab
1886 4955 1954 4998 eo

355 5061 518 5120 spera
549 5048 638 5118 qui
663 5045 972 5102 universam
1001 5053 1310 5101 creaturam
1327 5040 1594 5104 condidit,
1613 5039 1704 5109 qui
1732 5036 1954 5092 diabolo

357 5157 422 5199 ea
450 5141 518 5197 ad
550 5151 764 5211 tempus
784 5138 1022 5204 tradidit,
1040 5153 1147 5193 non
1166 5145 1224 5192 ut
1243 5135 1542 5208 possideat,
1559 5131 1656 5187 sed
1682 5141 1737 5186 ut
1761 5137 1950 5187 tentet.

359 5236 477 5292 Non
509 5235 653 5291 enim
686 5242 898 5304 poterat
925 5247 1122 5288 corona
1168 5245 1290 5286 esse
1317 5229 1435 5284 sine
1478 5224 1798 5288 certamine.
1823 5223 1957 5279 Pro-

360 5331 530 5390 baudi
549 5341 706 5387 erant
731 5328 900 5394 dubii,
933 5335 993 5384 ut
1016 5327 1144 5399 justi
1165 5329 1582 5382 coronarentur.

434 5425 524 5483 18.
557 5424 717 5481 Dedit
737 5425 920 5494 itaque
947 5420 1168 5478 diabolo
1191 5435 1276 5487 ea,
1301 5417 1426 5489 quia
1449 5417 1502 5472 in
1528 5415 1612 5470 his
1640 5413 1776 5485 ipsis
1802 5425 1961 5484 poena

436 5610 464 5640 ⁸
494 5599 642 5656 Edit.
661 5611 880 5662 omnes,
903 5603 960 5652 et
983 5609 1115 5668 mss.
1134 5592 1246 5650 duo
1271 5591 1510 5668 V_at.,_no
1530 5587 1704 5668 uidear
1729 5585 1952 5668 operire,

363 5682 471 5730 etc.
500 5673 686 5728 Melius
713 5685 844 5726 mss.
868 5660 1024 5736 'Div.,
1055 5665 1270 5724 Flor.et
1294 5661 1568 5736 Laud.,...
1593 5660 1880 5736 deoperire.

437 5727 463 5784 Β
493 5727 568 5799 Ita
622 5744 751 5799 edit.
786 5727 1021 5798 omnes]
1048 5739 1118 5794 At
1147 5753 1250 5793 ms.
1290 5733 1410 5790 Vat.
1463 5727 1624 5798 unus,
1653 5727 1708 5785 et
1756 5727 1955 5793 Laud,

367 5813 509 5887 Napi
558 5813 956 5887 ipsa__pecunia,
976 5819 1021 5864 et
1048 5825 1186 5880 quat,
1205 5819 1313 5887 etc.
1340 5805 1462 5862 Vat.
1497 5819 1632 5887 vero
1647 5803 1807 5864 alter.
1838 5801 1957 5860 Div.

368 5902 437 5945 ac
455 5879 635 5957 Fieri,
661 5879 802 5944 Nam
829 5894 876 5943 et
900 5885 1016 5957 ipsa
1032 5879 1352 5955 pecuniaria,
1380 5893 1518 5950 quae,
1545 5886 1652 5936 etc.

2057 4752 2206 4807 melle
2237 4767 2371 4815 meo,
2411 4758 2471 4806 ‘et
2522 4751 2622 4804 bibi
2652 4750 2824 4804 vinum
2852 4764 2970 4804 cum
3025 4749 3154 4803 lacte
3194 4763 3306 4802 meo
3357 4743 3573 4819 (Ibid).
3599 4745 3658 4802 ltt

2060 4846 2244 4913 horto,
2274 4845 2380 4902 hoc
2403 4854 2511 4910 est,
2550 4845 2603 4899 in
2637 4843 2890 4914 paradiso
2929 4851 3018 4898 est
3043 4842 3354 4898 convivium
3379 4841 3660 4906 Ecclesia',

2060 4939 2154 4996 ubi
2183 4947 2302 4998 erat
2331 4940 2482 5008 prius
2510 4936 2708 5001 Adam,
2755 4951 2916 5007 quam
2960 4943 3244 5006 peccatum
3273 4934 3658 4990 committeret.

2062 5031 2141 5089 lbi
2169 5029 2522 5088 recumbebat
2571 5029 2680 5084 Eva
2740 5028 3058 5100 priusquam
3109 5026 3326 5097 culpam
3373 5031 3667 5082 crcarctct

2066 5132 2304 5197 pareret.
2335 5122 2415 5182 lbi
2441 5121 2810 5180 vindemiabis
2837 5120 3142 5194 myrrham,
3173 5119 3279 5176 hoc
3307 5129 3410 5179 est,
3459 5117 3666 5174 Christi

2065 5219 2402 5292 sepulturam
2434 5235 2450 5286 ;
2483 5227 2540 5274 ut
2560 5217 2914 5288 consepultus
2951 5231 3076 5272 cum
3101 5203 3200 5270 illo
3228 5229 3323 5285 per
3339 5214 3670 5284 baptismum

2069 5315 2124 5372 in
2150 5322 2406 5382 mortem,
2440 5312 2898 5385 quemadmodum
2936 5309 3033 5368 ille
3063 5309 3302 5367 surrexit
3323 5322 3391 5366 ex
3416 5307 3670 5372 mortuis,

2069 5419 2125 5469 et
2147 5419 2206 5468 tu
2233 5425 2508 5489 resurges.
2542 5407 2622 5466 Ibi
2661 5405 3015 5466 manducabis
3040 5420 3236 5478 panem
3268 5403 3360 5476 qui
3383 5401 3676 5462 conﬁrmat

2064 5654 2098 5711 ὰ
2139 5581 2329 5639 cEdit.
2375 5596 2568 5639 omnes
2599 5623 2615 5650 ,
2663 5580 2858 5637 crimen
2880 5595 2986 5636 non
3048 5579 3149 5642 sit;
3201 5584 3390 5634 contra
3442 5588 3573 5630 mss.
3609 5574 3670 5632 ιι.

2104 5670 2213 5711 em.

2104 5670 2213 5711 em.

2138 5725 2166 5764 ἀ
2197 5725 2290 5783 Sic
2317 5723 2449 5780 edit.
2469 5723 2643 5795 antiq.
2669 5739 2793 5780 cum
2812 5721 3076 5778 mss.Vat.
3100 5735 3229 5795 uno,
3249 5717 3368 5795 Div.
3392 5729 3448 5776 et

2069 5798 2232 5855 Rom.
2263 5807 2445 5854 autem
2468 5788 2778 5865 cum'aliis,
2821 5797 3010 5868 fratres
3057 5793 3182 5864 mei,
3211 5802 3269 5852 ut
3295 5793 3460 5852 etiam
3489 5788 3633 5849 LXX
3659 5805 3676 5858 ;

2075 5870 2242 5944 Vulg.
2272 5885 2428 5940 vero,
2460 5868 2776 5930 charissimi.
