  <div class='ocr_page' id='page_1' title='image "/cluster/home/n/w/nwhite01/storage/ocr_20150623/14/hvd.32044015471303/169.png"; bbox 0 0 4222 6364; ppageno 0'>
   <div class='ocr_carea' id='block_1_1' title="bbox 564 365 669 424">
    <p class='ocr_par' dir='ltr' id='par_1_1' title="bbox 564 365 669 424">
     <span class='ocr_line' id='line_1_1' title="bbox 564 365 669 424; baseline -0.057 0"><span class='ocrx_word' id='word_1_1' title='bbox 564 365 669 424; x_wconf 72' lang='lat'><strong>39.7</strong></span> 
     </span>
    </p>
   </div>
   <div class='ocr_carea' id='block_1_2' title="bbox 556 463 1408 540">
    <p class='ocr_par' dir='ltr' id='par_1_2' title="bbox 556 463 1408 540">
     <span class='ocr_line' id='line_1_2' title="bbox 556 463 1408 540; baseline -0.031 0"><span class='ocrx_word' id='word_1_2' title='bbox 556 499 652 540; x_wconf 89' lang='lat' dir='ltr'><strong>cor</strong></span> <span class='ocrx_word' id='word_1_3' title='bbox 697 475 952 534; x_wconf 82' lang='lat' dir='ltr'><strong>hominis.</strong></span> <span class='ocrx_word' id='word_1_4' title='bbox 999 468 1098 527; x_wconf 82' lang='lat' dir='ltr'><strong>Mel</strong></span> <span class='ocrx_word' id='word_1_5' title='bbox 1145 463 1408 536; x_wconf 75' lang='lat' dir='ltr'><strong>gestabis,</strong></span> 
     </span>
    </p>
   </div>
   <div class='ocr_carea' id='block_1_3' title="bbox 561 541 2155 634">
    <p class='ocr_par' dir='ltr' id='par_1_3' title="bbox 561 541 2155 634">
     <span class='ocr_line' id='line_1_3' title="bbox 561 541 2155 634; baseline -0.028 0"><span class='ocrx_word' id='word_1_6' title='bbox 561 585 775 634; x_wconf 89' lang='lat' dir='ltr'><strong>meatus</strong></span> <span class='ocrx_word' id='word_1_7' title='bbox 826 567 1079 624; x_wconf 86' lang='lat' dir='ltr'><strong>faucium.</strong></span> <span class='ocrx_word' id='word_1_8' title='bbox 1128 559 1324 615; x_wconf 83' lang='lat' dir='ltr'><strong>Vinum</strong></span> <span class='ocrx_word' id='word_1_9' title='bbox 1353 553 1506 609; x_wconf 84' lang='lat' dir='ltr'><strong>bibes</strong></span> <span class='ocrx_word' id='word_1_10' title='bbox 1534 565 1653 604; x_wconf 82' lang='lat' dir='ltr'><strong>cum</strong></span> <span class='ocrx_word' id='word_1_11' title='bbox 1696 547 1858 610; x_wconf 88' lang='lat' dir='ltr'><strong>lacte,</strong></span> <span class='ocrx_word' id='word_1_12' title='bbox 1891 541 1997 595; x_wconf 89' lang='lat' dir='ltr'><strong>hoc</strong></span> <span class='ocrx_word' id='word_1_13' title='bbox 2053 546 2155 602; x_wconf 92' lang='lat' dir='ltr'><strong>cst,</strong></span> 
     </span>
    </p>
   </div>
   <div class='ocr_carea' id='block_1_4' title="bbox 563 631 2158 735">
    <p class='ocr_par' dir='ltr' id='par_1_4' title="bbox 563 631 2158 735">
     <span class='ocr_line' id='line_1_4' title="bbox 563 631 2158 735; baseline -0.027 -10"><span class='ocrx_word' id='word_1_14' title='bbox 563 685 685 726; x_wconf 91' lang='lat' dir='ltr'><strong>cum</strong></span> <span class='ocrx_word' id='word_1_15' title='bbox 713 662 1008 735; x_wconf 75' lang='lat' dir='ltr'><strong>Splendore</strong></span> <span class='ocrx_word' id='word_1_16' title='bbox 1036 666 1092 713; x_wconf 90' lang='lat' dir='ltr'><strong>et</strong></span> <span class='ocrx_word' id='word_1_17' title='bbox 1142 650 1456 709; x_wconf 74' lang='lat' dir='ltr'><strong>sinceritate</strong></span> <span class='ocrx_word' id='word_1_18' title='bbox 1499 663 1512 699; x_wconf 91' lang='lat'><strong>:</strong></span> <span class='ocrx_word' id='word_1_19' title='bbox 1548 645 1661 699; x_wconf 82' lang='lat' dir='ltr'><strong>sive</strong></span> <span class='ocrx_word' id='word_1_20' title='bbox 1687 637 1830 711; x_wconf 91' lang='lat' dir='ltr'><strong>quod</strong></span> <span class='ocrx_word' id='word_1_21' title='bbox 1865 649 1996 705; x_wconf 91' lang='lat' dir='ltr'><strong>pura</strong></span> <span class='ocrx_word' id='word_1_22' title='bbox 2026 631 2158 686; x_wconf 86' lang='lat' dir='ltr'><strong>sim-</strong></span> 
     </span>
    </p>
   </div>
   <div class='ocr_carea' id='block_1_5' title="bbox 562 727 2162 836">
    <p class='ocr_par' dir='ltr' id='par_1_5' title="bbox 562 727 2162 836">
     <span class='ocr_line' id='line_1_5' title="bbox 562 727 2162 836; baseline -0.027 -16"><span class='ocrx_word' id='word_1_23' title='bbox 562 764 776 836; x_wconf 87' lang='lat' dir='ltr'><strong>plicitas</strong></span> <span class='ocrx_word' id='word_1_24' title='bbox 800 759 899 822; x_wconf 90' lang='lat' dir='ltr'><strong>sit;</strong></span> <span class='ocrx_word' id='word_1_25' title='bbox 929 755 1043 810; x_wconf 89' lang='lat' dir='ltr'><strong>sive</strong></span> <span class='ocrx_word' id='word_1_26' title='bbox 1061 747 1204 819; x_wconf 84' lang='lat' dir='ltr'><strong>quod</strong></span> <span class='ocrx_word' id='word_1_27' title='bbox 1235 735 1822 808; x_wconf 8' lang='lat' dir='ltr'><strong>immaculatavgratia,</strong></span> <span class='ocrx_word' id='word_1_28' title='bbox 1856 744 1976 801; x_wconf 67' lang='lat' dir='ltr'><strong>qum</strong></span> <span class='ocrx_word' id='word_1_29' title='bbox 1997 727 2051 782; x_wconf 90' lang='lat' dir='ltr'><strong>in</strong></span> <span class='ocrx_word' id='word_1_30' title='bbox 2074 739 2162 779; x_wconf 84' lang='lat' dir='ltr'><strong>re-</strong></span> 
     </span>
    </p>
   </div>
   <div class='ocr_carea' id='block_1_6' title="bbox 563 817 2162 912">
    <p class='ocr_par' dir='ltr' id='par_1_6' title="bbox 563 817 2162 912">
     <span class='ocr_line' id='line_1_6' title="bbox 563 817 1089 836; baseline -0.027 -3"><span class='ocrx_word' id='word_1_31' title='bbox 563 817 589 836; x_wconf 69' lang='grc' dir='ltr'><em>τ</em></span> <span class='ocrx_word' id='word_1_32' title='bbox 624 817 660 819; x_wconf 43' lang='grc' dir='ltr'><strong>-κ</strong></span> <span class='ocrx_word' id='word_1_33' title='bbox 887 817 895 822; x_wconf 93' lang='grc'><strong>.</strong></span> <span class='ocrx_word' id='word_1_34' title='bbox 1082 817 1089 819; x_wconf 92' lang='lat'>_</span> 
     </span>
     <span class='ocr_line' id='line_1_7' title="bbox 563 817 2162 912; baseline -0.027 0"><span class='ocrx_word' id='word_1_35' title='bbox 563 855 880 912; x_wconf 85' lang='lat' dir='ltr'><strong>missiOnem</strong></span> <span class='ocrx_word' id='word_1_36' title='bbox 904 845 1138 902; x_wconf 90' lang='lat' dir='ltr'><strong>sumitur</strong></span> <span class='ocrx_word' id='word_1_37' title='bbox 1170 847 1516 912; x_wconf 77' lang='lat' dir='ltr'><strong>peccatorum</strong></span> <span class='ocrx_word' id='word_1_38' title='bbox 1546 848 1560 898; x_wconf 88' lang='lat'><strong>;</strong></span> <span class='ocrx_word' id='word_1_39' title='bbox 1593 829 1705 886; x_wconf 84' lang='lat' dir='ltr'><strong>sive</strong></span> <span class='ocrx_word' id='word_1_40' title='bbox 1731 823 1874 897; x_wconf 90' lang='lat' dir='ltr'><strong>quod</strong></span> <span class='ocrx_word' id='word_1_41' title='bbox 1907 817 2162 892; x_wconf 84' lang='lat' dir='ltr'><strong>parvulos</strong></span> 
     </span>
    </p>
   </div>
   <div class='ocr_carea' id='block_1_7' title="bbox 563 911 2162 1006">
    <p class='ocr_par' dir='ltr' id='par_1_7' title="bbox 563 911 2162 1006">
     <span class='ocr_line' id='line_1_8' title="bbox 563 911 2162 1006; baseline -0.027 0"><span class='ocrx_word' id='word_1_42' title='bbox 563 943 958 1006; x_wconf 88' lang='lat' dir='ltr'><strong>consolationis</strong></span> <span class='ocrx_word' id='word_1_43' title='bbox 980 954 1093 994; x_wconf 81' lang='lat' dir='ltr'><strong>suae</strong></span> <span class='ocrx_word' id='word_1_44' title='bbox 1122 911 1284 990; x_wconf 87' lang='lat' dir='ltr'><strong>Iactet</strong></span> <span class='ocrx_word' id='word_1_45' title='bbox 1315 928 1595 992; x_wconf 85' lang='lat' dir='ltr'><strong>uberibus,</strong></span> <span class='ocrx_word' id='word_1_46' title='bbox 1620 931 1682 978; x_wconf 90' lang='lat' dir='ltr'><strong>ut</strong></span> <span class='ocrx_word' id='word_1_47' title='bbox 1707 917 1960 976; x_wconf 88' lang='lat' dir='ltr'><strong>ablactati</strong></span> <span class='ocrx_word' id='word_1_48' title='bbox 1986 917 2039 967; x_wconf 89' lang='lat' dir='ltr'><strong>in</strong></span> <span class='ocrx_word' id='word_1_49' title='bbox 2069 911 2162 966; x_wconf 85' lang='lat' dir='ltr'><strong>de-</strong></span> 
     </span>
    </p>
   </div>
   <div class='ocr_carea' id='block_1_8' title="bbox 561 1009 2158 1107">
    <p class='ocr_par' dir='ltr' id='par_1_8' title="bbox 561 1009 2158 1107">
     <span class='ocr_line' id='line_1_9' title="bbox 561 1009 2158 1107; baseline -0.027 -8"><span class='ocrx_word' id='word_1_50' title='bbox 561 1044 727 1106; x_wconf 85' lang='lat' dir='ltr'><strong>liciis,</strong></span> <span class='ocrx_word' id='word_1_51' title='bbox 780 1039 831 1093; x_wconf 92' lang='lat' dir='ltr'><strong>in</strong></span> <span class='ocrx_word' id='word_1_52' title='bbox 867 1030 1257 1107; x_wconf 91' lang='lat' dir='ltr'><strong>plenitudinem</strong></span> <span class='ocrx_word' id='word_1_53' title='bbox 1309 1022 1565 1096; x_wconf 66' lang='lat' dir='ltr'><strong>perfectae</strong></span> <span class='ocrx_word' id='word_1_54' title='bbox 1609 1015 1782 1072; x_wconf 63' lang='lat' dir='ltr'><strong>artatis</strong></span> <span class='ocrx_word' id='word_1_55' title='bbox 1824 1009 2158 1066; x_wconf 66' lang='lat' dir='ltr'><strong>adolescant.</strong></span> 
     </span>
    </p>
   </div>
   <div class='ocr_carea' id='block_1_9' title="bbox 562 1111 2161 1204">
    <p class='ocr_par' dir='ltr' id='par_1_9' title="bbox 562 1111 2161 1204">
     <span class='ocr_line' id='line_1_10' title="bbox 562 1111 2161 1204; baseline -0.027 -9"><span class='ocrx_word' id='word_1_56' title='bbox 562 1135 802 1196; x_wconf 84' lang='lat' dir='ltr'><strong>Succede</strong></span> <span class='ocrx_word' id='word_1_57' title='bbox 823 1132 1022 1204; x_wconf 85' lang='lat' dir='ltr'><strong>ergoin</strong></span> <span class='ocrx_word' id='word_1_58' title='bbox 1049 1129 1152 1183; x_wconf 93' lang='lat' dir='ltr'><strong>hoc</strong></span> <span class='ocrx_word' id='word_1_59' title='bbox 1179 1119 1510 1180; x_wconf 79' lang='lat' dir='ltr'><strong>convivium.</strong></span> <span class='ocrx_word' id='word_1_60' title='bbox 1542 1115 1622 1170; x_wconf 87' lang='lat' dir='ltr'><strong>An</strong></span> <span class='ocrx_word' id='word_1_61' title='bbox 1654 1111 1854 1166; x_wconf 87' lang='lat' dir='ltr'><strong>metuis</strong></span> <span class='ocrx_word' id='word_1_62' title='bbox 1876 1120 1943 1160; x_wconf 91' lang='lat' dir='ltr'><strong>ne</strong></span> <span class='ocrx_word' id='word_1_63' title='bbox 1991 1115 2161 1170; x_wconf 82' lang='lat' dir='ltr'><strong>angu-</strong></span> 
     </span>
    </p>
   </div>
   <div class='ocr_carea' id='block_1_10' title="bbox 561 1193 2162 1287">
    <p class='ocr_par' dir='ltr' id='par_1_10' title="bbox 561 1193 2162 1287">
     <span class='ocr_line' id='line_1_11' title="bbox 561 1193 2162 1287; baseline -0.026 0"><span class='ocrx_word' id='word_1_64' title='bbox 561 1231 698 1287; x_wconf 89' lang='lat' dir='ltr'><strong>stior</strong></span> <span class='ocrx_word' id='word_1_65' title='bbox 715 1228 908 1285; x_wconf 88' lang='lat' dir='ltr'><strong>domus</strong></span> <span class='ocrx_word' id='word_1_66' title='bbox 953 1231 1007 1278; x_wconf 90' lang='lat' dir='ltr'><strong>et</strong></span> <span class='ocrx_word' id='word_1_67' title='bbox 1036 1217 1216 1276; x_wconf 84' lang='lat' dir='ltr'><strong>brevis</strong></span> <span class='ocrx_word' id='word_1_68' title='bbox 1249 1209 1484 1270; x_wconf 89' lang='lat' dir='ltr'><strong>convivii</strong></span> <span class='ocrx_word' id='word_1_69' title='bbox 1517 1209 1669 1262; x_wconf 90' lang='lat' dir='ltr'><strong>locus</strong></span> <span class='ocrx_word' id='word_1_70' title='bbox 1715 1213 1769 1258; x_wconf 91' lang='lat' dir='ltr'><strong>te</strong></span> <span class='ocrx_word' id='word_1_71' title='bbox 1793 1193 2162 1268; x_wconf 84' lang='lat' dir='ltr'><strong>comprimat?</strong></span> 
     </span>
    </p>
   </div>
   <div class='ocr_carea' id='block_1_11' title="bbox 561 1291 2162 1387">
    <p class='ocr_par' dir='ltr' id='par_1_11' title="bbox 561 1291 2162 1387">
     <span class='ocr_line' id='line_1_12' title="bbox 561 1291 2162 1387; baseline -0.024 -9"><span class='ocrx_word' id='word_1_72' title='bbox 561 1321 606 1378; x_wconf 93' lang='grc' dir='ltr'><strong>Ο</strong></span> <span class='ocrx_word' id='word_1_73' title='bbox 631 1319 800 1376; x_wconf 80' lang='lat' dir='ltr'><strong>Israel</strong></span> <span class='ocrx_word' id='word_1_74' title='bbox 831 1359 845 1382; x_wconf 93' lang='lat'><strong>,</strong></span> <span class='ocrx_word' id='word_1_75' title='bbox 874 1330 1034 1387; x_wconf 89' lang='lat' dir='ltr'><strong>quam</strong></span> <span class='ocrx_word' id='word_1_76' title='bbox 1063 1324 1256 1381; x_wconf 84' lang='lat' dir='ltr'><strong>magna</strong></span> <span class='ocrx_word' id='word_1_77' title='bbox 1286 1317 1366 1361; x_wconf 91' lang='lat' dir='ltr'><strong>est</strong></span> <span class='ocrx_word' id='word_1_78' title='bbox 1411 1303 1605 1358; x_wconf 91' lang='lat' dir='ltr'><strong>domus</strong></span> <span class='ocrx_word' id='word_1_79' title='bbox 1634 1293 1864 1360; x_wconf 89' lang='lat' dir='ltr'><strong>Domini,</strong></span> <span class='ocrx_word' id='word_1_80' title='bbox 1887 1299 1941 1346; x_wconf 91' lang='lat' dir='ltr'><strong>et</strong></span> <span class='ocrx_word' id='word_1_81' title='bbox 1972 1291 2162 1358; x_wconf 80' lang='lat' dir='ltr'><strong>ingens</strong></span> 
     </span>
    </p>
   </div>
   <div class='ocr_carea' id='block_1_12' title="bbox 561 1381 2160 1485">
    <p class='ocr_par' dir='ltr' id='par_1_12' title="bbox 561 1381 2160 1485">
     <span class='ocr_line' id='line_1_13' title="bbox 561 1381 2160 1485; baseline -0.026 -11"><span class='ocrx_word' id='word_1_82' title='bbox 561 1418 715 1474; x_wconf 91' lang='lat' dir='ltr'><strong>locus</strong></span> <span class='ocrx_word' id='word_1_83' title='bbox 782 1407 1149 1485; x_wconf 86' lang='lat' dir='ltr'><strong>possessionis</strong></span> <span class='ocrx_word' id='word_1_84' title='bbox 1189 1403 1307 1474; x_wconf 84' lang='lat' dir='ltr'><strong>ejus</strong></span> <span class='ocrx_word' id='word_1_85' title='bbox 1338 1401 1352 1454; x_wconf 88' lang='lat'><strong>!</strong></span> <span class='ocrx_word' id='word_1_86' title='bbox 1383 1398 1628 1468; x_wconf 81' lang='lat' dir='ltr'><strong>Magnus,</strong></span> <span class='ocrx_word' id='word_1_87' title='bbox 1659 1399 1715 1447; x_wconf 91' lang='lat' dir='ltr'><strong>et</strong></span> <span class='ocrx_word' id='word_1_88' title='bbox 1767 1403 1874 1443; x_wconf 92' lang='lat' dir='ltr'><strong>non</strong></span> <span class='ocrx_word' id='word_1_89' title='bbox 1903 1385 2066 1439; x_wconf 91' lang='lat' dir='ltr'><strong>habet</strong></span> <span class='ocrx_word' id='word_1_90' title='bbox 2095 1381 2160 1434; x_wconf 91' lang='lat' dir='ltr'><strong>ﬁ-</strong></span> 
     </span>
    </p>
   </div>
   <div class='ocr_carea' id='block_1_13' title="bbox 564 1472 2164 1577">
    <p class='ocr_par' dir='ltr' id='par_1_13' title="bbox 564 1472 2164 1577">
     <span class='ocr_line' id='line_1_14' title="bbox 564 1472 2164 1577; baseline -0.025 -10"><span class='ocrx_word' id='word_1_91' title='bbox 564 1472 712 1577; x_wconf 83' lang='lat' dir='ltr'><strong>nem,</strong></span> <span class='ocrx_word' id='word_1_92' title='bbox 754 1472 922 1571; x_wconf 77' lang='lat' dir='ltr'><strong>altus,</strong></span> <span class='ocrx_word' id='word_1_93' title='bbox 950 1511 1005 1558; x_wconf 91' lang='lat' dir='ltr'><strong>et</strong></span> <span class='ocrx_word' id='word_1_94' title='bbox 1043 1472 1347 1555; x_wconf 83' lang='lat' dir='ltr'><strong>immensus</strong></span> <span class='ocrx_word' id='word_1_95' title='bbox 1399 1487 1650 1564; x_wconf 84' lang='lat' dir='ltr'><strong>(Baruclt.</strong></span> <span class='ocrx_word' id='word_1_96' title='bbox 1686 1498 1766 1550; x_wconf 86' lang='grc' dir='ltr'>ιιι,</span> <span class='ocrx_word' id='word_1_97' title='bbox 1794 1479 1912 1548; x_wconf 72' lang='grc'><strong>24).</strong></span> <span class='ocrx_word' id='word_1_98' title='bbox 1947 1475 2022 1529; x_wconf 93' lang='lat' dir='ltr'><strong>lbi</strong></span> <span class='ocrx_word' id='word_1_99' title='bbox 2051 1472 2164 1528; x_wconf 86' lang='lat' dir='ltr'><strong>lue-</strong></span> 
     </span>
    </p>
   </div>
   <div class='ocr_carea' id='block_1_14' title="bbox 563 1580 2161 1672">
    <p class='ocr_par' dir='ltr' id='par_1_14' title="bbox 563 1580 2161 1672">
     <span class='ocr_line' id='line_1_15' title="bbox 563 1580 2161 1672; baseline -0.025 -12"><span class='ocrx_word' id='word_1_100' title='bbox 563 1615 686 1660; x_wconf 88' lang='lat' dir='ltr'><strong>runt</strong></span> <span class='ocrx_word' id='word_1_101' title='bbox 712 1602 958 1672; x_wconf 78' lang='lat' dir='ltr'><strong>gigantes</strong></span> <span class='ocrx_word' id='word_1_102' title='bbox 984 1595 1083 1661; x_wconf 87' lang='lat' dir='ltr'><strong>illi,</strong></span> <span class='ocrx_word' id='word_1_103' title='bbox 1106 1592 1195 1663; x_wconf 89' lang='lat' dir='ltr'><strong>qui</strong></span> <span class='ocrx_word' id='word_1_104' title='bbox 1221 1589 1289 1644; x_wconf 89' lang='lat' dir='ltr'><strong>ab</strong></span> <span class='ocrx_word' id='word_1_105' title='bbox 1313 1585 1469 1642; x_wconf 91' lang='lat' dir='ltr'><strong>initio</strong></span> <span class='ocrx_word' id='word_1_106' title='bbox 1502 1584 1717 1635; x_wconf 85' lang='lat' dir='ltr'><strong>luerunt</strong></span> <span class='ocrx_word' id='word_1_107' title='bbox 1743 1583 1944 1629; x_wconf 86' lang='lat' dir='ltr'><strong>statura</strong></span> <span class='ocrx_word' id='word_1_108' title='bbox 1969 1580 2161 1636; x_wconf 89' lang='lat' dir='ltr'><strong>magna</strong></span> 
     </span>
    </p>
   </div>
   <div class='ocr_carea' id='block_1_15' title="bbox 561 1663 2161 1764">
    <p class='ocr_par' dir='ltr' id='par_1_15' title="bbox 561 1663 2161 1764">
     <span class='ocr_line' id='line_1_16' title="bbox 561 1663 2161 1764; baseline -0.025 -11"><span class='ocrx_word' id='word_1_109' title='bbox 561 1697 798 1754; x_wconf 83' lang='lat' dir='ltr'><strong>scientes</strong></span> <span class='ocrx_word' id='word_1_110' title='bbox 829 1691 1094 1764; x_wconf 64' lang='lat' dir='ltr'><strong>praelium.</strong></span> <span class='ocrx_word' id='word_1_111' title='bbox 1129 1685 1246 1740; x_wconf 88' lang='lat' dir='ltr'><strong>Non</strong></span> <span class='ocrx_word' id='word_1_112' title='bbox 1299 1682 1400 1735; x_wconf 89' lang='lat' dir='ltr'><strong>hos</strong></span> <span class='ocrx_word' id='word_1_113' title='bbox 1430 1677 1594 1747; x_wconf 82' lang='lat' dir='ltr'><strong>elegit</strong></span> <span class='ocrx_word' id='word_1_114' title='bbox 1626 1669 1906 1726; x_wconf 81' lang='lat' dir='ltr'><strong>Dominus.</strong></span> <span class='ocrx_word' id='word_1_115' title='bbox 1953 1663 2019 1718; x_wconf 84' lang='lat' dir='ltr'><strong>Et</strong></span> <span class='ocrx_word' id='word_1_116' title='bbox 2045 1675 2161 1715; x_wconf 89' lang='lat' dir='ltr'><strong>me-</strong></span> 
     </span>
    </p>
   </div>
   <div class='ocr_carea' id='block_1_16' title="bbox 563 1754 2156 1853">
    <p class='ocr_par' dir='ltr' id='par_1_16' title="bbox 563 1754 2156 1853">
     <span class='ocr_line' id='line_1_17' title="bbox 563 1754 2156 1853; baseline -0.027 -6"><span class='ocrx_word' id='word_1_117' title='bbox 563 1791 672 1846; x_wconf 89' lang='lat' dir='ltr'><strong>rito</strong></span> <span class='ocrx_word' id='word_1_118' title='bbox 711 1802 816 1842; x_wconf 92' lang='lat' dir='ltr'><strong>non</strong></span> <span class='ocrx_word' id='word_1_119' title='bbox 847 1783 1030 1853; x_wconf 77' lang='lat' dir='ltr'><strong>elegit,</strong></span> <span class='ocrx_word' id='word_1_120' title='bbox 1064 1777 1192 1848; x_wconf 84' lang='lat' dir='ltr'><strong>quia</strong></span> <span class='ocrx_word' id='word_1_121' title='bbox 1218 1773 1486 1845; x_wconf 71' lang='lat' dir='ltr'><strong>prarlium,</strong></span> <span class='ocrx_word' id='word_1_122' title='bbox 1532 1781 1636 1820; x_wconf 91' lang='lat' dir='ltr'><strong>non</strong></span> <span class='ocrx_word' id='word_1_123' title='bbox 1675 1775 1862 1833; x_wconf 89' lang='lat' dir='ltr'><strong>pacem</strong></span> <span class='ocrx_word' id='word_1_124' title='bbox 1893 1754 2156 1810; x_wconf 83' lang='lat' dir='ltr'><strong>sciebant.</strong></span> 
     </span>
    </p>
   </div>
   <div class='ocr_carea' id='block_1_17' title="bbox 566 1844 2160 1946">
    <p class='ocr_par' dir='ltr' id='par_1_17' title="bbox 566 1844 2160 1946">
     <span class='ocr_line' id='line_1_18' title="bbox 566 1844 2160 1946; baseline -0.026 -8"><span class='ocrx_word' id='word_1_125' title='bbox 566 1883 633 1938; x_wconf 84' lang='lat' dir='ltr'><strong>Et</strong></span> <span class='ocrx_word' id='word_1_126' title='bbox 656 1881 779 1936; x_wconf 89' lang='lat' dir='ltr'><strong>ideo</strong></span> <span class='ocrx_word' id='word_1_127' title='bbox 812 1887 866 1933; x_wconf 92' lang='lat' dir='ltr'><strong>tu</strong></span> <span class='ocrx_word' id='word_1_128' title='bbox 917 1844 1106 1946; x_wconf 56' lang='lat' dir='ltr'><strong>{uicem</strong></span> <span class='ocrx_word' id='word_1_129' title='bbox 1157 1844 1327 1934; x_wconf 80' lang='lat' dir='ltr'><strong>disce,</strong></span> <span class='ocrx_word' id='word_1_130' title='bbox 1372 1873 1429 1917; x_wconf 92' lang='lat' dir='ltr'><strong>ut</strong></span> <span class='ocrx_word' id='word_1_131' title='bbox 1478 1855 1694 1929; x_wconf 85' lang='lat' dir='ltr'><strong>eligaris</strong></span> <span class='ocrx_word' id='word_1_132' title='bbox 1741 1868 1769 1906; x_wconf 89' lang='lat' dir='ltr'><strong>a</strong></span> <span class='ocrx_word' id='word_1_133' title='bbox 1796 1851 1926 1905; x_wconf 90' lang='lat' dir='ltr'><strong>Deo.</strong></span> <span class='ocrx_word' id='word_1_134' title='bbox 1954 1844 2062 1903; x_wconf 89' lang='lat' dir='ltr'><strong>Sed</strong></span> <span class='ocrx_word' id='word_1_135' title='bbox 2093 1857 2160 1898; x_wconf 89' lang='lat' dir='ltr'><strong>ne</strong></span> 
     </span>
    </p>
   </div>
   <div class='ocr_carea' id='block_1_18' title="bbox 562 1934 2161 2040">
    <p class='ocr_par' dir='ltr' id='par_1_18' title="bbox 562 1934 2161 2040">
     <span class='ocr_line' id='line_1_19' title="bbox 562 1934 2161 2040; baseline -0.027 -9"><span class='ocrx_word' id='word_1_136' title='bbox 562 1975 702 2030; x_wconf 89' lang='lat' dir='ltr'><strong>forte</strong></span> <span class='ocrx_word' id='word_1_137' title='bbox 735 1973 1064 2040; x_wconf 81' lang='lat' dir='ltr'><strong>incomptam</strong></span> <span class='ocrx_word' id='word_1_138' title='bbox 1095 1964 1290 2018; x_wconf 90' lang='lat' dir='ltr'><strong>domus</strong></span> <span class='ocrx_word' id='word_1_139' title='bbox 1328 1949 1752 2025; x_wconf 78' lang='lat' dir='ltr'><strong>magnitudinem</strong></span> <span class='ocrx_word' id='word_1_140' title='bbox 1793 1953 1971 2014; x_wconf 86' lang='lat' dir='ltr'><strong>putes,</strong></span> <span class='ocrx_word' id='word_1_141' title='bbox 1995 1945 2052 1993; x_wconf 91' lang='lat' dir='ltr'><strong>et</strong></span> <span class='ocrx_word' id='word_1_142' title='bbox 2080 1934 2161 1990; x_wconf 90' lang='lat' dir='ltr'><strong>di-</strong></span> 
     </span>
    </p>
   </div>
   <div class='ocr_carea' id='block_1_19' title="bbox 563 2027 2160 2124">
    <p class='ocr_par' dir='ltr' id='par_1_19' title="bbox 563 2027 2160 2124">
     <span class='ocr_line' id='line_1_20' title="bbox 563 2027 2160 2124; baseline -0.028 1"><span class='ocrx_word' id='word_1_143' title='bbox 563 2065 807 2124; x_wconf 84' lang='lat' dir='ltr'><strong>versoria</strong></span> <span class='ocrx_word' id='word_1_144' title='bbox 839 2071 891 2118; x_wconf 90' lang='lat' dir='ltr'><strong>te</strong></span> <span class='ocrx_word' id='word_1_145' title='bbox 915 2027 1222 2115; x_wconf 75' lang='lat' dir='ltr'><strong>columnata</strong></span> <span class='ocrx_word' id='word_1_146' title='bbox 1246 2051 1546 2106; x_wconf 89' lang='lat' dir='ltr'><strong>delectent:</strong></span> <span class='ocrx_word' id='word_1_147' title='bbox 1577 2038 1841 2113; x_wconf 80' lang='lat' dir='ltr'><strong>sapientia</strong></span> <span class='ocrx_word' id='word_1_148' title='bbox 1871 2027 2160 2089; x_wconf 81' lang='lat' dir='ltr'><strong>:edilicavit</strong></span> 
     </span>
    </p>
   </div>
   <div class='ocr_carea' id='block_1_20' title="bbox 563 2122 2157 2220">
    <p class='ocr_par' dir='ltr' id='par_1_20' title="bbox 563 2122 2157 2220">
     <span class='ocr_line' id='line_1_21' title="bbox 563 2122 2157 2220; baseline -0.027 -3"><span class='ocrx_word' id='word_1_149' title='bbox 563 2161 666 2218; x_wconf 90' lang='lat' dir='ltr'><strong>sibi</strong></span> <span class='ocrx_word' id='word_1_150' title='bbox 689 2159 936 2220; x_wconf 89' lang='lat' dir='ltr'><strong>domum,</strong></span> <span class='ocrx_word' id='word_1_151' title='bbox 971 2163 996 2190; x_wconf 69' lang='grc'><strong><em>⁸</em></strong></span> <span class='ocrx_word' id='word_1_152' title='bbox 1025 2161 1080 2207; x_wconf 90' lang='lat' dir='ltr'><strong>et</strong></span> <span class='ocrx_word' id='word_1_153' title='bbox 1104 2145 1250 2204; x_wconf 83' lang='lat' dir='ltr'><strong>fulsit</strong></span> <span class='ocrx_word' id='word_1_154' title='bbox 1275 2143 1558 2200; x_wconf 89' lang='lat' dir='ltr'><strong>columnas</strong></span> <span class='ocrx_word' id='word_1_155' title='bbox 1585 2142 1816 2204; x_wconf 82' lang='lat' dir='ltr'><strong>septem.</strong></span> <span class='ocrx_word' id='word_1_156' title='bbox 1847 2127 1969 2197; x_wconf 87' lang='lat' dir='ltr'><strong>lpse</strong></span> <span class='ocrx_word' id='word_1_157' title='bbox 1995 2122 2157 2179; x_wconf 86' lang='lat' dir='ltr'><strong>etiam</strong></span> 
     </span>
    </p>
   </div>
   <div class='ocr_carea' id='block_1_21' title="bbox 564 2225 2157 2311">
    <p class='ocr_par' dir='ltr' id='par_1_21' title="bbox 564 2225 2157 2311">
     <span class='ocr_line' id='line_1_22' title="bbox 564 2225 2157 2311; baseline -0.029 1"><span class='ocrx_word' id='word_1_158' title='bbox 564 2254 823 2311; x_wconf 88' lang='lat' dir='ltr'><strong>Dominus</strong></span> <span class='ocrx_word' id='word_1_159' title='bbox 845 2248 1004 2306; x_wconf 85' lang='lat' dir='ltr'><strong>Jesus</strong></span> <span class='ocrx_word' id='word_1_160' title='bbox 1026 2244 1223 2300; x_wconf 89' lang='lat' dir='ltr'><strong>multas</strong></span> <span class='ocrx_word' id='word_1_161' title='bbox 1245 2238 1558 2294; x_wconf 71' lang='lat' dir='ltr'><strong>mansiones</strong></span> <span class='ocrx_word' id='word_1_162' title='bbox 1593 2225 1733 2298; x_wconf 90' lang='lat' dir='ltr'><strong>apud</strong></span> <span class='ocrx_word' id='word_1_163' title='bbox 1763 2225 1973 2278; x_wconf 89' lang='lat' dir='ltr'><strong>Patrem</strong></span> <span class='ocrx_word' id='word_1_164' title='bbox 2000 2230 2157 2274; x_wconf 90' lang='lat' dir='ltr'><strong>suum</strong></span> 
     </span>
    </p>
   </div>
   <div class='ocr_carea' id='block_1_22' title="bbox 563 2309 2160 2411">
    <p class='ocr_par' dir='ltr' id='par_1_22' title="bbox 563 2309 2160 2411">
     <span class='ocr_line' id='line_1_23' title="bbox 563 2309 2160 2411; baseline -0.028 -7"><span class='ocrx_word' id='word_1_165' title='bbox 563 2361 684 2404; x_wconf 89' lang='lat' dir='ltr'><strong>esse</strong></span> <span class='ocrx_word' id='word_1_166' title='bbox 735 2345 1132 2400; x_wconf 86' lang='lat' dir='ltr'><strong>commemorat</strong></span> <span class='ocrx_word' id='word_1_167' title='bbox 1164 2331 1341 2411; x_wconf 80' lang='lat' dir='ltr'><strong>(Joan.</strong></span> <span class='ocrx_word' id='word_1_168' title='bbox 1369 2341 1478 2388; x_wconf 75' lang='lat' dir='ltr'><strong>xxv.</strong></span> <span class='ocrx_word' id='word_1_169' title='bbox 1522 2320 1604 2392; x_wconf 83' lang='grc'><strong>2).</strong></span> <span class='ocrx_word' id='word_1_170' title='bbox 1635 2318 1695 2374; x_wconf 89' lang='lat' dir='ltr'><strong>In</strong></span> <span class='ocrx_word' id='word_1_171' title='bbox 1719 2318 1820 2370; x_wconf 87' lang='lat' dir='ltr'><strong>hac</strong></span> <span class='ocrx_word' id='word_1_172' title='bbox 1845 2328 1975 2383; x_wconf 90' lang='lat' dir='ltr'><strong>ergo</strong></span> <span class='ocrx_word' id='word_1_173' title='bbox 1997 2309 2160 2364; x_wconf 91' lang='lat' dir='ltr'><strong>domo</strong></span> 
     </span>
    </p>
   </div>
   <div class='ocr_carea' id='block_1_23' title="bbox 556 2409 2159 2511">
    <p class='ocr_par' dir='ltr' id='par_1_23' title="bbox 556 2409 2159 2511">
     <span class='ocr_line' id='line_1_24' title="bbox 556 2409 2159 2511; baseline -0.028 -14"><span class='ocrx_word' id='word_1_174' title='bbox 556 2437 871 2511; x_wconf 84' lang='lat' dir='ltr'><strong>epulaberis</strong></span> <span class='ocrx_word' id='word_1_175' title='bbox 895 2432 1095 2486; x_wconf 71' lang='lat' dir='ltr'><strong>anima:</strong></span> <span class='ocrx_word' id='word_1_176' title='bbox 1123 2409 1298 2491; x_wconf 87' lang='lat' dir='ltr'><strong>cibos,</strong></span> <span class='ocrx_word' id='word_1_177' title='bbox 1326 2429 1596 2493; x_wconf 88' lang='lat' dir='ltr'><strong>potusque</strong></span> <span class='ocrx_word' id='word_1_178' title='bbox 1618 2409 1817 2467; x_wconf 90' lang='lat' dir='ltr'><strong>mentis</strong></span> <span class='ocrx_word' id='word_1_179' title='bbox 1844 2423 1857 2474; x_wconf 86' lang='lat'><strong>;</strong></span> <span class='ocrx_word' id='word_1_180' title='bbox 1886 2413 1945 2458; x_wconf 93' lang='grc' dir='ltr'><strong>ιιι</strong></span> <span class='ocrx_word' id='word_1_181' title='bbox 1971 2409 2159 2472; x_wconf 89' lang='lat' dir='ltr'><strong>postea</strong></span> 
     </span>
    </p>
   </div>
   <div class='ocr_carea' id='block_1_24' title="bbox 561 2498 2162 2592">
    <p class='ocr_par' dir='ltr' id='par_1_24' title="bbox 561 2498 2162 2592">
     <span class='ocr_line' id='line_1_25' title="bbox 561 2498 2162 2592; baseline -0.027 -5"><span class='ocrx_word' id='word_1_182' title='bbox 561 2549 670 2588; x_wconf 89' lang='lat' dir='ltr'><strong>non</strong></span> <span class='ocrx_word' id='word_1_183' title='bbox 702 2528 936 2591; x_wconf 86' lang='lat' dir='ltr'><strong>esurias,</strong></span> <span class='ocrx_word' id='word_1_184' title='bbox 969 2535 1144 2592; x_wconf 87' lang='lat' dir='ltr'><strong>neque</strong></span> <span class='ocrx_word' id='word_1_185' title='bbox 1175 2515 1328 2570; x_wconf 90' lang='lat' dir='ltr'><strong>sitias</strong></span> <span class='ocrx_word' id='word_1_186' title='bbox 1354 2522 1629 2578; x_wconf 79' lang='lat' dir='ltr'><strong>umquam.</strong></span> <span class='ocrx_word' id='word_1_187' title='bbox 1676 2501 1779 2569; x_wconf 86' lang='lat' dir='ltr'><strong>Qui</strong></span> <span class='ocrx_word' id='word_1_188' title='bbox 1827 2498 1970 2554; x_wconf 91' lang='lat' dir='ltr'><strong>enim</strong></span> <span class='ocrx_word' id='word_1_189' title='bbox 2009 2508 2162 2548; x_wconf 90' lang='lat' dir='ltr'><strong>man—</strong></span> 
     </span>
    </p>
   </div>
   <div class='ocr_carea' id='block_1_25' title="bbox 560 2589 2159 2686">
    <p class='ocr_par' dir='ltr' id='par_1_25' title="bbox 560 2589 2159 2686">
     <span class='ocr_line' id='line_1_26' title="bbox 560 2589 2159 2686; baseline -0.024 -6"><span class='ocrx_word' id='word_1_190' title='bbox 560 2623 750 2686; x_wconf 90' lang='lat' dir='ltr'><strong>ducat,</strong></span> <span class='ocrx_word' id='word_1_191' title='bbox 781 2589 1078 2675; x_wconf 78' lang='lat' dir='ltr'><strong>manducat</strong></span> <span class='ocrx_word' id='word_1_192' title='bbox 1124 2624 1293 2680; x_wconf 90' lang='lat' dir='ltr'><strong>usque</strong></span> <span class='ocrx_word' id='word_1_193' title='bbox 1324 2605 1390 2662; x_wconf 89' lang='lat' dir='ltr'><strong>ad</strong></span> <span class='ocrx_word' id='word_1_194' title='bbox 1432 2602 1776 2662; x_wconf 84' lang='lat' dir='ltr'><strong>satietatem;</strong></span> <span class='ocrx_word' id='word_1_195' title='bbox 1804 2604 1858 2650; x_wconf 91' lang='lat' dir='ltr'><strong>et</strong></span> <span class='ocrx_word' id='word_1_196' title='bbox 1884 2592 1975 2665; x_wconf 90' lang='lat' dir='ltr'><strong>qui</strong></span> <span class='ocrx_word' id='word_1_197' title='bbox 2002 2589 2159 2656; x_wconf 88' lang='lat' dir='ltr'><strong>bibit,</strong></span> 
     </span>
    </p>
   </div>
   <div class='ocr_carea' id='block_1_26' title="bbox 562 2704 1372 2789">
    <p class='ocr_par' dir='ltr' id='par_1_26' title="bbox 562 2704 1372 2789">
     <span class='ocr_line' id='line_1_27' title="bbox 562 2704 1372 2789; baseline -0.028 -12"><span class='ocrx_word' id='word_1_198' title='bbox 562 2733 738 2789; x_wconf 89' lang='lat' dir='ltr'><strong>usque</strong></span> <span class='ocrx_word' id='word_1_199' title='bbox 769 2716 838 2771; x_wconf 90' lang='lat' dir='ltr'><strong>ad</strong></span> <span class='ocrx_word' id='word_1_200' title='bbox 867 2713 1190 2770; x_wconf 88' lang='lat' dir='ltr'><strong>ebrietatem</strong></span> <span class='ocrx_word' id='word_1_201' title='bbox 1218 2704 1372 2760; x_wconf 87' lang='lat' dir='ltr'><strong>bibit.</strong></span> 
     </span>
    </p>
   </div>
   <div class='ocr_carea' id='block_1_27' title="bbox 630 2777 2160 2870">
    <p class='ocr_par' dir='ltr' id='par_1_27' title="bbox 630 2777 2160 2870">
     <span class='ocr_line' id='line_1_28' title="bbox 630 2777 2160 2870; baseline -0.026 0"><span class='ocrx_word' id='word_1_202' title='bbox 630 2815 722 2870; x_wconf 84' lang='grc'><strong>20.</strong></span> <span class='ocrx_word' id='word_1_203' title='bbox 763 2811 867 2868; x_wconf 88' lang='lat' dir='ltr'><strong>Sed</strong></span> <span class='ocrx_word' id='word_1_204' title='bbox 899 2810 1013 2862; x_wconf 58' lang='lat' dir='ltr'><strong>haec</strong></span> <span class='ocrx_word' id='word_1_205' title='bbox 1057 2803 1294 2860; x_wconf 84' lang='lat' dir='ltr'><strong>ebrietas</strong></span> <span class='ocrx_word' id='word_1_206' title='bbox 1342 2793 1611 2868; x_wconf 73' lang='lat' dir='ltr'><strong>pudicitia:</strong></span> <span class='ocrx_word' id='word_1_207' title='bbox 1659 2795 1843 2845; x_wconf 82' lang='lat' dir='ltr'><strong>custos</strong></span> <span class='ocrx_word' id='word_1_208' title='bbox 1890 2790 2020 2838; x_wconf 90' lang='lat' dir='ltr'><strong>est:</strong></span> <span class='ocrx_word' id='word_1_209' title='bbox 2065 2777 2160 2832; x_wconf 90' lang='lat' dir='ltr'><strong>illa</strong></span> 
     </span>
    </p>
   </div>
   <div class='ocr_carea' id='block_1_28' title="bbox 561 2884 2163 2964">
    <p class='ocr_par' dir='ltr' id='par_1_28' title="bbox 561 2884 2163 2964">
     <span class='ocr_line' id='line_1_29' title="bbox 561 2884 2163 2964; baseline -0.027 0"><span class='ocrx_word' id='word_1_210' title='bbox 561 2907 673 2964; x_wconf 91' lang='lat' dir='ltr'><strong>vini</strong></span> <span class='ocrx_word' id='word_1_211' title='bbox 703 2903 941 2960; x_wconf 87' lang='lat' dir='ltr'><strong>ebrietas</strong></span> <span class='ocrx_word' id='word_1_212' title='bbox 972 2898 1146 2953; x_wconf 89' lang='lat' dir='ltr'><strong>fomes</strong></span> <span class='ocrx_word' id='word_1_213' title='bbox 1189 2890 1427 2948; x_wconf 90' lang='lat' dir='ltr'><strong>libidinis</strong></span> <span class='ocrx_word' id='word_1_214' title='bbox 1449 2929 1464 2952; x_wconf 91' lang='lat'><strong>,</strong></span> <span class='ocrx_word' id='word_1_215' title='bbox 1500 2899 1608 2956; x_wconf 90' lang='lat' dir='ltr'><strong>quo</strong></span> <span class='ocrx_word' id='word_1_216' title='bbox 1655 2895 1750 2951; x_wconf 91' lang='lat' dir='ltr'><strong>per</strong></span> <span class='ocrx_word' id='word_1_217' title='bbox 1779 2891 1968 2933; x_wconf 86' lang='lat' dir='ltr'><strong>carnes</strong></span> <span class='ocrx_word' id='word_1_218' title='bbox 1998 2884 2163 2940; x_wconf 89' lang='lat' dir='ltr'><strong>vapo-</strong></span> 
     </span>
    </p>
   </div>
   <div class='ocr_carea' id='block_1_29' title="bbox 561 2969 2162 3058">
    <p class='ocr_par' dir='ltr' id='par_1_29' title="bbox 561 2969 2162 3058">
     <span class='ocr_line' id='line_1_30' title="bbox 561 2969 2162 3058; baseline -0.027 0"><span class='ocrx_word' id='word_1_219' title='bbox 561 3009 750 3058; x_wconf 88' lang='lat' dir='ltr'><strong>rantur</strong></span> <span class='ocrx_word' id='word_1_220' title='bbox 779 2998 990 3052; x_wconf 88' lang='lat' dir='ltr'><strong>interna</strong></span> <span class='ocrx_word' id='word_1_221' title='bbox 1021 2980 1254 3052; x_wconf 85' lang='lat' dir='ltr'><strong>viscera,</strong></span> <span class='ocrx_word' id='word_1_222' title='bbox 1285 2983 1498 3038; x_wconf 89' lang='lat' dir='ltr'><strong>animus</strong></span> <span class='ocrx_word' id='word_1_223' title='bbox 1526 2973 1785 3048; x_wconf 78' lang='lat' dir='ltr'><strong>ignescit,</strong></span> <span class='ocrx_word' id='word_1_224' title='bbox 1826 2969 2002 3023; x_wconf 91' lang='lat' dir='ltr'><strong>anima</strong></span> <span class='ocrx_word' id='word_1_225' title='bbox 2028 2978 2162 3019; x_wconf 81' lang='lat' dir='ltr'><strong>exu—</strong></span> 
     </span>
    </p>
   </div>
   <div class='ocr_carea' id='block_1_30' title="bbox 559 3063 2160 3152">
    <p class='ocr_par' dir='ltr' id='par_1_30' title="bbox 559 3063 2160 3152">
     <span class='ocr_line' id='line_1_31' title="bbox 559 3063 2160 3152; baseline -0.028 0"><span class='ocrx_word' id='word_1_226' title='bbox 559 3096 716 3152; x_wconf 90' lang='lat' dir='ltr'><strong>ritur.</strong></span> <span class='ocrx_word' id='word_1_227' title='bbox 776 3091 967 3148; x_wconf 84' lang='lat' dir='ltr'><strong>Saevns</strong></span> <span class='ocrx_word' id='word_1_228' title='bbox 1016 3080 1304 3138; x_wconf 88' lang='lat' dir='ltr'><strong>criminum</strong></span> <span class='ocrx_word' id='word_1_229' title='bbox 1354 3071 1606 3130; x_wconf 88' lang='lat' dir='ltr'><strong>stimulus</strong></span> <span class='ocrx_word' id='word_1_230' title='bbox 1657 3063 1825 3120; x_wconf 90' lang='lat' dir='ltr'><strong>libido</strong></span> <span class='ocrx_word' id='word_1_231' title='bbox 1875 3066 1994 3124; x_wconf 90' lang='lat' dir='ltr'><strong>est,</strong></span> <span class='ocrx_word' id='word_1_232' title='bbox 2040 3069 2160 3125; x_wconf 62' lang='lat' dir='ltr'><strong>quae</strong></span> 
     </span>
    </p>
   </div>
   <div class='ocr_carea' id='block_1_31' title="bbox 560 3149 2161 3258">
    <p class='ocr_par' dir='ltr' id='par_1_31' title="bbox 560 3149 2161 3258">
     <span class='ocr_line' id='line_1_32' title="bbox 560 3149 2161 3258; baseline -0.027 -12"><span class='ocrx_word' id='word_1_233' title='bbox 560 3200 856 3258; x_wconf 86' lang='lat' dir='ltr'><strong>numquam</strong></span> <span class='ocrx_word' id='word_1_234' title='bbox 897 3193 1118 3237; x_wconf 87' lang='lat' dir='ltr'><strong>manere</strong></span> <span class='ocrx_word' id='word_1_235' title='bbox 1158 3175 1396 3245; x_wconf 88' lang='lat' dir='ltr'><strong>quietutn</strong></span> <span class='ocrx_word' id='word_1_236' title='bbox 1445 3165 1644 3238; x_wconf 88' lang='lat' dir='ltr'><strong>patitur</strong></span> <span class='ocrx_word' id='word_1_237' title='bbox 1687 3157 1960 3214; x_wconf 74' lang='lat' dir='ltr'><strong>allectum.</strong></span> <span class='ocrx_word' id='word_1_238' title='bbox 1995 3149 2161 3204; x_wconf 82' lang='lat' dir='ltr'><strong>Nocte</strong></span> 
     </span>
    </p>
   </div>
   <div class='ocr_carea' id='block_1_32' title="bbox 558 3240 2158 3344">
    <p class='ocr_par' dir='ltr' id='par_1_32' title="bbox 558 3240 2158 3344">
     <span class='ocr_line' id='line_1_33' title="bbox 558 3240 2158 3344; baseline -0.029 -6"><span class='ocrx_word' id='word_1_239' title='bbox 558 3283 755 3344; x_wconf 85' lang='lat' dir='ltr'><strong>fervet,</strong></span> <span class='ocrx_word' id='word_1_240' title='bbox 784 3278 874 3332; x_wconf 90' lang='lat' dir='ltr'><strong>die</strong></span> <span class='ocrx_word' id='word_1_241' title='bbox 900 3272 1147 3334; x_wconf 87' lang='lat' dir='ltr'><strong>anhelat,</strong></span> <span class='ocrx_word' id='word_1_242' title='bbox 1181 3267 1248 3322; x_wconf 89' lang='lat' dir='ltr'><strong>de</strong></span> <span class='ocrx_word' id='word_1_243' title='bbox 1277 3277 1470 3319; x_wconf 85' lang='lat' dir='ltr'><strong>somno</strong></span> <span class='ocrx_word' id='word_1_244' title='bbox 1498 3257 1733 3318; x_wconf 86' lang='lat' dir='ltr'><strong>excitat,</strong></span> <span class='ocrx_word' id='word_1_245' title='bbox 1765 3266 1794 3304; x_wconf 90' lang='lat' dir='ltr'><strong>a</strong></span> <span class='ocrx_word' id='word_1_246' title='bbox 1820 3245 2035 3316; x_wconf 88' lang='lat' dir='ltr'><strong>negotio</strong></span> <span class='ocrx_word' id='word_1_247' title='bbox 2063 3240 2158 3294; x_wconf 58' lang='lat' dir='ltr'><strong>ab-</strong></span> 
     </span>
    </p>
   </div>
   <div class='ocr_carea' id='block_1_33' title="bbox 559 3345 2158 3439">
    <p class='ocr_par' dir='ltr' id='par_1_33' title="bbox 559 3345 2158 3439">
     <span class='ocr_line' id='line_1_34' title="bbox 559 3345 2158 3439; baseline -0.029 -7"><span class='ocrx_word' id='word_1_248' title='bbox 559 3375 728 3439; x_wconf 89' lang='lat' dir='ltr'><strong>ducit,</strong></span> <span class='ocrx_word' id='word_1_249' title='bbox 757 3387 786 3425; x_wconf 87' lang='lat' dir='ltr'><strong>a</strong></span> <span class='ocrx_word' id='word_1_250' title='bbox 818 3368 1029 3424; x_wconf 88' lang='lat' dir='ltr'><strong>ratione</strong></span> <span class='ocrx_word' id='word_1_251' title='bbox 1059 3366 1305 3419; x_wconf 85' lang='lat' dir='ltr'><strong>revocat,</strong></span> <span class='ocrx_word' id='word_1_252' title='bbox 1339 3353 1514 3409; x_wconf 91' lang='lat' dir='ltr'><strong>aufert</strong></span> <span class='ocrx_word' id='word_1_253' title='bbox 1555 3345 1843 3404; x_wconf 90' lang='lat' dir='ltr'><strong>consilium</strong></span> <span class='ocrx_word' id='word_1_254' title='bbox 1864 3381 1880 3406; x_wconf 84' lang='lat'><strong>,</strong></span> <span class='ocrx_word' id='word_1_255' title='bbox 1911 3345 2158 3391; x_wconf 88' lang='lat' dir='ltr'><strong>amantes</strong></span> 
     </span>
    </p>
   </div>
   <div class='ocr_carea' id='block_1_34' title="bbox 559 3426 2157 3537">
    <p class='ocr_par' dir='ltr' id='par_1_34' title="bbox 559 3426 2157 3537">
     <span class='ocr_line' id='line_1_35' title="bbox 559 3426 2157 3537; baseline -0.027 -15"><span class='ocrx_word' id='word_1_256' title='bbox 559 3465 860 3537; x_wconf 89' lang='lat' dir='ltr'><strong>inquietat,</strong></span> <span class='ocrx_word' id='word_1_257' title='bbox 888 3461 1069 3528; x_wconf 89' lang='lat' dir='ltr'><strong>lapsos</strong></span> <span class='ocrx_word' id='word_1_258' title='bbox 1095 3453 1348 3514; x_wconf 90' lang='lat' dir='ltr'><strong>inclinat,</strong></span> <span class='ocrx_word' id='word_1_259' title='bbox 1380 3443 1542 3501; x_wconf 81' lang='lat' dir='ltr'><strong>castis</strong></span> <span class='ocrx_word' id='word_1_260' title='bbox 1569 3437 1868 3500; x_wconf 87' lang='lat' dir='ltr'><strong>insidiatur,</strong></span> <span class='ocrx_word' id='word_1_261' title='bbox 1901 3426 2157 3502; x_wconf 90' lang='lat' dir='ltr'><strong>p0tiendo</strong></span> 
     </span>
    </p>
   </div>
   <div class='ocr_carea' id='block_1_35' title="bbox 559 3523 2156 3620">
    <p class='ocr_par' dir='ltr' id='par_1_35' title="bbox 559 3523 2156 3620">
     <span class='ocr_line' id='line_1_36' title="bbox 559 3523 2156 3620; baseline -0.029 -2"><span class='ocrx_word' id='word_1_262' title='bbox 559 3561 860 3617; x_wconf 86' lang='lat' dir='ltr'><strong>inflammat</strong></span> <span class='ocrx_word' id='word_1_263' title='bbox 881 3596 894 3620; x_wconf 95' lang='lat'><strong>,</strong></span> <span class='ocrx_word' id='word_1_264' title='bbox 938 3564 1149 3619; x_wconf 83' lang='lat' dir='ltr'><strong>usuque</strong></span> <span class='ocrx_word' id='word_1_265' title='bbox 1176 3542 1508 3600; x_wconf 82' lang='lat' dir='ltr'><strong>accenditur.</strong></span> <span class='ocrx_word' id='word_1_266' title='bbox 1538 3533 1726 3590; x_wconf 82' lang='lat' dir='ltr'><strong>Nullus</strong></span> <span class='ocrx_word' id='word_1_267' title='bbox 1753 3523 2006 3598; x_wconf 88' lang='lat' dir='ltr'><strong>peccandi</strong></span> <span class='ocrx_word' id='word_1_268' title='bbox 2038 3534 2156 3574; x_wconf 89' lang='lat' dir='ltr'><strong>mo-</strong></span> 
     </span>
    </p>
   </div>
   <div class='ocr_carea' id='block_1_36' title="bbox 559 3611 2157 3720">
    <p class='ocr_par' dir='ltr' id='par_1_36' title="bbox 559 3611 2157 3720">
     <span class='ocr_line' id='line_1_37' title="bbox 559 3611 2157 3720; baseline -0.028 -8"><span class='ocrx_word' id='word_1_269' title='bbox 559 3655 684 3720; x_wconf 88' lang='lat' dir='ltr'><strong>dus,</strong></span> <span class='ocrx_word' id='word_1_270' title='bbox 705 3662 758 3706; x_wconf 93' lang='lat' dir='ltr'><strong>et</strong></span> <span class='ocrx_word' id='word_1_271' title='bbox 784 3643 1129 3716; x_wconf 75' lang='lat' dir='ltr'><strong>inexplebilis</strong></span> <span class='ocrx_word' id='word_1_272' title='bbox 1146 3638 1414 3694; x_wconf 88' lang='lat' dir='ltr'><strong>scelerum</strong></span> <span class='ocrx_word' id='word_1_273' title='bbox 1437 3631 1578 3695; x_wconf 84' lang='lat' dir='ltr'><strong>sitis,</strong></span> <span class='ocrx_word' id='word_1_274' title='bbox 1606 3626 1705 3680; x_wconf 90' lang='lat' dir='ltr'><strong>nisi</strong></span> <span class='ocrx_word' id='word_1_275' title='bbox 1727 3631 1900 3676; x_wconf 91' lang='lat' dir='ltr'><strong>morte</strong></span> <span class='ocrx_word' id='word_1_276' title='bbox 1927 3611 2157 3671; x_wconf 87' lang='lat' dir='ltr'><strong>amantis</strong></span> 
     </span>
    </p>
   </div>
   <div class='ocr_carea' id='block_1_37' title="bbox 559 3707 2156 3811">
    <p class='ocr_par' dir='ltr' id='par_1_37' title="bbox 559 3707 2156 3811">
     <span class='ocr_line' id='line_1_38' title="bbox 559 3707 2156 3811; baseline -0.029 -7"><span class='ocrx_word' id='word_1_277' title='bbox 559 3742 826 3811; x_wconf 76' lang='lat' dir='ltr'><strong>exstingui</strong></span> <span class='ocrx_word' id='word_1_278' title='bbox 855 3707 958 3794; x_wconf 76' lang='lat' dir='ltr'><strong>non</strong></span> <span class='ocrx_word' id='word_1_279' title='bbox 989 3745 1188 3806; x_wconf 83' lang='lat' dir='ltr'><strong>potest.</strong></span> <span class='ocrx_word' id='word_1_280' title='bbox 1223 3729 1293 3784; x_wconf 84' lang='lat' dir='ltr'><strong>Et</strong></span> <span class='ocrx_word' id='word_1_281' title='bbox 1319 3727 1440 3782; x_wconf 90' lang='lat' dir='ltr'><strong>ideo</strong></span> <span class='ocrx_word' id='word_1_282' title='bbox 1468 3724 1540 3776; x_wconf 90' lang='lat' dir='ltr'><strong>ait</strong></span> <span class='ocrx_word' id='word_1_283' title='bbox 1588 3709 1879 3787; x_wconf 73' lang='lat' dir='ltr'><strong>Apostolus</strong></span> <span class='ocrx_word' id='word_1_284' title='bbox 1908 3727 1922 3765; x_wconf 91' lang='lat'>:</span> <span class='ocrx_word' id='word_1_285' title='bbox 1968 3707 2156 3779; x_wconf 83' lang='lat' dir='ltr'><strong>Fugite</strong></span> 
     </span>
    </p>
   </div>
   <div class='ocr_carea' id='block_1_38' title="bbox 558 3809 2154 3911">
    <p class='ocr_par' dir='ltr' id='par_1_38' title="bbox 558 3809 2154 3911">
     <span class='ocr_line' id='line_1_39' title="bbox 558 3809 2154 3911; baseline -0.026 -17"><span class='ocrx_word' id='word_1_286' title='bbox 558 3809 955 3911; x_wconf 85' lang='lat' dir='ltr'><strong>fornicationem</strong></span> <span class='ocrx_word' id='word_1_287' title='bbox 986 3829 1026 3903; x_wconf 93' lang='lat' dir='ltr'><strong>(I</strong></span> <span class='ocrx_word' id='word_1_288' title='bbox 1053 3825 1174 3882; x_wconf 86' lang='lat' dir='ltr'><strong>Cor.</strong></span> <span class='ocrx_word' id='word_1_289' title='bbox 1195 3820 1413 3890; x_wconf 79' lang='lat' dir='ltr'><strong>v1,l8);</strong></span> <span class='ocrx_word' id='word_1_290' title='bbox 1445 3826 1502 3871; x_wconf 92' lang='lat' dir='ltr'><strong>ut</strong></span> <span class='ocrx_word' id='word_1_291' title='bbox 1530 3811 1701 3868; x_wconf 82' lang='lat' dir='ltr'><strong>veloci</strong></span> <span class='ocrx_word' id='word_1_292' title='bbox 1731 3809 1851 3878; x_wconf 88' lang='lat' dir='ltr'><strong>luga</strong></span> <span class='ocrx_word' id='word_1_293' title='bbox 1885 3813 2154 3870; x_wconf 85' lang='lat' dir='ltr'><strong>tamquam</strong></span> 
     </span>
    </p>
   </div>
   <div class='ocr_carea' id='block_1_39' title="bbox 556 3894 2155 3991">
    <p class='ocr_par' dir='ltr' id='par_1_39' title="bbox 556 3894 2155 3991">
     <span class='ocr_line' id='line_1_40' title="bbox 556 3894 2155 3991; baseline -0.028 0"><span class='ocrx_word' id='word_1_294' title='bbox 556 3933 777 3991; x_wconf 68' lang='lat' dir='ltr'><strong>furiosa:</strong></span> <span class='ocrx_word' id='word_1_295' title='bbox 807 3929 1042 3985; x_wconf 70' lang='lat' dir='ltr'><strong>domina:</strong></span> <span class='ocrx_word' id='word_1_296' title='bbox 1069 3919 1347 3979; x_wconf 87' lang='lat' dir='ltr'><strong>declinare</strong></span> <span class='ocrx_word' id='word_1_297' title='bbox 1373 3910 1658 3974; x_wconf 62' lang='lat' dir='ltr'><strong>saevitiam,</strong></span> <span class='ocrx_word' id='word_1_298' title='bbox 1686 3912 1742 3960; x_wconf 90' lang='lat' dir='ltr'><strong>et</strong></span> <span class='ocrx_word' id='word_1_299' title='bbox 1772 3911 1909 3957; x_wconf 91' lang='lat' dir='ltr'><strong>tctro</strong></span> <span class='ocrx_word' id='word_1_300' title='bbox 1935 3894 2155 3952; x_wconf 89' lang='lat' dir='ltr'><strong>servitio</strong></span> 
     </span>
    </p>
   </div>
   <div class='ocr_carea' id='block_1_40' title="bbox 557 4025 1030 4099">
    <p class='ocr_par' dir='ltr' id='par_1_40' title="bbox 557 4025 1030 4099">
     <span class='ocr_line' id='line_1_41' title="bbox 557 4025 1030 4099; baseline -0.027 -12"><span class='ocrx_word' id='word_1_301' title='bbox 557 4031 711 4088; x_wconf 83' lang='lat' dir='ltr'><strong>exire</strong></span> <span class='ocrx_word' id='word_1_302' title='bbox 739 4025 1030 4099; x_wconf 86' lang='lat' dir='ltr'><strong>possimus.</strong></span> 
     </span>
    </p>
   </div>
   <div class='ocr_carea' id='block_1_41' title="bbox 627 4087 2157 4187">
    <p class='ocr_par' dir='ltr' id='par_1_41' title="bbox 627 4087 2157 4187">
     <span class='ocr_line' id='line_1_42' title="bbox 627 4087 2157 4187; baseline -0.028 -8"><span class='ocrx_word' id='word_1_303' title='bbox 627 4124 721 4178; x_wconf 83' lang='grc'><strong>21.</strong></span> <span class='ocrx_word' id='word_1_304' title='bbox 741 4087 894 4176; x_wconf 69' lang='grc' dir='ltr'><strong>⁸Νειιιι</strong></span> <span class='ocrx_word' id='word_1_305' title='bbox 923 4114 1050 4187; x_wconf 91' lang='lat' dir='ltr'><strong>quid</strong></span> <span class='ocrx_word' id='word_1_306' title='bbox 1077 4112 1144 4167; x_wconf 91' lang='lat' dir='ltr'><strong>de</strong></span> <span class='ocrx_word' id='word_1_307' title='bbox 1173 4107 1400 4164; x_wconf 87' lang='lat' dir='ltr'><strong>avaritia</strong></span> <span class='ocrx_word' id='word_1_308' title='bbox 1425 4101 1624 4162; x_wconf 86' lang='lat' dir='ltr'><strong>dicam,</strong></span> <span class='ocrx_word' id='word_1_309' title='bbox 1655 4087 1950 4150; x_wconf 89' lang='lat' dir='ltr'><strong>insatiabili</strong></span> <span class='ocrx_word' id='word_1_310' title='bbox 1993 4097 2157 4156; x_wconf 90' lang='lat' dir='ltr'><strong>pecu-</strong></span> 
     </span>
    </p>
   </div>
   <div class='ocr_carea' id='block_1_42' title="bbox 557 4189 2154 4285">
    <p class='ocr_par' dir='ltr' id='par_1_42' title="bbox 557 4189 2154 4285">
     <span class='ocr_line' id='line_1_43' title="bbox 557 4189 2154 4285; baseline -0.028 -9"><span class='ocrx_word' id='word_1_311' title='bbox 557 4219 662 4276; x_wconf 84' lang='lat' dir='ltr'><strong>niae</strong></span> <span class='ocrx_word' id='word_1_312' title='bbox 691 4213 1015 4285; x_wconf 87' lang='lat' dir='ltr'><strong>cupiditate,</strong></span> <span class='ocrx_word' id='word_1_313' title='bbox 1049 4217 1104 4264; x_wconf 94' lang='lat' dir='ltr'><strong>et</strong></span> <span class='ocrx_word' id='word_1_314' title='bbox 1133 4203 1363 4276; x_wconf 83' lang='lat' dir='ltr'><strong>quadam</strong></span> <span class='ocrx_word' id='word_1_315' title='bbox 1409 4197 1536 4253; x_wconf 73' lang='lat' dir='ltr'><strong>xeris</strong></span> <span class='ocrx_word' id='word_1_316' title='bbox 1581 4189 1839 4249; x_wconf 88' lang='lat' dir='ltr'><strong>libidine,</strong></span> <span class='ocrx_word' id='word_1_317' title='bbox 1885 4199 2003 4255; x_wconf 73' lang='lat' dir='ltr'><strong>qua:</strong></span> <span class='ocrx_word' id='word_1_318' title='bbox 2049 4194 2154 4250; x_wconf 87' lang='lat' dir='ltr'><strong>quo</strong></span> 
     </span>
    </p>
   </div>
   <div class='ocr_carea' id='block_1_43' title="bbox 557 4273 2156 4387">
    <p class='ocr_par' dir='ltr' id='par_1_43' title="bbox 557 4273 2156 4387">
     <span class='ocr_line' id='line_1_44' title="bbox 557 4273 2156 4387; baseline -0.028 -16"><span class='ocrx_word' id='word_1_319' title='bbox 557 4315 713 4387; x_wconf 90' lang='lat' dir='ltr'><strong>plura</strong></span> <span class='ocrx_word' id='word_1_320' title='bbox 753 4305 1076 4371; x_wconf 90' lang='lat' dir='ltr'><strong>abstulerit,</strong></span> <span class='ocrx_word' id='word_1_321' title='bbox 1125 4317 1191 4357; x_wconf 91' lang='lat' dir='ltr'><strong>eo</strong></span> <span class='ocrx_word' id='word_1_322' title='bbox 1217 4296 1388 4367; x_wconf 89' lang='lat' dir='ltr'><strong>magis</strong></span> <span class='ocrx_word' id='word_1_323' title='bbox 1432 4293 1647 4359; x_wconf 88' lang='lat' dir='ltr'><strong>inopem</strong></span> <span class='ocrx_word' id='word_1_324' title='bbox 1691 4298 1814 4340; x_wconf 91' lang='lat' dir='ltr'><strong>esse</strong></span> <span class='ocrx_word' id='word_1_325' title='bbox 1856 4295 1914 4335; x_wconf 90' lang='lat' dir='ltr'><strong>se</strong></span> <span class='ocrx_word' id='word_1_326' title='bbox 1945 4273 2156 4334; x_wconf 86' lang='lat' dir='ltr'><strong>credit?</strong></span> 
     </span>
    </p>
   </div>
   <div class='ocr_carea' id='block_1_44' title="bbox 555 4371 2152 4464">
    <p class='ocr_par' dir='ltr' id='par_1_44' title="bbox 555 4371 2152 4464">
     <span class='ocr_line' id='line_1_45' title="bbox 555 4371 2152 4464; baseline -0.027 -1"><span class='ocrx_word' id='word_1_327' title='bbox 555 4404 818 4464; x_wconf 85' lang='lat' dir='ltr'><strong>Omnibus</strong></span> <span class='ocrx_word' id='word_1_328' title='bbox 847 4397 1051 4463; x_wconf 86' lang='lat' dir='ltr'><strong>invida,</strong></span> <span class='ocrx_word' id='word_1_329' title='bbox 1084 4393 1187 4448; x_wconf 89' lang='lat' dir='ltr'><strong>sibi</strong></span> <span class='ocrx_word' id='word_1_330' title='bbox 1213 4391 1335 4444; x_wconf 88' lang='lat' dir='ltr'><strong>vilis</strong></span> <span class='ocrx_word' id='word_1_331' title='bbox 1355 4429 1368 4454; x_wconf 91' lang='lat'><strong>,</strong></span> <span class='ocrx_word' id='word_1_332' title='bbox 1399 4386 1451 4440; x_wconf 88' lang='lat' dir='ltr'><strong>in</strong></span> <span class='ocrx_word' id='word_1_333' title='bbox 1481 4378 1706 4437; x_wconf 87' lang='lat' dir='ltr'><strong>summis</strong></span> <span class='ocrx_word' id='word_1_334' title='bbox 1733 4373 1934 4454; x_wconf 87' lang='lat' dir='ltr'><strong>divitiis</strong></span> <span class='ocrx_word' id='word_1_335' title='bbox 1973 4371 2152 4438; x_wconf 91' lang='lat' dir='ltr'><strong>inops,</strong></span> 
     </span>
    </p>
   </div>
   <div class='ocr_carea' id='block_1_45' title="bbox 556 4461 2152 4559">
    <p class='ocr_par' dir='ltr' id='par_1_45' title="bbox 556 4461 2152 4559">
     <span class='ocr_line' id='line_1_46' title="bbox 556 4461 2152 4559; baseline -0.026 -3"><span class='ocrx_word' id='word_1_336' title='bbox 556 4501 752 4555; x_wconf 79' lang='lat' dir='ltr'><strong>affectu</strong></span> <span class='ocrx_word' id='word_1_337' title='bbox 777 4501 1034 4551; x_wconf 84' lang='lat' dir='ltr'><strong>extenuat</strong></span> <span class='ocrx_word' id='word_1_338' title='bbox 1059 4485 1202 4559; x_wconf 87' lang='lat' dir='ltr'><strong>quod</strong></span> <span class='ocrx_word' id='word_1_339' title='bbox 1228 4496 1394 4540; x_wconf 90' lang='lat' dir='ltr'><strong>censu</strong></span> <span class='ocrx_word' id='word_1_340' title='bbox 1417 4475 1674 4532; x_wconf 87' lang='lat' dir='ltr'><strong>abundat.</strong></span> <span class='ocrx_word' id='word_1_341' title='bbox 1702 4469 1885 4525; x_wconf 83' lang='lat' dir='ltr'><strong>Nullus</strong></span> <span class='ocrx_word' id='word_1_342' title='bbox 1909 4461 2152 4534; x_wconf 85' lang='lat' dir='ltr'><strong>rapiendi</strong></span> 
     </span>
    </p>
   </div>
   <div class='ocr_carea' id='block_1_46' title="bbox 556 4561 2155 4656">
    <p class='ocr_par' dir='ltr' id='par_1_46' title="bbox 556 4561 2155 4656">
     <span class='ocr_line' id='line_1_47' title="bbox 556 4561 2155 4656; baseline -0.025 -6"><span class='ocrx_word' id='word_1_343' title='bbox 556 4593 781 4656; x_wconf 92' lang='lat' dir='ltr'><strong>modus,</strong></span> <span class='ocrx_word' id='word_1_344' title='bbox 813 4588 903 4644; x_wconf 91' lang='lat' dir='ltr'><strong>ubi</strong></span> <span class='ocrx_word' id='word_1_345' title='bbox 949 4583 1090 4640; x_wconf 89' lang='lat' dir='ltr'><strong>nulla</strong></span> <span class='ocrx_word' id='word_1_346' title='bbox 1122 4590 1376 4634; x_wconf 84' lang='lat' dir='ltr'><strong>mensura</strong></span> <span class='ocrx_word' id='word_1_347' title='bbox 1421 4567 1693 4641; x_wconf 90' lang='lat' dir='ltr'><strong>cupiendi.</strong></span> <span class='ocrx_word' id='word_1_348' title='bbox 1739 4565 1829 4622; x_wconf 85' lang='lat' dir='ltr'><strong>Sic</strong></span> <span class='ocrx_word' id='word_1_349' title='bbox 1857 4561 2155 4616; x_wconf 83' lang='lat' dir='ltr'><strong>inﬂammat</strong></span> 
     </span>
    </p>
   </div>
   <div class='ocr_carea' id='block_1_47' title="bbox 553 4671 1504 4747">
    <p class='ocr_par' dir='ltr' id='par_1_47' title="bbox 553 4671 1504 4747">
     <span class='ocr_line' id='line_1_48' title="bbox 553 4671 1504 4747; baseline -0.026 -5"><span class='ocrx_word' id='word_1_350' title='bbox 553 4687 813 4747; x_wconf 88' lang='lat' dir='ltr'><strong>animum,</strong></span> <span class='ocrx_word' id='word_1_351' title='bbox 847 4681 926 4735; x_wconf 88' lang='lat' dir='ltr'><strong>sic</strong></span> <span class='ocrx_word' id='word_1_352' title='bbox 949 4677 1073 4747; x_wconf 91' lang='lat' dir='ltr'><strong>igne</strong></span> <span class='ocrx_word' id='word_1_353' title='bbox 1099 4687 1199 4727; x_wconf 91' lang='lat' dir='ltr'><strong>suo</strong></span> <span class='ocrx_word' id='word_1_354' title='bbox 1224 4671 1395 4739; x_wconf 86' lang='lat' dir='ltr'><strong>pascit</strong></span> <span class='ocrx_word' id='word_1_355' title='bbox 1420 4680 1504 4720; x_wconf 85' lang='lat' dir='ltr'><strong>eut</strong></span> 
     </span>
    </p>
   </div>
   <div class='ocr_carea' id='block_1_48' title="bbox 552 4743 2142 4852">
    <p class='ocr_par' dir='ltr' id='par_1_48' title="bbox 552 4743 2142 4852">
     <span class='ocr_line' id='line_1_49' title="bbox 552 4743 2142 4852; baseline -0.026 -16"><span class='ocrx_word' id='word_1_356' title='bbox 552 4777 695 4852; x_wconf 91' lang='lat' dir='ltr'><strong>quod</strong></span> <span class='ocrx_word' id='word_1_357' title='bbox 729 4777 816 4832; x_wconf 91' lang='lat' dir='ltr'><strong>illa</strong></span> <span class='ocrx_word' id='word_1_358' title='bbox 845 4773 1144 4829; x_wconf 81' lang='lat' dir='ltr'><strong>formarum‘</strong></span> <span class='ocrx_word' id='word_1_359' title='bbox 1167 4763 1410 4820; x_wconf 86' lang='lat' dir='ltr'><strong>adultera</strong></span> <span class='ocrx_word' id='word_1_360' title='bbox 1439 4760 1530 4823; x_wconf 92' lang='lat' dir='ltr'><strong>sit,</strong></span> <span class='ocrx_word' id='word_1_361' title='bbox 1563 4757 1664 4810; x_wconf 89' lang='lat' dir='ltr'><strong>ista</strong></span> <span class='ocrx_word' id='word_1_362' title='bbox 1697 4761 1983 4807; x_wconf 90' lang='lat' dir='ltr'><strong>terrarum.</strong></span> <span class='ocrx_word' id='word_1_363' title='bbox 2021 4743 2142 4798; x_wconf 86' lang='lat' dir='ltr'><strong>Ele-</strong></span> 
     </span>
    </p>
   </div>
   <div class='ocr_carea' id='block_1_49' title="bbox 553 4839 2146 4934">
    <p class='ocr_par' dir='ltr' id='par_1_49' title="bbox 553 4839 2146 4934">
     <span class='ocr_line' id='line_1_50' title="bbox 553 4839 2146 4934; baseline -0.026 -2"><span class='ocrx_word' id='word_1_364' title='bbox 553 4883 738 4932; x_wconf 90' lang='lat' dir='ltr'><strong>menta</strong></span> <span class='ocrx_word' id='word_1_365' title='bbox 763 4869 1034 4934; x_wconf 91' lang='lat' dir='ltr'><strong>concutit,</strong></span> <span class='ocrx_word' id='word_1_366' title='bbox 1064 4877 1215 4919; x_wconf 90' lang='lat' dir='ltr'><strong>mare</strong></span> <span class='ocrx_word' id='word_1_367' title='bbox 1243 4859 1452 4922; x_wconf 88' lang='lat' dir='ltr'><strong>sulcat,</strong></span> <span class='ocrx_word' id='word_1_368' title='bbox 1481 4861 1680 4908; x_wconf 89' lang='lat' dir='ltr'><strong>terram</strong></span> <span class='ocrx_word' id='word_1_369' title='bbox 1710 4844 1921 4907; x_wconf 84' lang='lat' dir='ltr'><strong>ell&#39;odit,</strong></span> <span class='ocrx_word' id='word_1_370' title='bbox 1948 4839 2146 4897; x_wconf 64' lang='lat' dir='ltr'><strong>caelum</strong></span> 
     </span>
    </p>
   </div>
   <div class='ocr_carea' id='block_1_50' title="bbox 552 4933 2148 5038">
    <p class='ocr_par' dir='ltr' id='par_1_50' title="bbox 552 4933 2148 5038">
     <span class='ocr_line' id='line_1_51' title="bbox 552 4933 2148 5038; baseline -0.025 -11"><span class='ocrx_word' id='word_1_371' title='bbox 552 4969 693 5026; x_wconf 92' lang='lat' dir='ltr'><strong>votis</strong></span> <span class='ocrx_word' id='word_1_372' title='bbox 719 4967 924 5038; x_wconf 75' lang='lat' dir='ltr'><strong>fatigat,</strong></span> <span class='ocrx_word' id='word_1_373' title='bbox 954 4975 1052 5016; x_wconf 91' lang='lat' dir='ltr'><strong>nec</strong></span> <span class='ocrx_word' id='word_1_374' title='bbox 1081 4941 1276 5014; x_wconf 87' lang='lat' dir='ltr'><strong>sereno</strong></span> <span class='ocrx_word' id='word_1_375' title='bbox 1304 4957 1456 5024; x_wconf 86' lang='lat' dir='ltr'><strong>grata</strong></span> <span class='ocrx_word' id='word_1_376' title='bbox 1484 4962 1584 5003; x_wconf 91' lang='lat' dir='ltr'><strong>nec</strong></span> <span class='ocrx_word' id='word_1_377' title='bbox 1607 4942 1812 5005; x_wconf 87' lang='lat' dir='ltr'><strong>nubilo,</strong></span> <span class='ocrx_word' id='word_1_378' title='bbox 1841 4933 2002 5010; x_wconf 60' lang='lat'><strong>194</strong></span> <span class='ocrx_word' id='word_1_379' title='bbox 2020 4949 2148 4990; x_wconf 89' lang='lat' dir='ltr'><strong>con-</strong></span> 
     </span>
    </p>
   </div>
   <div class='ocr_carea' id='block_1_51' title="bbox 552 5029 2148 5134">
    <p class='ocr_par' dir='ltr' id='par_1_51' title="bbox 552 5029 2148 5134">
     <span class='ocr_line' id='line_1_52' title="bbox 552 5029 2148 5134; baseline -0.028 -10"><span class='ocrx_word' id='word_1_380' title='bbox 552 5065 773 5123; x_wconf 87' lang='lat' dir='ltr'><strong>demnat</strong></span> <span class='ocrx_word' id='word_1_381' title='bbox 795 5066 1091 5134; x_wconf 90' lang='lat' dir='ltr'><strong>proventus</strong></span> <span class='ocrx_word' id='word_1_382' title='bbox 1110 5064 1342 5114; x_wconf 90' lang='lat' dir='ltr'><strong>annuos,</strong></span> <span class='ocrx_word' id='word_1_383' title='bbox 1383 5045 1632 5111; x_wconf 85' lang='lat' dir='ltr'><strong>fetusque</strong></span> <span class='ocrx_word' id='word_1_384' title='bbox 1655 5047 1924 5094; x_wconf 86' lang='lat' dir='ltr'><strong>terrarum</strong></span> <span class='ocrx_word' id='word_1_385' title='bbox 1950 5029 2148 5099; x_wconf 79' lang='lat' dir='ltr'><strong>arguit.</strong></span> 
     </span>
    </p>
   </div>
   <div class='ocr_carea' id='block_1_52' title="bbox 553 5121 2151 5222">
    <p class='ocr_par' dir='ltr' id='par_1_52' title="bbox 553 5121 2151 5222">
     <span class='ocr_line' id='line_1_53' title="bbox 553 5121 2151 5222; baseline -0.025 -9"><span class='ocrx_word' id='word_1_386' title='bbox 553 5157 659 5213; x_wconf 87' lang='lat' dir='ltr'><strong>Sed</strong></span> <span class='ocrx_word' id='word_1_387' title='bbox 690 5156 806 5209; x_wconf 81' lang='lat' dir='ltr'><strong>haec</strong></span> <span class='ocrx_word' id='word_1_388' title='bbox 833 5146 1096 5222; x_wconf 57' lang='lat' dir='ltr'><strong>a‘gritudo</strong></span> <span class='ocrx_word' id='word_1_389' title='bbox 1125 5155 1206 5200; x_wconf 90' lang='lat' dir='ltr'><strong>est</strong></span> <span class='ocrx_word' id='word_1_390' title='bbox 1234 5141 1428 5196; x_wconf 79' lang='lat' dir='ltr'><strong>animae</strong></span> <span class='ocrx_word' id='word_1_391' title='bbox 1450 5179 1465 5204; x_wconf 94' lang='lat'><strong>,</strong></span> <span class='ocrx_word' id='word_1_392' title='bbox 1498 5125 1606 5189; x_wconf 86' lang='lat' dir='ltr'><strong>non</strong></span> <span class='ocrx_word' id='word_1_393' title='bbox 1637 5130 1861 5186; x_wconf 87' lang='lat' dir='ltr'><strong>sanitas.</strong></span> <span class='ocrx_word' id='word_1_394' title='bbox 1904 5121 2151 5190; x_wconf 87' lang='lat' dir='ltr'><strong>Denique</strong></span> 
     </span>
    </p>
   </div>
   <div class='ocr_carea' id='block_1_53' title="bbox 551 5213 2149 5308">
    <p class='ocr_par' dir='ltr' id='par_1_53' title="bbox 551 5213 2149 5308">
     <span class='ocr_line' id='line_1_54' title="bbox 551 5213 2149 5308; baseline -0.028 1"><span class='ocrx_word' id='word_1_395' title='bbox 551 5213 912 5308; x_wconf 63' lang='lat' dir='ltr'><strong>Ecclesiastes</strong></span> <span class='ocrx_word' id='word_1_396' title='bbox 951 5241 1121 5296; x_wconf 84' lang='lat' dir='ltr'><strong>dicit:</strong></span> <span class='ocrx_word' id='word_1_397' title='bbox 1158 5237 1252 5290; x_wconf 83' lang='lat' dir='ltr'><strong>Est</strong></span> <span class='ocrx_word' id='word_1_398' title='bbox 1279 5235 1496 5304; x_wconf 84' lang='lat' dir='ltr'><strong>languor</strong></span> <span class='ocrx_word' id='word_1_399' title='bbox 1529 5227 1694 5282; x_wconf 84' lang='lat' dir='ltr'><strong>malus</strong></span> <span class='ocrx_word' id='word_1_400' title='bbox 1719 5238 1867 5292; x_wconf 85' lang='lat' dir='ltr'><strong>quem</strong></span> <span class='ocrx_word' id='word_1_401' title='bbox 1908 5215 2012 5271; x_wconf 85' lang='lat' dir='ltr'><strong>vidi</strong></span> <span class='ocrx_word' id='word_1_402' title='bbox 2057 5213 2149 5266; x_wconf 86' lang='lat' dir='ltr'><strong>sub</strong></span> 
     </span>
    </p>
   </div>
   <div class='ocr_carea' id='block_1_54' title="bbox 550 5309 2146 5407">
    <p class='ocr_par' dir='ltr' id='par_1_54' title="bbox 550 5309 2146 5407">
     <span class='ocr_line' id='line_1_55' title="bbox 550 5309 2146 5407; baseline -0.026 -5"><span class='ocrx_word' id='word_1_403' title='bbox 550 5346 677 5407; x_wconf 80' lang='lat' dir='ltr'><strong>sole,</strong></span> <span class='ocrx_word' id='word_1_404' title='bbox 699 5343 905 5398; x_wconf 81' lang='lat' dir='ltr'><strong>divitias</strong></span> <span class='ocrx_word' id='word_1_405' title='bbox 928 5333 1180 5392; x_wconf 76' lang='lat' dir='ltr'><strong>custodiri</strong></span> <span class='ocrx_word' id='word_1_406' title='bbox 1204 5332 1254 5400; x_wconf 81' lang='lat' dir='ltr'><strong>in</strong></span> <span class='ocrx_word' id='word_1_407' title='bbox 1280 5328 1472 5383; x_wconf 86' lang='lat' dir='ltr'><strong>malum</strong></span> <span class='ocrx_word' id='word_1_408' title='bbox 1499 5319 1808 5396; x_wconf 69' lang='lat' dir='ltr'><strong>possidentis</strong></span> <span class='ocrx_word' id='word_1_409' title='bbox 1829 5332 1914 5370; x_wconf 88' lang='lat' dir='ltr'><strong>eas</strong></span> <span class='ocrx_word' id='word_1_410' title='bbox 1943 5309 2146 5383; x_wconf 85' lang='lat' dir='ltr'><strong>(Eccle.</strong></span> 
     </span>
    </p>
   </div>
   <div class='ocr_carea' id='block_1_55' title="bbox 549 5402 2150 5509">
    <p class='ocr_par' dir='ltr' id='par_1_55' title="bbox 549 5402 2150 5509">
     <span class='ocr_line' id='line_1_56' title="bbox 549 5402 2150 5509; baseline -0.027 -11"><span class='ocrx_word' id='word_1_411' title='bbox 549 5455 605 5504; x_wconf 84' lang='lat' dir='ltr'><strong>v.</strong></span> <span class='ocrx_word' id='word_1_412' title='bbox 642 5439 748 5509; x_wconf 80' lang='grc'><strong>12).</strong></span> <span class='ocrx_word' id='word_1_413' title='bbox 786 5437 844 5491; x_wconf 84' lang='lat' dir='ltr'><strong>Et</strong></span> <span class='ocrx_word' id='word_1_414' title='bbox 871 5447 1031 5495; x_wconf 70' lang='lat' dir='ltr'><strong>supra</strong></span> <span class='ocrx_word' id='word_1_415' title='bbox 1060 5447 1071 5482; x_wconf 91' lang='lat'>:</span> <span class='ocrx_word' id='word_1_416' title='bbox 1107 5427 1209 5494; x_wconf 84' lang='lat' dir='ltr'><strong>Qui</strong></span> <span class='ocrx_word' id='word_1_417' title='bbox 1231 5423 1404 5495; x_wconf 83' lang='lat' dir='ltr'><strong>diligit</strong></span> <span class='ocrx_word' id='word_1_418' title='bbox 1435 5427 1724 5488; x_wconf 86' lang='lat' dir='ltr'><strong>argentum,</strong></span> <span class='ocrx_word' id='word_1_419' title='bbox 1755 5426 1855 5464; x_wconf 87' lang='lat' dir='ltr'><strong>non</strong></span> <span class='ocrx_word' id='word_1_420' title='bbox 1879 5402 2150 5460; x_wconf 82' lang='lat' dir='ltr'><strong>satiabitur</strong></span> 
     </span>
    </p>
   </div>
   <div class='ocr_carea' id='block_1_56' title="bbox 551 5499 2148 5607">
    <p class='ocr_par' dir='ltr' id='par_1_56' title="bbox 551 5499 2148 5607">
     <span class='ocr_line' id='line_1_57' title="bbox 551 5499 2148 5607; baseline -0.027 -18"><span class='ocrx_word' id='word_1_421' title='bbox 551 5499 764 5607; x_wconf 72' lang='lat' dir='ltr'><strong>argento</strong></span> <span class='ocrx_word' id='word_1_422' title='bbox 795 5528 842 5602; x_wconf 85' lang='grc' dir='ltr'><strong>(Ι</strong></span> <span class='ocrx_word' id='word_1_423' title='bbox 854 5526 938 5582; x_wconf 89' lang='lat' dir='ltr'><strong>bid</strong></span> <span class='ocrx_word' id='word_1_424' title='bbox 949 5521 1189 5593; x_wconf 82' lang='lat' dir='ltr'><strong>.,9).Et:</strong></span> <span class='ocrx_word' id='word_1_425' title='bbox 1211 5515 1320 5570; x_wconf 81' lang='lat' dir='ltr'><strong>Nec</strong></span> <span class='ocrx_word' id='word_1_426' title='bbox 1346 5521 1420 5568; x_wconf 79' lang='lat' dir='ltr'><strong>est</strong></span> <span class='ocrx_word' id='word_1_427' title='bbox 1450 5511 1568 5578; x_wconf 82' lang='lat' dir='ltr'><strong>ﬁnis</strong></span> <span class='ocrx_word' id='word_1_428' title='bbox 1591 5499 1944 5573; x_wconf 79' lang='lat' dir='ltr'><strong>acquisitionis</strong></span> <span class='ocrx_word' id='word_1_429' title='bbox 1973 5511 2148 5550; x_wconf 83' lang='lat' dir='ltr'><strong>eorum</strong></span> 
     </span>
    </p>
   </div>
   <div class='ocr_carea' id='block_1_57' title="bbox 551 5590 2149 5704">
    <p class='ocr_par' dir='ltr' id='par_1_57' title="bbox 551 5590 2149 5704">
     <span class='ocr_line' id='line_1_58' title="bbox 551 5590 2149 5704; baseline -0.028 -18"><span class='ocrx_word' id='word_1_430' title='bbox 551 5628 775 5704; x_wconf 80' lang='lat' dir='ltr'><strong>(Barac.</strong></span> <span class='ocrx_word' id='word_1_431' title='bbox 801 5639 893 5687; x_wconf 87' lang='grc' dir='ltr'>ιιι,</span> <span class='ocrx_word' id='word_1_432' title='bbox 930 5619 1058 5684; x_wconf 76' lang='lat' dir='ltr'><strong>l8).</strong></span> <span class='ocrx_word' id='word_1_433' title='bbox 1087 5617 1142 5672; x_wconf 90' lang='lat' dir='ltr'><strong>Si</strong></span> <span class='ocrx_word' id='word_1_434' title='bbox 1176 5610 1376 5683; x_wconf 80' lang='lat' dir='ltr'><strong>qua-ris</strong></span> <span class='ocrx_word' id='word_1_435' title='bbox 1403 5607 1718 5665; x_wconf 84' lang='lat' dir='ltr'><strong>thesauros,</strong></span> <span class='ocrx_word' id='word_1_436' title='bbox 1751 5595 1934 5663; x_wconf 86' lang='lat' dir='ltr'><strong>accipe</strong></span> <span class='ocrx_word' id='word_1_437' title='bbox 1962 5590 2149 5646; x_wconf 82' lang='lat' dir='ltr'><strong>invisi-</strong></span> 
     </span>
    </p>
   </div>
   <div class='ocr_carea' id='block_1_58' title="bbox 548 5685 2144 5783">
    <p class='ocr_par' dir='ltr' id='par_1_58' title="bbox 548 5685 2144 5783">
     <span class='ocr_line' id='line_1_59' title="bbox 548 5685 2144 5783; baseline -0.028 -1"><span class='ocrx_word' id='word_1_438' title='bbox 548 5685 686 5782; x_wconf 78' lang='lat' dir='ltr'><strong>biles</strong></span> <span class='ocrx_word' id='word_1_439' title='bbox 711 5730 765 5778; x_wconf 91' lang='lat' dir='ltr'><strong>et</strong></span> <span class='ocrx_word' id='word_1_440' title='bbox 795 5715 1039 5775; x_wconf 87' lang='lat' dir='ltr'><strong>occultos</strong></span> <span class='ocrx_word' id='word_1_441' title='bbox 1063 5722 1199 5783; x_wconf 89' lang='lat' dir='ltr'><strong>quos</strong></span> <span class='ocrx_word' id='word_1_442' title='bbox 1226 5706 1277 5760; x_wconf 90' lang='lat' dir='ltr'><strong>in</strong></span> <span class='ocrx_word' id='word_1_443' title='bbox 1305 5701 1428 5760; x_wconf 76' lang='lat' dir='ltr'><strong>eteli</strong></span> <span class='ocrx_word' id='word_1_444' title='bbox 1458 5693 1760 5759; x_wconf 89' lang='lat' dir='ltr'><strong>altissimis,</strong></span> <span class='ocrx_word' id='word_1_445' title='bbox 1794 5704 1900 5745; x_wconf 91' lang='lat' dir='ltr'><strong>non</strong></span> <span class='ocrx_word' id='word_1_446' title='bbox 1929 5700 2066 5758; x_wconf 89' lang='lat' dir='ltr'><strong>quos</strong></span> <span class='ocrx_word' id='word_1_447' title='bbox 2092 5685 2144 5739; x_wconf 92' lang='lat' dir='ltr'><strong>in</strong></span> 
     </span>
    </p>
   </div>
   <div class='ocr_carea' id='block_1_59' title="bbox 621 5804 2129 5900">
    <p class='ocr_par' dir='ltr' id='par_1_59' title="bbox 621 5804 2129 5900">
     <span class='ocr_line' id='line_1_60' title="bbox 621 5804 2129 5900; baseline -0.027 -5"><span class='ocrx_word' id='word_1_448' title='bbox 621 5850 645 5878; x_wconf 72' lang='grc' dir='ltr'>ε</span> <span class='ocrx_word' id='word_1_449' title='bbox 691 5835 865 5900; x_wconf 73' lang='lat' dir='ltr'><strong>EdiL,</strong></span> <span class='ocrx_word' id='word_1_450' title='bbox 893 5831 962 5887; x_wconf 84' lang='lat' dir='ltr'><strong>Et</strong></span> <span class='ocrx_word' id='word_1_451' title='bbox 1003 5825 1236 5900; x_wconf 74' lang='lat' dir='ltr'><strong>sculpsit.</strong></span> <span class='ocrx_word' id='word_1_452' title='bbox 1298 5813 1546 5900; x_wconf 34' lang='lat' dir='ltr'><strong>Mssmlit</strong></span> <span class='ocrx_word' id='word_1_453' title='bbox 1588 5809 1752 5883; x_wconf 79' lang='lat' dir='ltr'><strong>fulsit.</strong></span> <span class='ocrx_word' id='word_1_454' title='bbox 1808 5804 2018 5900; x_wconf 43' lang='lat' dir='ltr'><strong>&#39;l‘Vemp&#39;e</strong></span> <span class='ocrx_word' id='word_1_455' title='bbox 2061 5817 2129 5888; x_wconf 43' lang='lat' dir='ltr'><strong>e&#39;x</strong></span> 
     </span>
    </p>
   </div>
   <div class='ocr_carea' id='block_1_60' title="bbox 548 5875 2124 5979">
    <p class='ocr_par' dir='ltr' id='par_1_60' title="bbox 548 5875 2124 5979">
     <span class='ocr_line' id='line_1_61' title="bbox 548 5875 2124 5979; baseline -0.028 -6"><span class='ocrx_word' id='word_1_456' title='bbox 548 5875 1287 5979; x_wconf 41' lang='grc' dir='ltr'><strong>ΙιΧΧιῖιῖίὲιῖρῖίιὺΐῖέξῖιιιιπ</strong></span> <span class='ocrx_word' id='word_1_457' title='bbox 1328 5875 1411 5948; x_wconf 64' lang='lat' dir='ltr'><strong>acti</strong></span> <span class='ocrx_word' id='word_1_458' title='bbox 1440 5875 1692 5962; x_wconf 61' lang='grc' dir='ltr'><strong>ὖπήρὶισε</strong></span> <span class='ocrx_word' id='word_1_459' title='bbox 1724 5879 1943 5939; x_wconf 72' lang='grc' dir='ltr'><strong>στύλους</strong></span> <span class='ocrx_word' id='word_1_460' title='bbox 1976 5875 2124 5935; x_wconf 72' lang='grc' dir='ltr'><strong>ἑπτά.</strong></span> 
     </span>
    </p>
   </div>
   <div class='ocr_carea' id='block_1_61' title="bbox 1912 315 2519 389">
    <p class='ocr_par' dir='ltr' id='par_1_61' title="bbox 1912 315 2519 389">
     <span class='ocr_line' id='line_1_62' title="bbox 1912 315 2519 389; baseline -0.025 0"><span class='ocrx_word' id='word_1_461' title='bbox 1912 323 2158 389; x_wconf 76' lang='lat' dir='ltr'><strong>SANCTI</strong></span> <span class='ocrx_word' id='word_1_462' title='bbox 2195 315 2519 380; x_wconf 76' lang='lat' dir='ltr'><strong>AMBROSII</strong></span> 
     </span>
    </p>
   </div>
   <div class='ocr_carea' id='block_1_62' title="bbox 1461 414 3862 528">
    <p class='ocr_par' dir='ltr' id='par_1_62' title="bbox 1461 414 3862 528">
     <span class='ocr_line' id='line_1_63' title="bbox 1461 414 3862 528; baseline -0.015 -24"><span class='ocrx_word' id='word_1_463' title='bbox 1461 470 1571 528; x_wconf 79' lang='lat' dir='ltr'><strong>quo</strong></span> <span class='ocrx_word' id='word_1_464' title='bbox 1603 463 1819 510; x_wconf 86' lang='lat' dir='ltr'><strong>tuorum</strong></span> <span class='ocrx_word' id='word_1_465' title='bbox 1877 447 2156 503; x_wconf 88' lang='lat' dir='ltr'><strong>dttlcescat</strong></span> <span class='ocrx_word' id='word_1_466' title='bbox 2181 441 2237 500; x_wconf 79' lang='grc' dir='ltr'><strong>Α</strong></span> <span class='ocrx_word' id='word_1_467' title='bbox 2264 444 2528 491; x_wconf 87' lang='lat' dir='ltr'><strong>terrarum</strong></span> <span class='ocrx_word' id='word_1_468' title='bbox 2553 426 2707 486; x_wconf 90' lang='lat' dir='ltr'><strong>venis</strong></span> <span class='ocrx_word' id='word_1_469' title='bbox 2732 423 2998 496; x_wconf 86' lang='lat' dir='ltr'><strong>requiras.</strong></span> <span class='ocrx_word' id='word_1_470' title='bbox 3028 421 3158 478; x_wconf 88' lang='lat' dir='ltr'><strong>Esto</strong></span> <span class='ocrx_word' id='word_1_471' title='bbox 3182 430 3388 490; x_wconf 86' lang='lat' dir='ltr'><strong>pauper</strong></span> <span class='ocrx_word' id='word_1_472' title='bbox 3414 415 3606 488; x_wconf 89' lang='lat' dir='ltr'><strong>spiritu</strong></span> <span class='ocrx_word' id='word_1_473' title='bbox 3625 456 3640 481; x_wconf 95' lang='lat'><strong>,</strong></span> <span class='ocrx_word' id='word_1_474' title='bbox 3670 423 3725 468; x_wconf 91' lang='lat' dir='ltr'><strong>et</strong></span> <span class='ocrx_word' id='word_1_475' title='bbox 3751 414 3862 468; x_wconf 92' lang='lat' dir='ltr'><strong>eris</strong></span> 
     </span>
     <span class='ocr_line' id='line_1_64' title="bbox 2562 507 3855 528; baseline 0 0"><span class='ocrx_word' id='word_1_476' title='bbox 2562 527 2568 528; x_wconf 63' lang='lat'><strong>,</strong></span> <span class='ocrx_word' id='word_1_477' title='bbox 3198 515 3208 526; x_wconf 93' lang='lat'><strong>.</strong></span> <span class='ocrx_word' id='word_1_478' title='bbox 3430 511 3442 523; x_wconf 90' lang='lat'><strong>.</strong></span> <span class='ocrx_word' id='word_1_479' title='bbox 3685 507 3855 528; x_wconf 43' lang='grc' dir='ltr'><strong>ιη..-</strong></span> 
     </span>
    </p>
   </div>
   <div class='ocr_carea' id='block_1_63' title="bbox 3756 301 3862 359">
    <p class='ocr_par' dir='ltr' id='par_1_63' title="bbox 3756 301 3862 359">
     <span class='ocr_line' id='line_1_65' title="bbox 3756 301 3862 359; baseline -0.019 0"><span class='ocrx_word' id='word_1_480' title='bbox 3756 301 3862 359; x_wconf 79' lang='grc'><strong>528</strong></span> 
     </span>
    </p>
   </div>
   <div class='ocr_carea' id='block_1_64' title="bbox 2263 507 3861 599">
    <p class='ocr_par' dir='ltr' id='par_1_64' title="bbox 2263 507 3861 599">
     <span class='ocr_line' id='line_1_66' title="bbox 2263 507 3861 599; baseline -0.016 -13"><span class='ocrx_word' id='word_1_481' title='bbox 2263 531 2416 586; x_wconf 89' lang='lat' dir='ltr'><strong>dives</strong></span> <span class='ocrx_word' id='word_1_482' title='bbox 2451 527 2833 599; x_wconf 89' lang='lat' dir='ltr'><strong>qualicumque</strong></span> <span class='ocrx_word' id='word_1_483' title='bbox 2874 533 3075 584; x_wconf 89' lang='lat' dir='ltr'><strong>censu;</strong></span> <span class='ocrx_word' id='word_1_484' title='bbox 3119 515 3244 588; x_wconf 91' lang='lat' dir='ltr'><strong>quia</strong></span> <span class='ocrx_word' id='word_1_485' title='bbox 3282 528 3390 569; x_wconf 89' lang='lat' dir='ltr'><strong>non</strong></span> <span class='ocrx_word' id='word_1_486' title='bbox 3430 511 3484 565; x_wconf 91' lang='lat' dir='ltr'><strong>in</strong></span> <span class='ocrx_word' id='word_1_487' title='bbox 3529 507 3861 565; x_wconf 86' lang='lat' dir='ltr'><strong>abundantia</strong></span> 
     </span>
    </p>
   </div>
   <div class='ocr_carea' id='block_1_65' title="bbox 2261 600 3860 682">
    <p class='ocr_par' dir='ltr' id='par_1_65' title="bbox 2261 600 3860 682">
     <span class='ocr_line' id='line_1_67' title="bbox 2261 600 3860 682; baseline -0.018 0"><span class='ocrx_word' id='word_1_488' title='bbox 2261 625 2574 682; x_wconf 83' lang='lat' dir='ltr'><strong>divitiarum</strong></span> <span class='ocrx_word' id='word_1_489' title='bbox 2607 623 2716 675; x_wconf 88' lang='lat' dir='ltr'><strong>vita</strong></span> <span class='ocrx_word' id='word_1_490' title='bbox 2745 626 2830 674; x_wconf 91' lang='lat' dir='ltr'><strong>est</strong></span> <span class='ocrx_word' id='word_1_491' title='bbox 2856 613 3091 670; x_wconf 91' lang='lat' dir='ltr'><strong>hominis</strong></span> <span class='ocrx_word' id='word_1_492' title='bbox 3113 653 3128 677; x_wconf 91' lang='lat'><strong>,</strong></span> <span class='ocrx_word' id='word_1_493' title='bbox 3171 609 3267 664; x_wconf 89' lang='lat' dir='ltr'><strong>sed</strong></span> <span class='ocrx_word' id='word_1_494' title='bbox 3311 607 3364 662; x_wconf 94' lang='lat' dir='ltr'><strong>in</strong></span> <span class='ocrx_word' id='word_1_495' title='bbox 3409 605 3607 660; x_wconf 88' lang='lat' dir='ltr'><strong>virtute</strong></span> <span class='ocrx_word' id='word_1_496' title='bbox 3643 617 3704 656; x_wconf 91' lang='lat' dir='ltr'><strong>ac</strong></span> <span class='ocrx_word' id='word_1_497' title='bbox 3733 600 3860 656; x_wconf 87' lang='lat' dir='ltr'><strong>ﬁde.</strong></span> 
     </span>
    </p>
   </div>
   <div class='ocr_carea' id='block_1_66' title="bbox 2263 698 3858 774">
    <p class='ocr_par' dir='ltr' id='par_1_66' title="bbox 2263 698 3858 774">
     <span class='ocr_line' id='line_1_68' title="bbox 2263 698 3858 774; baseline -0.016 0"><span class='ocrx_word' id='word_1_498' title='bbox 2263 719 2386 774; x_wconf 73' lang='lat' dir='ltr'><strong>Ista:</strong></span> <span class='ocrx_word' id='word_1_499' title='bbox 2415 729 2465 773; x_wconf 91' lang='lat' dir='ltr'><strong>te</strong></span> <span class='ocrx_word' id='word_1_500' title='bbox 2486 715 2688 772; x_wconf 72' lang='lat' dir='ltr'><strong>divitiae</strong></span> <span class='ocrx_word' id='word_1_501' title='bbox 2710 727 2896 768; x_wconf 90' lang='lat' dir='ltr'><strong>verum</strong></span> <span class='ocrx_word' id='word_1_502' title='bbox 2923 708 3144 766; x_wconf 90' lang='lat' dir='ltr'><strong>divitem</strong></span> <span class='ocrx_word' id='word_1_503' title='bbox 3173 703 3394 770; x_wconf 88' lang='lat' dir='ltr'><strong>facient,</strong></span> <span class='ocrx_word' id='word_1_504' title='bbox 3426 701 3470 757; x_wconf 91' lang='lat' dir='ltr'><strong>si</strong></span> <span class='ocrx_word' id='word_1_505' title='bbox 3499 701 3576 755; x_wconf 89' lang='lat' dir='ltr'><strong>sis</strong></span> <span class='ocrx_word' id='word_1_506' title='bbox 3604 699 3657 754; x_wconf 89' lang='lat' dir='ltr'><strong>in</strong></span> <span class='ocrx_word' id='word_1_507' title='bbox 3690 698 3858 754; x_wconf 88' lang='lat' dir='ltr'><strong>Deum</strong></span> 
     </span>
    </p>
   </div>
   <div class='ocr_carea' id='block_1_67' title="bbox 2263 813 2435 868">
    <p class='ocr_par' dir='ltr' id='par_1_67' title="bbox 2263 813 2435 868">
     <span class='ocr_line' id='line_1_69' title="bbox 2263 813 2435 868; baseline -0.012 0"><span class='ocrx_word' id='word_1_508' title='bbox 2263 813 2435 868; x_wconf 90' lang='lat' dir='ltr'><strong>dives.</strong></span> 
     </span>
    </p>
   </div>
   <div class='ocr_carea' id='block_1_68' title="bbox 2887 913 3246 974">
    <p class='ocr_par' dir='ltr' id='par_1_68' title="bbox 2887 913 3246 974">
     <span class='ocr_line' id='line_1_70' title="bbox 2887 913 3246 974; baseline -0.022 0"><span class='ocrx_word' id='word_1_509' title='bbox 2887 914 3117 974; x_wconf 86' lang='lat' dir='ltr'><strong>CAPUT</strong></span> <span class='ocrx_word' id='word_1_510' title='bbox 3159 913 3246 970; x_wconf 81' lang='lat' dir='ltr'><strong>Vl.</strong></span> 
     </span>
    </p>
   </div>
   <div class='ocr_carea' id='block_1_69' title="bbox 2271 1037 3862 1124">
    <p class='ocr_par' dir='ltr' id='par_1_69' title="bbox 2271 1037 3862 1124">
     <span class='ocr_line' id='line_1_71' title="bbox 2271 1037 3862 1124; baseline -0.016 -2"><span class='ocrx_word' id='word_1_511' title='bbox 2271 1066 2528 1121; x_wconf 74' lang='lat' dir='ltr'><strong>Virtutem</strong></span> <span class='ocrx_word' id='word_1_512' title='bbox 2556 1061 2726 1116; x_wconf 83' lang='lat' dir='ltr'><strong>studio</strong></span> <span class='ocrx_word' id='word_1_513' title='bbox 2759 1037 2806 1113; x_wconf 83' lang='lat' dir='ltr'><strong>et</strong></span> <span class='ocrx_word' id='word_1_514' title='bbox 2849 1058 3024 1112; x_wconf 87' lang='lat' dir='ltr'><strong>labore</strong></span> <span class='ocrx_word' id='word_1_515' title='bbox 3052 1051 3368 1124; x_wconf 85' lang='lat' dir='ltr'><strong>comparari.</strong></span> <span class='ocrx_word' id='word_1_516' title='bbox 3403 1048 3520 1104; x_wconf 86' lang='lat' dir='ltr'><strong>Hoc</strong></span> <span class='ocrx_word' id='word_1_517' title='bbox 3559 1045 3745 1102; x_wconf 81' lang='lat' dir='ltr'><strong>Jacobi</strong></span> <span class='ocrx_word' id='word_1_518' title='bbox 3775 1044 3862 1115; x_wconf 86' lang='lat' dir='ltr'><strong>qui</strong></span> 
     </span>
    </p>
   </div>
   <div class='ocr_carea' id='block_1_70' title="bbox 2335 1139 3860 1230">
    <p class='ocr_par' dir='ltr' id='par_1_70' title="bbox 2335 1139 3860 1230">
     <span class='ocr_line' id='line_1_72' title="bbox 2335 1139 3860 1230; baseline -0.013 -18"><span class='ocrx_word' id='word_1_519' title='bbox 2335 1159 2613 1230; x_wconf 79' lang='lat' dir='ltr'><strong>primatum</strong></span> <span class='ocrx_word' id='word_1_520' title='bbox 2635 1156 2688 1208; x_wconf 89' lang='lat' dir='ltr'><strong>in</strong></span> <span class='ocrx_word' id='word_1_521' title='bbox 2709 1157 2926 1224; x_wconf 85' lang='lat' dir='ltr'><strong>fratrem</strong></span> <span class='ocrx_word' id='word_1_522' title='bbox 2948 1151 3167 1218; x_wconf 84' lang='lat' dir='ltr'><strong>adeptus</strong></span> <span class='ocrx_word' id='word_1_523' title='bbox 3191 1157 3291 1212; x_wconf 88' lang='lat' dir='ltr'><strong>est,</strong></span> <span class='ocrx_word' id='word_1_524' title='bbox 3316 1143 3565 1216; x_wconf 88' lang='lat' dir='ltr'><strong>probatur</strong></span> <span class='ocrx_word' id='word_1_525' title='bbox 3596 1139 3860 1208; x_wconf 75' lang='lat' dir='ltr'><strong>exemplo;</strong></span> 
     </span>
    </p>
   </div>
   <div class='ocr_carea' id='block_1_71' title="bbox 2333 1235 3862 1322">
    <p class='ocr_par' dir='ltr' id='par_1_71' title="bbox 2333 1235 3862 1322">
     <span class='ocr_line' id='line_1_73' title="bbox 2333 1235 3862 1322; baseline -0.01 -16"><span class='ocrx_word' id='word_1_526' title='bbox 2333 1263 2384 1322; x_wconf 81' lang='lat' dir='ltr'><strong>et</strong></span> <span class='ocrx_word' id='word_1_527' title='bbox 2413 1251 2631 1322; x_wconf 85' lang='lat' dir='ltr'><strong>mystica</strong></span> <span class='ocrx_word' id='word_1_528' title='bbox 2671 1249 2734 1302; x_wconf 88' lang='lat' dir='ltr'><strong>de</strong></span> <span class='ocrx_word' id='word_1_529' title='bbox 2763 1246 3054 1310; x_wconf 80' lang='lat' dir='ltr'><strong>Abraham,</strong></span> <span class='ocrx_word' id='word_1_530' title='bbox 3088 1242 3302 1313; x_wconf 81' lang='lat' dir='ltr'><strong>Moyse,</strong></span> <span class='ocrx_word' id='word_1_531' title='bbox 3345 1257 3406 1294; x_wconf 86' lang='lat' dir='ltr'><strong>ac</strong></span> <span class='ocrx_word' id='word_1_532' title='bbox 3450 1237 3630 1293; x_wconf 78' lang='lat' dir='ltr'><strong>iisdem</strong></span> <span class='ocrx_word' id='word_1_533' title='bbox 3667 1235 3862 1290; x_wconf 82' lang='lat' dir='ltr'><strong>duobus</strong></span> 
     </span>
    </p>
   </div>
   <div class='ocr_carea' id='block_1_72' title="bbox 2338 1343 2963 1416">
    <p class='ocr_par' dir='ltr' id='par_1_72' title="bbox 2338 1343 2963 1416">
     <span class='ocr_line' id='line_1_74' title="bbox 2338 1343 2963 1416; baseline -0.011 -17"><span class='ocrx_word' id='word_1_534' title='bbox 2338 1343 2587 1416; x_wconf 79' lang='lat' dir='ltr'><strong>fratribus</strong></span> <span class='ocrx_word' id='word_1_535' title='bbox 2617 1349 2963 1412; x_wconf 74' lang='lat' dir='ltr'><strong>exponuntur.</strong></span> 
     </span>
    </p>
   </div>
   <div class='ocr_carea' id='block_1_73' title="bbox 2334 1448 3863 1524">
    <p class='ocr_par' dir='ltr' id='par_1_73' title="bbox 2334 1448 3863 1524">
     <span class='ocr_line' id='line_1_75' title="bbox 2334 1448 3863 1524; baseline -0.009 -12"><span class='ocrx_word' id='word_1_536' title='bbox 2334 1458 2426 1513; x_wconf 89' lang='grc'><strong>22.</strong></span> <span class='ocrx_word' id='word_1_537' title='bbox 2472 1456 2684 1514; x_wconf 89' lang='lat' dir='ltr'><strong>Audisti</strong></span> <span class='ocrx_word' id='word_1_538' title='bbox 2713 1453 3002 1524; x_wconf 87' lang='lat' dir='ltr'><strong>voluptatis</strong></span> <span class='ocrx_word' id='word_1_539' title='bbox 3030 1450 3310 1523; x_wconf 77' lang='lat' dir='ltr'><strong>mysteria,</strong></span> <span class='ocrx_word' id='word_1_540' title='bbox 3337 1448 3534 1510; x_wconf 84' lang='lat' dir='ltr'><strong>audisti</strong></span> <span class='ocrx_word' id='word_1_541' title='bbox 3566 1449 3728 1502; x_wconf 87' lang='lat' dir='ltr'><strong>etiam</strong></span> <span class='ocrx_word' id='word_1_542' title='bbox 3771 1459 3863 1500; x_wconf 93' lang='lat' dir='ltr'><strong>co-</strong></span> 
     </span>
    </p>
   </div>
   <div class='ocr_carea' id='block_1_74' title="bbox 2265 1538 3862 1622">
    <p class='ocr_par' dir='ltr' id='par_1_74' title="bbox 2265 1538 3862 1622">
     <span class='ocr_line' id='line_1_76' title="bbox 2265 1538 3862 1622; baseline -0.008 -17"><span class='ocrx_word' id='word_1_543' title='bbox 2265 1551 2475 1622; x_wconf 91' lang='lat' dir='ltr'><strong>piarum</strong></span> <span class='ocrx_word' id='word_1_544' title='bbox 2506 1560 2816 1604; x_wconf 88' lang='lat' dir='ltr'><strong>nostrarnm</strong></span> <span class='ocrx_word' id='word_1_545' title='bbox 2845 1561 3092 1612; x_wconf 90' lang='lat' dir='ltr'><strong>munera,</strong></span> <span class='ocrx_word' id='word_1_546' title='bbox 3126 1559 3263 1616; x_wconf 87' lang='lat' dir='ltr'><strong>quas</strong></span> <span class='ocrx_word' id='word_1_547' title='bbox 3285 1557 3386 1613; x_wconf 88' lang='lat' dir='ltr'><strong>ego</strong></span> <span class='ocrx_word' id='word_1_548' title='bbox 3411 1558 3515 1596; x_wconf 89' lang='lat' dir='ltr'><strong>non</strong></span> <span class='ocrx_word' id='word_1_549' title='bbox 3541 1538 3862 1609; x_wconf 90' lang='lat' dir='ltr'><strong>supellectili</strong></span> 
     </span>
    </p>
   </div>
   <div class='ocr_carea' id='block_1_75' title="bbox 2265 1634 3862 1728">
    <p class='ocr_par' dir='ltr' id='par_1_75' title="bbox 2265 1634 3862 1728">
     <span class='ocr_line' id='line_1_77' title="bbox 2265 1634 3862 1728; baseline -0.011 -24"><span class='ocrx_word' id='word_1_550' title='bbox 2265 1647 2611 1720; x_wconf 86' lang='lat' dir='ltr'><strong>operiendas,</strong></span> <span class='ocrx_word' id='word_1_551' title='bbox 2635 1645 2732 1728; x_wconf 13' lang='lat' dir='ltr'><strong>sed.</strong></span> <span class='ocrx_word' id='word_1_552' title='bbox 2763 1645 3058 1712; x_wconf 68' lang='lat' dir='ltr'><strong>Scriptura!</strong></span> <span class='ocrx_word' id='word_1_553' title='bbox 3089 1641 3246 1696; x_wconf 85' lang='lat' dir='ltr'><strong>nudis</strong></span> <span class='ocrx_word' id='word_1_554' title='bbox 3272 1637 3617 1694; x_wconf 87' lang='lat' dir='ltr'><strong>sermonibus</strong></span> <span class='ocrx_word' id='word_1_555' title='bbox 3637 1634 3862 1690; x_wconf 83' lang='lat' dir='ltr'><strong>demon-</strong></span> 
     </span>
    </p>
   </div>
   <div class='ocr_carea' id='block_1_76' title="bbox 2265 1732 3860 1812">
    <p class='ocr_par' dir='ltr' id='par_1_76' title="bbox 2265 1732 3860 1812">
     <span class='ocr_line' id='line_1_78' title="bbox 2265 1732 3860 1812; baseline -0.009 -14"><span class='ocrx_word' id='word_1_556' title='bbox 2265 1743 2512 1798; x_wconf 85' lang='lat' dir='ltr'><strong>strandas</strong></span> <span class='ocrx_word' id='word_1_557' title='bbox 2544 1739 2758 1812; x_wconf 86' lang='lat' dir='ltr'><strong>putavi;</strong></span> <span class='ocrx_word' id='word_1_558' title='bbox 2793 1747 2852 1792; x_wconf 89' lang='grc' dir='ltr'><strong>ιιι</strong></span> <span class='ocrx_word' id='word_1_559' title='bbox 2881 1752 2979 1792; x_wconf 89' lang='lat' dir='ltr'><strong>sua</strong></span> <span class='ocrx_word' id='word_1_560' title='bbox 3010 1743 3122 1806; x_wconf 90' lang='lat' dir='ltr'><strong>ipsa</strong></span> <span class='ocrx_word' id='word_1_561' title='bbox 3157 1735 3275 1790; x_wconf 90' lang='lat' dir='ltr'><strong>luce</strong></span> <span class='ocrx_word' id='word_1_562' title='bbox 3303 1732 3591 1803; x_wconf 76' lang='lat' dir='ltr'><strong>fulgerent,</strong></span> <span class='ocrx_word' id='word_1_563' title='bbox 3619 1739 3674 1785; x_wconf 91' lang='lat' dir='ltr'><strong>et</strong></span> <span class='ocrx_word' id='word_1_564' title='bbox 3702 1744 3773 1783; x_wconf 74' lang='lat' dir='ltr'><strong>ex</strong></span> <span class='ocrx_word' id='word_1_565' title='bbox 3800 1742 3860 1783; x_wconf 92' lang='lat' dir='ltr'><strong>se</strong></span> 
     </span>
    </p>
   </div>
   <div class='ocr_carea' id='block_1_77' title="bbox 2266 1820 3862 1907">
    <p class='ocr_par' dir='ltr' id='par_1_77' title="bbox 2266 1820 3862 1907">
     <span class='ocr_line' id='line_1_79' title="bbox 2266 1820 3862 1907; baseline -0.01 -16"><span class='ocrx_word' id='word_1_566' title='bbox 2266 1837 2396 1907; x_wconf 72' lang='lat' dir='ltr'><strong>ipsae</strong></span> <span class='ocrx_word' id='word_1_567' title='bbox 2424 1849 2610 1890; x_wconf 88' lang='lat' dir='ltr'><strong>vocem</strong></span> <span class='ocrx_word' id='word_1_568' title='bbox 2642 1821 2957 1888; x_wconf 83' lang='lat' dir='ltr'><strong>emitterent</strong></span> <span class='ocrx_word' id='word_1_569' title='bbox 2987 1829 3069 1883; x_wconf 90' lang='lat' dir='ltr'><strong>sui</strong></span> <span class='ocrx_word' id='word_1_570' title='bbox 3101 1826 3357 1882; x_wconf 90' lang='lat' dir='ltr'><strong>invicem.</strong></span> <span class='ocrx_word' id='word_1_571' title='bbox 3390 1823 3578 1894; x_wconf 85' lang='lat' dir='ltr'><strong>Neque</strong></span> <span class='ocrx_word' id='word_1_572' title='bbox 3606 1822 3750 1877; x_wconf 93' lang='lat' dir='ltr'><strong>enim</strong></span> <span class='ocrx_word' id='word_1_573' title='bbox 3780 1820 3862 1875; x_wconf 91' lang='lat' dir='ltr'><strong>sol</strong></span> 
     </span>
    </p>
   </div>
   <div class='ocr_carea' id='block_1_78' title="bbox 2265 1912 3860 1996">
    <p class='ocr_par' dir='ltr' id='par_1_78' title="bbox 2265 1912 3860 1996">
     <span class='ocr_line' id='line_1_80' title="bbox 2265 1912 3860 1996; baseline -0.013 -10"><span class='ocrx_word' id='word_1_574' title='bbox 2265 1941 2318 1986; x_wconf 91' lang='lat' dir='ltr'><strong>et</strong></span> <span class='ocrx_word' id='word_1_575' title='bbox 2347 1931 2469 1984; x_wconf 90' lang='lat' dir='ltr'><strong>luna</strong></span> <span class='ocrx_word' id='word_1_576' title='bbox 2507 1927 2809 1996; x_wconf 89' lang='lat' dir='ltr'><strong>interprete</strong></span> <span class='ocrx_word' id='word_1_577' title='bbox 2841 1923 3102 1992; x_wconf 78' lang='lat' dir='ltr'><strong>indigent.</strong></span> <span class='ocrx_word' id='word_1_578' title='bbox 3134 1919 3349 1974; x_wconf 89' lang='lat' dir='ltr'><strong>llabent</strong></span> <span class='ocrx_word' id='word_1_579' title='bbox 3375 1918 3723 1986; x_wconf 89' lang='lat' dir='ltr'><strong>interpretem</strong></span> <span class='ocrx_word' id='word_1_580' title='bbox 3751 1912 3860 1968; x_wconf 80' lang='lat' dir='ltr'><strong>ful-</strong></span> 
     </span>
    </p>
   </div>
   <div class='ocr_carea' id='block_1_79' title="bbox 2262 2005 3938 2096">
    <p class='ocr_par' dir='ltr' id='par_1_79' title="bbox 2262 2005 3938 2096">
     <span class='ocr_line' id='line_1_81' title="bbox 2262 2005 3938 2096; baseline -0.013 -17"><span class='ocrx_word' id='word_1_581' title='bbox 2262 2039 2446 2096; x_wconf 88' lang='lat' dir='ltr'><strong>gorem</strong></span> <span class='ocrx_word' id='word_1_582' title='bbox 2476 2023 2557 2078; x_wconf 92' lang='lat' dir='ltr'><strong>sui</strong></span> <span class='ocrx_word' id='word_1_583' title='bbox 2587 2019 2838 2084; x_wconf 93' lang='lat' dir='ltr'><strong>luminis,</strong></span> <span class='ocrx_word' id='word_1_584' title='bbox 2868 2031 2972 2087; x_wconf 91' lang='lat' dir='ltr'><strong>quo</strong></span> <span class='ocrx_word' id='word_1_585' title='bbox 2999 2023 3144 2070; x_wconf 75' lang='lat' dir='ltr'><strong>totUs</strong></span> <span class='ocrx_word' id='word_1_586' title='bbox 3170 2013 3409 2082; x_wconf 90' lang='lat' dir='ltr'><strong>repletus</strong></span> <span class='ocrx_word' id='word_1_587' title='bbox 3437 2011 3588 2066; x_wconf 90' lang='lat' dir='ltr'><strong>orbis</strong></span> <span class='ocrx_word' id='word_1_588' title='bbox 3613 2016 3715 2064; x_wconf 87' lang='lat' dir='ltr'><strong>est.</strong></span> <span class='ocrx_word' id='word_1_589' title='bbox 3748 2005 3860 2060; x_wconf 86' lang='lat' dir='ltr'><strong>Illis</strong></span> <span class='ocrx_word' id='word_1_590' title='bbox 3929 2036 3938 2043; x_wconf 68' lang='grc' dir='ltr'><strong>ρ</strong></span> 
     </span>
    </p>
   </div>
   <div class='ocr_carea' id='block_1_80' title="bbox 2263 2101 3862 2176">
    <p class='ocr_par' dir='ltr' id='par_1_80' title="bbox 2263 2101 3862 2176">
     <span class='ocr_line' id='line_1_82' title="bbox 2263 2101 3862 2176; baseline -0.013 -2"><span class='ocrx_word' id='word_1_591' title='bbox 2263 2115 2585 2174; x_wconf 86' lang='lat' dir='ltr'><strong>illuminatio</strong></span> <span class='ocrx_word' id='word_1_592' title='bbox 2621 2121 2706 2169; x_wconf 86' lang='lat' dir='ltr'><strong>est</strong></span> <span class='ocrx_word' id='word_1_593' title='bbox 2759 2111 2893 2166; x_wconf 88' lang='lat' dir='ltr'><strong>ﬁdes</strong></span> <span class='ocrx_word' id='word_1_594' title='bbox 2939 2110 3057 2164; x_wconf 88' lang='lat' dir='ltr'><strong>sine</strong></span> <span class='ocrx_word' id='word_1_595' title='bbox 3106 2107 3314 2172; x_wconf 90' lang='lat' dir='ltr'><strong>indice,</strong></span> <span class='ocrx_word' id='word_1_596' title='bbox 3362 2103 3641 2176; x_wconf 62' lang='lat' dir='ltr'><strong>quadam,</strong></span> <span class='ocrx_word' id='word_1_597' title='bbox 3681 2111 3738 2155; x_wconf 89' lang='lat' dir='ltr'><strong>ut</strong></span> <span class='ocrx_word' id='word_1_598' title='bbox 3789 2101 3862 2154; x_wconf 89' lang='lat' dir='ltr'><strong>ita</strong></span> 
     </span>
    </p>
   </div>
   <div class='ocr_carea' id='block_1_81' title="bbox 2265 2193 3862 2277">
    <p class='ocr_par' dir='ltr' id='par_1_81' title="bbox 2265 2193 3862 2277">
     <span class='ocr_line' id='line_1_83' title="bbox 2265 2193 3862 2277; baseline -0.013 -9"><span class='ocrx_word' id='word_1_599' title='bbox 2265 2213 2474 2277; x_wconf 90' lang='lat' dir='ltr'><strong>dicam,</strong></span> <span class='ocrx_word' id='word_1_600' title='bbox 2507 2211 2756 2264; x_wconf 87' lang='lat' dir='ltr'><strong>intestata</strong></span> <span class='ocrx_word' id='word_1_601' title='bbox 2787 2205 2939 2260; x_wconf 90' lang='lat' dir='ltr'><strong>testis</strong></span> <span class='ocrx_word' id='word_1_602' title='bbox 2987 2217 3107 2272; x_wconf 66' lang='lat' dir='ltr'><strong>qua:</strong></span> <span class='ocrx_word' id='word_1_603' title='bbox 3137 2201 3314 2255; x_wconf 89' lang='lat' dir='ltr'><strong>alieno</strong></span> <span class='ocrx_word' id='word_1_604' title='bbox 3345 2213 3450 2253; x_wconf 88' lang='lat' dir='ltr'><strong>non</strong></span> <span class='ocrx_word' id='word_1_605' title='bbox 3481 2195 3685 2265; x_wconf 77' lang='lat' dir='ltr'><strong>indiget</strong></span> <span class='ocrx_word' id='word_1_606' title='bbox 3711 2193 3862 2249; x_wconf 83' lang='lat' dir='ltr'><strong>testi-</strong></span> 
     </span>
    </p>
   </div>
   <div class='ocr_carea' id='block_1_82' title="bbox 2264 2284 3856 2370">
    <p class='ocr_par' dir='ltr' id='par_1_82' title="bbox 2264 2284 3856 2370">
     <span class='ocr_line' id='line_1_84' title="bbox 2264 2284 3856 2370; baseline -0.014 -8"><span class='ocrx_word' id='word_1_607' title='bbox 2264 2305 2466 2370; x_wconf 87' lang='lat' dir='ltr'><strong>monio,</strong></span> <span class='ocrx_word' id='word_1_608' title='bbox 2497 2311 2556 2357; x_wconf 89' lang='lat' dir='ltr'><strong>ut</strong></span> <span class='ocrx_word' id='word_1_609' title='bbox 2577 2300 2754 2356; x_wconf 91' lang='lat' dir='ltr'><strong>subito</strong></span> <span class='ocrx_word' id='word_1_610' title='bbox 2779 2313 2838 2353; x_wconf 89' lang='lat' dir='ltr'><strong>se</strong></span> <span class='ocrx_word' id='word_1_611' title='bbox 2862 2297 3236 2351; x_wconf 83' lang='lat' dir='ltr'><strong>universorum</strong></span> <span class='ocrx_word' id='word_1_612' title='bbox 3265 2291 3438 2348; x_wconf 92' lang='lat' dir='ltr'><strong>oculis</strong></span> <span class='ocrx_word' id='word_1_613' title='bbox 3467 2287 3712 2345; x_wconf 81' lang='lat' dir='ltr'><strong>elfundit.</strong></span> <span class='ocrx_word' id='word_1_614' title='bbox 3738 2284 3856 2341; x_wconf 80' lang='lat' dir='ltr'><strong>Non</strong></span> 
     </span>
    </p>
   </div>
   <div class='ocr_carea' id='block_1_83' title="bbox 2262 2383 3856 2470">
    <p class='ocr_par' dir='ltr' id='par_1_83' title="bbox 2262 2383 3856 2470">
     <span class='ocr_line' id='line_1_85' title="bbox 2262 2383 3856 2470; baseline -0.015 -13"><span class='ocrx_word' id='word_1_615' title='bbox 2262 2415 2392 2470; x_wconf 83' lang='lat' dir='ltr'><strong>ergo</strong></span> <span class='ocrx_word' id='word_1_616' title='bbox 2425 2398 2742 2452; x_wconf 90' lang='lat' dir='ltr'><strong>nuntiantur</strong></span> <span class='ocrx_word' id='word_1_617' title='bbox 2785 2405 2948 2462; x_wconf 89' lang='lat' dir='ltr'><strong>opera</strong></span> <span class='ocrx_word' id='word_1_618' title='bbox 2992 2399 3208 2453; x_wconf 88' lang='lat' dir='ltr'><strong>nostra,</strong></span> <span class='ocrx_word' id='word_1_619' title='bbox 3256 2385 3351 2442; x_wconf 89' lang='lat' dir='ltr'><strong>sed</strong></span> <span class='ocrx_word' id='word_1_620' title='bbox 3399 2383 3671 2448; x_wconf 90' lang='lat' dir='ltr'><strong>clamant,</strong></span> <span class='ocrx_word' id='word_1_621' title='bbox 3705 2390 3758 2436; x_wconf 90' lang='lat' dir='ltr'><strong>et</strong></span> <span class='ocrx_word' id='word_1_622' title='bbox 3797 2395 3856 2433; x_wconf 88' lang='lat' dir='ltr'><strong>se</strong></span> 
     </span>
    </p>
   </div>
   <div class='ocr_carea' id='block_1_84' title="bbox 2263 2475 3861 2565">
    <p class='ocr_par' dir='ltr' id='par_1_84' title="bbox 2263 2475 3861 2565">
     <span class='ocr_line' id='line_1_86' title="bbox 2263 2475 3861 2565; baseline -0.012 -16"><span class='ocrx_word' id='word_1_623' title='bbox 2263 2495 2378 2565; x_wconf 79' lang='lat' dir='ltr'><strong>ipsa</strong></span> <span class='ocrx_word' id='word_1_624' title='bbox 2426 2492 2692 2546; x_wconf 88' lang='lat' dir='ltr'><strong>nuntiant.</strong></span> <span class='ocrx_word' id='word_1_625' title='bbox 2735 2488 2880 2544; x_wconf 86' lang='lat' dir='ltr'><strong>Sane</strong></span> <span class='ocrx_word' id='word_1_626' title='bbox 2907 2493 2966 2540; x_wconf 91' lang='lat' dir='ltr'><strong>ut</strong></span> <span class='ocrx_word' id='word_1_627' title='bbox 3012 2491 3068 2538; x_wconf 90' lang='lat' dir='ltr'><strong>et</strong></span> <span class='ocrx_word' id='word_1_628' title='bbox 3109 2484 3212 2537; x_wconf 89' lang='lat' dir='ltr'><strong>hoc</strong></span> <span class='ocrx_word' id='word_1_629' title='bbox 3255 2479 3398 2551; x_wconf 91' lang='lat' dir='ltr'><strong>quod</strong></span> <span class='ocrx_word' id='word_1_630' title='bbox 3445 2479 3772 2533; x_wconf 89' lang='lat' dir='ltr'><strong>laboriosum</strong></span> <span class='ocrx_word' id='word_1_631' title='bbox 3805 2475 3861 2530; x_wconf 88' lang='lat' dir='ltr'><strong>in</strong></span> 
     </span>
    </p>
   </div>
   <div class='ocr_carea' id='block_1_85' title="bbox 2263 2571 3862 2648">
    <p class='ocr_par' dir='ltr' id='par_1_85' title="bbox 2263 2571 3862 2648">
     <span class='ocr_line' id='line_1_87' title="bbox 2263 2571 3862 2648; baseline -0.013 -6"><span class='ocrx_word' id='word_1_632' title='bbox 2263 2587 2464 2642; x_wconf 85' lang='lat' dir='ltr'><strong>nostris</strong></span> <span class='ocrx_word' id='word_1_633' title='bbox 2494 2585 2731 2644; x_wconf 90' lang='lat' dir='ltr'><strong>ducitur,</strong></span> <span class='ocrx_word' id='word_1_634' title='bbox 2764 2595 2871 2634; x_wconf 92' lang='lat' dir='ltr'><strong>non</strong></span> <span class='ocrx_word' id='word_1_635' title='bbox 2901 2589 3240 2648; x_wconf 74' lang='lat' dir='ltr'><strong>prteteream,</strong></span> <span class='ocrx_word' id='word_1_636' title='bbox 3275 2574 3409 2629; x_wconf 87' lang='lat' dir='ltr'><strong>ﬁdes</strong></span> <span class='ocrx_word' id='word_1_637' title='bbox 3441 2571 3708 2640; x_wconf 79' lang='lat' dir='ltr'><strong>exigitur,</strong></span> <span class='ocrx_word' id='word_1_638' title='bbox 3743 2578 3862 2622; x_wconf 89' lang='lat' dir='ltr'><strong>stu-</strong></span> 
     </span>
    </p>
   </div>
   <div class='ocr_carea' id='block_1_86' title="bbox 2261 2663 3863 2742">
    <p class='ocr_par' dir='ltr' id='par_1_86' title="bbox 2261 2663 3863 2742">
     <span class='ocr_line' id='line_1_88' title="bbox 2261 2663 3863 2742; baseline -0.012 -6"><span class='ocrx_word' id='word_1_639' title='bbox 2261 2681 2410 2736; x_wconf 89' lang='lat' dir='ltr'><strong>dium</strong></span> <span class='ocrx_word' id='word_1_640' title='bbox 2438 2676 2803 2740; x_wconf 90' lang='lat' dir='ltr'><strong>desideratur,</strong></span> <span class='ocrx_word' id='word_1_641' title='bbox 2837 2673 2978 2727; x_wconf 88' lang='lat' dir='ltr'><strong>facta</strong></span> <span class='ocrx_word' id='word_1_642' title='bbox 3011 2677 3349 2742; x_wconf 67' lang='lat' dir='ltr'><strong>quaeruntur.</strong></span> <span class='ocrx_word' id='word_1_643' title='bbox 3384 2667 3478 2721; x_wconf 88' lang='lat' dir='ltr'><strong>His</strong></span> <span class='ocrx_word' id='word_1_644' title='bbox 3505 2665 3646 2721; x_wconf 90' lang='lat' dir='ltr'><strong>enim</strong></span> <span class='ocrx_word' id='word_1_645' title='bbox 3689 2663 3863 2718; x_wconf 89' lang='lat' dir='ltr'><strong>tribus</strong></span> 
     </span>
    </p>
   </div>
   <div class='ocr_carea' id='block_1_87' title="bbox 2262 2755 3865 2829">
    <p class='ocr_par' dir='ltr' id='par_1_87' title="bbox 2262 2755 3865 2829">
     <span class='ocr_line' id='line_1_89' title="bbox 2262 2755 3865 2829; baseline -0.012 0"><span class='ocrx_word' id='word_1_646' title='bbox 2262 2773 2532 2829; x_wconf 88' lang='lat' dir='ltr'><strong>Dominus</strong></span> <span class='ocrx_word' id='word_1_647' title='bbox 2558 2769 2718 2825; x_wconf 81' lang='lat' dir='ltr'><strong>Jesus</strong></span> <span class='ocrx_word' id='word_1_648' title='bbox 2766 2764 3080 2822; x_wconf 80' lang='lat' dir='ltr'><strong>deVotionis</strong></span> <span class='ocrx_word' id='word_1_649' title='bbox 3125 2763 3378 2817; x_wconf 65' lang='lat' dir='ltr'><strong>humanae</strong></span> <span class='ocrx_word' id='word_1_650' title='bbox 3408 2758 3586 2813; x_wconf 87' lang='lat' dir='ltr'><strong>olﬁcia</strong></span> <span class='ocrx_word' id='word_1_651' title='bbox 3621 2755 3865 2810; x_wconf 82' lang='lat' dir='ltr'><strong>deﬁnivit</strong></span> 
     </span>
    </p>
   </div>
   <div class='ocr_carea' id='block_1_88' title="bbox 2261 2849 3861 2927">
    <p class='ocr_par' dir='ltr' id='par_1_88' title="bbox 2261 2849 3861 2927">
     <span class='ocr_line' id='line_1_90' title="bbox 2261 2849 3861 2927; baseline -0.013 -3"><span class='ocrx_word' id='word_1_652' title='bbox 2261 2868 2449 2924; x_wconf 83' lang='lat' dir='ltr'><strong>dicens</strong></span> <span class='ocrx_word' id='word_1_653' title='bbox 2478 2882 2488 2916; x_wconf 95' lang='lat'>:</span> <span class='ocrx_word' id='word_1_654' title='bbox 2521 2863 2709 2927; x_wconf 75' lang='lat' dir='ltr'><strong>Petita,</strong></span> <span class='ocrx_word' id='word_1_655' title='bbox 2728 2869 2775 2914; x_wconf 88' lang='lat' dir='ltr'><strong>et</strong></span> <span class='ocrx_word' id='word_1_656' title='bbox 2802 2859 3010 2912; x_wconf 84' lang='lat' dir='ltr'><strong>dabitur</strong></span> <span class='ocrx_word' id='word_1_657' title='bbox 3029 2856 3170 2910; x_wconf 82' lang='lat' dir='ltr'><strong>vobis</strong></span> <span class='ocrx_word' id='word_1_658' title='bbox 3192 2871 3210 2908; x_wconf 92' lang='lat'><em>:</em></span> <span class='ocrx_word' id='word_1_659' title='bbox 3235 2853 3466 2921; x_wconf 66' lang='lat' dir='ltr'><strong>quaarite,</strong></span> <span class='ocrx_word' id='word_1_660' title='bbox 3495 2860 3540 2904; x_wconf 89' lang='lat' dir='ltr'><strong>et</strong></span> <span class='ocrx_word' id='word_1_661' title='bbox 3565 2849 3861 2903; x_wconf 77' lang='lat' dir='ltr'><strong>invenietis:</strong></span> 
     </span>
    </p>
   </div>
   <div class='ocr_carea' id='block_1_89' title="bbox 2263 2941 3857 3030">
    <p class='ocr_par' dir='ltr' id='par_1_89' title="bbox 2263 2941 3857 3030">
     <span class='ocr_line' id='line_1_91' title="bbox 2263 2941 3857 3030; baseline -0.014 -15"><span class='ocrx_word' id='word_1_662' title='bbox 2263 2962 2464 3030; x_wconf 81' lang='lat' dir='ltr'><strong>pulsate</strong></span> <span class='ocrx_word' id='word_1_663' title='bbox 2483 2999 2498 3024; x_wconf 93' lang='lat'><strong>,</strong></span> <span class='ocrx_word' id='word_1_664' title='bbox 2527 2968 2574 3011; x_wconf 86' lang='lat' dir='ltr'><strong>et</strong></span> <span class='ocrx_word' id='word_1_665' title='bbox 2617 2954 2875 3026; x_wconf 83' lang='lat' dir='ltr'><strong>aperietur</strong></span> <span class='ocrx_word' id='word_1_666' title='bbox 2903 2953 3042 3006; x_wconf 81' lang='lat' dir='ltr'><strong>vobis</strong></span> <span class='ocrx_word' id='word_1_667' title='bbox 3081 2950 3100 3021; x_wconf 92' lang='lat'><strong>(</strong></span> <span class='ocrx_word' id='word_1_668' title='bbox 3127 2947 3316 3002; x_wconf 82' lang='lat' dir='ltr'><strong>Matth.</strong></span> <span class='ocrx_word' id='word_1_669' title='bbox 3351 2961 3444 3011; x_wconf 84' lang='lat' dir='ltr'><strong>vn,</strong></span> <span class='ocrx_word' id='word_1_670' title='bbox 3473 2943 3558 3013; x_wconf 89' lang='lat'><strong>7).</strong></span> <span class='ocrx_word' id='word_1_671' title='bbox 3593 2943 3655 2997; x_wconf 79' lang='lat' dir='ltr'><strong>Et</strong></span> <span class='ocrx_word' id='word_1_672' title='bbox 3682 2941 3816 2995; x_wconf 89' lang='lat' dir='ltr'><strong>infra</strong></span> <span class='ocrx_word' id='word_1_673' title='bbox 3845 2958 3857 2992; x_wconf 92' lang='lat'><strong>:</strong></span> 
     </span>
    </p>
   </div>
   <div class='ocr_carea' id='block_1_90' title="bbox 2265 3035 3858 3122">
    <p class='ocr_par' dir='ltr' id='par_1_90' title="bbox 2265 3035 3858 3122">
     <span class='ocr_line' id='line_1_92' title="bbox 2265 3035 3858 3122; baseline -0.013 -14"><span class='ocrx_word' id='word_1_674' title='bbox 2265 3054 2445 3108; x_wconf 82' lang='lat' dir='ltr'><strong>Omnis</strong></span> <span class='ocrx_word' id='word_1_675' title='bbox 2473 3067 2593 3122; x_wconf 88' lang='lat' dir='ltr'><strong>ergo</strong></span> <span class='ocrx_word' id='word_1_676' title='bbox 2614 3050 2702 3120; x_wconf 88' lang='lat' dir='ltr'><strong>qui</strong></span> <span class='ocrx_word' id='word_1_677' title='bbox 2729 3048 2872 3102; x_wconf 86' lang='lat' dir='ltr'><strong>audit</strong></span> <span class='ocrx_word' id='word_1_678' title='bbox 2890 3047 3039 3100; x_wconf 80' lang='lat' dir='ltr'><strong>verba</strong></span> <span class='ocrx_word' id='word_1_679' title='bbox 3059 3059 3170 3097; x_wconf 88' lang='lat' dir='ltr'><strong>mea</strong></span> <span class='ocrx_word' id='word_1_680' title='bbox 3193 3043 3324 3106; x_wconf 70' lang='lat' dir='ltr'><strong>lucc,</strong></span> <span class='ocrx_word' id='word_1_681' title='bbox 3348 3049 3396 3094; x_wconf 87' lang='lat' dir='ltr'><strong>et</strong></span> <span class='ocrx_word' id='word_1_682' title='bbox 3422 3038 3546 3108; x_wconf 82' lang='lat' dir='ltr'><strong>facit</strong></span> <span class='ocrx_word' id='word_1_683' title='bbox 3569 3054 3650 3104; x_wconf 87' lang='lat' dir='ltr'><strong>ea,</strong></span> <span class='ocrx_word' id='word_1_684' title='bbox 3675 3035 3858 3090; x_wconf 81' lang='lat' dir='ltr'><strong>similis</strong></span> 
     </span>
    </p>
   </div>
   <div class='ocr_carea' id='block_1_91' title="bbox 2262 3136 3072 3213">
    <p class='ocr_par' dir='ltr' id='par_1_91' title="bbox 2262 3136 3072 3213">
     <span class='ocr_line' id='line_1_93' title="bbox 2262 3136 3072 3213; baseline -0.017 -10"><span class='ocrx_word' id='word_1_685' title='bbox 2262 3158 2335 3203; x_wconf 86' lang='lat' dir='ltr'><strong>est</strong></span> <span class='ocrx_word' id='word_1_686' title='bbox 2362 3148 2472 3200; x_wconf 84' lang='lat' dir='ltr'><strong>viro</strong></span> <span class='ocrx_word' id='word_1_687' title='bbox 2495 3145 2714 3213; x_wconf 83' lang='lat' dir='ltr'><strong>sapienti</strong></span> <span class='ocrx_word' id='word_1_688' title='bbox 2741 3139 2930 3211; x_wconf 87' lang='lat' dir='ltr'><strong>(Ibid.,</strong></span> <span class='ocrx_word' id='word_1_689' title='bbox 2956 3136 3072 3208; x_wconf 71' lang='grc'><strong>24).</strong></span> 
     </span>
    </p>
   </div>
   <div class='ocr_carea' id='block_1_92' title="bbox 2334 3224 3856 3308">
    <p class='ocr_par' dir='ltr' id='par_1_92' title="bbox 2334 3224 3856 3308">
     <span class='ocr_line' id='line_1_94' title="bbox 2334 3224 3856 3308; baseline -0.014 -12"><span class='ocrx_word' id='word_1_690' title='bbox 2334 3242 2426 3296; x_wconf 79' lang='grc'><strong>25.</strong></span> <span class='ocrx_word' id='word_1_691' title='bbox 2457 3239 2596 3293; x_wconf 70' lang='lat' dir='ltr'><strong>&#39;llzec</strong></span> <span class='ocrx_word' id='word_1_692' title='bbox 2621 3241 2712 3308; x_wconf 89' lang='lat' dir='ltr'><strong>qui</strong></span> <span class='ocrx_word' id='word_1_693' title='bbox 2744 3235 2989 3291; x_wconf 88' lang='lat' dir='ltr'><strong>studiose</strong></span> <span class='ocrx_word' id='word_1_694' title='bbox 3021 3230 3183 3287; x_wconf 81' lang='lat' dir='ltr'><strong>fuerit</strong></span> <span class='ocrx_word' id='word_1_695' title='bbox 3213 3238 3532 3300; x_wconf 89' lang='lat' dir='ltr'><strong>prosecutus</strong></span> <span class='ocrx_word' id='word_1_696' title='bbox 3553 3267 3568 3290; x_wconf 92' lang='lat'><strong>,</strong></span> <span class='ocrx_word' id='word_1_697' title='bbox 3595 3224 3856 3295; x_wconf 90' lang='lat' dir='ltr'><strong>primatus</strong></span> 
     </span>
    </p>
   </div>
   <div class='ocr_carea' id='block_1_93' title="bbox 2265 3315 3859 3399">
    <p class='ocr_par' dir='ltr' id='par_1_93' title="bbox 2265 3315 3859 3399">
     <span class='ocr_line' id='line_1_95' title="bbox 2265 3315 3859 3399; baseline -0.013 -7"><span class='ocrx_word' id='word_1_698' title='bbox 2265 3333 2662 3392; x_wconf 88' lang='lat' dir='ltr'><strong>benedictionis</strong></span> <span class='ocrx_word' id='word_1_699' title='bbox 2711 3329 2975 3399; x_wconf 86' lang='lat' dir='ltr'><strong>accipiet,</strong></span> <span class='ocrx_word' id='word_1_700' title='bbox 3026 3328 3167 3380; x_wconf 91' lang='lat' dir='ltr'><strong>sicut</strong></span> <span class='ocrx_word' id='word_1_701' title='bbox 3213 3321 3517 3396; x_wconf 82' lang='lat' dir='ltr'><strong>patriarcha</strong></span> <span class='ocrx_word' id='word_1_702' title='bbox 3560 3319 3726 3375; x_wconf 80' lang='lat' dir='ltr'><strong>Jacob</strong></span> <span class='ocrx_word' id='word_1_703' title='bbox 3767 3315 3859 3388; x_wconf 89' lang='lat' dir='ltr'><strong>qui</strong></span> 
     </span>
    </p>
   </div>
   <div class='ocr_carea' id='block_1_94' title="bbox 2262 3411 3858 3487">
    <p class='ocr_par' dir='ltr' id='par_1_94' title="bbox 2262 3411 3858 3487">
     <span class='ocr_line' id='line_1_96' title="bbox 2262 3411 3858 3487; baseline -0.013 -3"><span class='ocrx_word' id='word_1_704' title='bbox 2262 3428 2592 3484; x_wconf 90' lang='lat' dir='ltr'><strong>continentia</strong></span> <span class='ocrx_word' id='word_1_705' title='bbox 2617 3433 2671 3480; x_wconf 92' lang='lat' dir='ltr'><strong>et</strong></span> <span class='ocrx_word' id='word_1_706' title='bbox 2716 3423 2819 3477; x_wconf 88' lang='lat' dir='ltr'><strong>ﬁde</strong></span> <span class='ocrx_word' id='word_1_707' title='bbox 2850 3421 3208 3476; x_wconf 89' lang='lat' dir='ltr'><strong>humanarum</strong></span> <span class='ocrx_word' id='word_1_708' title='bbox 3241 3415 3606 3487; x_wconf 87' lang='lat' dir='ltr'><strong>supplantavit</strong></span> <span class='ocrx_word' id='word_1_709' title='bbox 3636 3411 3858 3481; x_wconf 82' lang='lat' dir='ltr'><strong>vestigia</strong></span> 
     </span>
    </p>
   </div>
   <div class='ocr_carea' id='block_1_95' title="bbox 2261 3503 3855 3594">
    <p class='ocr_par' dir='ltr' id='par_1_95' title="bbox 2261 3503 3855 3594">
     <span class='ocr_line' id='line_1_97' title="bbox 2261 3503 3855 3594; baseline -0.013 -16"><span class='ocrx_word' id='word_1_710' title='bbox 2261 3524 2598 3594; x_wconf 84' lang='lat' dir='ltr'><strong>passionum.</strong></span> <span class='ocrx_word' id='word_1_711' title='bbox 2628 3518 2735 3572; x_wconf 90' lang='lat' dir='ltr'><strong>Iste</strong></span> <span class='ocrx_word' id='word_1_712' title='bbox 2760 3516 2870 3570; x_wconf 88' lang='lat' dir='ltr'><strong>ait:</strong></span> <span class='ocrx_word' id='word_1_713' title='bbox 2920 3513 3335 3569; x_wconf 81' lang='lat' dir='ltr'><strong>Miscricordiam</strong></span> <span class='ocrx_word' id='word_1_714' title='bbox 3365 3510 3463 3563; x_wconf 88' lang='lat' dir='ltr'><strong>mei</strong></span> <span class='ocrx_word' id='word_1_715' title='bbox 3492 3507 3668 3562; x_wconf 82' lang='lat' dir='ltr'><strong>habuit</strong></span> <span class='ocrx_word' id='word_1_716' title='bbox 3698 3503 3855 3570; x_wconf 82' lang='lat' dir='ltr'><strong>Dens,</strong></span> 
     </span>
    </p>
   </div>
   <div class='ocr_carea' id='block_1_96' title="bbox 2259 3600 3855 3679">
    <p class='ocr_par' dir='ltr' id='par_1_96' title="bbox 2259 3600 3855 3679">
     <span class='ocr_line' id='line_1_98' title="bbox 2259 3600 3855 3679; baseline -0.011 -8"><span class='ocrx_word' id='word_1_717' title='bbox 2259 3625 2308 3672; x_wconf 87' lang='lat' dir='ltr'><strong>et</strong></span> <span class='ocrx_word' id='word_1_718' title='bbox 2353 3624 2470 3670; x_wconf 86' lang='lat' dir='ltr'><strong>sunt</strong></span> <span class='ocrx_word' id='word_1_719' title='bbox 2504 3611 2629 3666; x_wconf 88' lang='lat' dir='ltr'><strong>mihi</strong></span> <span class='ocrx_word' id='word_1_720' title='bbox 2680 3609 2850 3663; x_wconf 86' lang='lat' dir='ltr'><strong>omnia</strong></span> <span class='ocrx_word' id='word_1_721' title='bbox 2901 3605 3068 3679; x_wconf 81' lang='lat' dir='ltr'><strong>(Gen.</strong></span> <span class='ocrx_word' id='word_1_722' title='bbox 3103 3621 3302 3668; x_wconf 71' lang='lat' dir='ltr'><strong>sunt,</strong></span> <span class='ocrx_word' id='word_1_723' title='bbox 3335 3605 3393 3656; x_wconf 81' lang='lat' dir='ltr'><strong>ll</strong></span> <span class='ocrx_word' id='word_1_724' title='bbox 3421 3603 3460 3673; x_wconf 90' lang='lat'><strong>).</strong></span> <span class='ocrx_word' id='word_1_725' title='bbox 3496 3601 3644 3656; x_wconf 88' lang='lat' dir='ltr'><strong>Hanc</strong></span> <span class='ocrx_word' id='word_1_726' title='bbox 3674 3600 3855 3668; x_wconf 82' lang='lat' dir='ltr'><strong>itaque</strong></span> 
     </span>
    </p>
   </div>
   <div class='ocr_carea' id='block_1_97' title="bbox 2259 3695 3858 3767">
    <p class='ocr_par' dir='ltr' id='par_1_97' title="bbox 2259 3695 3858 3767">
     <span class='ocr_line' id='line_1_99' title="bbox 2259 3695 3858 3767; baseline -0.013 -2"><span class='ocrx_word' id='word_1_727' title='bbox 2259 3705 2692 3765; x_wconf 86' lang='lat' dir='ltr'><strong>misericordiam</strong></span> <span class='ocrx_word' id='word_1_728' title='bbox 2723 3717 2822 3756; x_wconf 91' lang='lat' dir='ltr'><strong>nos</strong></span> <span class='ocrx_word' id='word_1_729' title='bbox 2851 3700 2956 3756; x_wconf 90' lang='lat' dir='ltr'><strong>ﬁde</strong></span> <span class='ocrx_word' id='word_1_730' title='bbox 2977 3741 2990 3764; x_wconf 87' lang='lat'><strong>,</strong></span> <span class='ocrx_word' id='word_1_731' title='bbox 3023 3699 3226 3762; x_wconf 88' lang='lat' dir='ltr'><strong>studio,</strong></span> <span class='ocrx_word' id='word_1_732' title='bbox 3255 3695 3620 3767; x_wconf 84' lang='lat' dir='ltr'><strong>operibusque</strong></span> <span class='ocrx_word' id='word_1_733' title='bbox 3649 3707 3858 3747; x_wconf 86' lang='lat' dir='ltr'><strong>merea-</strong></span> 
     </span>
    </p>
   </div>
   <div class='ocr_carea' id='block_1_98' title="bbox 2259 3785 3858 3873">
    <p class='ocr_par' dir='ltr' id='par_1_98' title="bbox 2259 3785 3858 3873">
     <span class='ocr_line' id='line_1_100' title="bbox 2259 3785 3858 3873; baseline -0.013 -14"><span class='ocrx_word' id='word_1_734' title='bbox 2259 3817 2399 3868; x_wconf 89' lang='lat' dir='ltr'><strong>mur,</strong></span> <span class='ocrx_word' id='word_1_735' title='bbox 2425 3801 2621 3873; x_wconf 85' lang='lat' dir='ltr'><strong>quibus</strong></span> <span class='ocrx_word' id='word_1_736' title='bbox 2646 3795 2948 3866; x_wconf 82' lang='lat' dir='ltr'><strong>disciplinis</strong></span> <span class='ocrx_word' id='word_1_737' title='bbox 2977 3793 3180 3847; x_wconf 82' lang='lat' dir='ltr'><strong>invenit</strong></span> <span class='ocrx_word' id='word_1_738' title='bbox 3209 3789 3374 3846; x_wconf 82' lang='lat' dir='ltr'><strong>lsrael</strong></span> <span class='ocrx_word' id='word_1_739' title='bbox 3403 3789 3628 3857; x_wconf 84' lang='lat' dir='ltr'><strong>gratiam</strong></span> <span class='ocrx_word' id='word_1_740' title='bbox 3656 3785 3778 3849; x_wconf 86' lang='lat' dir='ltr'><strong>Dei,</strong></span> <span class='ocrx_word' id='word_1_741' title='bbox 3804 3790 3858 3839; x_wconf 84' lang='lat' dir='ltr'><strong>et</strong></span> 
     </span>
    </p>
   </div>
   <div class='ocr_carea' id='block_1_99' title="bbox 2258 3877 3856 3972">
    <p class='ocr_par' dir='ltr' id='par_1_99' title="bbox 2258 3877 3856 3972">
     <span class='ocr_line' id='line_1_101' title="bbox 2258 3877 3856 3972; baseline -0.016 -16"><span class='ocrx_word' id='word_1_742' title='bbox 2258 3916 2355 3972; x_wconf 91' lang='lat' dir='ltr'><strong>per</strong></span> <span class='ocrx_word' id='word_1_743' title='bbox 2377 3899 2548 3968; x_wconf 91' lang='lat' dir='ltr'><strong>ipsam</strong></span> <span class='ocrx_word' id='word_1_744' title='bbox 2582 3893 2784 3949; x_wconf 88' lang='lat' dir='ltr'><strong>omnia.</strong></span> <span class='ocrx_word' id='word_1_745' title='bbox 2815 3890 2931 3946; x_wconf 83' lang='lat' dir='ltr'><strong>Non</strong></span> <span class='ocrx_word' id='word_1_746' title='bbox 2963 3889 3108 3945; x_wconf 91' lang='lat' dir='ltr'><strong>enim</strong></span> <span class='ocrx_word' id='word_1_747' title='bbox 3133 3886 3317 3942; x_wconf 90' lang='lat' dir='ltr'><strong>mundi</strong></span> <span class='ocrx_word' id='word_1_748' title='bbox 3342 3883 3501 3953; x_wconf 88' lang='lat' dir='ltr'><strong>hujus</strong></span> <span class='ocrx_word' id='word_1_749' title='bbox 3530 3883 3736 3950; x_wconf 83' lang='lat' dir='ltr'><strong>c0pias,</strong></span> <span class='ocrx_word' id='word_1_750' title='bbox 3761 3877 3856 3934; x_wconf 88' lang='lat' dir='ltr'><strong>sed</strong></span> 
     </span>
    </p>
   </div>
   <div class='ocr_carea' id='block_1_100' title="bbox 2257 3970 3856 4055">
    <p class='ocr_par' dir='ltr' id='par_1_100' title="bbox 2257 3970 3856 4055">
     <span class='ocr_line' id='line_1_102' title="bbox 2257 3970 3856 4055; baseline -0.014 -7"><span class='ocrx_word' id='word_1_751' title='bbox 2257 3970 2517 4048; x_wconf 69' lang='lat' dir='ltr'><strong>virtutum</strong></span> <span class='ocrx_word' id='word_1_752' title='bbox 2563 3985 2875 4055; x_wconf 87' lang='lat' dir='ltr'><strong>disciplinas</strong></span> <span class='ocrx_word' id='word_1_753' title='bbox 2923 3981 3024 4036; x_wconf 91' lang='lat' dir='ltr'><strong>sibi</strong></span> <span class='ocrx_word' id='word_1_754' title='bbox 3073 3989 3363 4050; x_wconf 89' lang='lat' dir='ltr'><strong>suppetere</strong></span> <span class='ocrx_word' id='word_1_755' title='bbox 3411 3974 3696 4046; x_wconf 87' lang='lat' dir='ltr'><strong>gaudebat.</strong></span> <span class='ocrx_word' id='word_1_756' title='bbox 3749 3970 3856 4025; x_wconf 83' lang='lat' dir='ltr'><strong>Has</strong></span> 
     </span>
    </p>
   </div>
   <div class='ocr_carea' id='block_1_101' title="bbox 2259 4063 3854 4146">
    <p class='ocr_par' dir='ltr' id='par_1_101' title="bbox 2259 4063 3854 4146">
     <span class='ocr_line' id='line_1_103' title="bbox 2259 4063 3854 4146; baseline -0.014 -2"><span class='ocrx_word' id='word_1_757' title='bbox 2259 4088 2417 4144; x_wconf 92' lang='lat' dir='ltr'><strong>nobis</strong></span> <span class='ocrx_word' id='word_1_758' title='bbox 2447 4082 2840 4140; x_wconf 89' lang='lat' dir='ltr'><strong>substituamus</strong></span> <span class='ocrx_word' id='word_1_759' title='bbox 2866 4063 3139 4140; x_wconf 62' lang='lat' dir='ltr'><strong>haeredes,</strong></span> <span class='ocrx_word' id='word_1_760' title='bbox 3177 4089 3312 4146; x_wconf 87' lang='lat' dir='ltr'><strong>quas</strong></span> <span class='ocrx_word' id='word_1_761' title='bbox 3336 4079 3557 4126; x_wconf 88' lang='lat' dir='ltr'><strong>sanctus</strong></span> <span class='ocrx_word' id='word_1_762' title='bbox 3585 4067 3854 4124; x_wconf 79' lang='lat' dir='ltr'><strong>Abraham</strong></span> 
     </span>
    </p>
   </div>
   <div class='ocr_carea' id='block_1_102' title="bbox 2259 4170 3856 4238">
    <p class='ocr_par' dir='ltr' id='par_1_102' title="bbox 2259 4170 3856 4238">
     <span class='ocr_line' id='line_1_104' title="bbox 2259 4170 3856 4238; baseline -0.014 0"><span class='ocrx_word' id='word_1_763' title='bbox 2259 4185 2314 4238; x_wconf 93' lang='lat' dir='ltr'><strong>in</strong></span> <span class='ocrx_word' id='word_1_764' title='bbox 2346 4183 2497 4237; x_wconf 83' lang='lat' dir='ltr'><strong>Isaac</strong></span> <span class='ocrx_word' id='word_1_765' title='bbox 2526 4179 2638 4234; x_wconf 90' lang='lat' dir='ltr'><strong>ﬁlio</strong></span> <span class='ocrx_word' id='word_1_766' title='bbox 2662 4191 2761 4232; x_wconf 88' lang='lat' dir='ltr'><strong>suo</strong></span> <span class='ocrx_word' id='word_1_767' title='bbox 2785 4173 3068 4231; x_wconf 89' lang='lat' dir='ltr'><strong>substituit</strong></span> <span class='ocrx_word' id='word_1_768' title='bbox 3091 4170 3217 4235; x_wconf 89' lang='lat' dir='ltr'><strong>sibi,</strong></span> <span class='ocrx_word' id='word_1_769' title='bbox 3246 4182 3462 4224; x_wconf 90' lang='lat' dir='ltr'><strong>omnem</strong></span> <span class='ocrx_word' id='word_1_770' title='bbox 3487 4179 3709 4237; x_wconf 88' lang='lat' dir='ltr'><strong>operum</strong></span> <span class='ocrx_word' id='word_1_771' title='bbox 3732 4177 3856 4218; x_wconf 91' lang='lat' dir='ltr'><strong>suo-</strong></span> 
     </span>
    </p>
   </div>
   <div class='ocr_carea' id='block_1_103' title="bbox 2257 4258 3858 4343">
    <p class='ocr_par' dir='ltr' id='par_1_103' title="bbox 2257 4258 3858 4343">
     <span class='ocr_line' id='line_1_105' title="bbox 2257 4258 3858 4343; baseline -0.013 -10"><span class='ocrx_word' id='word_1_772' title='bbox 2257 4292 2376 4334; x_wconf 90' lang='lat' dir='ltr'><strong>rum</strong></span> <span class='ocrx_word' id='word_1_773' title='bbox 2407 4275 2674 4343; x_wconf 86' lang='lat' dir='ltr'><strong>deputans</strong></span> <span class='ocrx_word' id='word_1_774' title='bbox 2704 4267 3077 4324; x_wconf 64' lang='lat' dir='ltr'><strong>haereditatem</strong></span> <span class='ocrx_word' id='word_1_775' title='bbox 3100 4261 3331 4330; x_wconf 86' lang='lat' dir='ltr'><strong>sapienti</strong></span> <span class='ocrx_word' id='word_1_776' title='bbox 3355 4260 3566 4330; x_wconf 82' lang='lat' dir='ltr'><strong>etjusto</strong></span> <span class='ocrx_word' id='word_1_777' title='bbox 3588 4258 3728 4322; x_wconf 89' lang='lat' dir='ltr'><strong>viro,</strong></span> <span class='ocrx_word' id='word_1_778' title='bbox 3756 4270 3858 4312; x_wconf 91' lang='lat' dir='ltr'><strong>nec</strong></span> 
     </span>
    </p>
   </div>
   <div class='ocr_carea' id='block_1_104' title="bbox 2258 4349 3859 4437">
    <p class='ocr_par' dir='ltr' id='par_1_104' title="bbox 2258 4349 3859 4437">
     <span class='ocr_line' id='line_1_106' title="bbox 2258 4349 3859 4437; baseline -0.014 -13"><span class='ocrx_word' id='word_1_779' title='bbox 2258 4370 2427 4424; x_wconf 88' lang='lat' dir='ltr'><strong>ullum</strong></span> <span class='ocrx_word' id='word_1_780' title='bbox 2454 4367 2544 4437; x_wconf 88' lang='lat' dir='ltr'><strong>jus</strong></span> <span class='ocrx_word' id='word_1_781' title='bbox 2568 4362 2973 4419; x_wconf 76' lang='lat' dir='ltr'><strong>luereditarium</strong></span> <span class='ocrx_word' id='word_1_782' title='bbox 3006 4357 3220 4415; x_wconf 89' lang='lat' dir='ltr'><strong>ancillis</strong></span> <span class='ocrx_word' id='word_1_783' title='bbox 3263 4355 3348 4411; x_wconf 82' lang='lat' dir='ltr'><strong>vel</strong></span> <span class='ocrx_word' id='word_1_784' title='bbox 3383 4352 3700 4408; x_wconf 77' lang='lat' dir='ltr'><strong>ancillarum</strong></span> <span class='ocrx_word' id='word_1_785' title='bbox 3735 4349 3859 4403; x_wconf 91' lang='lat' dir='ltr'><strong>liliis</strong></span> 
     </span>
    </p>
   </div>
   <div class='ocr_carea' id='block_1_105' title="bbox 2256 4445 3850 4530">
    <p class='ocr_par' dir='ltr' id='par_1_105' title="bbox 2256 4445 3850 4530">
     <span class='ocr_line' id='line_1_107' title="bbox 2256 4445 3850 4530; baseline -0.016 -11"><span class='ocrx_word' id='word_1_786' title='bbox 2256 4461 2672 4530; x_wconf 86' lang='lat' dir='ltr'><strong>derelinquens,</strong></span> <span class='ocrx_word' id='word_1_787' title='bbox 2721 4455 2815 4510; x_wconf 92' lang='lat' dir='ltr'><strong>sed</strong></span> <span class='ocrx_word' id='word_1_788' title='bbox 2851 4449 3228 4507; x_wconf 87' lang='lat' dir='ltr'><strong>tantummodo</strong></span> <span class='ocrx_word' id='word_1_789' title='bbox 3257 4445 3565 4503; x_wconf 90' lang='lat' dir='ltr'><strong>donationis</strong></span> <span class='ocrx_word' id='word_1_790' title='bbox 3606 4455 3850 4498; x_wconf 87' lang='lat' dir='ltr'><strong>munera.</strong></span> 
     </span>
    </p>
   </div>
   <div class='ocr_carea' id='block_1_106' title="bbox 2256 4535 3856 4612">
    <p class='ocr_par' dir='ltr' id='par_1_106' title="bbox 2256 4535 3856 4612">
     <span class='ocr_line' id='line_1_108' title="bbox 2256 4535 3856 4612; baseline -0.016 0"><span class='ocrx_word' id='word_1_791' title='bbox 2256 4557 2518 4612; x_wconf 83' lang='lat' dir='ltr'><strong>Perfeclae</strong></span> <span class='ocrx_word' id='word_1_792' title='bbox 2547 4551 2690 4607; x_wconf 88' lang='lat' dir='ltr'><strong>enim</strong></span> <span class='ocrx_word' id='word_1_793' title='bbox 2723 4549 2950 4604; x_wconf 89' lang='lat' dir='ltr'><strong>virtutes</strong></span> <span class='ocrx_word' id='word_1_794' title='bbox 2977 4556 3150 4600; x_wconf 90' lang='lat' dir='ltr'><strong>totum</strong></span> <span class='ocrx_word' id='word_1_795' title='bbox 3182 4541 3452 4609; x_wconf 87' lang='lat' dir='ltr'><strong>accipiunt</strong></span> <span class='ocrx_word' id='word_1_796' title='bbox 3476 4538 3662 4609; x_wconf 75' lang='lat' dir='ltr'><strong>gloria:</strong></span> <span class='ocrx_word' id='word_1_797' title='bbox 3693 4535 3856 4606; x_wconf 88' lang='lat' dir='ltr'><strong>patri-</strong></span> 
     </span>
    </p>
   </div>
   <div class='ocr_carea' id='block_1_107' title="bbox 1511 4633 3855 4726">
    <p class='ocr_par' dir='ltr' id='par_1_107' title="bbox 1511 4633 3855 4726">
     <span class='ocr_line' id='line_1_109' title="bbox 1511 4633 3855 4726; baseline -0.015 -8"><span class='ocrx_word' id='word_1_798' title='bbox 1511 4679 1566 4726; x_wconf 84' lang='grc' dir='ltr'>ιι,</span> <span class='ocrx_word' id='word_1_799' title='bbox 1597 4669 1654 4716; x_wconf 87' lang='grc' dir='ltr'><strong>ιιι</strong></span> <span class='ocrx_word' id='word_1_800' title='bbox 1686 4657 1789 4712; x_wconf 91' lang='lat' dir='ltr'><strong>hoc</strong></span> <span class='ocrx_word' id='word_1_801' title='bbox 1817 4655 1934 4708; x_wconf 91' lang='lat' dir='ltr'><strong>loco</strong></span> <span class='ocrx_word' id='word_1_802' title='bbox 1961 4650 2147 4713; x_wconf 90' lang='lat' dir='ltr'><strong>distet,</strong></span> <span class='ocrx_word' id='word_1_803' title='bbox 2176 4665 2230 4726; x_wconf 75' lang='grc' dir='ltr'>ι)</span> <span class='ocrx_word' id='word_1_804' title='bbox 2258 4650 2498 4705; x_wconf 83' lang='grc' dir='ltr'>ιιιοιιὶιιιιι</span> <span class='ocrx_word' id='word_1_805' title='bbox 2521 4689 2536 4716; x_wconf 94' lang='grc'><strong><em>,</em></strong></span> <span class='ocrx_word' id='word_1_806' title='bbox 2570 4645 2783 4702; x_wconf 79' lang='lat' dir='ltr'><strong>usitatis</strong></span> <span class='ocrx_word' id='word_1_807' title='bbox 2823 4654 2874 4698; x_wconf 93' lang='lat' dir='ltr'><strong>et</strong></span> <span class='ocrx_word' id='word_1_808' title='bbox 2907 4640 3269 4698; x_wconf 83' lang='lat' dir='ltr'><strong>mediocribus</strong></span> <span class='ocrx_word' id='word_1_809' title='bbox 3295 4638 3404 4692; x_wconf 90' lang='lat' dir='ltr'><strong>vile</strong></span> <span class='ocrx_word' id='word_1_810' title='bbox 3433 4633 3636 4703; x_wconf 86' lang='lat' dir='ltr'><strong>aliquid</strong></span> <span class='ocrx_word' id='word_1_811' title='bbox 3669 4646 3855 4700; x_wconf 85' lang='lat' dir='ltr'><strong>asper-</strong></span> 
     </span>
    </p>
   </div>
   <div class='ocr_carea' id='block_1_108' title="bbox 2253 4726 3853 4818">
    <p class='ocr_par' dir='ltr' id='par_1_108' title="bbox 2253 4726 3853 4818">
     <span class='ocr_line' id='line_1_110' title="bbox 2253 4726 3853 4818; baseline -0.014 -18"><span class='ocrx_word' id='word_1_812' title='bbox 2253 4745 2420 4818; x_wconf 86' lang='lat' dir='ltr'><strong>gitur.</strong></span> <span class='ocrx_word' id='word_1_813' title='bbox 2447 4742 2515 4797; x_wconf 87' lang='lat' dir='ltr'><strong>Et</strong></span> <span class='ocrx_word' id='word_1_814' title='bbox 2544 4741 2664 4796; x_wconf 89' lang='lat' dir='ltr'><strong>ideo</strong></span> <span class='ocrx_word' id='word_1_815' title='bbox 2689 4739 2831 4808; x_wconf 79' lang='lat' dir='ltr'><strong>Agar</strong></span> <span class='ocrx_word' id='word_1_816' title='bbox 2861 4751 2981 4808; x_wconf 74' lang='lat' dir='ltr'><strong>qum</strong></span> <span class='ocrx_word' id='word_1_817' title='bbox 3007 4734 3216 4790; x_wconf 61' lang='lat' dir='ltr'><strong>advena</strong></span> <span class='ocrx_word' id='word_1_818' title='bbox 3247 4730 3438 4786; x_wconf 86' lang='lat' dir='ltr'><strong>Latine</strong></span> <span class='ocrx_word' id='word_1_819' title='bbox 3469 4726 3665 4780; x_wconf 81' lang='lat' dir='ltr'><strong>dicitur</strong></span> <span class='ocrx_word' id='word_1_820' title='bbox 3691 4734 3853 4792; x_wconf 88' lang='lat' dir='ltr'><strong>atque</strong></span> 
     </span>
    </p>
   </div>
   <div class='ocr_carea' id='block_1_109' title="bbox 2255 4816 3852 4904">
    <p class='ocr_par' dir='ltr' id='par_1_109' title="bbox 2255 4816 3852 4904">
     <span class='ocr_line' id='line_1_111' title="bbox 2255 4816 3852 4904; baseline -0.015 -11"><span class='ocrx_word' id='word_1_821' title='bbox 2255 4836 2464 4904; x_wconf 88' lang='lat' dir='ltr'><strong>accola,</strong></span> <span class='ocrx_word' id='word_1_822' title='bbox 2495 4844 2550 4891; x_wconf 91' lang='lat' dir='ltr'><strong>et</strong></span> <span class='ocrx_word' id='word_1_823' title='bbox 2579 4832 2814 4887; x_wconf 72' lang='lat' dir='ltr'><strong>(lethura</strong></span> <span class='ocrx_word' id='word_1_824' title='bbox 2849 4844 2969 4900; x_wconf 76' lang='lat' dir='ltr'><strong>qua:</strong></span> <span class='ocrx_word' id='word_1_825' title='bbox 2996 4826 3267 4882; x_wconf 78' lang='lat' dir='ltr'><strong>odorift&#39;ra</strong></span> <span class='ocrx_word' id='word_1_826' title='bbox 3299 4821 3652 4892; x_wconf 82' lang='lat' dir='ltr'><strong>signiﬁcatur,</strong></span> <span class='ocrx_word' id='word_1_827' title='bbox 3680 4816 3852 4871; x_wconf 74' lang='lat' dir='ltr'><strong>luere-</strong></span> 
     </span>
    </p>
   </div>
   <div class='ocr_carea' id='block_1_110' title="bbox 2255 4907 3848 4992">
    <p class='ocr_par' dir='ltr' id='par_1_110' title="bbox 2255 4907 3848 4992">
     <span class='ocr_line' id='line_1_112' title="bbox 2255 4907 3848 4992; baseline -0.017 -6"><span class='ocrx_word' id='word_1_828' title='bbox 2255 4931 2352 4986; x_wconf 88' lang='lat' dir='ltr'><strong>des</strong></span> <span class='ocrx_word' id='word_1_829' title='bbox 2382 4944 2487 4984; x_wconf 92' lang='lat' dir='ltr'><strong>non</strong></span> <span class='ocrx_word' id='word_1_830' title='bbox 2535 4937 2682 4981; x_wconf 88' lang='lat' dir='ltr'><strong>sunt.</strong></span> <span class='ocrx_word' id='word_1_831' title='bbox 2733 4923 2837 4992; x_wconf 87' lang='lat' dir='ltr'><strong>Qui</strong></span> <span class='ocrx_word' id='word_1_832' title='bbox 2887 4921 3032 4976; x_wconf 88' lang='lat' dir='ltr'><strong>enim</strong></span> <span class='ocrx_word' id='word_1_833' title='bbox 3076 4915 3271 4972; x_wconf 86' lang='lat' dir='ltr'><strong>mediis</strong></span> <span class='ocrx_word' id='word_1_834' title='bbox 3316 4915 3483 4968; x_wconf 87' lang='lat' dir='ltr'><strong>utitur</strong></span> <span class='ocrx_word' id='word_1_835' title='bbox 3527 4907 3848 4978; x_wconf 89' lang='lat' dir='ltr'><strong>disciplinis,</strong></span> 
     </span>
    </p>
   </div>
   <div class='ocr_carea' id='block_1_111' title="bbox 2253 5004 3854 5087">
    <p class='ocr_par' dir='ltr' id='par_1_111' title="bbox 2253 5004 3854 5087">
     <span class='ocr_line' id='line_1_113' title="bbox 2253 5004 3854 5087; baseline -0.017 -6"><span class='ocrx_word' id='word_1_836' title='bbox 2253 5024 2464 5087; x_wconf 87' lang='lat' dir='ltr'><strong>accola,</strong></span> <span class='ocrx_word' id='word_1_837' title='bbox 2495 5036 2603 5076; x_wconf 90' lang='lat' dir='ltr'><strong>non</strong></span> <span class='ocrx_word' id='word_1_838' title='bbox 2629 5016 2961 5073; x_wconf 89' lang='lat' dir='ltr'><strong>inhabitator</strong></span> <span class='ocrx_word' id='word_1_839' title='bbox 3005 5019 3089 5066; x_wconf 89' lang='lat' dir='ltr'><strong>est</strong></span> <span class='ocrx_word' id='word_1_840' title='bbox 3119 5007 3424 5073; x_wconf 47' lang='lat' dir='ltr'><strong>sapientiae.</strong></span> <span class='ocrx_word' id='word_1_841' title='bbox 3455 5004 3633 5059; x_wconf 87' lang='lat' dir='ltr'><strong>Odore</strong></span> <span class='ocrx_word' id='word_1_842' title='bbox 3669 5016 3854 5070; x_wconf 81' lang='lat' dir='ltr'><strong>asper-</strong></span> 
     </span>
    </p>
   </div>
   <div class='ocr_carea' id='block_1_112' title="bbox 2258 5096 3850 5180">
    <p class='ocr_par' dir='ltr' id='par_1_112' title="bbox 2258 5096 3850 5180">
     <span class='ocr_line' id='line_1_114' title="bbox 2258 5096 3850 5180; baseline -0.016 -5"><span class='ocrx_word' id='word_1_843' title='bbox 2258 5135 2376 5180; x_wconf 82' lang='lat' dir='ltr'><strong>sus.</strong></span> <span class='ocrx_word' id='word_1_844' title='bbox 2421 5132 2526 5172; x_wconf 88' lang='lat' dir='ltr'><strong>non</strong></span> <span class='ocrx_word' id='word_1_845' title='bbox 2571 5113 2747 5168; x_wconf 88' lang='lat' dir='ltr'><strong>fructtt</strong></span> <span class='ocrx_word' id='word_1_846' title='bbox 2789 5107 3059 5178; x_wconf 83' lang='lat' dir='ltr'><strong>expletur.</strong></span> <span class='ocrx_word' id='word_1_847' title='bbox 3111 5101 3410 5158; x_wconf 85' lang='lat' dir='ltr'><strong>Sanitatem</strong></span> <span class='ocrx_word' id='word_1_848' title='bbox 3454 5108 3632 5154; x_wconf 90' lang='lat' dir='ltr'><strong>autem</strong></span> <span class='ocrx_word' id='word_1_849' title='bbox 3674 5096 3850 5161; x_wconf 86' lang='lat' dir='ltr'><strong>cibus,</strong></span> 
     </span>
    </p>
   </div>
   <div class='ocr_carea' id='block_1_113' title="bbox 2260 5195 3846 5273">
    <p class='ocr_par' dir='ltr' id='par_1_113' title="bbox 2260 5195 3846 5273">
     <span class='ocr_line' id='line_1_115' title="bbox 2260 5195 3846 5273; baseline -0.017 -3"><span class='ocrx_word' id='word_1_850' title='bbox 2260 5232 2365 5270; x_wconf 90' lang='lat' dir='ltr'><strong>non</strong></span> <span class='ocrx_word' id='word_1_851' title='bbox 2399 5213 2535 5268; x_wconf 92' lang='lat' dir='ltr'><strong>odor</strong></span> <span class='ocrx_word' id='word_1_852' title='bbox 2577 5208 2818 5272; x_wconf 85' lang='lat' dir='ltr'><strong>invehit,</strong></span> <span class='ocrx_word' id='word_1_853' title='bbox 2852 5204 2974 5273; x_wconf 89' lang='lat' dir='ltr'><strong>quia</strong></span> <span class='ocrx_word' id='word_1_854' title='bbox 3007 5199 3144 5254; x_wconf 90' lang='lat' dir='ltr'><strong>odor</strong></span> <span class='ocrx_word' id='word_1_855' title='bbox 3186 5197 3456 5252; x_wconf 88' lang='lat' dir='ltr'><strong>fructumn</strong></span> <span class='ocrx_word' id='word_1_856' title='bbox 3492 5195 3712 5250; x_wconf 78' lang='lat' dir='ltr'><strong>ntintins</strong></span> <span class='ocrx_word' id='word_1_857' title='bbox 3742 5199 3846 5245; x_wconf 89' lang='lat' dir='ltr'><strong>est.</strong></span> 
     </span>
    </p>
   </div>
   <div class='ocr_carea' id='block_1_114' title="bbox 2255 5283 3848 5371">
    <p class='ocr_par' dir='ltr' id='par_1_114' title="bbox 2255 5283 3848 5371">
     <span class='ocr_line' id='line_1_116' title="bbox 2255 5283 3848 5371; baseline -0.015 -8"><span class='ocrx_word' id='word_1_858' title='bbox 2255 5305 2588 5371; x_wconf 88' lang='lat' dir='ltr'><strong>Principales</strong></span> <span class='ocrx_word' id='word_1_859' title='bbox 2614 5303 2796 5370; x_wconf 89' lang='lat' dir='ltr'><strong>itaque</strong></span> <span class='ocrx_word' id='word_1_860' title='bbox 2825 5293 3141 5365; x_wconf 84' lang='lat' dir='ltr'><strong>disciplinas</strong></span> <span class='ocrx_word' id='word_1_861' title='bbox 3180 5289 3556 5356; x_wconf 71' lang='lat' dir='ltr'><strong>sequentibus,</strong></span> <span class='ocrx_word' id='word_1_862' title='bbox 3589 5297 3644 5343; x_wconf 84' lang='lat' dir='ltr'><strong>et</strong></span> <span class='ocrx_word' id='word_1_863' title='bbox 3693 5283 3848 5358; x_wconf 79' lang='lat'><strong>195</strong></span> 
     </span>
    </p>
   </div>
   <div class='ocr_carea' id='block_1_115' title="bbox 2253 5384 3555 5470">
    <p class='ocr_par' dir='ltr' id='par_1_115' title="bbox 2253 5384 3555 5470">
     <span class='ocr_line' id='line_1_117' title="bbox 2253 5384 3555 5470; baseline -0.013 -13"><span class='ocrx_word' id='word_1_864' title='bbox 2253 5401 2536 5470; x_wconf 74' lang='lat' dir='ltr'><strong>indigenas</strong></span> <span class='ocrx_word' id='word_1_865' title='bbox 2565 5395 2763 5449; x_wconf 83' lang='lat' dir='ltr'><strong>accolis</strong></span> <span class='ocrx_word' id='word_1_866' title='bbox 2790 5389 3135 5460; x_wconf 76' lang='lat' dir='ltr'><strong>agnoscimus</strong></span> <span class='ocrx_word' id='word_1_867' title='bbox 3166 5384 3555 5454; x_wconf 64' lang='lat' dir='ltr'><strong>praeferendas.</strong></span> 
     </span>
    </p>
   </div>
   <div class='ocr_carea' id='block_1_116' title="bbox 2323 5473 3846 5554">
    <p class='ocr_par' dir='ltr' id='par_1_116' title="bbox 2323 5473 3846 5554">
     <span class='ocr_line' id='line_1_118' title="bbox 2323 5473 3846 5554; baseline -0.015 -6"><span class='ocrx_word' id='word_1_868' title='bbox 2323 5493 2412 5548; x_wconf 64' lang='grc'><strong>24.</strong></span> <span class='ocrx_word' id='word_1_869' title='bbox 2463 5491 2572 5546; x_wconf 89' lang='lat' dir='ltr'><strong>Hoc</strong></span> <span class='ocrx_word' id='word_1_870' title='bbox 2603 5486 2898 5544; x_wconf 88' lang='lat' dir='ltr'><strong>secundum</strong></span> <span class='ocrx_word' id='word_1_871' title='bbox 2927 5483 3218 5554; x_wconf 87' lang='lat' dir='ltr'><strong>ingenium.</strong></span> <span class='ocrx_word' id='word_1_872' title='bbox 3241 5479 3270 5519; x_wconf 74' lang='grc' dir='ltr'>ι)</span> <span class='ocrx_word' id='word_1_873' title='bbox 3301 5484 3368 5534; x_wconf 82' lang='lat' dir='ltr'><strong>At</strong></span> <span class='ocrx_word' id='word_1_874' title='bbox 3391 5493 3524 5532; x_wconf 84' lang='lat' dir='ltr'><strong>vero</strong></span> <span class='ocrx_word' id='word_1_875' title='bbox 3550 5473 3846 5534; x_wconf 80' lang='lat' dir='ltr'><strong>secundum</strong></span> 
     </span>
    </p>
   </div>
   <div class='ocr_carea' id='block_1_117' title="bbox 2253 5567 3846 5662">
    <p class='ocr_par' dir='ltr' id='par_1_117' title="bbox 2253 5567 3846 5662">
     <span class='ocr_line' id='line_1_119' title="bbox 2253 5567 3846 5662; baseline -0.017 -17"><span class='ocrx_word' id='word_1_876' title='bbox 2253 5585 2572 5662; x_wconf 80' lang='lat' dir='ltr'><strong>mysterium</strong></span> <span class='ocrx_word' id='word_1_877' title='bbox 2606 5580 2880 5636; x_wconf 86' lang='lat' dir='ltr'><strong>Abraham</strong></span> <span class='ocrx_word' id='word_1_878' title='bbox 2915 5587 3066 5647; x_wconf 86' lang='lat' dir='ltr'><strong>pater</strong></span> <span class='ocrx_word' id='word_1_879' title='bbox 3091 5575 3330 5643; x_wconf 76' lang='lat' dir='ltr'><strong>gentium</strong></span> <span class='ocrx_word' id='word_1_880' title='bbox 3361 5571 3554 5628; x_wconf 87' lang='lat' dir='ltr'><strong>semini</strong></span> <span class='ocrx_word' id='word_1_881' title='bbox 3586 5584 3684 5624; x_wconf 90' lang='lat' dir='ltr'><strong>suo</strong></span> <span class='ocrx_word' id='word_1_882' title='bbox 3713 5567 3846 5638; x_wconf 73' lang='lat' dir='ltr'><strong>legi-</strong></span> 
     </span>
    </p>
   </div>
   <div class='ocr_carea' id='block_1_118' title="bbox 2253 5661 3847 5751">
    <p class='ocr_par' dir='ltr' id='par_1_118' title="bbox 2253 5661 3847 5751">
     <span class='ocr_line' id='line_1_120' title="bbox 2253 5661 3847 5751; baseline -0.013 -12"><span class='ocrx_word' id='word_1_883' title='bbox 2253 5685 2407 5748; x_wconf 87' lang='lat' dir='ltr'><strong>timo,</strong></span> <span class='ocrx_word' id='word_1_884' title='bbox 2434 5677 2578 5751; x_wconf 89' lang='lat' dir='ltr'><strong>quod</strong></span> <span class='ocrx_word' id='word_1_885' title='bbox 2619 5686 2704 5732; x_wconf 91' lang='lat' dir='ltr'><strong>est</strong></span> <span class='ocrx_word' id='word_1_886' title='bbox 2745 5675 3019 5742; x_wconf 80' lang='lat' dir='ltr'><strong>Christus,</strong></span> <span class='ocrx_word' id='word_1_887' title='bbox 3051 5670 3426 5727; x_wconf 82' lang='lat' dir='ltr'><strong>haereditatem</strong></span> <span class='ocrx_word' id='word_1_888' title='bbox 3467 5683 3684 5725; x_wconf 89' lang='lat' dir='ltr'><strong>omnem</strong></span> <span class='ocrx_word' id='word_1_889' title='bbox 3720 5661 3847 5720; x_wconf 90' lang='lat' dir='ltr'><strong>ﬁdei</strong></span> 
     </span>
    </p>
   </div>
   <div class='ocr_carea' id='block_1_119' title="bbox 2241 5793 2907 5869">
    <p class='ocr_par' dir='ltr' id='par_1_119' title="bbox 2241 5793 2907 5869">
     <span class='ocr_line' id='line_1_121' title="bbox 2241 5793 2907 5869; baseline -0.014 -14"><span class='ocrx_word' id='word_1_890' title='bbox 2241 5797 2420 5869; x_wconf 74' lang='lat' dir='ltr'><strong>Vulg,</strong></span> <span class='ocrx_word' id='word_1_891' title='bbox 2459 5795 2523 5869; x_wconf 79' lang='lat' dir='ltr'><strong>Et</strong></span> <span class='ocrx_word' id='word_1_892' title='bbox 2553 5793 2768 5869; x_wconf 76' lang='lat' dir='ltr'><strong>excidit.</strong></span> <span class='ocrx_word' id='word_1_893' title='bbox 2799 5800 2907 5848; x_wconf 90' lang='lat' dir='ltr'><strong>etc.</strong></span> 
     </span>
    </p>
   </div>
   <div class='ocr_carea' id='block_1_120' title="bbox 2309 5857 3630 5935">
    <p class='ocr_par' dir='ltr' id='par_1_120' title="bbox 2309 5857 3630 5935">
     <span class='ocr_line' id='line_1_122' title="bbox 2309 5857 3630 5935; baseline -0.009 -9"><span class='ocrx_word' id='word_1_894' title='bbox 2309 5857 2512 5927; x_wconf 43' lang='lat' dir='ltr'><strong>b“Cod.</strong></span> <span class='ocrx_word' id='word_1_895' title='bbox 2547 5869 2689 5935; x_wconf 88' lang='lat' dir='ltr'><strong>Div.,</strong></span> <span class='ocrx_word' id='word_1_896' title='bbox 2720 5864 2783 5922; x_wconf 87' lang='lat' dir='ltr'><strong>At</strong></span> <span class='ocrx_word' id='word_1_897' title='bbox 2813 5879 2931 5922; x_wconf 78' lang='lat' dir='ltr'><strong>vero</strong></span> <span class='ocrx_word' id='word_1_898' title='bbox 2961 5862 3241 5920; x_wconf 77' lang='lat' dir='ltr'><strong>secundum</strong></span> <span class='ocrx_word' id='word_1_899' title='bbox 3270 5857 3630 5915; x_wconf 77' lang='lat' dir='ltr'><strong>ministerium.</strong></span> 
     </span>
    </p>
   </div>
  </div>
