4150 6358
238 259 343 318 ⁸529

1464 258 1553 315 DE
1590 256 1749 314 (Ith
1787 256 1876 314 ET
1916 256 2095 314 ABEL
2134 255 2263 314 LIB.
2305 255 2349 314 I.

3432 262 3541 324 330

240 392 352 434 sua:
393 376 610 443 detulit,
652 375 744 449 qui
775 375 830 433 in
860 375 963 434 hac
1004 384 1146 434 terra
1194 376 1338 433 velut
1377 376 1583 432 advena
1615 376 1745 442 fuit;
1781 386 1838 431 ut
1864 376 1917 437 A
1941 375 2352 441 vindicare,nec
2377 375 2613 431 auctoris
2628 375 2889 447 deputare
2912 378 3120 450 gratiae,
3151 380 3246 438 sed
3280 382 3451 452 ipsum
3479 400 3539 439 se

242 476 363 532 vita:
396 475 559 546 hujus
591 474 817 531 odorem
863 474 1033 543 magis
1085 488 1246 544 quam
1293 472 1527 528 fructum
1584 470 1833 527 referret.

242 572 370 628 Haec
398 586 521 627 cum
551 570 700 626 audit
726 585 911 637 mens,
954 568 1148 624 avertit
1181 582 1239 622 se
1266 582 1297 621 a
1328 567 1605 636 voluptate
1626 607 1639 631 ,
1669 565 1839 620 virtu-

245 666 391 738 tique
435 665 702 737 adjungit,
736 664 849 721 veri
895 663 1113 719 decoris
1153 661 1430 717 admirans
1454 660 1704 730 gratiam,
1740 675 1837 730 pu-

243 778 363 819 rum
412 762 687 828 allectum,
742 758 1043 826 simplicem
1095 756 1457 823 sententiam,
1506 754 1836 810 mediocrem

245 864 451 911 vestem
470 896 486 922 ,
522 852 624 910 hoc
651 862 769 921 est,
811 867 917 906 non
947 852 999 905 in
1030 850 1382 920 persuasione
1408 849 1709 914 sermonis,
1741 845 1838 903 sed

247 948 303 1005 in
336 947 649 1003 ostensione
680 945 915 1017 Spiritus
947 944 992 1015 (I
1018 942 1138 999 Cor.
1186 959 1247 1009 tt,
1276 942 1360 1014 4),
1394 941 1568 1012 qualis
1595 949 1680 996 est
1711 953 1841 1011 apo-

244 1044 451 1098 stolic:e
481 1042 651 1097 forma
694 1039 1015 1105 sententiae,
1056 1038 1311 1095 amictum
1360 1034 1641 1105 sapientia:
1680 1044 1842 1105 atque

244 1133 465 1205 pietatis
513 1132 659 1188 omni
716 1130 1098 1203 pretiosiorem
1150 1143 1285 1186 auro
1343 1128 1652 1197 refulgens,
1712 1137 1841 1182 tunc

242 1226 473 1282 chorum
511 1225 846 1296 prudentiae,
902 1224 1314 1292 temperantia,
1366 1220 1729 1288 fortitudinis,
1778 1236 1844 1275 ac

237 1318 470 1391 justitiae
498 1318 805 1388 suscipiens
832 1332 953 1389 qua:
995 1316 1296 1387 ﬂagrabant
1338 1314 1563 1370 odorem
1606 1311 1846 1379 discipli-

242 1430 473 1481 narum,
516 1414 788 1469 incutiens
832 1410 1221 1475 reverentiam,
1252 1405 1544 1463 infundens
1590 1414 1842 1477 gratiam.

239 1507 432 1579 Itaque
478 1506 676 1562 talibus
723 1513 868 1561 mota
920 1504 1085 1574 elegit
1132 1500 1310 1557 studia
1359 1499 1608 1565 virtutis,
1651 1497 1846 1568 quibus

242 1601 415 1657 Jacob
466 1600 548 1655 vir
601 1599 797 1671 plenus
853 1597 1265 1654 exercitationis
1320 1605 1557 1651 mentem
1618 1591 1849 1649 intendit

242 1694 512 1752 suam.Et
542 1693 664 1749 ideo
692 1694 872 1749 ovium
906 1699 1090 1762 pastor
1117 1690 1391 1745 inducitur
1436 1686 1591 1759 (Gen.
1622 1699 1749 1750 xxx,
1776 1684 1841 1739 5i

1941 481 2163 523 suorum
2198 468 2463 524 bonorum
2495 482 2773 526 anetoreni
2817 470 3035 528 duci-re.
3084 474 3324 531 Tertium
3367 491 3537 545 genus

1942 572 2022 619 est
2053 562 2261 632 peccati
2287 562 2503 633 quidem
2536 564 2788 625 minoris.
2814 565 2907 621 sed
2938 567 3186 637 supparis
3217 570 3539 638 arrogantia:

1942 669 2129 710 eorum
2161 654 2369 710 scilicet
2399 655 2491 726 qui
2520 657 2764 713 datorem
2798 658 3061 715 bonorum
3106 661 3272 717 Deum
3305 678 3409 716 non
3439 678 3540 718 ne-

1941 757 2071 817 gant
2095 763 2109 799 :
2138 745 2233 801 sed
2252 762 2372 816 quae
2392 748 2711 817 acciderint,
2739 766 2800 806 ea
2823 750 2928 807 sibi
2958 767 3177 825 propter
3198 756 3539 825 prudentiam

1942 856 2127 907 suam,
2177 848 2605 912 caeterarumque
2653 845 2843 900 merita
2893 848 3152 903 virtutum
3195 849 3318 921 jure
3363 850 3543 907 delata

1942 936 2293 992 arbitrantur.
2340 935 2634 1006 Propterea
2664 938 2829 994 etiam
2869 942 3051 997 divina
3095 943 3289 1014 dignos
3328 944 3541 1001 habitos

1942 1028 2149 1099 gratia,
2180 1027 2321 1099 quod
2368 1043 2706 1101 nequaquam
2741 1031 3056 1090 viderentur
3096 1035 3301 1108 indigni
3346 1037 3543 1108 quibus

1949 1121 2071 1176 talia
2102 1120 2301 1177 divinis
2343 1122 2623 1177 beneliciis
2651 1127 3013 1193 provenirent.

2018 1212 2110 1268 26.
2154 1214 2231 1270 Ne
2267 1215 2393 1286 quid
2419 1230 2549 1287 ergo
2575 1215 2883 1287 hujusmndi
2916 1223 3157 1291 accidat,
3189 1226 3330 1283 unde
3359 1238 3542 1283 votum

1950 1312 2096 1359 tuum
2125 1304 2217 1360 tibi
2251 1307 2302 1360 in
2347 1320 2623 1376 peccatum
2663 1310 2757 1366 fiat
2784 1352 2797 1377 ,
2828 1313 2911 1368 lex
2947 1322 3001 1370 te
3034 1316 3346 1373 informavit
3385 1329 3548 1390 atque

1950 1397 2243 1464 insu'uxit,
2271 1400 2487 1457 dicente
2524 1403 2759 1459 Domino
2787 1406 2876 1475 qui
2908 1406 3079 1474 legem
3108 1410 3257 1464 dedit
3282 1428 3295 1463 :
3331 1412 3549 1469 Attende

1948 1491 2040 1545 tibi
2053 1533 2067 1554 ,
2098 1509 2162 1547 ne
2191 1493 2511 1551 obliviscaris
2552 1496 2803 1565 beneﬁcia
2834 1498 3048 1555 Domini
3080 1502 3175 1558 Dei
3208 1505 3315 1571 lui,
3359 1516 3408 1561 et
3447 1524 3552 1563 non

1949 1586 2213 1640 custodias
2238 1587 2481 1642 mandata
2506 1598 2553 1643 et
2573 1589 2800 1659 judicia,
2827 1604 2872 1647 et
2892 1595 3127 1663 justitias
3149 1597 3293 1652 illius
3321 1615 3437 1668 qua:
3460 1617 3552 1671 ego

1952 1680 2201 1752 praecipio
2226 1675 2316 1735 tibi
2343 1681 2527 1749 hodie;
2568 1700 2633 1738 ne
2657 1702 2771 1739 cum
2803 1689 3224 1756 manducaverrs,
3254 1700 3302 1746 et
3331 1694 3555 1765 repletus

245 1798 295 1843 et
323 1788 495 1858 seq.);
524 1802 591 1843 eo
617 1785 761 1857 quod
792 1786 1102 1855 imperitare
1125 1782 1339 1853 corpori
1366 1791 1421 1837 et
1446 1778 1697 1836 sensibus
1726 1780 1844 1848 ejus
1873 1782 1922 1842 Β
1949 1774 2111 1844 {ueris
2132 1816 2147 1840 ,
2192 1784 2240 1830 et
2268 1793 2387 1830 cum
2422 1778 2602 1832 domos
2632 1778 2794 1835 bonas
2823 1780 3164 1853 mdiﬁcaveris
3185 1826 3201 1851 ,
3243 1795 3289 1840 et
3318 1786 3554 1842 habitare

244 1896 311 1936 ac
342 1879 745 1949 voluptatibus,
776 1877 996 1947 votique
1048 1875 1268 1931 modum
1319 1883 1535 1940 tenere,
1580 1888 1650 1929 ne
1700 1872 1848 1928 velut

244 1975 366 2032 ovis
397 1985 622 2045 vagetur
668 1973 895 2037 incerta,
947 1970 1292 2041 praestantius
1320 1969 1639 2037 aestimatur,
1685 1983 1846 2039 quam

244 2084 443 2140 regere
467 2066 717 2138 populos,
741 2065 827 2122 vel
855 2079 1090 2135 praeesse
1118 2064 1361 2119 urbibus.
1389 2061 1675 2117 Difficilius
1702 2060 1850 2117 enim

245 2164 520 2235 quispiam
553 2178 634 2231 se,
666 2176 826 2232 quam
860 2160 1092 2215 alterum
1133 2159 1290 2229 regit.
1320 2157 1580 2212 Animum
1608 2156 1848 2221 vincere,

251 2256 594 2313 iracundiam
620 2253 902 2315 cohibere.
935 2260 1471 2323 compugnantesque
1497 2250 1645 2320 leges
1671 2248 1854 2303 carnis

251 2356 310 2404 et
347 2348 550 2404 mentis
588 2348 641 2403 in
687 2361 851 2401 unum
883 2360 1079 2416 cogere
1108 2343 1433 2399 immortalis
1462 2339 1741 2413 cujusdam
1771 2347 1856 2395 est

250 2440 355 2496 viri
400 2456 560 2512 quem
589 2439 782 2495 inferni
828 2448 981 2509 porta
1028 2452 1135 2494 non
1176 2437 1407 2508 ceperit.
1453 2435 1695 2505 Denique
1742 2434 1857 2506 ipse

251 2536 358 2593 sibi
390 2536 693 2608 Legislator
720 2533 1017 2590 vindicavit
1044 2533 1150 2589 hoc
1175 2548 1405 2598 munus;
1435 2540 1494 2587 ut
1516 2546 1648 2587 oves
1672 2544 1859 2601 pasce-

251 2642 342 2689 ret
376 2630 532 2688 Jetro
558 2629 769 2705 (Exod.
819 2643 899 2695 tu,
932 2627 1000 2698 1)
1026 2669 1042 2696 ,
1064 2628 1154 2696 qui
1194 2627 1394 2683 dicitur
1424 2624 1759 2698 superfluus,
1805 2632 1862 2680 et

251 2736 449 2799 ageret
466 2726 518 2780 in
544 2725 848 2781 desertum:
878 2737 944 2778 eo
970 2721 1113 2792 quod
1137 2720 1561 2777 irrationabilem
1588 2732 1643 2777 et
1666 2733 1859 2789 snper-

252 2821 354 2877 ﬂui
406 2806 747 2891 vulgarimue
804 2818 1073 2874 sermonis
1129 2816 1510 2886 loquacitatem
1566 2815 1862 2872 indiscreta

254 2911 515 2984 quaedam
551 2910 747 2967 sobriae
777 2910 1039 2966 doctrina:
1080 2909 1261 2981 coegit
1302 2910 1579 2981 mysteria.
1628 2910 1864 2980 Ideoque

254 3006 537 3079 Egyptiis
560 3005 950 3061 abominationi
978 3012 1132 3061 erant
1161 3011 1405 3074 pastores
1434 3003 1637 3059 ovium.
1662 3003 1866 3059 Omnes

254 3104 412 3158 enim
442 3102 530 3170 qui
562 3098 808 3171 corporis
851 3098 1017 3154 dediti
1049 3097 1392 3168 passionibus
1436 3096 1779 3165 hujusmodi,
1808 3105 1867 3153 et

1949 1867 2164 1937 coeperis
2188 1868 2242 1921 in
2268 1869 2363 1934 eis,
2394 1879 2441 1923 et
2464 1886 2579 1926 oves
2612 1880 2715 1926 tua:
2738 1885 2787 1927 et
2813 1874 2961 1929 boves
2989 1876 3064 1930 tui
3088 1894 3203 1931 cum
3231 1879 3414 1943 repleti
3436 1884 3551 1951 [ue-

1952 1962 2073 2027 rint,
2106 1972 2293 2017 etcum
2317 1980 2420 2019 tere
2441 2006 2456 2031 ,
2487 1976 2703 2035 argento
2730 1978 2779 2022 et
2806 1985 2936 2023 auro
2976 1974 3262 2041 completus
3283 1974 3475 2044 fueris,
3508 1986 3555 2031 et

1953 2058 2130 2111 omnia
2164 2058 2427 2128 possidere
2463 2062 2708 2131 caperis,
2742 2071 2790 2117 et
2820 2064 2973 2132 plena
3004 2064 3198 2133 fuerint
3227 2068 3413 2123 horrea
3443 2080 3554 2137 tua,

1954 2152 2147 2208 exultes
2176 2170 2267 2209 cor
2294 2162 2525 2218 tuum,et
2552 2156 2875 2213 obliviscaris
2907 2158 3186 2215 Dominum
3213 2160 3380 2217 Deum
3403 2174 3551 2219 tuum

1955 2245 2147 2311 (Deut.
2179 2264 2272 2304 vut
2294 2291 2310 2317 ,
2346 2249 2409 2305 11
2435 2259 2482 2303 et
2510 2266 2618 2321 seq.
2638 2249 2679 2321 ).
2712 2250 2866 2308 Tunc
2892 2268 3024 2322 ergo
3049 2255 3391 2311 Oblivisceris
3442 2256 3555 2312 Do-

1958 2342 2198 2408 minum,
2228 2358 2350 2399 cum
2380 2343 2584 2398 oblitus
2624 2343 2794 2401 fueris
2826 2348 2925 2401 tui.
2960 2348 3018 2405 Si
3046 2359 3227 2405 autem
3258 2363 3559 2423 cognoscas

1958 2433 2236 2491 infirmum
2263 2447 2315 2491 te
2337 2451 2480 2501 esse,
2499 2451 2799 2509 cognosces
2818 2438 2989 2494 Deum
3020 2456 3143 2497 esse
3168 2456 3330 2513 supra
3354 2445 3560 2511 omnia,

1960 2538 2015 2585 et
2041 2530 2329 2586 immemor
2353 2545 2477 2587 esse
2500 2546 2609 2588 non
2641 2532 2867 2604 poteris,-
2900 2544 2958 2590 ut
2983 2535 3032 2590 ei
3071 2536 3436 2592 reverentiam
3466 2536 3564 2593 de-

1961 2621 2131 2678 bitam
2168 2622 2372 2679 Solvas.

2032 2713 2125 2769 27.
2166 2713 2327 2771 Disce
2362 2731 2509 2773 nunc
2552 2718 3011 2789 quemadmodum
3038 2723 3419 2792 unusquisque
3448 2738 3565 2780 mo-

1968 2816 2184 2871 neatur,
2215 2824 2286 2864 ne
2307 2824 2366 2865 se
2392 2809 2513 2879 ipse
2538 2824 2818 2868 auctorem
2837 2828 3060 2869 suorum
3091 2825 3244 2885 putet
3271 2817 3562 2873 bonorum.

1970 2896 2056 2953 Ne
2076 2899 2243 2965 dicas,
2269 2900 2467 2969 inquit,
2499 2903 2552 2955 in
2582 2905 2735 2958 corde
2763 2914 2850 2960 tuo
2873 2921 2891 2961 :
2926 2906 3106 2961 Virtus
3133 2926 3247 2963 mea
3266 2921 3315 2965 et
3337 2912 3569 2981 patentia

1966 3010 2080 3050 mea
2120 2996 2243 3066 fecit
2286 2996 2413 3049 mihi
2442 2997 2680 3051 virtutem
2711 2998 2845 3053 hanc
2887 3017 3132 3071 magnam
3162 3018 3180 3056 :
3207 3003 3298 3058 sed
3322 3004 3377 3058 in
3404 3013 3571 3059 mente
3642 3056 3647 3063 .

1969 3096 2057 3142 tua
2079 3086 2289 3141 habebis
2322 3086 2602 3143 Dominum
2640 3088 2813 3144 Deum
2843 3100 3024 3157 tuum;
3062 3110 3307 3161 quoniam
3333 3096 3442 3165 ipse
3477 3098 3568 3150 dat

253 3191 635 3266 voluptatibus
683 3190 970 3261 indulgent
1009 3190 1123 3246 suis
1145 3231 1162 3258 ,
1216 3190 1634 3259 disceptatorem
1682 3188 1859 3257 verbi,
1889 3184 1934 3248 C
1967 3181 2117 3246 vires,
2146 3192 2203 3236 ut
2244 3182 2407 3253 facias
2436 3183 2646 3237 virtutes
2688 3182 2859 3254 (Ibid.
2896 3184 2960 3238 I7
2986 3194 3033 3238 et
3085 3184 3207 3256 18).
3244 3186 3395 3243 Unde
3428 3191 3567 3244 bene

254 3289 659 3359 doctoremque
685 3284 899 3341 virtutis
916 3283 1147 3356 quadam
1172 3282 1552 3339 exsecratione
1569 3282 1864 3339 declinant.

252 3382 327 3439 Et
344 3381 476 3437 ideo
502 3396 598 3451 per
621 3379 907 3451 aenigmata
934 3378 1051 3434 haec
1072 3376 1257 3433 docuit
1280 3374 1661 3447 Moy~es(Gen.
1705 3392 1779 3441 tv,
1809 3376 1869 3448 4)

253 3483 393 3546 apta
419 3472 532 3528 Deo
555 3487 678 3528 esse
698 3471 985 3537 sacrificia,
1014 3486 1135 3541 quae
1162 3469 1360 3541 refugit
1381 3470 1562 3525 omnis
1581 3468 1866 3540 insipiens,

252 3568 367 3625 boc
397 3575 517 3631 est,
548 3581 713 3639 opera
742 3575 799 3622 et
836 3575 1105 3637 praecepta
1135 3562 1372 3619 virtutis.
1418 3561 1653 3634 Ideoque
1685 3570 1870 3633 pastor

250 3661 438 3728 Abel,
483 3658 615 3717 Cain
657 3670 837 3717 autem
882 3671 1139 3731 operator
1185 3668 1344 3714 terrae
1392 3657 1622 3728 legitur,
1672 3656 1762 3727 qui
1814 3657 1868 3711 in

250 3754 433 3811 fratre
472 3769 573 3810 suo
608 3754 691 3809 vir
714 3752 978 3823 insipiens
1009 3750 1239 3807 formam
1270 3749 1622 3821 speciemque
1653 3748 1869 3805 virtutis

251 3859 587 3920 expressam
614 3843 756 3901 ferre
779 3857 886 3899 non
916 3844 1107 3914 putuit.

872 3981 1104 4039 CAPUT
1142 3982 1259 4038 VII.

252 4094 523 4155 Indicato
563 4094 759 4166 duplici
798 4096 999 4167 defectu
1041 4097 1285 4168 sacriﬁcii
1327 4094 1494 4163 Cain,
1522 4095 1742 4151 ostendit
1771 4097 1874 4150 tria

329 4190 467 4247 vitia
489 4189 543 4243 in
569 4188 759 4243 nostris
788 4186 1136 4244 oblationibus
1161 4188 1402 4257 obrepere
1442 4202 1625 4259 posse;
1655 4203 1746 4242 nec
1772 4203 1873 4242 non

331 4283 524 4339 divina
554 4282 845 4336 testimonia
881 4280 1065 4352 quibus
1107 4279 1289 4336 eadem
1312 4281 1436 4336 vitia
1461 4278 1868 4351 proscribuntur,

338 4373 593 4433 adducit.

328 4492 435 4549 25.
484 4489 553 4544 Et
588 4490 784 4561 factum
814 4498 919 4559 est,
950 4498 1063 4562 post
1094 4488 1205 4545 dies
1231 4489 1415 4544 obtulit
1437 4486 1569 4544 Cain
1597 4502 1663 4543 ea:
1691 4486 1873 4559 fructi-

1968 3274 2261 3345 Apostolus
2287 3274 2331 3341 (Ι
2359 3272 2482 3329 Cor.
2510 3290 2610 3339 xv,
2664 3272 2720 3346 9)
2768 3274 2920 3345 quasi
2964 3275 3102 3348 legis
3149 3279 3417 3350 interpres
3459 3295 3569 3335 non

1967 3365 2301 3437 gloriabatur
2329 3367 2382 3421 in
2411 3368 2612 3422 virtute
2637 3381 2733 3422 sua
2761 3384 2781 3423 ξ
2818 3366 2912 3423 sed
2958 3369 3241 3425 minimum
3269 3372 3567 3442 Apostolo—

1970 3474 2091 3515 rum
2121 3473 2181 3515 se
2207 3473 2329 3516 esse
2355 3458 2590 3524 dicebat,
2621 3470 2671 3516 et
2701 3460 2963 3533 quidquid
2997 3472 3166 3523 esset.
3203 3464 3394 3534 gratiae
3434 3464 3572 3521 divi-

1971 3567 2056 3608 nae
2088 3566 2208 3609 esse
2249 3568 2359 3608 non
2400 3552 2577 3609 meriti
2618 3552 2739 3622 sui,
2789 3553 3036 3626 nihilque
3062 3570 3160 3611 nos
3195 3556 3399 3614 habere
3426 3557 3573 3630 quod

1970 3660 2080 3702 non
2126 3646 2519 3715 acceperimus.
2571 3646 2714 3712 Quid
2757 3648 2929 3710 enim,
2979 3648 3189 3718 inquit,
3235 3651 3392 3707 habes
3432 3653 3575 3724 quod

1970 3757 2075 3795 non
2101 3741 2341 3809 accepisti
2360 3742 2386 3796 ?
2411 3741 2474 3797 Si
2504 3751 2676 3797 autent
2704 3744 2972 3813 accepisti.
2997 3745 3125 3815 quid
3150 3746 3396 3817 gloriaris
3425 3748 3579 3818 quasi

1972 3849 2075 3888 non
2106 3834 2367 3905 acceperis
2410 3833 2454 3901 (I
2483 3831 2603 3889 Cor.
2646 3850 2719 3901 tv,
2772 3835 2874 3906 7)?
2918 3836 3159 3892 Didicisti
3196 3853 3327 3908 ergo
3358 3839 3575 3894 bnmili-

1974 3932 2138 3981 tatem
2169 3928 2339 3998 magis
2367 3928 2564 3997 sequi,
2595 3932 2756 3998 qu‘am
2783 3930 3186 4000 arrogantiam;
3226 3932 3572 3988 sedulitatem

1972 4019 2249 4090 affectare,
2278 4034 2437 4090 quam
2465 4030 2813 4092 potestatem.
2845 4023 3112 4093 Accepisti
3141 4024 3396 4079 salutaria
3434 4041 3575 4097 pra:-

1974 4124 2165 4187 cepta,
2212 4114 2321 4170 noli
2373 4114 2652 4186 negligere
2682 4114 2828 4169 utilia
2859 4114 3218 4173 instrumenta
3258 4120 3567 4189 medicium,

1977 4209 2173 4282 quibus
2202 4207 2337 4265 libra
2367 4210 2548 4264 omnis
2581 4208 2795 4263 letbalis
2832 4208 3070 4264 vulneris
3099 4222 3401 4267 exsecutor.

2047 4300 2136 4358 28.
2177 4301 2270 4357 Ille
2298 4315 2514 4372 quaque
2535 4301 2625 4371 qui
2654 4317 2713 4356 se
2734 4300 3022 4371 justilicat,
3051 4319 3118 4358 tte
3148 4303 3368 4361 inﬂetur
3390 4294 3575 4364 cordis

1978 4395 2060 4450 sui
2094 4404 2349 4461 tumore;
2392 4404 2447 4450 et
2484 4394 2603 4465 ipse
2632 4396 2842 4466 accepit
2881 4395 3102 4452 salubre
3128 4401 3473 4471 mandatum,
3517 4402 3572 4458 in

1980 4488 2286 4559 bujusmodi
2315 4491 2640 4545 sententiam
2678 4489 2979 4545 resultante
3008 4492 3272 4548 oraculo:
3317 4491 3401 4549 Ne
3431 4495 3577 4552 dicas

257 4584 362 4642 bus
393 4596 554 4641 terra:
582 4601 767 4639 ntunus
790 4582 1184 4658 Domino(Gen.
1227 4599 1300 4650 tv,
1334 4582 1411 4656 5).
1445 4581 1649 4652 Duplex
1677 4580 1835 4647 culpa
1861 4596 1873 4633 :
1904 4580 1955 4642 D
1981 4584 2037 4639 in
2078 4584 2235 4638 corde
2272 4593 2391 4647 tuo,
2445 4600 2560 4637 cum
2590 4599 2889 4639 consumere
2914 4586 3123 4654 coeperit
3150 4584 3407 4642 Dominus
3442 4589 3578 4646 Deus

254 4695 370 4737 una
399 4677 552 4750 quod
582 4687 700 4748 post
720 4677 836 4732 dies
861 4676 1091 4741 obtulit,
1128 4677 1292 4732 altera
1317 4675 1462 4746 quod
1489 4690 1554 4731 ex
1583 4673 1869 4740 fructibus,

254 4789 376 4830 non
407 4787 477 4827 ex
512 4769 702 4841 primis
732 4769 1012 4825 fructibus.
1039 4768 1373 4825 Sacrilicium
1397 4777 1573 4823 autem
1598 4777 1652 4823 et
1676 4766 1872 4822 celeri-

257 4876 377 4922 tate
398 4862 814 4919 commendatur
835 4872 888 4919 et
909 4863 1103 4933 gratia.
1136 4860 1285 4918 Unde
1309 4869 1633 4931 praeceptum
1658 4869 1742 4914 est
1767 4876 1779 4912 :
1814 4857 1879 4913 Si

252 4964 475 5015 voverts
500 4965 692 5024 votum,
718 4972 817 5010 non
844 4956 1012 5027 facias
1037 4971 1239 5010 moram
1267 4954 1481 5009 reddere
1504 4952 1658 5007 illud.
1688 4950 1880 5006 Melius

255 5064 339 5111 est
372 5054 522 5108 enim
548 5068 649 5105 non
676 5067 855 5106 vovere
882 5061 1075 5113 votum,
1117 5067 1272 5117 quam
1296 5064 1496 5115 vovere,
1524 5058 1574 5103 et
1616 5063 1718 5101 non
1758 5046 1880 5100 red-

255 5148 392 5203 dere
420 5142 640 5219 (Eccle.
691 5160 754 5212 v,
785 5145 850 5210 ’5,
877 5145 911 5199 4
932 5143 1120 5215 ).Cum
1152 5144 1295 5199 enim
1324 5156 1528 5197 moram
1562 5140 1692 5195 facis
1712 5181 1727 5203 ,
1768 5155 1875 5193 non

255 5239 490 5298 reddis.
528 5235 720 5289 Votum
748 5245 831 5290 est
871 5249 1048 5290 autem
1091 5235 1383 5305 postulatio
1413 5233 1679 5289 b0norum
1705 5246 1735 5285 a
1769 5230 1879 5287 Deo

255 5349 395 5392 cum
428 5327 683 5384 solvendi
713 5328 953 5383 muneris
979 5329 1355 5399 promissione.
1389 5326 1457 5381 Et
1482 5326 1604 5381 ideo
1626 5339 1747 5379 cum
1778 5324 1878 5378 im-

256 5420 591 5500 petraveris
634 5420 777 5490 qttod
822 5420 1032 5490 petisti,
1062 5420 1254 5491 ingrati
1283 5428 1366 5476 est
1397 5418 1612 5475 tardare
1650 5418 1879 5489 promis-

256 5536 419 5579 sum.
468 5514 578 5571 Sed
613 5513 880 5569 interdum
920 5521 1013 5567 aut
1040 5513 1433 5584 negligentibus
1461 5513 1653 5583 irrepit
1677 5510 1881 5567 oblivio

260 5616 697 5682 impetratorum
716 5648 731 5673 ,
765 5614 857 5659 aut
897 5604 1116 5659 tumidis
1140 5615 1195 5659 et
1218 5605 1395 5661 elatis.
1425 5606 1693 5675 Arrogare
1720 5619 1883 5658 even-

265 5720 363 5766 tus
405 5704 576 5778 196
616 5700 721 5757 sibi
768 5699 981 5756 bebetis
1030 5699 1210 5754 cordis
1248 5710 1363 5766 est,
1396 5710 1451 5755 et
1496 5699 1694 5754 bonum
1740 5696 1883 5768 quod

262 5801 388 5873 agit
419 5795 515 5852 vel
548 5792 690 5868 quod
724 5807 755 5846 a
780 5792 891 5848 Deo
920 5791 1299 5862 consequitur,
1332 5790 1565 5865 propriis
1592 5789 1884 5847 virtutibus

814 5888 1090 5950 PATBOL.
1158 5884 1330 5949 XIV.

1979 4688 2100 4733 tuus
2129 4689 2299 4750 gentes
2327 4678 2448 4732 illas
2468 4694 2499 4729 a
2526 4686 2800 4747 conspectu
2826 4687 2936 4742 tuo,
2968 4678 3141 4734 dicens
3170 4695 3188 4734 :
3223 4677 3442 4751 Propter
3482 4684 3577 4753 ju-

1978 4772 2173 4825 stitiam
2214 4786 2377 4825 meum
2419 4769 2625 4824 induxit
2673 4786 2751 4823 me
2781 4767 3036 4825 Dominus
3081 4771 3347 4842 possidere
3388 4784 3577 4830 (errant

1979 4866 2135 4920 istam
2162 4880 2183 4919 :
2222 4865 2313 4920 sed
2360 4873 2569 4937 propter
2610 4863 2903 4934 iniquitates
2952 4855 3177 4935 gentium
3227 4866 3445 4921 istarum
3486 4886 3579 4924 ea:—

1983 4958 2218 5027 stirpavit
2240 4956 2359 5011 illos
2386 4954 2638 5011 Dominus
2664 4973 2695 5009 a
2726 4958 2858 5028 facie
2885 4965 2974 5011 tua
3003 4956 3186 5028 (Deut.
3243 4976 3315 5023 tx,
3351 4962 3383 5015 4
3416 4972 3460 5016 et
3491 4962 3572 5033 5).

1984 5050 2101 5106 Non
2128 5059 2350 5123 propter
2381 5049 2644 5122 justitiam
2676 5062 2855 5118 tuam,
2882 5068 2988 5109 non
3021 5064 3243 5124 propter
3275 5054 3575 5109 bonitatem

1985 5153 2164 5211 tuam,
2196 5160 2295 5200 nec
2324 5156 2549 5214 propter
2577 5146 2886 5216 aequitatem
2919 5146 3099 5201 cordis
3133 5145 3206 5200 tui
3242 5147 3409 5200 intras
3449 5160 3581 5217 pos-

1983 5236 2162 5293 sidere
2194 5248 2393 5293 terram
2435 5237 2633 5291 istam:
2681 5238 2775 5293 sed
2826 5250 3048 5309 propter
3076 5238 3416 5307 iniquitatem
3447 5254 3584 5307 gen-

1985 5330 2118 5387 tium
2166 5329 2444 5401 disperdet
2486 5345 2583 5385 eos
2635 5330 2896 5385 Dominus
2942 5347 2973 5385 a
3025 5340 3321 5399 conspectu
3360 5337 3485 5392 tuo,
3528 5340 3586 5386 et

1987 5423 2235 5480 restituet
2265 5422 2674 5478 Testamentum
2724 5431 2873 5477 tuum
2906 5422 3050 5491 quod
3094 5421 3298 5490 juravit
3339 5422 3584 5491 patribus

1988 5520 2204 5573 vestris.
2249 5517 2662 5573 TeSIamentum
2697 5516 2936 5586 perlecta
2966 5516 3063 5569 Dei
3092 5513 3265 5584 gratia
3297 5525 3420 5575 est;
3456 5516 3587 5574 nihil

1989 5612 2133 5665 enim
2167 5610 2543 5678 imperfectum
2572 5607 2664 5661 dat
2694 5607 2872 5662 Deus:
2930 5606 3168 5675 perlecta
3199 5616 3379 5663 autem
3417 5609 3589 5665 virtus

1990 5708 2110 5765 est,
2146 5713 2201 5755 et
2230 5715 2391 5771 opera
2423 5698 2653 5753 virtutis.
2703 5696 3114 5752 Testamentum
3146 5708 3324 5753 antetn
3364 5700 3586 5767 dicitur,

1996 5806 2104 5862 quo
2129 5790 2371 5848 defertur
2402 5789 2669 5847 bonorum
2721 5786 3036 5845 Imcreditas.
3107 5788 3299 5847 Merito
3338 5800 3390 5848 et
3428 5804 3598 5851 testa-

2913 5881 2987 5942 11
