4150 6358
583 298 686 360 551

1950 285 2198 348 SANCTI
2236 283 2560 346 AMBROSII

3784 283 3906 341 332

581 426 833 477 mentum
863 413 1082 479 dicitur,
1110 418 1164 468 et
1192 410 1452 473 divinum,
1481 419 1605 463 cum
1635 420 1699 462 ca
1731 421 1850 477 quia
1876 421 2004 461 vere
2036 405 2176 460 bona
2209 412 2259 472 Α
2287 403 2448 473 igitur
2480 402 2529 454 in
2562 398 2808 470 personis
2831 397 3057 469 singulis
3079 394 3362 464 Trinitati,
3398 395 3664 453 interiore
3687 403 3902 454 mentis

587 525 740 581 sunt,
769 511 1113 568 attestatione
1145 506 1515 562 mandatorum
1542 501 1845 559 cmlestium
1894 502 2184 556 conterun-

591 622 700 667 tur.
753 609 822 664 Et
852 605 1254 664 Testamentum
1306 597 1458 671 197
1489 597 1720 660 dicitur,
1764 595 2020 666 quoniam
2062 609 2188 650 san-

592 705 758 775 guine
786 699 1090 756 dedicatum
1120 705 1204 753 est
1231 712 1244 750 :
1288 706 1443 750 vetus
1473 695 1523 748 in
1555 702 1703 764 typo,
1741 707 1936 746 novum
1968 692 2019 746 in
2047 691 2188 746 veri-

593 791 1218 862 tate.QuoTestamento
1245 787 1441 842 divina:
1460 787 1647 854 gratim
1677 785 1869 855 pignus
1897 793 2144 838 tenemus
2168 798 2183 848 ;

594 888 720 957 quia
746 885 826 942 sic
852 882 1044 940 dilexit
1074 881 1213 938 Deus
1243 880 1388 934 hunc
1415 877 1676 934 mundum
1696 917 1713 942 ,
1764 889 1822 931 ut
1851 877 2186 947 unigenitum

595 979 794 1040 Filium
844 991 1000 1034 suum
1048 989 1145 1045 pro
1183 973 1340 1029 nobis
1373 971 1624 1028 omnibus
1651 970 1824 1026 daret.
1876 969 2030 1026 Unde
2067 984 2190 1041 per-

591 1072 882 1132 lectionem
909 1069 1099 1142 gratim
1127 1065 1430 1136 prauiicans
1457 1064 1750 1136 Apostolus
1777 1063 1891 1117 ait:
1923 1062 2192 1130 Quomodo

593 1182 698 1220 non
745 1163 900 1218 etiam
949 1176 1068 1215 cum
1104 1160 1196 1215 illo
1261 1155 1435 1214 omnia
1500 1157 1646 1212 nobis
1709 1157 1918 1211 donavit
1985 1153 2185 1223 (Rom.

597 1275 694 1318 vin
712 1299 731 1327 ,
772 1259 868 1328 52)
891 1256 914 1308 t

1199 1389 1429 1448 CAPUT
1466 1388 1602 1448 Vill.

601 1507 858 1580 Exemplo
889 1508 1134 1579 sacrificii
1165 1508 1425 1564 Abraham
1455 1509 1725 1580 qualitates
1749 1507 1889 1578 queis
1919 1505 2028 1562 Deo
2051 1516 2202 1581 grata

673 1607 732 1680 ﬁt
753 1605 980 1670 oblatio,
1015 1603 1395 1676 exprimuntur,
1427 1618 1606 1670 nempe
1641 1601 1893 1666 celeritas,
1927 1601 2202 1656 continua-

675 1701 747 1754 tio
776 1709 822 1754 et
854 1694 1005 1768 fides.
1029 1696 1350 1752 Celeritalem
1387 1693 1528 1752 Deus
1552 1695 1606 1750 in
1634 1705 1847 1767 utroque
1874 1692 2201 1754 Testamento

2289 511 2492 550 arcano
2518 536 2532 558 ,
2573 493 2677 548 hoc
2713 503 2828 559 est,
2862 492 3180 563 similaginis
3221 491 3481 560 spiritalis
3522 498 3747 546 sanctus
3795 491 3906 547 Pa-

2290 587 2525 645 triarcha
2565 586 2893 643 sacriﬁcium
2938 585 3241 640 deferebat.
3289 583 3417 639 Haec
3464 591 3548 638 est
3594 583 3858 654 similago
3885 626 3900 651 ,

2290 696 2450 752 quam
2490 685 2543 734 in
2579 681 2873 749 livangelio
2905 677 3072 733 molet
3103 675 3298 731 tnulier
3329 676 3420 731 illa
3445 716 3458 740 ,
3488 691 3612 745 quae
3641 691 3905 731 assume-

2290 783 2378 830 tur
2410 793 2423 827 :
2461 771 2579 828 Una
2605 773 2774 836 enim,
2805 772 3002 842 inquit,
3033 779 3321 824 assumatur
3340 809 3353 834 ,
3385 770 3549 823 altera
3575 768 3908 837 relinquetur

2295 866 2513 938 (Matth.
2541 881 2697 930 XXIV,
2741 867 2855 936 tl).
2886 865 3208 920 Assumetur
3238 863 3481 918 Ecclesia
3501 904 3516 928 ,
3549 862 3908 934 relinquetur

2295 961 2601 1035 Synagoga.
2641 961 2736 1018 Vel
2766 977 2921 1017 mens
2944 963 3080 1016 bona
3109 962 3426 1027 assumitur,
3456 960 3701 1030 improba
3733 961 3902 1015 derc-

2294 1057 2575 1129 linquitur.
2614 1049 2774 1129 1m
2797 1055 2866 1112 Ut
2907 1057 3047 1111 scias
3072 1066 3254 1112 autem
3288 1057 3412 1126 quia
3444 1065 3500 1110 et
3538 1055 3814 1109 Abraham
3849 1055 3904 1108 itt

2296 1152 2566 1207 Christum
2597 1153 2863 1206 credidit:
2897 1151 3182 1214 Abraham,
3217 1151 3422 1219 inquit,
3452 1150 3589 1203 diem
3620 1165 3795 1202 meum
3829 1148 3907 1202 vi-

2299 1246 2404 1312 dit,
2437 1255 2485 1300 et
2515 1247 2718 1317 gavisus
2748 1255 2821 1299 est
2851 1243 3036 1315 (Joan.
3090 1261 3216 1307 vttt,
3247 1244 3362 1316 56).
3408 1243 3476 1299 Et
3517 1244 3607 1315 qui
3641 1243 3820 1299 credit
3850 1244 3905 1298 in

2299 1338 2598 1405 Christum,
2623 1339 2796 1394 credit
2823 1347 2878 1393 et
2904 1339 2956 1393 in
2985 1337 3224 1393 Patrem.
3253 1337 3319 1392 Et
3345 1331 3437 1408 qui
3460 1338 3702 1407 perfecte
3726 1335 3910 1390 credit

2301 1433 2354 1487 in
2399 1433 2612 1488 Patrem
2637 1474 2652 1499 ,
2694 1433 2870 1488 credit
2914 1433 2967 1487 in
3000 1432 3195 1488 Filium
3227 1441 3280 1488 et
3312 1432 3576 1502 Spiritum
3625 1445 3906 1485 sanctum.

2302 1525 2438 1581 Tres
2477 1541 2608 1596 ergo
2636 1539 2905 1581 mensura:
2931 1567 2945 1593 ,
2980 1541 3084 1579 una
3116 1527 3365 1595 simitago
3388 1567 3402 1592 ,
3438 1525 3540 1578 hoc
3586 1536 3701 1586 est,
3735 1538 3908 1578 unum

2303 1630 2422 1674 erat
2447 1618 2773 1672 sacriﬁcium
2797 1615 2940 1688 quod
2974 1617 3266 1672 venerabili
3299 1616 3587 1683 Trinitati,
3620 1616 3735 1686 pari
3760 1631 3905 1686 qua-

2304 1712 2428 1767 dam
2452 1728 2702 1768 mensura
2726 1711 3054 1777 devotionis,
3079 1720 3134 1767 et
3158 1726 3395 1782 congrua
3422 1709 3762 1782 plenitudine
3793 1711 3908 1782 pie-

677 1791 949 1864 praecipit;
977 1806 1130 1862 quam
1155 1799 1201 1843 et
1233 1789 1341 1858 ipse
1363 1787 1585 1851 exhibet,
1607 1805 1722 1843 cum
1745 1803 1848 1842 non
1877 1797 2076 1844 tantum
2101 1787 2203 1842 cito

2310 1806 2432 1862 latis
2459 1805 2699 1861 oblatum
2729 1812 2832 1860 est.

676 1883 950 1957 largiatur,
980 1881 1072 1936 sed
1106 1883 1258 1936 etiam
1288 1897 1380 1936 nos
1409 1881 1710 1954 prxueniat.

674 1999 766 2056 ‘29.
807 1999 986 2055 Prima
1017 1995 1314 2077 igiturvoti
1358 1995 1528 2066 gratia
1569 2005 1654 2051 est
1689 1995 1943 2050 celeritas
1969 1993 2198 2048 solutio-

601 2093 706 2151 nis.
741 2093 978 2163 Denique
1020 2089 1290 2146 Abraham
1331 2088 1497 2144 illium
1524 2104 1682 2145 sunm
1713 2086 1780 2142 ad
1820 2089 2198 2141 holocaustum

594 2189 779 2258 jussus
819 2185 1048 2251 oli‘erre,
1091 2199 1198 2240 non
1239 2193 1360 2254 post
1389 2183 1535 2247 dies,
1567 2191 1628 2238 ut
1668 2181 1802 2237 Cain
1829 2180 2027 2236 obtulit
2057 2199 2071 2234 :
2102 2178 2200 2234 sed

602 2296 881 2351 exsurgens
909 2294 1060 2334 mane
1082 2279 1260 2332 stravit
1287 2277 1488 2332 asinam
1518 2283 1751 2341 suam,et
1776 2273 2009 2329 adhibuit
2030 2289 2201 2328 secum

602 2374 734 2430 duos
765 2389 952 2445 pueros
973 2414 987 2437 ,
1007 2382 1066 2445 ret
1091 2369 1243 2426 Isaac
1265 2370 1428 2440 ﬁlium
1450 2385 1640 2434 suum;
1680 2378 1724 2426 et
1753 2367 2026 2422 concidens
2063 2368 2204 2440 ligna

601 2467 668 2521 ad
692 2444 1070 2529 holocaustum,
1099 2479 1316 2531 surgens
1345 2462 1469 2515 abiit
1487 2501 1502 2527 ,
1531 2473 1578 2516 et
1607 2461 1740 2515 venit
1761 2460 1829 2513 ad
1857 2460 2027 2514 locum
2052 2476 2204 2528 quem

606 2560 810 2615 dixerat
841 2558 886 2614 ei
914 2553 1056 2614 Deus
1077 2597 1090 2618 ,
1113 2556 1196 2609 die
1217 2555 1366 2608 tertia
1395 2551 1549 2623 (Gen.
1585 2569 1690 2612 ut:
1712 2594 1729 2618 ,
1781 2555 1858 2623 ὅ).
1893 2554 2074 2608 Primo
2104 2552 2199 2606 ad-

602 2656 757 2704 verte
785 2647 1113 2702 immolaturi
1147 2644 1387 2700 studiutn
1420 2657 1688 2699 maturum
1717 2656 1876 2712 atque
1912 2644 2201 2710 festiuum;

606 2753 667 2800 ut
690 2757 840 2800 mora
867 2739 1290 2813 exspectationis
1316 2755 1424 2798 non
1451 2748 1629 2805 esset,
1658 2737 1762 2794 nisi
1787 2737 1962 2794 donec
1986 2738 2200 2794 audire-

607 2847 698 2894 tur
725 2837 1004 2894 oraculum
1037 2852 1050 2892 :
1079 2833 1276 2892 deinde
1300 2845 1355 2892 ut
1377 2845 1643 2892 sterneret
1671 2833 1877 2890 asinam
1905 2847 2081 2896 suam,
2107 2831 2200 2886 ob-

603 2930 851 3002 sequium
883 2944 1044 2984 omne
1075 2928 1190 3000 ipse
1218 2926 1542 2998 susciperet,
1571 2937 1629 2984 et
1651 2926 1920 2982 sacriﬁcio
1955 2940 2205 2981 necessa-

605 3028 687 3088 ria
719 3032 1079 3098 praepararet,
1111 3031 1136 3059 ιι
1168 3023 1380 3078 duabus
1407 3035 1623 3093 quoque
1653 3019 1756 3076 ﬁde
1785 3031 1839 3076 et
1869 3035 1966 3091 spe
1989 3019 2206 3076 virtuti-

604 3122 708 3180 bus
753 3119 1176 3183 comitantibus,
1223 3117 1455 3174 hostiam
1503 3131 1658 3174 suam
1698 3115 1962 3182 duceret,
2009 3114 2078 3171 de
2109 3129 2205 3186 po-

609 3225 803 3274 testate
834 3213 926 3270 Dei
959 3222 1162 3277 certus,
1191 3220 1246 3267 et
1273 3211 1339 3266 de
1371 3209 1610 3266 bonitate
1631 3223 1876 3266 securus.

679 3310 770 3371 50.
811 3309 964 3377 Quod
993 3318 1176 3364 autem
1203 3305 1300 3370 ait,
1333 3304 1416 3360 die
1442 3304 1626 3369 tertia;
1661 3303 1746 3358 vel
1776 3301 1919 3372 quod
1947 3301 2206 3357 continua

608 3415 731 3458 esse
774 3401 970 3460 debeat
1019 3407 1076 3455 et
1125 3410 1387 3469 perpetua
1438 3397 1675 3452 devotio.
1726 3394 2083 3464 Tripartitutn
2124 3402 2212 3450 est

607 3494 755 3550 enim
787 3503 1023 3564 tempus,
1057 3491 1417 3560 praeteritum,
1447 3502 1688 3560 praesens
1714 3502 1768 3544 et
1796 3487 2058 3543 futurum.
2091 3488 2211 3555 Quo

612 3585 968 3644 admonemur
1015 3581 1160 3652 quod
1213 3597 1313 3642 nec
1367 3582 1768 3652 praeteritorum
1823 3578 2209 3636 beneficiorum

612 3676 743 3743 Dei,
773 3676 861 3736 vel
893 3677 1235 3745 prasentium
1255 3714 1270 3741 ,
1298 3674 1380 3734 vel
1415 3673 1718 3731 futurorum
1747 3674 1990 3743 irrepere
2017 3671 2217 3728 debeat

612 3771 723 3828 ulla
753 3770 976 3838 oblivio,
1008 3769 1104 3826 sed
1136 3779 1290 3826 tenax
1325 3768 1511 3840 gratim
1539 3768 1802 3825 memoria
1832 3782 2206 3838 perseverare,

611 3873 669 3934 et
691 3864 998 3922 obedientia
1043 3879 1148 3920 non
1193 3861 1403 3921 deesse.
1432 3861 1529 3924 Vel
1554 3861 1677 3931 quia
1707 3861 1754 3916 is
1779 3861 1868 3932 qui
1897 3861 2206 3929 sacriﬁcat,

608 3959 668 4020 in
698 3973 861 4038 unum
900 3956 1283 4038 splendorem,
1327 3957 1382 4012 in
1431 3969 1592 4012 unam
1636 3953 1808 4011 lucem
1850 3954 2045 4010 debeat
2087 3969 2206 4010 cre-

555 4115 564 4122 ,
610 4055 742 4112 dere
770 4043 1068 4129 Trinitatis.
1120 4051 1237 4110 Eib
1272 4053 1416 4114 enim
1471 4049 1564 4124 qui
1615 4051 1851 4108 fideliter
1898 4049 2206 4118 sacriﬁcat,

611 4146 730 4202 dies
749 4141 912 4211 lueet,
941 4161 1044 4202 nox
1077 4146 1223 4201 nulla
1243 4157 1347 4204 est.
1371 4146 1462 4202 Sic
1485 4154 1540 4202 et
1562 4147 1614 4204 in
1642 4144 1831 4202 Exodo
1853 4144 2066 4215 Moyses
2093 4145 2168 4200 ait
2195 4163 2208 4208 ς

619 4227 773 4294 Viam
819 4241 972 4296 trium
999 4241 1198 4294 dierum
1241 4239 1426 4298 ibimus
1447 4281 1462 4304 ,
1505 4249 1554 4294 et
1584 4239 1958 4296 immolabimus
1989 4238 2212 4294 Domino

616 4329 726 4386 Deo
757 4341 934 4387 nostra
964 4330 1159 4404 (Exod.
1194 4346 1283 4395 ιιι,
1315 4330 1431 4401 18).
1462 4329 1567 4386 Sed
1596 4331 1758 4388 etiam
1801 4332 1928 4388 alibi
1965 4347 2086 4386 cum
2119 4334 2203 4385 vi-

615 4439 711 4479 sus
740 4434 885 4480 esset
931 4421 1334 4494 DeusAbrabae
1364 4423 1431 4478 ad
1476 4423 1654 4478 ilicem
1697 4422 1938 4479 Matnbre
1969 4442 1983 4478 ι
2021 4424 2210 4498 Respi.

615 4517 787 4582 ciens,
822 4515 1024 4586 inquit,
1057 4514 1316 4570 Abraham
1346 4515 1510 4574 oculis
1538 4515 1645 4568 suis
1669 4514 1793 4570 vidit
1813 4556 1829 4579 ,
1887 4524 1934 4570 et
1965 4532 2078 4570 eccs
2112 4528 2214 4572 tres

2380 1902 2469 1957 3i.
2521 1900 2713 1956 Adhuc
2758 1913 3028 1970 cognosce
3078 1898 3277 1954 celeris
3327 1897 3505 1954 studia
3549 1895 3906 1953 devotionis:

2307 1993 2545 2050 Cucurrit
2563 2035 2576 2057 ,
2612 1993 2812 2062 inquit,
2840 2002 2888 2048 et
2917 1993 3114 2064 accepit
3142 1992 3353 2046 vitulum
3393 2007 3551 2044 unum
3595 2000 3830 2044 teneram
3859 1999 3906 2044 et

2309 2089 2517 2152 bonum,
2550 2096 2597 2141 et
2618 2085 2757 2139 dedit
2788 2101 2980 2155 puero,
3005 2094 3051 2139 et
3094 2085 3351 2155 festinavit
3383 2086 3552 2156 facere
3576 2101 3695 2138 eam
3743 2081 3900 2156 (Gen.

2309 2200 2480 2250 svnt,
2507 2183 2584 2257 7).
2623 2182 2830 2252 Ubique
2859 2181 3088 2251 impigra
3119 2180 3366 2241 devotio.
3407 2189 3464 2234 et
3492 2178 3616 2234 ideo
3657 2179 3768 2233 Deo
3811 2177 3909 2232 fuit

2309 2291 2506 2334 munus
2530 2276 2647 2347 ejus
2674 2283 2980 2342 acceptum.
3015 2273 3191 2332 Habes
3209 2284 3263 2327 et
3292 2271 3446 2335 alibi,
3479 2277 3540 2325 ut
3569 2270 3701 2325 solis
3722 2276 3904 2323 ortum

2311 2372 2556 2426 oratione
2586 2370 2889 2441 put-venias
2915 2383 2929 2420 :
2963 2367 3212 2431 Occurre,
3243 2365 3448 2436 inquit,
3477 2364 3547 2418 ad
3571 2364 3697 2418 solis
3737 2371 3907 2417 ortum

2308 2466 2466 2539 (Sap.
2501 2481 2628 2523 xu.
2660 2465 2776 2534 $8).
2810 2463 2988 2517 Habes
3013 2463 3066 2516 in
3093 2460 3387 2530 Evangelio
3412 2459 3683 2514 dicentem
3719 2459 3902 2513 Domi-

2314 2575 2443 2616 num
2469 2557 2653 2614 Iesum
2681 2575 2694 2609 :
2719 2556 2983 2625 lacclme,
3011 2554 3258 2626 festinans
3293 2556 3540 2608 descende
3574 2551 3726 2623 (Lac.
3781 2567 3866 2606 six
3887 2592 3901 2617 ,

2309 2651 2386 2722 5).
2423 2650 2490 2706 Et
2517 2650 2608 2704 ille
2630 2652 2755 2720 quia
2786 2652 3168 2721 impetraverat
3197 2646 3340 2717 quod
3375 2645 3624 2710 volebat,
3656 2642 3908 2724 ut_Chri-

2307 2754 2451 2799 stum
2476 2743 2718 2807 videret;
2742 2754 2796 2797 et
2826 2743 3055 2812 ampllus
3083 2743 3467 2810 impetraverat
3497 2780 3512 2805 ,
3546 2748 3602 2792 ut
3634 2737 3911 2792 videretur

2307 2846 2367 2894 et
2394 2851 2684 2894 vocaretur
2706 2857 2733 2891 a
2759 2837 2998 2906 Christo,
3029 2837 3292 2892 festinans
3327 2835 3640 2902 descendit,
3671 2845 3727 2890 et
3750 2849 3907 2891 exce-

2310 2933 2391 3003 pit
2435 2933 2585 2987 illum
2630 2932 2905 3003 gaudens;
2939 2941 2996 2987 et
3035 2931 3157 2986 ideo
3197 2930 3449 3001 probavit
3497 2929 3759 2984 Dominus
3788 2931 3903 2998 ejus

2309 3025 2602 3092 allectum,
2633 3035 2688 3081 et
2727 3041 2849 3080 eum
2880 3025 3049 3081 celeri
3090 3026 3529 3080 remuneratione
3559 3023 3782 3078 donavit
3829 3023 3911 3077 di-

2309 3134 2471 3176 cens:
2493 3120 2632 3188 Quia
2652 3120 2804 3175 hodie
2821 3121 2965 3174 salus
2988 3120 3162 3174 domui
3189 3120 3309 3173 huic
3334 3125 3475 3191 facta
3503 3126 3578 3173 est
3609 3117 3798 3190 (lbid.,
3829 3119 3905 3188 9).

2231 3219 2276 3284 C
2311 3212 2610 3269 Festinavit
2639 3218 2782 3269 enim
2821 3223 2878 3270 et
2909 3213 3166 3269 Dominus
3196 3213 3265 3268 ad
3297 3213 3618 3268 beneﬁcium
3646 3228 3661 3278 ;
3710 3222 3764 3265 et
3792 3211 3909 3266 ideo

2312 3323 2422 3364 non
2442 3310 2801 3379 exspectavit,
2827 3321 2884 3365 ut
2917 3309 3290 3380 promitteret,
3320 3316 3375 3363 et
3400 3317 3584 3378 postea
3613 3306 3862 3377 impleret
3892 3320 3906 3368 ;

2313 3404 2407 3459 sed
2454 3415 2614 3459 antea
2649 3404 2902 3473 fecit,et
2950 3413 3134 3476 postea
3167 3405 3484 3460 declaravit.
3537 3401 3682 3457 Dixit
3729 3404 3907 3456 enim:

2314 3496 2487 3552 Facta
2505 3507 2583 3554 cst
2603 3500 2743 3556 salus
2769 3517 2781 3553 :
2807 3499 2952 3570 quod
2979 3494 3002 3538 δ
3037 3499 3224 3569 utique
3251 3497 3632 3568 prmvenientis
3659 3496 3775 3558 fuit,
3804 3508 3910 3550 non

2316 3593 2704 3662 promittentis.
2756 3591 2940 3648 Justus
2974 3579 3156 3664 "igitur
3194 3603 3376 3647 votum
3426 3605 3585 3647 suum
3638 3589 3912 3644 celeritate

2315 3687 2684 3742 commendat.
2734 3687 2801 3742 Et
2833 3695 3017 3759 patres
3051 3688 3221 3742 nostri
3266 3686 3589 3742 festinantes
3630 3685 3909 3740 manduca-

2312 3776 2443 3832 bant
2473 3781 2696 3849 pascha,
2729 3781 2991 3834 succincti
3023 3779 3258 3844 lumbos,
3283 3789 3336 3834 et
3364 3779 3528 3849 pedes
3552 3793 3680 3833 suos
3707 3777 3914 3831 calcea-

2311 3880 2622 3925 mentorum
2653 3869 2677 3907 ἀ
2713 3871 2886 3926 induti
2917 3872 3169 3935 vinculis,
3202 3883 3256 3925 et
3290 3883 3564 3941 tamquam
3591 3882 3910 3940 corporeum

2313 3978 2450 4020 onus
2505 3964 2874 4032 deponentes,
2905 3975 2963 4020 ut
3011 3975 3195 4022 essent
3251 3964 3420 4036 parati
3477 3964 3544 4018 ad
3594 3966 3910 4025 transitum;

2312 4055 2513 4127 pascha
2547 4056 2690 4110 enim
2725 4057 2938 4112 Domini
2973 4058 3234 4112 transitus
3264 4064 3348 4110 est
3393 4071 3424 4110 a
3463 4054 3811 4127 passionibus
3847 4051 3912 4108 ad

2316 4147 2575 4204 exercitia
2629 4149 2861 4204 virtutis.
2898 4149 2967 4204 Et
3005 4149 3126 4204 ideo
3181 4147 3383 4220 pascha
3426 4147 3638 4203 Domini
3686 4147 3911 4211 dicitur;

2317 4239 2572 4310 quoniam
2603 4251 2656 4296 et
2684 4250 2810 4297 tunc
2841 4242 2893 4296 in
2942 4254 3070 4314 typo
3105 4241 3199 4296 illo
3229 4240 3355 4311 agni
3386 4240 3590 4296 veritas
3623 4239 3913 4296 Dominica:

2319 4333 2587 4401 passionis
2640 4333 3098 4400 annuntiabatur,
3156 4341 3212 4390 et
3256 4348 3398 4388 nunc
3442 4333 3561 4404 ejus
3610 4331 3915 4389 celebratur

2316 4426 2516 4494 gratia.

2391 4518 2478 4574 59.
2523 4518 2644 4576 Cito
2694 4536 2825 4593 ergo
2870 4521 2974 4578 hoc
3005 4538 3186 4594 quaere
3235 4522 3454 4588 anima;
3505 4530 3563 4577 ut
3611 4523 3722 4577 cito
3750 4521 3912 4577 etiam

616 4608 710 4661 viri
735 4606 936 4662 stabant
967 4622 1123 4674 super
1143 4621 1274 4662 cum.
1315 4605 1380 4662 Et
1413 4604 1588 4660 videns
1613 4606 1833 4662 occurrit
1864 4607 2060 4663 obviam
2107 4607 2212 4663 illis
2240 4646 2294 4707 Β
2318 4611 2507 4668 audias
2531 4655 2544 4680 ,
2594 4615 2732 4670 sicut
2761 4616 2970 4670 audivit
3019 4625 3076 4671 et
3117 4615 3288 4671 Jacob
3323 4633 3337 4670 :
3371 4616 3508 4682 Quid
3554 4625 3627 4669 cst
3657 4612 3756 4668 hoc
3781 4611 3917 4683 quod

617 4699 686 4754 ad
715 4700 902 4753 ostium
924 4696 1238 4752 tabernaculi
1265 4697 1344 4751 sui
1363 4739 1380 4765 ,
1411 4707 1460 4753 et
1485 4699 1716 4754 adoravit
1744 4716 1900 4770 super
1921 4711 2130 4766 terram,
2167 4714 2214 4758 et

620 4792 791 4846 dixit:
819 4789 1055 4853 Domine,
1087 4791 1128 4846 si
1156 4790 1321 4845 inveni
1349 4791 1570 4862 gratiam
1592 4801 1709 4846 ante
1735 4802 1782 4846 te
1809 4791 1963 4865 (Gen.
1991 4811 2119 4850 mu
2142 4836 2154 4860 ,
2183 4799 2218 4852 2

623 4894 673 4940 et
700 4886 780 4948 5).
812 4883 946 4939 Tres
976 4883 1156 4947 videt,
1189 4899 1352 4937 unuin
1393 4884 1603 4939 adorat.
1656 4885 1794 4943 Tres
1822 4904 2105 4944 mensuras
2133 4889 2214 4944 ol-

617 4979 726 5036 fert
751 4978 1071 5048 sitnilaginis
1102 4976 1293 5049 (lbid.,
1320 4975 1399 5048 6).
1430 4979 1560 5034 Nam
1589 4981 1690 5036 etsi
1725 4983 2020 5040 immensus
2045 4984 2208 5051 Deus,

618 5081 799 5130 tamen
830 5086 1137 5127 mensuram
1161 5071 1400 5126 omnium
1427 5083 1592 5140 tenet,
1624 5075 1766 5130 sicut
1793 5078 2053 5145 scriptum
2081 5089 2165 5134 est
2195 5095 2208 5132 :

621 5164 749 5232 Quis
771 5180 974 5218 mensus
1001 5171 1072 5218 est
1102 5179 1257 5216 manu
1280 5179 1489 5231 aquam,
1513 5174 1561 5218 et
1590 5166 1774 5222 uelum
1802 5167 1996 5236 pulmo,
2021 5181 2067 5224 et
2097 5174 2216 5227 uni.

616 5271 814 5312 versam
842 5265 1031 5312 terram
1058 5255 1236 5312 clausa
1267 5271 1419 5312 manu
1447 5253 1614 5327 (Esai.
1650 5273 1738 5325 XL,
1793 5258 1884 5330 ii)
1907 5260 1929 5312 Ἰ
1952 5259 2214 5319 Perfecta:

693 5379 838 5454 “‘Sic
876 5377 1007 5432 edit.
1045 5377 1419 5454 onines._lllss.
1447 5388 1633 5432 contra
1667 5395 1861 5454 magno
1902 5397 2171 5439 consensu
2197 5427 2212 5454 ,

625 5449 823 5521 duabus
848 5466 1046 5521 quoque
1071 5448 1205 5521 ﬁdei
1226 5449 1516 5514 virtutibus,
1545 5459 1651 5504 etc.
1678 5448 1794 5505 Non
1826 5457 1996 5520 male;
2024 5460 2067 5509 si
2099 5448 2218 5510 mn;

626 5520 694 5596 do
718 5519 1104 5596 tluas'virtutes
1141 5519 1265 5578 fidei
1291 5521 1518 5576 comites
1554 5521 1823 5594 intelligas
1847 5567 1863 5592 ,
1891 5543 2038 5596 spent
2067 5530 2216 5585 vide-

628 5587 774 5656 licet,
801 5602 856 5645 et
876 5594 1220 5647 citarilatetn.

673 5660 726 5740 ,ι’
760 5663 923 5741 abest
944 5678 974 5715 a
997 5678 1099 5718 nis.
1129 5661 1299 5741 Flor"
1329 5661 1394 5717 Ei
1419 5665 1552 5719 enim
1574 5665 1661 5737 qui
1689 5667 1910 5737 fideliter
1930 5671 2209 5741 sacriﬁcat,

631 5731 738 5786 dies
761 5731 914 5797 lucet,
939 5750 1042 5790 nox
1063 5735 1208 5790 nulla
1233 5747 1327 5794 est.

703 5813 725 5840 ε
761 5800 884 5856 Vet.
914 5805 1044 5859 edit.
1075 5816 1129 5866 et
1153 5808 1400 5878 qutedam
1427 5807 1625 5881 Paris.,
1656 5811 1796 5882 quod
1821 5812 1994 5885 utique
2019 5830 2210 5885 prtere-

2325 4716 2429 4760 tam
2459 4708 2564 4761 cito
2590 4709 2847 4777 invenisti,
2883 4708 2961 4775 ﬁli
2999 4707 3152 4780 (Gen.
3189 4725 3367 4775 xxvn,
3402 4709 3540 4780 20)?
3589 4707 3658 4764 Et
3703 4707 3797 4762 ille
3836 4721 3918 4761 se-

2323 4800 2560 4855 cundum
2599 4802 2798 4876 dogma
2854 4805 3136 4877 resyiondit
3167 4823 3183 4862 :
3218 4807 3368 4876 Quod
3410 4805 3621 4859 tradidit
3668 4803 3917 4857 Dominus

2319 4891 2462 4948 Deus
2492 4905 2609 4950 tuus
2639 4901 2690 4950 in
2729 4915 2916 4953 manus
2947 4917 3104 4954 meas.
3139 4901 3261 4955 Cito
3284 4900 3376 4954 dat
3405 4899 3583 4963 Deus;
3609 4899 3731 4968 quia
3760 4895 3913 4959 dixit,

2321 4995 2376 5040 et
2426 4988 2564 5040 facta
2608 5000 2778 5044 sunt:
2829 4993 3122 5057 mandavit,
3158 5004 3213 5048 et
3249 5003 3430 5048 creata
3486 5001 3632 5046 sunt.
3686 4989 3918 5045 Verbum

2322 5083 2468 5136 enim
2507 5083 2598 5136 Dei
2631 5095 2652 5120 ο
2687 5100 2794 5141 non
2827 5085 2968 5142 sicut
2993 5089 3208 5157 Quidam
3239 5088 3333 5151 ait,
3367 5102 3505 5157 opus
3533 5094 3636 5152 est,
3667 5084 3761 5140 sed
3795 5096 3918 5154 ope-

2322 5192 2472 5243 rans,
2499 5179 2641 5232 sicut
2673 5181 2838 5234 habes
2863 5183 3123 5250 scriptum
3152 5200 3164 5236 :
3197 5180 3358 5235 Pater
3396 5195 3536 5233 meus
3575 5194 3732 5248 usque
3771 5175 3916 5231 modo

2323 5281 2567 5340 operatur
2590 5316 2604 5339 ,
2633 5282 2680 5327 et
2701 5289 2792 5346 ego
2819 5286 3003 5344 operOr
3025 5274 3207 5346 (Joan.
3263 5291 3295 5329 v
3321 5317 3334 5341 ,
3368 5273 3478 5346 l7).
3511 5273 3779 5330 Prmvenil
3808 5286 3919 5327 om-

2324 5395 2488 5472 nictth
2516 5399 2668 5452 servit
2686 5443 2700 5463 ,
2729 5417 2830 5454 non
2856 5402 3188 5472 promittenti.

2395 5465 2421 5504 ἀ
2453 5467 2612 5522 Rom.
2643 5472 2768 5525 edit.
2815 5465 2930 5525 sola
2951 5515 2967 5536 ,
2999 5473 3247 5527 succincti
3273 5473 3470 5528 lumbos
3512 5484 3774 5542 tamquam
3809 5489 3918 5525 cor-

2323 5555 2532 5620 poreum
2555 5545 3039 5620 onusdeponentes,
3067 5555 3112 5599 et
3135 5548 3285 5614 pedes
3306 5563 3429 5620 suos
3449 5546 3915 5600 calceamentorum

2322 5612 2492 5665 induti
2520 5614 2758 5674 vinculis.
2782 5627 2828 5670 et
2859 5616 3066 5670 buculos
3091 5612 3144 5670 in
3163 5617 3399 5670 manibus
3425 5627 3674 5682 tenentes,
3708 5627 3789 5684 ut,
3811 5628 3916 5672 etc.

2353 5754 2364 5765 .
2397 5692 2419 5719 ε’
2455 5685 2527 5738 lia
2561 5702 2750 5765 omnes
2780 5703 2910 5742 mss.
2941 5700 2995 5744 et
3020 5698 3141 5765 vet._
3162 5689 3324 5755 edit.;
3365 5688 3522 5744 Rom.
3553 5695 3777 5758 autem,
3818 5704 3919 5744 non

2320 5757 2451 5808 sicut
2472 5757 2730 5826 quoddam
2752 5775 2882 5829 opus
2909 5766 2983 5814 est
3004 5799 3021 5830 ,
3050 5759 3141 5815 sed
3168 5771 3244 5816 est
3275 5777 3518 5831 aperans.
