4150 6358
314 325 427 385 555

1509 333 1599 395 DE
1633 331 1796 397 CAIN
1833 333 1925 396 ET
1964 332 2146 396 ABEL
2183 327 2313 396 LIB.
2355 338 2398 394 i.

3521 337 3632 399 εει

316 445 442 511 nia;
475 452 564 503 est
593 446 742 503 enim
772 453 898 504 ante
927 447 1110 504 omnia
1132 449 1472 517 sicutPater,
1507 462 1561 510 et
1588 455 1642 510 in
1673 456 1923 512 omnibus
1952 454 2006 516 Α
2033 453 2211 523 ﬁcium
2239 453 2372 522 Deo,
2405 453 2623 523 spiritus
2651 451 3022 507 contribulatus
3051 448 3173 526 (Ps.
3206 465 3260 520 ι,
3293 451 3406 527 19).
3435 451 3506 510 Et
3533 453 3636 509 ite-

316 537 466 595 sicut
500 539 648 599 idem
675 543 866 608 Pater,
901 553 1185 608 penetrans
1213 545 1666 603 omnia.Validum
1696 548 1839 605 enim
1870 561 1924 606 et

316 645 569 702 acutum,
599 647 656 692 et
687 639 831 693 omni
855 637 1034 709 gladio
1061 637 1270 694 acutius
1294 648 1406 703 est,
1441 650 1732 710 penetrans~
1755 657 1926 713 usque

317 726 388 783 ad
415 729 748 786 divisionem
781 732 975 786 anima:
1016 741 1070 787 et
1099 733 1344 800 spiritus,
1370 742 1695 804 artuumque
1731 745 1783 789 et
1814 749 1927 789 me-

317 817 621 877 dullarum.
648 822 995 879 Prmvenieus
1020 825 1263 880 omnium
1292 826 1673 896 cOgitationes,
1711 825 1778 882 de
1818 842 1926 897 quo

317 915 396 968 ait
429 914 599 972 Pater
627 916 766 972 Deus
798 934 811 970 :
845 918 967 972 .lum
996 918 1188 974 uidebis
1217 923 1260 973 si
1289 920 1672 984 comprehendit
1702 930 1748 975 te
1795 918 1925 975 Ver-

318 1007 440 1062 bum
475 1027 678 1079 meum,
705 1021 797 1066 aut
823 1027 924 1067 non
949 1011 1140 1082 (Num.
1197 1028 1272 1074 χι,
1300 1012 1419 1087 23).
1451 1014 1551 1072 Ubi
1584 1016 1730 1071 enim
1761 1016 1922 1084 Deus,

317 1111 373 1158 et
426 1101 670 1159 Verbum
702 1111 803 1169 est,
851 1107 990 1160 sicut
1028 1105 1202 1162 dixit:
1240 1103 1510 1164 Veniemus
1535 1123 1582 1163 et
1611 1111 1926 1164 mansionem

314 1195 464 1264 apud
491 1213 612 1250 eum
638 1198 884 1266 faciemus
910 1195 1091 1272 (Joan.
1139 1200 1382 1274 x1v,‘i5).
1421 1203 1483 1256 Et
1509 1201 1650 1258 sicut
1675 1202 1842 1258 babes
1873 1202 1924 1257 in

314 1287 442 1341 aliis
494 1288 567 1344 de
618 1289 734 1346 Deo
784 1291 984 1347 lectum
1029 1291 1190 1365 :Ego
1236 1293 1353 1348 steti
1400 1294 1484 1348 hic
1534 1297 1829 1367 priusquam
1873 1305 1928 1350 tu

321 1378 558 1454 (Exest,
595 1398 737 1449 xvu,
770 1383 827 1457 ϐ)
874 1401 887 1438 :
923 1388 998 1440 ita
1032 1392 1088 1441 et
1129 1386 1364 1442 Verbum
1388 1388 1515 1442 dicit
1558 1405 1571 1442 :
1616 1387 1930 1457 Priusquam

315 1484 486 1532 stares
532 1477 628 1532 sub
669 1479 853 1533 arbore
882 1480 969 1550 ﬁci
994 1522 1008 1548 ,
1041 1481 1145 1535 vidi
1176 1492 1224 1537 te
1268 1480 1446 1551 (Joan.
1496 1497 1546 1550 ι,
1591 1482 1705 1555 48).
1755 1483 1822 1538 Et
1861 1482 1929 1538 de

315 1567 441 1639 ipso
481 1569 686 1624 dictum
731 1579 816 1627 est
845 1570 1025 1627 Verbo
1046 1614 1061 1642 ,
1095 1573 1198 1630 hoc
1225 1583 1339 1636 est.
1370 1575 1511 1631 Filio
1543 1573 1633 1630 Dei
1665 1593 1678 1629 :
1714 1575 1922 1631 Medius

319 1670 495 1716 autem
524 1673 746 1718 uestrum
772 1675 873 1720 stat
898 1681 1045 1734 quem
1077 1685 1166 1723 vos
1195 1670 1399 1724 nescitis
1423 1667 1473 1741 (1
1483 1669 1614 1737 bid.,
1648 1669 1766 1730 26).
1793 1669 1926 1726 Ubi-

318 1765 564 1826 cumque
592 1755 736 1813 enim
765 1760 960 1827 sancti,
994 1768 1018 1797 λ
1041 1760 1114 1816 ibi
1139 1763 1192 1816 in
1221 1776 1409 1818 eorum
1437 1763 1613 1819 medio
1645 1762 1735 1818 Dei
1763 1763 1924 1837 199

2034 562 2151 601 rum
2182 564 2194 601 :
2222 546 2322 602 Cor
2364 550 2646 602 contritum
2677 556 2723 601 et
2751 546 3078 600 humiliatum
3123 544 3267 601 Deus
3307 561 3410 601 non
3435 547 3634 617 spernit

2037 637 2250 711 (Ibid).
2275 639 2305 678 δ
2332 641 2632 696 Hieremias
2668 656 2883 711 quoque
2909 640 2985 694 ait
3011 657 3024 694 :
3049 640 3238 694 Anima
3259 643 3312 694 in
3339 641 3590 714 angustiis
3611 683 3626 708 ,

2033 740 2080 786 et
2105 731 2319 802 spiritus
2340 734 2584 787 anxiatus
2611 733 2799 786 clamat
2827 734 2896 786 ad
2918 743 2966 786 te
2986 732 3237 804 (Baruch.
3287 749 3366 799 ιιι,
3392 731 3464 804 1).
3491 733 3632 803 Ergo

2033 832 2087 878 et
2112 823 2326 878 Pharao
2355 823 2552 895 (Exod.
2597 839 2650 890 ν,
2708 823 2791 895 2),
2820 833 2843 863 ε
2873 833 2930 881 ει
2956 840 3050 879 rex
3082 827 3336 897 Assyrius
3365 825 3455 894 qui
3485 817 3631 880 dice-

2033 915 2126 971 bat
2165 915 2335 981 :Quis
2378 917 2587 969 deorum
2629 917 2858 988 gentium
2901 920 3116 972 istarum
3163 918 3392 972 liberabit
3440 928 3632 972 terram

2031 1027 2178 1066 suam
2207 1011 2272 1064 de
2297 1024 2454 1062 manu
2491 1023 2640 1074 mea;
2679 1010 2920 1078 quoniam
2947 1009 3182 1065 liberabit
3209 1010 3462 1065 Dominus
3492 1008 3634 1066 Deus

2033 1110 2150 1156 tuus
2187 1101 2510 1157 Hierusalem
2541 1101 2607 1155 de
2636 1117 2794 1155 manu
2839 1117 2949 1156 mea
2980 1102 3072 1174 (iV
3116 1104 3248 1174 Reg.
3299 1117 3433 1160 mu
3455 1145 3470 1172 ,
3504 1101 3632 1177 35)?

2032 1195 2363 1250 exultatione
2393 1208 2486 1246 sua
2518 1192 2712 1263 dt-jecti
2743 1202 2888 1248 sunt.
2922 1194 3106 1248 Justus
3137 1205 3315 1250 autem
3335 1238 3347 1258 ,
3373 1197 3515 1252 sicut
3542 1196 3634 1252 Ja-

2033 1287 2178 1353 cob,
2225 1285 2291 1340 ad
2332 1297 2610 1340 auctorem
2651 1286 2819 1340 Deum
2871 1284 3037 1340 refert
3068 1300 3427 1357 quaecumque
3471 1289 3635 1344 fuerit

2033 1379 2178 1434 bona
2223 1381 2586 1441 consecutus,
2633 1377 2821 1432 dieens
2864 1376 2932 1432 de
2978 1379 3232 1434 omnibus
3273 1395 3632 1451 quaecumque

2035 1472 2137 1528 sibi
2163 1485 2487 1543 prosperare
2520 1471 2838 1543 cognoverit
2868 1487 2880 1525 :
2907 1470 3163 1537 Quoniam
3191 1472 3404 1527 tradidit
3429 1489 3489 1526 ea
3521 1472 3631 1529 Do-

2033 1566 2208 1620 minus
2241 1565 2376 1621 Deus
2419 1566 2474 1620 in
2517 1582 2698 1621 manus
2740 1581 2877 1619 meas
2928 1563 3084 1638 (Gen.
3131 1581 3309 1632 xxvn,
3354 1567 3467 1638 20).
3507 1568 3631 1624 Ilaec

2034 1660 2202 1731 igitur
2233 1662 2425 1717 melior
2455 1671 2708 1716 votorum
2750 1674 2976 1715 suorum
3017 1661 3216 1716 solutio
3247 1670 3362 1729 est,
3411 1662 3548 1717 sicut
3579 1672 3635 1718 et

2035 1754 2205 1810 David
2236 1756 2311 1810 ait
2351 1771 2366 1809 :
2403 1753 2626 1809 lmmola
2660 1752 2771 1809 Deo
2798 1755 3111 1825 sacriﬁcia»:
3160 1755 3330 1809 laudis
3351 1796 3366 1822 ,
3401 1765 3450 1809 et
3477 1755 3635 1810 redde

318 1845 570 1904 Verbum
599 1850 652 1905 in
686 1851 1024 1924 singulorum
1074 1855 1383 1926 praecordiis
1426 1856 1704 1928 complens
1755 1863 1917 1914 maria

2035 1847 2302 1902 Altissimo
2346 1855 2463 1902 vota
2504 1857 2591 1902 tua
2621 1846 2739 1920 (Ps.
2774 1861 2895 1902 xm
2920 1887 2936 1913 ,
2977 1846 3086 1918 14).
3123 1846 3370 1904 Laudare
3419 1847 3586 1903 Deum
3615 1890 3630 1912 ,

314 1946 372 1995 et
400 1948 600 1997 terras.
639 1943 848 2000 Etcum
884 1945 974 2002 hic
1004 1957 1082 2002 est
1110 1988 1125 2015 ,
1152 1947 1316 2004 etiam
1347 1950 1472 2006 alibi
1513 1958 1625 2012 est;
1673 1966 1778 2006 non
1811 1968 1928 2006 mu-

311 2039 437 2090 tato
461 2035 584 2092 loco
604 2080 618 2103 ,
661 2037 756 2094 sed
783 2040 991 2110 repleto
1020 2042 1208 2112 utique
1235 2043 1318 2097 sui
1366 2043 1678 2114 praesentia.
1715 2044 1926 2117 Ubique

312 2128 464 2182 enim
488 2138 603 2198 est,
637 2132 724 2202 qni
752 2147 846 2202 per
877 2133 1078 2201 omnia,
1110 2143 1165 2191 et
1194 2135 1244 2190 in
1278 2136 1532 2193 omnibus
1552 2180 1566 2204 ,
1596 2137 1805 2192 nullum
1839 2137 1925 2192 lo-

315 2235 444 2278 cum
477 2223 769 2280 immunem
803 2227 882 2281 sui
923 2228 1258 2299 relinquens.
1312 2229 1379 2284 Et
1411 2230 1501 2285 tibi
1532 2229 1724 2297 adest,
1755 2223 1870 2286 erat
1906 2248 1919 2283 :

323 2325 378 2370 et
413 2316 507 2371 ubi
539 2325 688 2386 erat,
720 2319 894 2374 adest.
926 2321 990 2375 Et
1020 2321 1143 2376 ideo
1174 2322 1265 2394 qui
1298 2323 1447 2378 novit
1473 2325 1629 2380 velox
1649 2339 1770 2381 esse
1791 2309 1926 2382 Ver-

320 2408 452 2466 bum
483 2410 614 2482 Dei,
646 2412 755 2468 cito
784 2415 938 2484 petit,
969 2423 1024 2470 et
1053 2415 1160 2471 cito
1187 2418 1458 2488 impetrat.

944 2550 1173 2611 CAPUT
1211 2553 1306 2610 1x.
1387 2619 1408 2634 ο

312 2659 537 2719 Pharao
582 2675 795 2735 propter
838 2683 1039 2722 moram
1077 2670 1131 2722 in
1161 2669 1442 2724 obediendo
1472 2672 1728 2742 arguitur.
1765 2668 1922 2726 Com-

388 2759 666 2813 mendatur
709 2761 764 2814 in
805 2761 1040 2816 oratione
1079 2763 1347 2818 humilitas
1372 2805 1387 2828 ,
1420 2774 1670 2819 secretum
1713 2781 1775 2817 ac
1813 2763 1925 2817 bre-

388 2852 556 2919 vitas,
608 2869 726 2908 cum
780 2857 1176 2925 reprehensione
1242 2858 1580 2912 verbositatis.
1653 2857 1926 2925 Quomodo

388 2946 577 3000 orandi
606 2949 827 3018 formam
864 2945 1119 3002 Dominus
1150 2949 1426 3015 docuerit;
1472 2966 1532 3004 ac
1576 2950 1786 3004 tandem
1829 2965 1922 3018 pro

387 3037 580 3109 quibus
608 3041 870 3112 praecipue
895 3041 1150 3094 orandum
1167 3041 1193 3094 7

386 3150 483 3207 55.
526 3153 594 3206 ΑΙ.
624 3167 754 3207 vero
776 3152 985 3207 Pharao
1006 3154 1094 3223 qui
1117 3153 1464 3225 Opinionibus
1485 3161 1537 3208 et
1561 3153 1714 3208 vanis
1755 3153 1928 3208 inani-

2035 1941 2420 1998 commendare
2448 1951 2528 1998 est
2558 1947 2769 2004 votum,
2801 1950 2854 1996 et
2892 1942 3125 1996 solvere.
3171 1940 3329 1997 Unde
3357 1951 3414 1997 et
3439 1940 3635 1996 Sama-

2034 2035 2244 2090 ritanus
2282 2033 2375 2089 ille
2422 2034 2544 2088 aliis
2583 2033 2918 2097 antefertur,
2960 2032 3050 2102 qui
3082 2046 3208 2087 cum
3242 2032 3470 2103 leprosis
3512 2033 3633 2088 aliis

2033 2143 2230 2183 novem
2263 2127 2558 2183 secundum
2601 2140 2929 2197 praeceptum
2985 2127 3235 2194 Domini,
3283 2126 3574 2182 mundatus
3603 2143 3634 2183 a

2035 2221 2224 2289 lepra,
2279 2221 2430 2276 solus
2483 2234 2769 2291 regressus
2814 2219 2882 2274 ad
2934 2219 3213 2275 Christum
3269 2221 3636 2291 ampliﬁcabat

2033 2311 2227 2376 Deum.
2258 2322 2313 2368 et
2338 2314 2531 2385 agebat
2554 2312 2778 2383 gratias.
2809 2311 2886 2367 De
2915 2327 3024 2384 quo
3054 2312 3214 2368 Jesns
3237 2314 3312 2368 ait
3339 2331 3352 2367 :
3386 2312 3512 2368 Non
3537 2316 3635 2385 fuit

2034 2421 2098 2460 ea:
2125 2404 2229 2460 illis
2249 2406 2335 2474 qui
2357 2404 2577 2471 rediret,
2610 2413 2656 2457 et
2682 2404 2876 2473 gratias
2909 2414 3082 2477 ageret
3113 2403 3244 2470 Deo,
3271 2407 3371 2460 nisi
3398 2405 3482 2459 hic
3506 2407 3633 2461 alie-

2033 2500 2338 2570 nigena.....
2363 2497 2434 2553 Et
2457 2501 2527 2553 ait
2552 2497 2716 2571 200
2738 2498 2819 2551 illi
2841 2513 2860 2552 :
2888 2497 3076 2568 Surge,
3102 2509 3149 2553 et
3173 2499 3300 2554 uade
3315 2515 3335 2564 ;
3364 2501 3486 2570 quia
3505 2499 3636 2570 ﬁdes

2031 2600 2123 2645 tua
2151 2600 2200 2646 te
2223 2592 2420 2646 saluum
2453 2592 2573 2663 fecit
2603 2589 2755 2662 (Luc.
2788 2606 2896 2646 svu
2917 2632 2931 2656 ,
2963 2589 3076 2660 18).

2104 2683 2196 2738 55.
2239 2682 2330 2738 Est
2357 2685 2522 2739 etiam
2546 2682 2640 2738 illa
2661 2683 3108 2740 commendanda:
3136 2684 3403 2740 orationis
3431 2693 3485 2740 et
3518 2685 3632 2741 voti

2033 2774 2354 2844 disciplina;
2383 2785 2441 2829 ut
2469 2790 2574 2830 non
2614 2775 2954 2845 divulgemus
2994 2777 3300 2832 orationem
3325 2819 3339 2844 ,
3375 2776 3474 2833 sed
3505 2776 3632 2832 abs-

2033 2871 2252 2927 condita
2312 2882 2590 2926 teneamus
2621 2870 2901 2942 mysieria,
2932 2872 3069 2927 sicut
3094 2872 3266 2927 tenuit
3307 2871 3581 2926 Abraham
3609 2912 3625 2938 ,

2035 2963 2128 3034 qui
2150 2962 2542 3018 subcinericias
2574 2961 2698 3018 fecit
2725 2960 2880 3034 (Gen.
2923 2978 3086 3029 xviii,
3121 2964 3199 3032 6).
3235 2963 3551 3020 Tenuerunt
3578 2971 3635 3019 et

2032 3067 2216 3128 patres
2265 3055 2355 3126 qui
2386 3070 2588 3110 coxere
2627 3069 2982 3125 conspersum
3020 3055 3164 3126 quod
3195 3057 3507 3112 extulerant
3559 3057 3630 3116 de

2035 3149 2302 3222 Egypto,
2350 3148 2711 3205 subcinericia
2744 3148 3000 3202 iacientes
3040 3163 3228 3220 azyma
3250 3190 3266 3215 ,
3295 3165 3416 3220 quae
3441 3149 3633 3208 Graece

311 3245 424 3301 bus”
440 3245 677 3300 studium
697 3246 1043 3316 impendebat
1066 3263 1219 3302 suum
1239 3247 1408 3316 (ranis
1428 3245 1628 3315 repleta
1653 3244 1916 3316 Egy’pto,
1949 3250 1997 3314 C
2030 3243 2278 3319 ἕγκρύφια
2303 3239 2580 3305 dicuntur,
2605 3255 2671 3294 eo
2697 3240 2840 3309 quod
2883 3239 3284 3294 tib-condantur
3312 3241 3366 3295 in
3402 3242 3588 3298 cinere
3611 3258 3626 3307 ;

311 3355 509 3394 sonum
553 3341 767 3394 inanem
803 3355 983 3395 rerum
1012 3349 1066 3394 et
1107 3340 1392 3410 strepitum
1440 3355 1636 3393 vanum
1685 3339 1922 3394 redden-

309 3431 498 3504 tibus)
525 3431 728 3488 dicenti
758 3432 930 3505 Moysi
979 3449 992 3485 :
1023 3431 1289 3488 Constitue
1336 3432 1464 3486 mihi
1503 3431 1709 3503 quando
1752 3447 1846 3502 pro
1875 3439 1923 3484 te

310 3541 477 3590 orem,
511 3533 558 3579 ct
583 3540 676 3593 pro
698 3526 911 3596 famulis
943 3527 1065 3592 tuis,
1098 3538 1144 3581 et
1168 3543 1262 3598 pro
1289 3525 1482 3597 populo
1511 3534 1622 3589 tuo,
1654 3534 1712 3578 ut
1738 3536 1916 3579 exter-

308 3604 469 3670 minet
496 3615 753 3672 Dominus
783 3632 937 3672 ranas
965 3617 1176 3692 (Exod.
1235 3634 1323 3674 vui
1344 3660 1356 3682 ,
1389 3618 1477 3690 9);
1511 3632 1635 3673 cum
1669 3618 1922 3673 debuerit

308 3710 366 3764 in
409 3716 559 3765 tanta
605 3710 812 3780 positus
843 3715 1169 3768 net-essitate
1217 3728 1449 3783 rogare,
1483 3723 1538 3766 ut
1581 3712 1693 3783 jam
1736 3721 1919 3767 oraret

307 3815 413 3858 nec
456 3800 740 3869 differret,
792 3805 1120 3876 respondit:
1153 3804 1394 3860 Crastina
1433 3806 1550 3870 die;
1601 3805 1814 3858 otiosus
1863 3812 1920 3860 et

304 3895 596 3965 negligens
618 3936 631 3960 ,
663 3910 831 3951 morte
863 3911 1075 3965 poenam
1108 3895 1332 3967 IEgypti
1361 3896 1643 3951 soluturus
1672 3895 1912 3950 excidio.

299 3986 499 4058 itaque
532 3989 632 4043 iste
659 3990 745 4044 ubi
779 3989 1138 4058 impetrabat,
1168 3991 1457 4044 immemor
1494 3990 1660 4044 fiebat
1690 3990 1912 4054 gratim;

299 4089 358 4135 et
384 4081 658 4135 exaltatus
686 4088 865 4137 mente
887 4082 1065 4136 carnis
1093 4096 1228 4141 suae.
1255 4081 1678 4136 obliviscebatur
1718 4079 1912 4133 Deum.

372 4173 471 4229 54.
517 4173 800 4228 Humilitas
840 4183 1021 4229 autem
1060 4174 1414 4229 commendat
1453 4175 1783 4227 orationem.
1829 4173 1916 4228 Si-

299 4266 529 4336 quidem
558 4273 612 4319 et
641 4263 948 4320 Pbarisceus
993 4265 1086 4320 ille
1116 4264 1485 4334 reprehensus
1512 4278 1596 4319 est
1628 4265 1720 4334 qui
1764 4263 1910 4333 jeju-

301 4359 390 4414 nia
448 4375 545 4415 sua
590 4359 738 4414 velut
791 4359 1056 4415 beneﬁcia
1088 4359 1478 4421 enumerabat.
1527 4369 1582 4413 et
1632 4370 1909 4430 tamquam

299 4453 613 4522 obiectabat
644 4453 787 4517 Deo,
827 4463 881 4508 et
910 4467 969 4509 se
995 4453 1290 4508 criminum
1337 4451 1678 4506 memorabat
1715 4467 1908 4506 exsor-

299 4554 434 4601 tem.
482 4546 810 4601 Publicanus
841 4555 1023 4602 autem
1057 4547 1383 4617 prmdicatus
1423 4552 1539 4611 est,
1570 4545 1659 4616 qui
1699 4561 1731 4598 a
1760 4545 1912 4617 longe

2031 3334 2403 3400 signiﬁcantes
2435 3329 2759 3386 fermentum
2794 3330 2923 3386 illud
2953 3331 3096 3402 quod
3123 3331 3409 3388 abscondit
3430 3334 3630 3390 mulier

2031 3425 2124 3480 illa
2156 3424 2480 3496 Evangelica
2513 3422 2671 3497 (Luc.
2721 3439 2854 3489 xm,
2887 3423 2982 3494 2t)
3029 3425 3084 3478 in
3126 3423 3316 3480 farina:
3355 3429 3630 3485 mensuris

2032 3518 2210 3574 tribus
2233 3560 2248 3586 ,
2281 3517 2457 3573 donec
2502 3517 2927 3572 lermentaretur
2983 3525 3154 3572 totum
3182 3559 3195 3583 ,
3242 3521 3628 3590 mysteriorum

2027 3626 2244 3682 quoque
2274 3611 2564 3666 innuentes
2593 3609 2941 3680 premendam
2969 3625 3091 3665 esse
3113 3610 3442 3670 doctrinam.
3474 3614 3629 3680 Quod

2025 3702 2269 3773 apertius
2314 3702 2577 3757 Dominus
2623 3704 2676 3757 in
2723 3702 3017 3773 Evangelio
3056 3704 3246 3759 docuit
3283 3706 3515 3762 dicens:
3552 3707 3631 3763 Tu

2025 3809 2196 3855 autem
2221 3816 2340 3854 cum
2368 3800 2541 3855 orabis
2561 3841 2578 3867 ,
2603 3799 2744 3854 intra
2775 3801 2828 3853 in
2852 3801 3140 3854 cubiculum
3169 3812 3310 3856 tuum
3333 3844 3349 3870 ,
3379 3813 3426 3858 et
3451 3806 3628 3862 clauso

2025 3893 2154 3946 ostio
2189 3891 2400 3945 Patrem
2439 3901 2581 3944 tuum
2624 3907 2716 3944 ora
2744 3892 2799 3944 in
2846 3891 3178 3958 abscondito,
3229 3903 3274 3947 et
3307 3894 3466 3949 Pater
3507 3907 3627 3954 tuus

2022 3985 2113 4054 qui
2137 3982 2269 4036 videt
2297 3983 2349 4036 in
2381 3982 2700 4046 abscondito,
2730 3983 2908 4036 reddet
2939 3983 3030 4037 tibi
3057 3999 3074 4037 :
3105 3995 3307 4039 orantes
3327 3996 3499 4040 autem
3529 4005 3624 4043 no-

2022 4075 2110 4128 lite
2137 4075 2354 4128 multum
2378 4075 2518 4142 loqui
2563 4072 2778 4140 (Matth.
2810 4088 2867 4127 Vt
2887 4114 2900 4138 ,
3047 4074 3114 4128 Et
3142 4076 3278 4129 infra
3303 4093 3316 4129 :
3346 4077 3456 4132 Scit
3480 4081 3618 4136 enim

2021 4165 2184 4220 Pater
2216 4176 2376 4219 uester
2403 4165 2528 4235 quid
2551 4166 2691 4219 vobis
2719 4181 2850 4232 opus
2893 4166 2990 4231 sit,
3027 4176 3300 4236 antequam
3347 4172 3531 4239 petatis
3559 4175 3622 4228 ab

2021 4275 2081 4314 eo
2114 4257 2275 4330 (Ibid.
2307 4299 2320 4322 ,
2350 4257 2428 4329 8).
2474 4255 2797 4313 Cubiculum
2840 4265 2992 4312 tuum
3017 4300 3030 4323 ,
3065 4261 3265 4315 mentis
3314 4276 3573 4320 areanum
3603 4308 3620 4335 ,

2020 4353 2294 4424 animique
2321 4361 2590 4407 secretum
2633 4362 2739 4407 est.
2772 4354 2841 4408 .ln
2867 4351 2969 4408 hoc
3009 4353 3313 4410 cubiculum
3354 4368 3503 4414 tuum
3533 4363 3620 4417 in-

2017 4453 2123 4510 tra,
2153 4443 2181 4482 ἀ
2210 4447 2310 4501 boc
2341 4454 2455 4512 est,
2488 4446 2627 4501 intra
2663 4446 2714 4500 in
2741 4449 2852 4501 alta
2887 4449 3215 4516 prtecordia,
3254 4457 3398 4507 totus
3441 4455 3619 4521 ingre-

2015 4539 2147 4594 dere
2177 4537 2246 4594 de
2291 4540 2540 4609 corporis
2569 4538 2645 4594 tui
2685 4540 2951 4596 exteriori
2990 4541 3294 4610 vestibulo,
3338 4557 3390 4600 et
3423 4545 3619 4607 claude

300 4647 447 4694 stans
474 4639 678 4693 nolebat
707 4638 885 4693 oculos
928 4639 996 4692 ad
1025 4639 1210 4693 caelum
1236 4639 1405 4692 levare
1430 4679 1443 4701 ,
1474 4636 1563 4690 sed
1585 4636 1903 4708 percutiebat
1933 4643 1986 4704 ι)
2014 4633 2210 4688 oslimn
2244 4641 2416 4688 tuum.

301 4741 480 4800 pectus
501 4747 650 4786 suum
680 4730 856 4786 dicens
881 4747 898 4785 :
927 4729 1148 4786 Domine
1176 4731 1336 4795 Deus,
1369 4729 1627 4801 propitius
1652 4739 1758 4783 esto
1784 4730 1912 4783 mihi

304 4827 569 4898 peccaturi
597 4825 748 4899 (Luc.
811 4839 974 4892 xvut,
1014 4825 1127 4897 i3).
1167 4825 1227 4879 Et
1253 4823 1381 4879 ideo
1411 4823 1597 4909 divina
1620 4838 1744 4877 eum
1785 4809 1910 4877 seu-

300 4919 469 4973 tentia
496 4917 731 4987 praetulit
757 4917 946 4972 dicens
974 4932 986 4971 :
1021 4917 1159 4983 Quia
1195 4915 1455 4969 descendit
1488 4914 1571 4968 hic
1603 4913 1907 4982 publicanus

290 5010 614 5081 justi/icurae
643 5013 842 5082 magis,
885 5026 1038 5081 quam
1082 5010 1374 5079 pharisaeus
1415 5007 1609 5080 (Ibid.,
1648 5009 1759 5079 14).
1809 5007 1906 5062 Ille

303 5107 452 5160 enim
479 5105 810 5174 justilicatur
829 5103 919 5174 qui
950 5113 1233 5173 peccatum
1267 5101 1547 5173 proprium
1578 5102 1903 5166 conﬁtetur,

301 5198 448 5252 sicut
477 5197 692 5251 locutus
713 5205 795 5250 est
830 5197 946 5265 ipse
970 5197 1230 5250 Dominus
1262 5211 1276 5248 :
1308 5193 1403 5248 Dic
1428 5194 1722 5265 iniquitates
1753 5203 1868 5247 tuas
1888 5231 1904 5258 ,

306 5297 364 5341 ut
377 5287 682 5359 justiﬁceris
716 5286 886 5359 (Esai.
933 5303 1095 5352 sun,
1115 5285 1235 5358 26).
1264 5286 1335 5341 Et
1359 5285 1529 5342 David
1557 5287 1634 5342 ait
1664 5305 1677 5340 :
1721 5286 1904 5341 Sacri-

375 5501 404 5531 ι
435 5491 566 5547 Mss.
601 5490 718 5544 Div.
746 5499 798 5544 et
825 5489 999 5550 Flor..
1027 5490 1145 5544 ideo
1170 5490 1225 5542 in
1255 5491 1423 5544 medio
1457 5489 1550 5543 Dei
1586 5488 1828 5544 Verbum.

373 5562 404 5604 ι’
432 5563 549 5619 Non
575 5572 791 5616 moveat
817 5562 960 5630 quod
990 5561 1166 5614 locum
1193 5559 1332 5615 hunc
1363 5561 1581 5616 nomine
1613 5560 1904 5614 Hieremiae

303 5637 528 5693 citatum
571 5650 680 5688 non
725 5634 828 5687 nisi
863 5636 915 5685 in
950 5632 1234 5700 prophetia
1276 5631 1483 5688 Baruch
1531 5635 1770 5702 reperire
1809 5632 1903 5684 sit.

305 5708 381 5764 Ita
403 5711 547 5763 enim
574 5706 821 5760 ultimum
851 5707 992 5758 hunc
1021 5703 1296 5756 laudatum
1325 5720 1447 5758 esse
1472 5705 1610 5773 apud
1642 5703 1907 5773 plurimos

307 5791 518 5836 constat
540 5820 554 5846 ,
583 5776 729 5850 quod
771 5777 820 5832 is
845 5784 996 5832 esset
1022 5773 1313 5830 Hieremiae
1351 5777 1632 5832 convictor
1655 5789 1720 5830 ac
1746 5784 1907 5829 nota—

312 5865 443 5907 nus.

2095 4725 2183 4782 56.
2209 4725 2363 4793 Quod
2396 4727 2471 4781 sit
2500 4726 2700 4781 ostium
2735 4734 2908 4788 tuum,
2939 4719 3135 4784 disce:
3163 4729 3328 4797 Pone,
3365 4732 3608 4803 Domine,

2020 4819 2305 4874 custodiam
2329 4819 2407 4872 ori
2437 4835 2570 4884 meo,
2596 4829 2642 4873 et
2670 4820 2855 4872 ostium
2885 4823 3128 4876 circuitus
3160 4823 3310 4880 labiis
3333 4827 3456 4881 meis
3485 4827 3610 4896 (Ps.

2017 4926 2142 4977 CXL,
2185 4913 2265 4981 5).
2295 4909 2364 4964 Et
2392 4910 2590 4965 Paulus
2627 4913 2762 4980 petit
2787 4915 2928 4967 orari
2965 4929 3062 4983 pro
3091 4930 3151 4970 se
3192 4933 3204 4969 :
3241 4916 3308 4972 Ut
3342 4922 3612 4986 aperiatur

2011 5003 2174 5064 mihi,
2208 5003 2414 5073 inquit,
2447 5004 2632 5058 ostium
2671 5003 2809 5056 uerbi
2831 5045 2845 5068 ,
2872 5004 2942 5057 ad
2971 5006 3279 5076 loquendum
3307 5013 3610 5081 mysterium

2013 5094 2203 5149 Christi
2236 5094 2455 5165 (Coloss.
2507 5110 2594 5159 tv,
2623 5097 2702 5166 5).
2735 5095 2842 5152 Sed
2886 5099 2974 5151 ille
3019 5111 3076 5152 ut
3124 5112 3248 5170 pote
3295 5102 3500 5156 eiectus
3544 5104 3614 5160 ad

2013 5189 2291 5261 Evangelii
2333 5189 2778 5260 praedicationem
2806 5231 2821 5256 ,
2856 5199 3004 5246 rei-te
3053 5193 3154 5246 sibi
3201 5193 3402 5248 ostium
3447 5195 3600 5252 verbi

2012 5284 2237 5354 Optabat
2263 5281 2497 5355 aperiri;
2527 5284 2653 5353 quia
2695 5284 2765 5338 de
2807 5297 2902 5339 ore
2933 5285 3052 5354 ejus
3079 5286 3260 5340 exibat
3300 5287 3450 5343 salus
3475 5303 3612 5359 gen-

2083 5486 2256 5562 ciiea:
2284 5485 2628 5562 desideratur
2652 5487 2712 5562 in
2745 5495 2982 5562 quatuor
3005 5501 3137 5562 mss.
3165 5503 3264 5557 pro
3289 5506 3400 5562 quo
3424 5492 3479 5549 in
3508 5512 3617 5556 uno

2010 5557 2276 5613 Vaticano
2307 5559 2525 5626 legitur,
2561 5569 2608 5611 et
2642 5558 2903 5622 liapsaces
2932 5557 3193 5626 Assyrius.

2083 5630 2110 5666 ά
2145 5630 2292 5684 Edit.
2337 5630 2499 5684 Boni.
2531 5637 2718 5682 contra
2755 5642 2883 5680 mss.
2934 5641 2987 5679 et
3025 5642 3138 5681 ant.
3179 5631 3310 5688 edit.
3347 5634 3505 5692 [idem
3540 5640 3614 5696 ita

2014 5701 2190 5778 locum
2221 5705 2652 5778 consarcinarat,
2678 5698 3169 5778 Itocest,‘egred.ere
3193 5704 3256 5778 de
3285 5710 3519 5778 corporis
3541 5713 3617 5766 tui

2013 5768 2575 5850 exterioreuestibulo,
2627 5779 2674 5823 et
2719 5777 2852 5822 totus
2895 5772 3032 5823 intra
3073 5770 3128 5826 in
3176 5775 3283 5832 alta
3329 5768 3618 5850 praecordia

2015 5845 2192 5900 cordis
2215 5843 2313 5898 tui.
