4150 6358
541 329 648 392 535

1895 305 2142 367 SANCTI
2172 302 2491 366 AMBROSII

3740 302 3858 361 356

542 445 701 507 tium,
732 439 802 496 de
833 451 931 496 ore
959 433 1078 508 ejus
1116 429 1367 505 prodibat
1399 426 1508 484 vita
1533 424 1882 500 populorum.
1910 423 2020 479 Nos
2046 439 2143 478 au-
2171 437 2220 496 Α
2249 430 2446 478 nnetur
2470 419 2679 486 oratio,
2712 417 2740 457 ι)
2773 417 2870 475 sed
2911 424 2972 474 ut
2997 416 3213 474 assidua
3251 418 3566 488 frequenter
3606 415 3870 474 effunda-

551 551 662 596 tem
693 534 1009 592 claudamus
1033 531 1273 592 ostium,
1304 541 1372 581 ne
1413 523 1570 594 culpa
1604 523 1809 586 intret,
1856 535 1924 573 Ite
1973 519 2157 587 lapsus

551 631 753 701 aliquis
774 623 1042 683 sermonis
1068 628 1247 677 exeat.
1301 619 1467 674 Intrat
1489 617 1672 686 culpa,
1707 615 1751 668 si
1783 613 1970 682 lapsus
2003 612 2157 666 exie-

552 725 647 779 rit.
678 721 815 776 Audi
843 716 1113 788 quomodo
1145 718 1308 769 intret
1337 711 1518 784 culpa.
1556 709 1624 764 In
1661 706 1987 778 multiloquio
2015 747 2030 770 ,
2075 706 2159 760 itt-

549 817 700 886 quit,
751 828 852 866 non
883 808 1094 880 eﬂ'ugies
1119 816 1385 880 peccatum
1431 803 1617 878 (Prov.
1682 818 1755 867 χ,
1807 801 1922 872 19).
1977 799 2159 854 Exivit

551 903 955 973 multiloquium
979 943 995 967 ,
1034 910 1316 971 peceatum
1358 896 1619 962 intravit;
1657 897 1782 967 quia
1816 896 1869 949 in
1919 892 2158 948 multilo-

559 1001 690 1071 quio
717 1012 1055 1068 nequaquam
1086 996 1175 1066 qui
1203 1001 1362 1050 exeat
1387 1006 1590 1057 sermo,
1617 989 1932 1050 trutinatur,
1956 988 2162 1057 impru-

554 1091 750 1149 denter
777 1089 998 1156 labitur,
1046 1087 1171 1142 licet
1201 1087 1380 1157 ipsum
1413 1085 1554 1140 ultra
1593 1097 1907 1138 mensuram
1955 1079 2160 1151 aliquid

551 1186 700 1258 loqui
726 1184 934 1256 grande
966 1193 1248 1252 peceatum
1276 1179 1369 1235 sit.

624 1279 716 1336 37.
759 1278 826 1333 Et
853 1277 976 1332 ideo
1005 1290 1137 1331 cave
1171 1289 1240 1330 ne
1271 1271 1650 1344 imprudenter
1692 1268 1974 1341 loquaris;
2015 1267 2157 1322 labia

553 1371 700 1429 enim
731 1368 1096 1442 imprudentis
1126 1366 1392 1422 inducunt
1435 1380 1558 1420 eum
1585 1362 1652 1419 ad
1699 1363 1862 1418 mala.
1903 1362 2051 1416 Cave
2091 1376 2159 1416 ne

554 1463 610 1518 in
653 1463 903 1519 oratione
937 1473 989 1516 te
1030 1459 1297 1524 extollas;
1330 1458 1506 1513 oratio
1536 1457 1682 1512 enim
1721 1454 2060 1510 Immibantis
2099 1468 2160 1508 se

554 1555 732 1610 nubes
777 1552 1102 1624 penetrabit.
1131 1551 1277 1606 Cave
1322 1565 1390 1605 ne
1421 1550 1633 1604 incaute
1664 1547 1906 1621 Symboli
1932 1547 2012 1602 vel
2044 1547 2157 1600 Do-

554 1647 772 1703 minicae
800 1645 1065 1701 orationis
1093 1644 1340 1714 divulges
1359 1642 1638 1714 mysteria.
1665 1643 1751 1696 An
1786 1640 1966 1696 nescis
1996 1653 2156 1710 quam

554 1755 722 1810 grave
753 1739 826 1794 sit
853 1740 906 1793 in
929 1738 1180 1792 oratione
1201 1735 1528 1790 contrahere
1559 1741 1864 1804 peccatum.
1896 1733 1985 1787 ubi
2027 1747 2154 1802 spe-

2259 523 2345 568 tttr
2374 511 2562 583 (Ibid.,
2605 511 2684 582 9).
2721 511 3048 580 Plerumque
3095 514 3238 567 enim
3283 511 3458 564 inanis
3483 509 3656 580 gloria
3679 509 3870 580 longa:

2261 607 2564 678 preeationi
2587 650 2601 668 .
2632 608 2959 662 intermissa:
3004 617 3183 662 autem
3211 621 3433 676 prorsus
3460 606 3678 677 obrepit
3706 605 3870 660 incu-

2259 705 2359 759 ria.
2413 703 2619 759 Deinde
2674 713 2859 758 monet
2884 701 3063 775 (Matt.
3127 717 3300 768 xvttt,
3337 701 3426 772 l5)
3475 710 3532 755 ut
3569 715 3694 755 eum
3740 699 3869 770 ipse

2259 797 2472 852 veniam
2503 796 2596 852 tibi
2650 796 2868 867 poscis,
2924 805 3036 850 tum
3079 798 3315 850 maxime
3356 792 3692 864 largiendam
3735 793 3868 847 aliis

2261 891 2514 959 noveris,
2545 906 2652 959 quo
2685 905 2899 962 precem
2931 901 3075 946 tuam
3103 891 3285 961 operis
3310 890 3383 944 ιιιί
3409 903 3545 944 voce
3573 904 3866 944 commen-

2259 986 2375 1042 des.
2402 986 2696 1056 Apostolus
2725 1000 2940 1057 quoque
2985 986 3141 1042 docet
3185 985 3237 1056 (l
3271 983 3402 1038 Tim.
3434 999 3493 1048 ιι,
3514 981 3570 1056 8)
3593 982 3867 1037 orandum

2262 1080 2379 1134 sine
2410 1079 2488 1134 ira
2540 1087 2596 1134 et
2633 1079 3054 1150 disceptatione,
3089 1088 3147 1133 ut
3193 1095 3300 1133 nutt
3341 1078 3610 1144 turbetur,
3641 1092 3748 1131 non
3779 1077 3869 1131 in-

2261 1175 2564 1245 terpoletur
2589 1175 2766 1229 oratio
2795 1183 2906 1228 tua.
2943 1173 3113 1230 Docet
3135 1176 3298 1227 etiam
3330 1171 3596 1228 orandum
3631 1172 3682 1227 in
3711 1171 3866 1226 omtti

2266 1267 2410 1330 loco,
2444 1282 2564 1323 cum
2601 1268 2853 1324 Salvator
2882 1267 3029 1322 dicat
3058 1285 3070 1319 :
3104 1265 3255 1322 Intra
3283 1267 3337 1321 in
3381 1265 3676 1321 cubiculum
3716 1276 3866 1319 tuum

2261 1362 2440 1435 (Matt.
2475 1378 2528 1416 vr
2549 1405 2562 1427 ,
2584 1361 2661 1433 6).
2680 1361 2784 1418 Sed
2809 1362 3047 1434 intellige
3073 1377 3182 1418 non
3203 1361 3513 1417 cubiculum
3543 1363 3862 1416 eonclusum

2263 1459 2579 1528 parietibus,
2615 1474 2723 1528 quo
2751 1470 2838 1513 tua
2869 1459 3111 1514 membra
3140 1459 3512 1514 claudantur:
3559 1457 3656 1514 sed
3705 1457 3862 1513 Cubi-

2261 1552 2444 1608 culum
2474 1551 2620 1617 quod
2648 1553 2699 1607 iu
2738 1564 2792 1608 te
2813 1561 2926 1618 est,
2965 1554 3016 1608 itt
3056 1568 3166 1623 quo
3197 1551 3550 1608 includuntur
3578 1551 3864 1623 cogitatio-

2263 1661 2360 1700 nes
2391 1658 2518 1710 tua',
2554 1646 2607 1699 in
2638 1661 2747 1717 quo
2774 1655 3061 1701 versantur
3091 1659 3286 1700 sensus
3314 1643 3411 1700 tui.
3453 1644 3565 1700 Hoc
3594 1643 3862 1699 orationis

2265 1747 2372 1792 tua:
2394 1737 2704 1793 cubiculum
2738 1738 2941 1809 ubique
2988 1747 3167 1794 tecum
3211 1747 3326 1805 est,
3355 1747 3410 1793 et
3447 1736 3650 1806 ubique
3680 1751 3865 1791 secre-

556 1851 648 1892 ras
679 1833 1026 1890 remedium?
1055 1833 1214 1888 Certe
1246 1831 1508 1886 Dominus
1549 1844 1644 1900 per
1685 1828 2012 1898 Prophetam
2051 1825 2152 1880 do-
2188 1839 2232 1898 Β
2264 1839 2374 1885 tum
2402 1842 2517 1897 est,
2549 1831 2704 1899 cujus
2728 1830 2934 1886 arbiter
2965 1831 3145 1885 nullus
3165 1839 3249 1886 est
3275 1829 3379 1884 nisi
3405 1829 3554 1884 solus
3576 1828 3745 1883 Deus.

560 1929 677 1985 cuit
716 1929 820 1983 boe
849 1942 1018 1998 grave
1065 1940 1187 1982 esse
1236 1921 1585 1979 maledictum
1615 1921 1804 1976 dicens
1837 1937 1850 1975 :
1889 1918 1954 1972 Et
1994 1918 2158 1972 oratio

564 2023 676 2092 ejus
719 2022 811 2090 ﬁat
840 2020 895 2074 in
922 2029 1184 2089 peccatum
1229 2015 1346 2087 (Ps.
1391 2030 1553 2079 CVIII,
1587 2013 1683 2085 7);
1719 2011 1821 2066 nisi
1871 2011 2010 2066 lorte
2039 2025 2158 2064 tne-

555 2115 743 2171 dioere
771 2114 820 2170 id
852 2113 945 2169 tibi
978 2123 1137 2184 putas
1182 2125 1324 2166 esse.
1363 2108 1618 2163 [)illidere
1647 2117 1730 2161 est
1769 2104 1914 2160 enim
1961 2103 2028 2158 de
2059 2116 2158 2172 po-

559 2209 728 2262 tentia
765 2207 890 2272 Dei,
939 2207 1212 2260 mstimarc
1256 2201 1400 2272 quod
1451 2215 1560 2254 non
1607 2197 1882 2261 audiaris,
1914 2196 2014 2250 nisi
2046 2195 2158 2249 cla-

558 2299 816 2356 maveris.
845 2298 1097 2354 Clameut
1141 2310 1304 2363 opera
1333 2302 1459 2355 tua,
1502 2291 1704 2347 clamet
1746 2289 1916 2354 ﬁdes,
1963 2287 2160 2342 clamet

557 2393 802 2459 allectus,
823 2393 1056 2447 clament
1090 2389 1367 2458 passiones
1400 2394 1524 2450 tore,
1555 2384 1750 2438 clamet
1771 2381 1989 2452 sanguis
2013 2392 2156 2445 tuus,

556 2489 698 2544 sient
723 2487 898 2542 sancti
928 2485 1061 2540 Abel
1087 2526 1100 2548 ,
1129 2483 1197 2536 de
1241 2499 1350 2550 qtto
1382 2480 1519 2534 dixit
1552 2480 1690 2534 Deus
1716 2478 1781 2532 ad
1824 2478 1954 2532 Cain
1987 2494 2000 2528 :
2042 2475 2159 2530 Vox

555 2581 827 2653 sanguinis
863 2578 1043 2649 fratris
1070 2577 1143 2628 tui
1185 2574 1252 2626 ad
1285 2591 1363 2627 me
1393 2576 1578 2625 clamat
1611 2571 1762 2641 (Gen.
1799 2587 1872 2632 tv,
1911 2569 2018 2640 Ill).
2051 2572 2159 2623 Au-

555 2674 636 2729 dit
659 2675 803 2728 enini
837 2680 890 2726 te
917 2673 968 2724 in
999 2668 1228 2724 occultis
1252 2709 1266 2731 ,
1298 2669 1390 2736 qui
1426 2665 1650 2720 mundat
1678 2665 1729 2718 in
1766 2663 2013 2717 occultis.
2049 2660 2158 2716 Nos

559 2766 664 2823 nisi
689 2767 996 2834 loquentem
1030 2762 1265 2829 aliquem
1293 2757 1478 2812 audire
1508 2774 1614 2811 non
1646 2771 1935 2828 possumus
1968 2773 1980 2808 :
2015 2753 2157 2823 apud

559 2861 730 2915 Deum
757 2861 1046 2928 loquontur
1077 2872 1181 2908 non
1224 2855 1383 2910 verba
1411 2895 1424 2919 ,
1459 2852 1551 2907 sed
1593 2851 1971 2922 cogitationes.
2006 2851 2073 2904 Et
2102 2859 2158 2903 ιιι

559 2959 661 3011 lIoc
689 2970 877 3010 verum
901 2952 1066 3017 Scias,
1096 2950 1307 3004 dicebat
1336 2951 1591 3002 Dominus
1617 2947 1776 3002 Jesus
1802 2949 1864 2998 ad
1887 2945 2105 3000 Judteos
2141 2963 2155 2998 :

561 3049 698 3117 Quid
720 3047 953 3118 cogitatis
979 3044 1118 3098 mula
1139 3045 1191 3096 in
1218 3043 1458 3097 cordibus
1489 3043 1664 3095 vestris
1710 3037 1922 3108 (Matth.
1954 3055 2029 3103 Ix,
2053 3037 2157 3107 4)?

554 3144 671 3198 Non
721 3139 1109 3208 interrogantis
1153 3152 1252 3191 vox
1297 3136 1397 3190 ista
1435 3147 1545 3198 est,
1580 3135 1673 3190 sed
1726 3133 1970 3189 scientis.
2002 3133 2156 3199 Quod

2347 1925 2434 1981 59.
2464 1926 2737 1980 Orandum
2784 1935 2965 1980 autem
3000 1925 3284 1995 praecipue
3325 1932 3381 1980 et
3417 1939 3516 1994 pro
3544 1925 3746 1994 populo
3768 1921 3865 1976 do-

2269 2020 2412 2076 ceris
2445 2018 2498 2090 (l
2530 2017 2668 2073 Tim.
2720 2035 2758 2074 II
2779 2060 2793 2084 ,
2824 2019 2848 2072 1
2877 2026 2932 2089 ),
2963 2020 3065 2072 boc
3084 2027 3198 2084 est,
3231 2033 3325 2085 pro
3353 2025 3466 2071 toto
3487 2030 3741 2086 corpore,
3765 2031 3865 2086 pro

2261 2112 2524 2170 membris
2551 2113 2806 2168 omnibus
2830 2113 3018 2167 matris
3042 2121 3169 2175 tum,
3202 2111 3252 2164 in
3276 2125 3383 2180 quo
3406 2118 3606 2164 mutua:
3630 2110 3866 2164 cbarita-

2263 2209 2333 2263 tis
2363 2218 2446 2264 est
2476 2208 2705 2278 insigne.
2739 2207 2799 2263 Si
2829 2206 2974 2263 enim
3002 2221 3104 2277 pro
3136 2216 3188 2260 te
3206 2220 3365 2274 roges
3390 2212 3624 2270 tantum,
3660 2213 3682 2242 ε
3711 2204 3864 2258 solus

2272 2318 2372 2373 pro
2400 2313 2451 2356 te
2483 2302 2717 2372 rogabis.
2757 2301 2906 2362 Etsi
2942 2317 3038 2370 pro
3089 2315 3147 2355 se
3178 2309 3382 2353 tantum
3423 2297 3623 2368 singuli
3667 2305 3859 2363 orent,

2264 2397 2441 2449 minor
2493 2391 2517 2430 ἀ
2568 2392 2872 2463 peccatoris
2912 2408 3074 2463 quant
3117 2391 3509 2465 iIIterrcdentis
3556 2399 3642 2445 est
3666 2389 3860 2460 gratia.

2264 2488 2414 2542 Nunc
2460 2497 2639 2540 autem
2685 2487 2808 2556 quia
2841 2487 3037 2556 singuli
3066 2497 3222 2540 orant
3253 2499 3352 2555 pro
3392 2485 3670 2550 omnibus,
3701 2483 3860 2538 etiam

2262 2597 2455 2636 omnes
2495 2592 2653 2636 orant
2687 2596 2783 2650 pro
2814 2579 3064 2649 singulis.
3097 2579 3236 2648 Ergo
3269 2588 3326 2633 ut
3349 2577 3743 2632 concludamus
3768 2617 3782 2640 ,
3813 2574 3862 2630 si

2270 2690 2369 2745 pro
2441 2685 2490 2728 te
2542 2690 2698 2743 roges
2762 2682 3002 2739 tantum,
3061 2673 3242 2736 solus,
3294 2681 3347 2726 ut
3415 2671 3695 2738 diximus,
3763 2684 3861 2740 pro

2269 2777 2320 2822 te
2360 2767 2596 2836 rogabis.
2625 2767 2680 2820 Si
2713 2778 2891 2820 autem
2923 2782 3020 2837 pro
3042 2765 3293 2820 omnibus
3321 2779 3478 2834 roges
3500 2806 3516 2829 ,
3546 2778 3738 2818 omnes
3767 2777 3864 2832 pro

2261 2869 2314 2915 te
2376 2861 2658 2930 rogabunt.
2720 2859 2996 2927 Siquidem
3039 2871 3089 2914 et
3143 2870 3196 2913 tu
3239 2859 3292 2912 itt
3349 2858 3605 2912 omnibus
3650 2847 3728 2913 es.
3779 2856 3857 2912 lla

2265 2971 2455 3021 IIIagna
2491 2955 2860 3009 remuneratio
2888 2964 2965 3010 est
2990 2994 3004 3017 ,
3045 2963 3104 3007 ut
3143 2953 3488 3008 orationibus
3525 2952 3861 3022 singulorum

2262 3047 2614 3116 acquirantur
2656 3046 2885 3114 singulis-
2939 3045 3104 3098 tutius
3133 3045 3310 3114 plebis
3335 3043 3614 3114 sull'ragia.
3651 3045 3708 3098 In
3756 3055 3862 3112 quo

2262 3140 2567 3207 arrogantia
2598 3140 2740 3194 nulla
2763 3183 2776 3206 ,
2813 3139 2905 3195 sed
2934 3138 3210 3193 humilitas
3228 3137 3398 3207 major
3425 3147 3542 3204 est,
3569 3148 3620 3194 et
3649 3135 3854 3192 fructus

553 3235 647 3289 tibi
673 3235 977 3288 manifestat
1001 3229 1343 3300 EVﬂllgCiirlﬂ
1373 3228 1561 3282 dicens
1591 3247 1604 3283 :
1629 3227 1782 3282 Jesus
1805 3228 1963 3299 201
1987 3237 2154 3281 autem
2183 3237 2228 3298 ι]
2263 3232 2508 3288 uberior.

551 3331 740 3382 sciebat
781 3327 1112 3397 Cogitationes
1142 3340 1318 3378 eorum
1349 3322 1498 3396 (Luc.
1548 3340 1600 3378 γι
1627 3365 1640 3387 ,
1691 3323 1771 3394 8).
1821 3322 1974 3378 Sicut
2021 3338 2151 3389 ergo

553 3420 726 3476 Filius
756 3420 939 3482 novit,
987 3417 1137 3470 novit
1181 3427 1232 3469 et
1277 3417 1454 3468 Pater.
1512 3415 1704 3469 Filium
1750 3430 1912 3468 nosse
1951 3429 2152 3484 cogno-

560 3514 686 3566 \'i-.ti
712 3553 726 3574 ,
755 3511 969 3564 Patrem
997 3523 1178 3573 nosse,
1204 3507 1324 3560 audi
1353 3506 1722 3560 consiliarium
1748 3518 1800 3558 et
1830 3515 2020 3560 testem
2051 3505 2149 3559 Pa-

557 3603 654 3656 tris
682 3603 950 3656 dicentem
984 3616 997 3652 :
1035 3599 1144 3652 Scit
1170 3599 1305 3652 enim
1336 3597 1492 3651 Pater
1517 3606 1676 3650 vester
1703 3597 1826 3667 quid
1854 3598 1992 3651 vobis
2025 3615 2152 3666 apus

555 3694 656 3757 sit,
702 3702 976 3758 antequam
1021 3691 1207 3759 petatis
1236 3689 1299 3741 ab
1330 3688 1428 3761 ρο(
1455 3687 1644 3741 Matth.
1712 3704 1792 3750 vt,
1967 3687 2153 3757 Coqtlc

552 3803 682 3858 etgo
714 3788 1128 3842 subcinerieiatn
1157 3797 1298 3837 tuam
1327 3799 1527 3852 vapore
1556 3781 1790 3852 Spiritus
1820 3780 2030 3846 sancti;
2058 3797 2152 3836 co-

553 3896 660 3950 que
694 3879 853 3935 etiam
886 3877 1052 3932 animi
1085 3878 1361 3949 passiones
1405 3875 1554 3930 verbi
1584 3875 1789 3930 calore.
1829 3873 1897 3928 Et
1936 3875 1979 3928 si
2027 3890 2155 3930 cru-

554 3973 737 4029 diorcs
766 3979 895 4026 sunt
923 3970 1201 4041 paSsiones
1236 3979 1340 4022 tua:
1367 3984 1539 4038 nuper
1563 3969 1789 4022 fortasse
1816 3967 1885 4023 de
1912 3965 2152 4039 Egypto

552 4067 897 4140 egredientes
923 4108 937 4129 ,
980 4064 1192 4134 cperito
1223 4078 1316 4118 cas
1342 4103 1357 4126 ,
1387 4073 1440 4116 et
1473 4061 1624 4116 lento
1652 4062 1836 4117 calore
1865 4076 2107 4131 excoque
2133 4077 2148 4125 ;

553 4176 624 4215 ne
653 4159 932 4213 fortiorem
978 4157 1155 4225 ignem
1190 4155 1332 4210 ferre
1363 4171 1466 4209 non
1499 4156 1708 4224 possint
1733 4195 1746 4217 ,
1777 4165 1829 4208 et
1859 4155 2151 4210 semiustu-

553 4254 736 4309 lentur
761 4252 938 4318 potius
969 4264 1126 4318 quam
1156 4257 1477 4318 coquantur.
1515 4257 1539 4282 κ
1567 4249 1703 4302 Sunt
1741 4235 1886 4301 enim
1919 4247 2149 4317 plurima

553 4360 675 4414 qua:
715 4341 878 4397 cruda
911 4341 1264 4408 diSpliceant,
1293 4345 1444 4393 cocta
1477 4338 1769 4393 delectent.
1804 4337 1948 4394 Fove
1989 4339 2151 4409 igitur

553 4446 776 4508 pectore
818 4444 910 4488 tuo
943 4433 1049 4486 alta
1081 4430 1370 4501 mysteria;
1419 4444 1486 4484 ne
1533 4440 1864 4497 prtematuro
1892 4445 2148 4485 sermone

553 4537 609 4585 et
631 4526 810 4582 inﬁdis
848 4523 1071 4578 auribus
1101 4524 1182 4576 vel
1217 4521 1447 4575 inlirmis
1473 4521 1626 4589 quasi
1657 4521 1869 4575 incocta
1897 4522 2150 4576 commit-

2775 3325 2936 3397 202
2973 3323 3204 3380 CAPUT
3244 3323 3313 3379 χ.

2275 3415 2527 3486 Exposita
2578 3418 2745 3484 primo
2794 3417 3064 3486 sacriﬁcii,
3092 3416 3220 3470 Cain
3275 3416 3475 3485 defectu
3531 3413 3860 3469 transiturad

2333 3511 2584 3574 alterunt,
2641 3511 2779 3580 quod
2823 3511 3016 3564 scilicet
3048 3527 3150 3564 non
3199 3511 3438 3565 obtulerit
3486 3511 3549 3564 de
3595 3509 3850 3579 primitiis.

2336 3603 2603 3658 Primitias
2651 3605 2840 3658 attinnt:
2882 3605 3142 3673 prtecipue
3181 3602 3506 3671 offerendas,
3542 3613 3588 3657 et
3611 3618 3724 3670 qua:
3755 3601 3858 3654 ιιιω

2328 3698 2450 3750 sint.
2484 3695 2711 3750 Easdem
2757 3696 2963 3752 Abelem
2989 3695 3234 3750 obtulisse
3251 3737 3266 3762 ,
3289 3713 3351 3749 ac
3381 3696 3542 3765 legent
3569 3693 3856 3761 offerendas

2329 3790 2652 3857 pra’cepisse.
2703 3789 2902 3842 Ibidem
2950 3790 3159 3858 quinam
3213 3789 3453 3841 dicantur
3501 3786 3784 3840 Chanana't'
3833 3799 3853 3838 .°

2327 3881 2445 3935 item
2485 3900 2578 3936 rur
2607 3881 2746 3936 Deus
2758 3883 2967 3953 jurasse
3011 3892 3326 3936 memoretur
3367 3897 3386 3935 :
3425 3897 3526 3935 non
3563 3896 3712 3950 posse
3749 3880 3854 3933 sine

2325 3975 2467 4029 illius
2499 3991 2595 4046 ope
2630 3976 2790 4029 animi
2838 3987 3007 4029 matus
3024 3977 3224 4046 pacari.
3280 3974 3512 4044 Denique
3556 3975 3652 4027 Iros
3683 3981 3854 4043 partus

2325 4065 2501 4132 offerri
2526 4067 2704 4121 debere
2730 4067 2798 4119 ad
2827 4084 2956 4135 quos
2982 4083 3134 4121 sexus
3159 4066 3422 4120 distinctio
3443 4067 3577 4119 nihil
3605 4064 3852 4130 conferat.

2327 4161 2417 4216 40.
2459 4158 2564 4214 Sed
2586 4159 2695 4227 jam
2725 4172 2805 4214 est
2831 4168 3044 4228 tempus
3069 4161 3180 4213 alio
3207 4159 3476 4223 transire,
3510 4157 3765 4228 quoniam
3788 4153 3868 4211 de

2256 4267 2324 4307 co
2349 4252 2491 4322 quod
2528 4261 2646 4318 post
2667 4252 2784 4307 dies
2805 4251 3005 4307 obtulit
3027 4251 3160 4306 Cain
3195 4251 3352 4320 plene
3375 4249 3636 4304 diximus.
3662 4248 3853 4304 Factus

2253 4353 2340 4399 est
2373 4343 2629 4398 indicium
2662 4344 2938 4414 resupini,
2973 4360 3096 4400 eum
3125 4346 3236 4415 ipsa
3268 4343 3562 4413 postulatio
3600 4342 3710 4396 voti
3743 4356 3853 4396 ma-

2253 4446 2372 4492 tura
2404 4453 2528 4492 esse
2554 4437 2780 4502 debeat;
2811 4454 2878 4493 ne
2904 4439 3187 4493 videamur
3216 4440 3285 4492 de
3319 4437 3572 4491 humanis
3607 4435 3814 4490 artibus
3834 4473 3850 4500 ,

2255 4529 2359 4584 hoc
2389 4537 2504 4593 cst,
2543 4531 2795 4586 medendi
2825 4531 3044 4602 peritia,
3079 4532 3482 4600 herbarumque
3525 4527 3706 4584 succis
3733 4541 3853 4596 spe-

554 4633 668 4688 tas,
701 4628 866 4689 atque
918 4616 1132 4671 auditor
1175 4623 1451 4669 avertatur
1479 4621 1536 4669 et
1561 4629 1682 4669 eum
1725 4614 1952 4671 lIorrore
1999 4615 2151 4670 fasti-
2175 4623 2232 4684 1)
2255 4637 2407 4679 misse
2438 4625 2613 4694 magis
2637 4623 2938 4679 remedium
2958 4666 2972 4690 ,
3005 4639 3166 4695 quam
3197 4623 3264 4677 de
3296 4623 3406 4677 υρυ
3427 4620 3731 4676 subsidium
3760 4632 3854 4691 po.

552 4714 665 4773 diat
685 4753 700 4777 ,
725 4713 816 4783 qui
847 4712 892 4766 si
923 4707 1162 4764 coetiora
1193 4715 1470 4779 gustaret,
1497 4707 1762 4780 spiritalis
1806 4709 1915 4766 cibi
1967 4712 2147 4781 perci-

551 4813 707 4878 peret
734 4802 1082 4859 suavitatem.

620 4902 712 4958 58.
755 4899 944 4956 Divine
974 4904 1158 4952 autem
1204 4893 1462 4950 Dominus
1485 4895 1646 4952 Jesus
1674 4907 1732 4955 et
1767 4899 2064 4956 bonitatem
2095 4911 2148 4958 te

547 4996 736 5055 docuit
765 4993 975 5055 Patris,
1006 4990 1096 5056 qui
1125 4989 1260 5043 bona
1291 4987 1500 5042 noverit
1524 4988 1658 5045 dare
1681 4990 1837 5064 (Luc.
1897 5009 1976 5059 XI,
2011 4995 2099 5064 15)
2127 5012 2143 5063 ;

546 5099 607 5147 ut
629 5103 752 5161 qua:
781 5085 922 5140 bona
943 5088 1072 5137 sunt
1099 5095 1130 5134 a
1161 5078 1304 5134 bono
1337 5092 1530 5149 poscas
1555 5096 1568 5132 :
1606 5090 1662 5137 et
1689 5083 1934 5152 impense
1956 5093 2012 5140 et
2040 5085 2147 5141 fre-

547 5191 778 5256 quenter
821 5177 1032 5236 monuit
1060 5172 1362 5240 orandum;
1405 5188 1514 5228 non
1562 5184 1620 5230 ut
1645 5175 1926 5234 fastidiosa
1968 5181 2145 5236 conti-

611 5361 636 5387 ιι
668 5348 762 5406 Sic
813 5343 946 5402 edit.
997 5340 1157 5396 Rom.
1197 5352 1319 5392 cum
1365 5335 1580 5392 duobus
1631 5354 1762 5394 mss.
1795 5340 1915 5396 Vet.
1947 5351 2129 5400 autem

541 5421 673 5476 edit.
713 5427 770 5474 et
809 5417 898 5472 alii
955 5429 1087 5468 mss.
1131 5411 1352 5481 legunt,
1399 5411 1535 5492 Sunt
1577 5411 1988 5492 enimplurima.
2020 5432 2134 5483 qua:

538 5503 847 5559 pramature
870 5500 1103 5559 sermone
1125 5525 1139 5544 ,
1167 5495 1272 5559 e_t_c.
1293 5523 1307 5547 ,
1337 5483 1556 5536 omissis
1577 5495 1698 5551 qua:
1722 5486 2135 5553 interponuntur

541 5554 598 5615 in
625 5575 838 5627 neStra,
870 5569 926 5613 et
957 5558 1115 5612 Rom.
1143 5554 1278 5609 edit.

611 5650 640 5688 ι)
673 5651 798 5706 Mss.
829 5663 1083 5720 quatuor,
1112 5647 1204 5720 sed
1231 5645 1464 5700 assidua.
1499 5641 1820 5720 Frequenter
1849 5645 2136 5713 o/Tundun-

540 5733 629 5778 tur
659 5718 954 5791 plerumque
978 5720 1160 5775 inania
1188 5719 1357 5792 longa!
1386 5718 1669 5790 precationi
1687 5758 1702 5780 ,
1737 5730 1846 5774 etc.

609 5846 631 5876 ο
661 5833 784 5891 Vat.
811 5830 942 5889 edit.
969 5842 1023 5889 et
1049 5845 1280 5903 quatuor
1305 5846 1463 5902 mss.,
1495 5848 1590 5904 pro
1627 5841 1672 5889 te
1705 5848 1872 5906 roges,
1907 5842 2136 5892 tantum-

2259 4715 2520 4786 poscisse.
2555 4715 2636 4770 Ad
2668 4717 2846 4786 ipsum
2892 4717 3036 4772 enim
3087 4716 3235 4786 prius
3268 4725 3353 4770 est
3395 4712 3848 4783 confugiendum,

2253 4811 2345 4878 qui
2373 4820 2574 4865 nostrai
2613 4825 2808 4866 curare
2841 4811 3010 4880 possit
3055 4809 3253 4863 animae
3299 4806 3602 4876 passiones.
3650 4803 3850 4860 Verum

2254 4902 2503 4960 homines
2529 4904 2747 4976 quidam
2779 4910 3114 4974 prtepostero
3140 4900 3332 4957 ordine
3378 4908 3505 4955 ante
3525 4897 3630 4953 sibi
3657 4897 3726 4951 ab
3756 4895 3851 4951 lto-

2252 4997 2490 5051 minibus
2520 5013 2681 5066 opem
2711 5005 3032 5052 arcessunt:
3067 4995 3156 5050 ubi
3183 5002 3364 5049 autem
3392 4989 3632 5044 humana
3677 4986 3852 5043 subsi-

2251 5091 2337 5146 dia
2366 5091 2402 5148 d
2427 5093 2705 5154 -lecerint.
2743 5101 2874 5148 tunc
2914 5089 3204 5162 epinantur
3254 5085 3423 5144 divini
3471 5082 3850 5157 postulandam

2253 5184 2456 5242 favmi»
2480 5191 2733 5259 gratiam.
3762 5176 3764 5179 ’
3836 5170 3850 5178 ”

2240 5345 2395 5402 modo
2441 5366 2533 5412 pro
2560 5358 2605 5402 te
2632 5350 2856 5420 rogabis.
2891 5348 2959 5403 Et
2991 5347 3128 5404 infra
3151 5391 3166 5413 ,
3207 5348 3253 5404 si
3298 5363 3394 5418 pro
3423 5353 3470 5401 te
3495 5360 3680 5416 roges,
3729 5353 3847 5398 tan-

2241 5427 2379 5494 tum,
2396 5429 2450 5473 ut
2473 5420 2696 5494 diximus
2715 5462 2729 5484 ,
2758 5437 2852 5490 pro
2882 5430 2930 5474 te
2957 5421 3188 5494 rogabis.

2312 5487 2338 5524 ‘1
2365 5491 2436 5544 Ita
2469 5504 2572 5546 vet.
2601 5492 2730 5544 edit.
2759 5487 2816 5544 et
2839 5508 2998 5553 lllSS.,
3018 5487 3258 5560 't-xceplo
3288 5489 3435 5545 Flor.
3462 5487 3552 5558 qui
3583 5488 3708 5560 loco
3733 5501 3852 5560 pec-

2239 5562 2460 5632 catoris,
2499 5562 2651 5632 legit-
2678 5563 2977 5631 precatoris.
3015 5559 3177 5616 lianc
3210 5576 3399 5615 vocem
3428 5561 3592 5632 etiam
3625 5559 3849 5632 exitibet

2237 5631 2369 5686 edit.
2406 5628 2575 5686 Βωιιιῖ
2607 5628 2702 5688 sed
2731 5633 3029 5700 expunxit,
3058 5649 3213 5702 quam
3250 5631 3633 5702 intercedeutis.
3685 5628 3851 5702 Forte

2237 5703 2381 5772 quod
2412 5706 2687 5757 videretur
2716 5702 2854 5758 idem
2885 5719 3008 5759 esse
3043 5700 3309 5773 precator,
3345 5701 3442 5773 qui
3470 5700 3845 5773 ittterecdensi

2239 5787 2365 5829 cum
2409 5785 2588 5845 tamen
2616 5775 2959 5830 intercodens
2993 5772 3376 5845 intelligendus
3403 5772 3474 5826 sit
3503 5773 3548 5827 is
3576 5811 3592 5836 ,
3644 5772 3738 5845 qui
3768 5773 3851 5825 in-

2238 5846 2471 5901 tercedit
2491 5885 2508 5912 ,
2544 5844 2594 5901 id
2617 5853 2722 5914 est,
2758 5857 2818 5902 ut
2845 5847 3007 5916 vulgo
3029 5841 3218 5902 dicunt
3237 5885 3252 5911 ,
3287 5843 3378 5914 qui
3402 5857 3462 5899 se
3483 5841 3736 5912 opponit.
