4150 6358
317 376 427 436 5'57

1500 371 1588 428 DE
1621 369 1782 428 CAIN
1818 370 1910 427 ΕΤ
1945 368 2126 428 ABEL
2187 370 2317 427 LIB.
2355 369 2397 427 Ι.

3517 375 3626 432 358

395 489 486 544 41.
527 487 806 546 Conclusa
832 503 965 559 ergo
988 487 1078 543 illo
1118 494 1170 543 et
1217 486 1466 542 convicto
1495 483 1626 541 Cain
1649 486 1878 542 crimine
1901 525 1920 554 ,
1948 489 2000 549 Α
2027 493 2431 541 sacramentum
2471 496 2575 542 est.
2611 485 2729 543 Non
2770 487 2916 544 enim
2959 499 3183 562 promer
3220 498 3625 549 sacramentum

326 581 473 637 aliud
503 581 800 637 oblationis
821 581 1004 636 vitium
1036 579 1410 636 discutiamus.
1445 579 1677 647 Obtulit,
1709 581 1875 650 inquit
1902 621 1918 646 ,

325 692 390 731 ea:
409 674 664 747 fructibus
705 684 884 740 terrae,
920 689 1024 728 non
1057 689 1085 726 a
1132 673 1322 742 primis
1353 673 1616 729 fructibus
1656 672 1922 743 primitias

327 768 462 825 Deo.
497 768 609 822 lloc
655 779 738 823 est
771 767 1038 837 primitias
1090 766 1193 822 sibi
1239 767 1390 839 prius
1421 766 1697 822 vindicare
1742 783 1757 818 :
1810 767 1924 822 Deo

332 874 513 916 au‘em
566 860 846 929 sequentia
891 859 1126 914 deferre.
1186 858 1371 930 Itaque
1411 874 1532 913 cum
1573 873 1701 914 vere
1743 859 1923 913 anima

329 956 542 1025 corpori
576 964 845 1025 tamquam
878 969 1038 1010 servo
1068 953 1287 1009 domina
1317 955 1382 1008 sit
1429 953 1786 1025 praeferenda,
1816 955 1922 1010 uti-

328 1063 433 1120 que
460 1046 725 1118 primitias
751 1047 866 1118 ejus
885 1089 898 1110 ,
933 1046 1033 1102 hoc
1054 1055 1139 1102 est
1162 1089 1177 1114 ,
1203 1047 1398 1101 animm
1431 1049 1580 1119 prius
1619 1064 1779 1118 quam
1804 1061 1925 1102 cor-

327 1143 476 1212 poris
525 1141 720 1197 olferre
773 1142 1056 1197 debemus.
1109 1142 1370 1197 Primitiae
1416 1143 1611 1197 animm
1664 1143 1926 1212 primatus

326 1243 453 1289 sant
519 1234 782 1289 bonarum
842 1233 1274 1304 disciplinarum.
1323 1234 1456 1303 Qum
1511 1236 1638 1290 licet
1686 1243 1927 1303 tempore

329 1329 664 1398 posteriores
691 1333 800 1385 sint
819 1372 834 1396 ,
875 1346 1039 1401 quam
1068 1331 1316 1402 corporis
1346 1331 1617 1401 primitite,
1647 1346 1767 1402 qua:
1803 1338 1929 1384 sunt

326 1437 475 1492 esca,
508 1424 900 1479 incrementum
921 1466 938 1492 ,
969 1424 1143 1491 visus,
1173 1424 1412 1488 auditus,
1457 1433 1511 1479 et
1533 1432 1709 1478 tactus
1729 1464 1744 1489 ,
1768 1421 1922 1489 odor,

327 1532 432 1572 vox
479 1517 665 1591 (mens
692 1530 876 1574 autem
908 1527 964 1574 et
993 1533 1186 1574 sensus
1217 1535 1341 1589 pars
1370 1515 1600 1587 animm)
1645 1531 1768 1588 pars
1802 1531 1927 1570 cor-

329 1609 480 1680 poris
505 1619 640 1677 -est,
678 1623 858 1666 tamen
903 1609 1114 1680 priores
1169 1617 1296 1664 sunt
1338 1608 1658 1680 disciplinis.
1690 1607 1926 1677 Quarum

329 1701 605 1772 primitiva
634 1710 720 1758 est
746 1718 883 1774 puro
908 1703 1072 1759 corde
1102 1713 1154 1758 et
1182 1702 1417 1774 simplici
1464 1715 1716 1757 sermone
1750 1701 1927 1757 oblata

329 1793 442 1850 Deo
473 1795 768 1865 gratiarum
798 1797 964 1851 actio.

2023 579 2199 635 ﬁdelis
2243 583 2590 650 omnipotens
2642 583 2819 650 Deus,
2868 584 2963 640 sed
2995 594 3221 657 propter
3250 585 3420 642 Deum
3461 589 3627 642 etiam

2023 683 2426 730 sacramentum
2459 675 2620 732 lidele
2660 688 2764 734 est.
2796 679 2910 746 Qua
2961 680 3173 736 ratione
3216 681 3378 750 igitur
3410 680 3625 753 Moyses

2019 766 2289 838 jurautem
2335 767 2502 823 Deum
2535 769 2785 826 inducit?
2811 771 2946 840 Quia
2977 787 3076 828 nos
3103 789 3198 828 usu
3219 773 3449 841 quodam
3479 789 3625 829 mor-

2029 859 2213 914 talium
2238 859 2565 929 claudimur,
2598 873 2652 917 et
2675 862 2821 918 velut
2842 864 3022 920 echini
3041 865 3245 921 cortice
3266 867 3498 936 quodam
3529 881 3629 922 nos

2026 953 2263 1023 vulgaris
2293 953 2568 1024 opinionis
2590 955 2642 1009 in
2654 957 2938 1023 volvimus,
2957 969 3047 1013 aut
3076 959 3224 1014 velut
3245 959 3483 1014 cochlea:
3509 975 3632 1031 quae

2027 1046 2132 1102 nisi
2169 1049 2308 1103 intra
2343 1057 2493 1102 testae
2526 1049 2928 1118 operimentum
2967 1051 3108 1116 sint,
3141 1053 3349 1122 spirare
3375 1068 3480 1108 non
3507 1068 3632 1123 pos-

2027 1150 2157 1196 sunt
2189 1184 2203 1208 ,
2237 1156 2335 1196 nec
2361 1157 2546 1198 aerem
2575 1143 2804 1200 liberum
2831 1161 3060 1216 carpere
3085 1155 3179 1201 aut
3208 1150 3478 1204 sustinere
3508 1165 3521 1201 :
3553 1146 3632 1203 sic

2030 1248 2130 1288 nos
2160 1250 2267 1289 non
2319 1236 2418 1288 nisi
2449 1236 2588 1289 intra
2623 1237 2870 1306 quaedam
2925 1237 3174 1294 humana:
3223 1239 3632 1296 consuetudinis

2031 1327 2254 1382 latibula
2281 1337 2496 1384 terrena
2521 1343 2819 1384 versamur.
2845 1329 3001 1388 Unde
3024 1333 3144 1402 quia
3170 1332 3299 1387 illud
3324 1334 3504 1389 verius
3539 1347 3634 1390 so-

2033 1421 2206 1477 lemus
2232 1423 2478 1489 credere,
2507 1424 2648 1494 quod
2667 1423 3022 1494 jurejurando
3049 1426 3327 1492 ﬁrmatur;
3354 1443 3420 1481 ne
3448 1436 3633 1482 nostra

2031 1513 2298 1570 claudicet
2329 1514 2486 1581 ﬁdes,
2513 1517 2697 1585 jurare
2724 1517 3047 1590 describitur
3073 1517 3215 1574 Deus
3241 1521 3334 1589 qui
3375 1518 3494 1590 ipse
3522 1535 3632 1575 non

2027 1607 2206 1679 jurat,
2233 1607 2326 1662 sed
2353 1609 2651 1678 jurantium
2677 1609 2862 1679 judex,
2889 1619 2940 1664 et
2969 1611 3110 1664 ultor
3133 1621 3216 1664 est
3246 1610 3628 1681 pejerantium.

2035 1700 2281 1771 Denique
2307 1703 2568 1770 scriptum
2601 1712 2686 1756 est
2721 1719 2735 1755 :
2767 1699 2973 1756 Iuravit
3011 1699 3288 1769 Dominus,
3320 1714 3367 1757 et
3397 1721 3499 1757 non
3525 1719 3636 1775 pm—

2033 1793 2211 1850 nitebit
2227 1811 2342 1849 eum
2369 1811 2388 1848 :
2417 1793 2497 1848 Tu
2528 1811 2581 1849 es
2609 1795 2850 1850 sacerdos
2879 1795 2932 1849 in
2959 1804 3209 1850 teternum
3241 1794 3360 1868 (Ps.
3391 1810 3512 1863 ctx,
3544 1794 3632 1867 4).

398 1887 492 1944 42.
541 1888 664 1945 llmc
715 1905 938 1944 munera
980 1889 1176 1945 obtulit
1206 1888 1371 1954 Abel,
1414 1896 1468 1945 et
1516 1887 1636 1944 ideo
1678 1887 1921 1958 respexit
1961 1890 2009 1950 B
2036 1887 2292 1944 Servavit
2339 1887 2524 1957 utique
2565 1887 2709 1958 quod
2750 1887 2983 1958 juravit,
3011 1887 3156 1942 dedit
3186 1888 3342 1943 nobis
3368 1899 3637 1943 mternum

327 1983 472 2039 Dcus
512 1983 566 2040 in
590 1999 812 2040 munera
847 1984 965 2055 ejus
989 2024 1006 2052 ,
1055 1984 1312 2054 quoniam
1339 1998 1369 2038 e
1397 1981 1684 2053 primitivis
1711 1982 1925 2038 obtulit.

325 2077 555 2135 Accedit
578 2095 708 2151 ergo
737 2081 860 2152 quia
883 2080 952 2136 de
977 2079 1267 2150 primitivis
1287 2077 1488 2145 ovium,
1511 2087 1566 2134 et
1593 2078 1659 2133 de
1679 2077 1930 2149 adipibus

326 2189 538 2230 earum.
572 2175 864 2231 Considera
892 2175 1015 2246 quia
1043 2189 1151 2231 non
1192 2174 1261 2230 de
1288 2173 1713 2239 insensibilibus,
1737 2172 1831 2229 sed
1861 2173 1930 2229 de

326 2266 697 2323 animantibus
739 2267 954 2324 obtulit.
989 2267 1116 2323 Plus
1139 2277 1221 2324 est
1252 2269 1396 2322 enim
1443 2266 1698 2322 animalis
1725 2307 1742 2332 ,
1767 2281 1929 2337 quam
1961 2257 1970 2266 ’

336 2370 630 2428 terrenus;
677 2362 942 2432 siquidem
972 2361 1223 2416 animalis
1265 2361 1542 2432 proximus
1569 2361 1797 2430 spiritali
1823 2368 1927 2416 est.

324 2451 448 2509 Non
481 2459 625 2509 enim
679 2457 828 2526 prius
877 2455 1018 2523 quod
1064 2453 1309 2526 spiritale
1358 2462 1479 2521 est,
1519 2453 1615 2509 sed
1647 2452 1790 2524 quod
1818 2452 1933 2507 ani-

324 2549 473 2602 male
501 2589 516 2612 ,
546 2547 746 2604 deinde
775 2547 918 2620 quod
949 2548 1213 2620 spiritale.
1248 2547 1401 2616 Quod
1452 2546 1688 2602 animale
1725 2548 1926 2618 spirat,

323 2641 499 2698 habet
525 2643 743 2700 vitalem
773 2644 1020 2716 spiritum
1053 2662 1065 2697 :
1119 2658 1224 2698 non
1255 2644 1324 2697 ita
1375 2643 1517 2713 quod
1546 2642 1613 2698 de
1663 2653 1930 2698 terrarum

325 2746 410 2792 est
441 2737 724 2792 fructibus.
773 2737 977 2793 Deinde
1006 2736 1208 2791 obtulit
1245 2750 1353 2790 non
1387 2734 1648 2803 secunda,
1688 2734 1783 2790 sed
1828 2735 1929 2804 pri-

326 2843 454 2894 ma;
489 2844 594 2883 non
627 2829 855 2900 exigua,
890 2830 982 2886 sed
1008 2830 1223 2900 pinguia
1269 2829 1436 2883 :talia
1457 2830 1601 2884 enim
1627 2828 1708 2882 lex
1744 2827 1937 2896 proba-

327 2920 450 2985 vit,
498 2928 554 2975 et
593 2921 758 2990 jussit
812 2919 1030 2988 oll‘erri,
1060 2922 1200 2976 sicut
1228 2921 1490 2991 scriptum
1517 2930 1601 2975 est
1645 2937 1658 2972 :
1708 2917 1773 2972 Et
1810 2919 1934 2983 erit,

329 3012 545 3084 inquit,
573 3031 689 3068 cum
716 3015 920 3069 inducet
947 3024 994 3069 te
1019 3013 1163 3069 Deus
1191 3015 1247 3069 in
1276 3025 1463 3069 terram
1503 3012 1932 3079 Cltanameorum,

331 3107 470 3161 sicut
508 3109 716 3181 juravit
743 3108 973 3178 patribus
1022 3107 1152 3173 tuis,
1187 3117 1232 3162 et
1282 3107 1424 3161 dabit
1465 3108 1590 3172 tibi;
1619 3106 1768 3160 tolles
1793 3121 1942 3160 omne

331 3201 478 3270 quod
504 3203 672 3270 aperit
700 3201 903 3254 vulvam
931 3200 1275 3254 masculinum
1323 3198 1565 3253 Domino.
1595 3196 1758 3252 Omne
1802 3197 1941 3267 quod

2036 1981 2335 2054 principem
2362 1980 2710 2036 sacerdotum
2751 1999 2763 2034 :
2791 1990 2848 2035 ut
2873 1988 2932 2037 et
2967 1991 3019 2036 tu
3051 1980 3194 2052 quod
3237 1981 3504 2052 juraveris
3527 2022 3542 2048 ,
3566 1982 3641 2036 ita

2035 2074 2256 2129 noveris
2285 2087 2407 2128 esse
2447 2072 2809 2140 servandum;
2841 2083 2898 2129 ut
2926 2074 3046 2145 quia
3079 2089 3175 2145 per
3214 2089 3336 2130 eum
3362 2075 3516 2145 juras
3542 2073 3637 2146 qui

2035 2182 2142 2223 non
2168 2165 2449 2233 mentitur,
2478 2166 2620 2222 scias
2640 2181 2765 2222 eum
2795 2163 3057 2231 futurum,
3083 2165 3131 2221 si
3161 2165 3468 2236 mentiaris,
3498 2168 3636 2221 ulto-

2034 2276 2174 2318 rem.

2107 2353 2200 2410 44.
2247 2355 2505 2426 Expulsis
2537 2355 2700 2427 igitur
2732 2355 2985 2424 inquietis
3012 2364 3066 2412 et
3107 2355 3397 2413 mobilibus
3431 2355 3641 2428 cogita-

2037 2452 2300 2514 tionibus,
2343 2453 2493 2508 dabit
2523 2453 2618 2507 tibi
2649 2453 2792 2509 Deus
2819 2467 3042 2508 vacuam
3087 2451 3485 2522 possessionem
3511 2466 3640 2506 cor-

2036 2545 2121 2602 dis
2150 2553 2206 2600 et
2234 2547 2474 2613 mentis;
2502 2555 2559 2601 ut
2606 2561 2724 2602 eam
2754 2546 2904 2601 cultu
2952 2546 3185 2616 quodam
3237 2544 3644 2614 tranquillitatis

2036 2655 2298 2696 exerceas
2317 2681 2333 2706 ,
2364 2650 2418 2694 et
2449 2638 2684 2695 fructum
2717 2655 2784 2694 ex
2816 2653 2881 2696 ea
2911 2639 3097 2710 capias
3117 2679 3132 2706 ,
3157 2653 3260 2694 nec
3285 2637 3556 2694 sustineas
3586 2637 3641 2692 in

2039 2745 2101 2786 ea
2133 2731 2501 2798 Cbananasos,
2532 2732 2636 2788 hoc
2665 2743 2748 2788 εει
2767 2774 2784 2799 ,
2827 2731 3073 2788 turbidos
3099 2747 3294 2789 sensus
3321 2746 3641 2798 recurrere;

2039 2824 2286 2882 eradices
2311 2825 2594 2896 gentilium
2653 2827 2906 2882 vitiorum
2933 2841 3150 2882 omnem
3182 2840 3534 2897 conceptum;
3568 2827 3650 2881 lu-

2040 2933 2136 2974 cos
2197 2935 2389 2974 eorum
2439 2919 2626 2975 diruas
2667 2920 2861 2991 quibus
2909 2919 3266 2976 obumbratur
3311 2921 3548 2987 veritas,
3591 2928 3650 2976 et

2043 3011 2260 3082 quidam
2302 3015 2547 3069 cmlestis
2580 3015 2718 3072 liber
2761 3015 2908 3071 visus
2937 3013 3284 3086 cogitationis
3313 3011 3540 3071 horrore
3561 3020 3643 3070 te-

2044 3105 2294 3162 nebrosae
2324 3107 2740 3177 disceptationis
2768 3108 3138 3164 absconditur.

2122 3199 2208 3254 45.
2242 3199 2348 3254 Sed
2382 3200 2484 3255 hoc
2535 3200 2638 3255 nisi
2689 3198 2874 3256 divino
2902 3201 3134 3256 donatus
3163 3214 3389 3256 munere
3423 3199 3645 3258 efﬁcere

335 3294 512 3363 aperit
538 3294 743 3348 vulvam
757 3297 821 3350 de
845 3294 1091 3349 armentis
1118 3303 1166 3347 et
1183 3293 1449 3365 pecoribus
1471 3293 1592 3359 tuis,
1611 3308 1940 3362 quacumque
1965 3281 2011 3346 C
2045 3307 2150 3348 non
2182 3303 2371 3364 potes;
2405 3293 2527 3348 ideo
2552 3293 2664 3348 ait:
2693 3292 2847 3349 Dabit
2868 3294 2958 3348 tibi
2987 3292 3128 3348 Deus
3151 3292 3349 3364 (Exod.
3382 3308 3499 3358 xm,
3519 3292 3631 3363 it),

334 3398 465 3442 nata
487 3388 680 3458 fuerint
710 3388 802 3443 tibi
824 3387 1132 3455 masculina,
1188 3387 1462 3457 sancti/ica
1497 3384 1740 3440 Domino.
1776 3384 1942 3440 Omne

335 3480 482 3553 quod
507 3481 674 3551 aperit
700 3481 904 3536 vulvam
941 3481 1101 3536 asinis
1119 3523 1133 3541 ,
1161 3479 1378 3534 mutabis
1401 3479 1531 3534 illud
1549 3495 1638 3534 ove
1664 3495 1683 3533 :
1703 3481 1746 3533 si
1773 3491 1944 3534 autem

338 3589 448 3628 non
481 3575 734 3642 mutabis,
781 3575 999 3630 redimes
1027 3574 1185 3646 203
1214 3573 1348 3628 illud
1381 3571 1578 3646 (Exod.
1628 3589 1754 3640 aut,
1788 3575 1851 3628 M
1893 3583 1942 3628 et

339 3664 502 3739 θείῃ).
537 3668 675 3737 Quid
709 3679 816 3724 tam
854 3667 1106 3739 profundi
1135 3667 1380 3740 mysterii
1405 3709 1419 3734 ,
1458 3678 1564 3720 tam
1605 3666 1732 3721 alue
1761 3681 1944 3722 secre-

341 3768 526 3832 tteque
556 3762 857 3832 sapientiae,
893 3772 919 3800 α
949 3778 1108 3833 quam
1139 3771 1199 3817 ut
1225 3763 1276 3816 in
1307 3761 1458 3816 venis
1480 3759 1804 3831 quihusdam
1824 3775 1946 3816 ver-

342 3855 546 3911 borum
577 3856 904 3926 simplicium
946 3854 1324 3926 deprehendas
1350 3866 1513 3924 atque
1545 3855 1762 3908 haurias
1791 3855 1949 3908 uber-

346 3953 523 4001 tatem
553 3948 740 4016 gratize
771 3947 1033 4018 spiritalis
1051 3946 1074 4000 ’ἶ
1118 3947 1410 4002 Chananrei
1440 3945 1582 3999 enim
1631 3945 1856 4000 mobiles
1898 3954 1954 4001 et.

348 4038 587 4108 inquieti
603 4030 766 4095 sunt.
801 4040 935 4095 Cum
967 4041 1133 4111 igitur
1162 4041 1214 4094 in
1246 4054 1434 4094 eorum
1458 4047 1658 4093 terram
1685 4037 1852 4093 fueris
1874 4039 1954 4094 in-

350 4149 621 4205 gressus,
649 4150 786 4205 quos
830 4137 1069 4192 advertis
1101 4146 1323 4206 propter
1362 4135 1659 4199 levitatem,
1692 4135 1958 4205 inquietu—

351 4226 568 4294 dinem,
603 4237 658 4283 et
689 4227 1095 4284 iustabilitatem
1122 4242 1334 4282 morum
1357 4269 1372 4294 ,
1401 4227 1742 4297 possessione
1780 4225 1959 4296 dejec-

358 4329 489 4386 tos,
517 4330 568 4375 tu
605 4328 788 4377 teneto
816 4323 1199 4377 constantiam.
1245 4319 1364 4375 Non
1398 4331 1448 4374 te
1493 4320 1611 4374 vilis
1651 4319 1816 4385 ratio,
1851 4334 1958 4374 non

352 4415 504 4470 levis
557 4430 739 4470 sermo
785 4415 1095 4486 perturbet;
1142 4414 1245 4468 hoc
1275 4423 1360 4469 est
1399 4411 1541 4468 enim
1586 4409 1959 4480 Cbauanaeus,

354 4510 585 4566 mobilis
615 4523 816 4576 sermo,
869 4509 1092 4566 allectus
1127 4506 1426 4572 instabilis,
1454 4516 1510 4560 et
1539 4507 1778 4577 inquieta
1827 4519 1960 4562 con-

355 4605 582 4660 tentio:
617 4605 710 4660 sed
743 4607 914 4676 magis
944 4604 1382 4674 tranquillitatem
1438 4601 1650 4666 cordis,
1695 4611 1755 4656 et
1792 4601 1959 4656 animi

2046 3384 2152 3440 hoc
2169 3397 2286 3450 est,
2319 3385 2486 3460 204.
2509 3387 2867 3458 cogitationes
2899 3387 3132 3458 optimas
3155 3429 3169 3453 ,
3213 3385 3420 3456 placida
3461 3386 3644 3442 consi-

2048 3477 2120 3534 lia
2141 3519 2156 3546 ,
2184 3483 2504 3549 tranquillas
2529 3481 2902 3537 inventiones.
2932 3481 3065 3536 Cum
3087 3480 3296 3537 dederit
3319 3479 3457 3548 haec,
3489 3480 3648 3536 tolles

2049 3587 2211 3629 omne
2239 3574 2380 3643 quod
2414 3576 2592 3646 aperit
2620 3576 2836 3630 vulvam
2859 3573 3236 3636 masculinum.
3271 3584 3326 3630 et
3345 3574 3650 3630 sanctiﬁca-

2051 3665 2134 3720 bis
2165 3666 2414 3722 Domino.
2447 3667 2565 3724 Non
2600 3677 2768 3724 totum
2799 3667 2970 3739 exigit
2995 3683 3025 3722 a
3065 3675 3120 3722 te
3160 3667 3336 3733 Deus,
3359 3669 3451 3737 qui
3477 3677 3651 3722 totum

2051 3760 2294 3816 donavit.
2323 3761 2487 3816 Multa
2519 3764 2663 3818 enim
2691 3763 2758 3819 ad
2787 3778 2942 3819 usum
2972 3759 3531 3830 substantiaelargitur
3552 3759 3672 3835 hu-_

2055 3868 2253 3918 mante,
2284 3863 2341 3908 et
2388 3853 2490 3909 hoc
2521 3871 2627 3910 non
2657 3866 2835 3925 potest
2861 3870 2988 3912 esse
3017 3855 3259 3911 divinum
3289 3853 3653 3922 sacriﬁcium,

2058 3943 2147 3998 ubi
2177 3954 2260 3999 est
2290 3961 2421 4001 usus
2467 3957 2692 4002 naturae.
2748 3948 2940 4013 Edere,
2974 3947 3184 4015 bibere,
3230 3945 3491 4011 dormire,
3525 3944 3659 4000 alia-

2059 4051 2163 4106 que
2185 4037 2351 4092 etiam
2379 4039 2681 4095 ministeria
2709 4040 2953 4109 corporis
2983 4039 3130 4095 dono
3162 4049 3287 4095 sunt
3313 4039 3408 4094 tthi
3436 4038 3654 4103 collata,

2060 4149 2172 4190 non
2209 4151 2238 4190 a
2268 4144 2322 4190 te
2345 4138 2512 4191 relata
2547 4137 2657 4192 Deo
2699 4151 2943 4192 munera.
2973 4135 3241 4207 Quidquid
3273 4142 3455 4191 autem
3504 4149 3662 4192 sanc—
3727 4178 3730 4180 η

2065 4236 2176 4283 tum
2201 4229 2529 4300 cogitaveris
2550 4270 2564 4294 ,
2593 4230 2694 4284 hoc
2729 4231 2820 4284 Dei
2851 4245 3046 4284 munus
3064 4239 3182 4294 est,
3219 4229 3312 4284 Dei
3341 4227 3658 4298 insliiratio,

2064 4324 2161 4380 Dei
2207 4327 2378 4396 gratia
2426 4343 2440 4379 :
2489 4324 2628 4380 sicut
2658 4340 2689 4380 e
2717 4324 2993 4380 contrario
3037 4325 3126 4379 illa
3174 4339 3295 4395 quae
3323 4338 3446 4379 cum
3477 4325 3529 4378 in
3561 4337 3662 4380 usu

2066 4429 2274 4474 natura:
2327 4417 2578 4472 humanae
2623 4417 2766 4484 sint,
2800 4431 2906 4472 non
2952 4416 3302 4488 coinquinant
3345 4416 3662 4482 hominem;

2066 4511 2160 4566 sed
2185 4509 2332 4582 quod
2372 4510 2486 4565 exit
2511 4509 2580 4565 de
2602 4525 2702 4566 ore
2726 4551 2742 4578 ,
2776 4511 2938 4572 furta,
2966 4509 3097 4564 falsa
3126 4508 3435 4565 testimonia
3453 4549 3470 4576 ,
3495 4508 3668 4564 sacri-

2070 4603 2229 4674 legia,
2261 4602 2376 4658 haec
2403 4613 2526 4658 sunt
2554 4620 2674 4675 qua:
2701 4603 3048 4674 coinquinant
3077 4602 3371 4659 hominem.

356 4698 722 4755 serenitatem
777 4698 1018 4768 placidus
1053 4708 1305 4761 servato;
1356 4703 1418 4750 ut
1450 4703 1721 4764 tamquam
1767 4696 1818 4750 iu
1850 4687 2047 4749 saloD
2141 4697 2232 4753 46.
2273 4697 2540 4753 Interiora
2581 4713 2712 4769 ergo
2761 4708 2941 4752 nostra
2993 4697 3333 4764 mundemus,
3385 4705 3446 4752 ut
3498 4695 3672 4767 possit

361 4790 540 4848 maris
584 4801 750 4846 tutam
797 4791 1022 4846 navibus
1061 4791 1373 4856 stationem,
1409 4799 1566 4861 portu
1595 4787 1830 4859 quodam
1859 4796 1964 4844 true
2071 4789 2275 4846 oblatio
2320 4806 2425 4844 non
2480 4789 2792 4860 displicere.
2845 4789 2920 4844 lbi
2967 4805 3276 4861 quaeramus
3316 4783 3480 4844 omne
3523 4787 3669 4859 quod

361 4888 864 4945 mentisexhibeas.
2073 4884 2252 4954 aperit
2306 4882 2525 4938 vulvam
2567 4883 2959 4951 masculinum,
3032 4883 3135 4938 hoc
3180 4893 3303 4949 est,
3363 4882 3568 4954 justum
3615 4888 3673 4936 et

442 4982 535 5037 45.
573 4981 720 5036 Hanc
753 4980 1154 5051 possessionem
1207 4978 1301 5038 tibi
1357 4979 1620 5034 Dominus
1656 4977 1962 5048 pollicetur,
2076 4976 2405 5049 principale,
2465 4977 2607 5048 quod
2653 4976 2995 5032 sanctilicare
3051 4977 3281 5032 Domino
3351 4976 3668 5032 debeamus.

365 5085 427 5133 et
449 5075 684 5146 quodam
711 5072 1039 5128 sacramenti
1063 5072 1326 5143 promittit
1351 5071 1606 5138 vinculo,
1633 5079 1691 5126 ut
1715 5081 1970 5126 constan-
2075 5067 2258 5139 Neque
2282 5070 2426 5124 enim
2454 5067 2506 5123 hi
2540 5083 2640 5124 nos
2669 5073 2919 5139 corporei
2947 5067 2974 5107 δ
2997 5071 3197 5135 coitus,
3229 5081 3524 5139 conceptus
3551 5080 3676 5137 par-

368 5170 510 5224 tiam
534 5176 676 5220 tuam
703 5165 904 5221 ﬁrmat.
927 5166 1113 5237 Neque
1141 5165 1286 5221 enim
1313 5165 1436 5221 ideo
1469 5164 1609 5220 Deus
1627 5163 1803 5234 jurat,
1827 5161 1970 5232 quod
2084 5169 2276 5233 Iusque
2315 5161 2654 5217 sanctiﬁcant
2673 5202 2690 5228 ,
2743 5163 2940 5234 quibus
2965 5163 3123 5217 vulva
3151 5160 3380 5216 feminea
3411 5159 3677 5215 deﬂorato

371 5260 488 5316 ﬁde
512 5258 787 5313 credentis
828 5258 1098 5330 indigeat,
1151 5266 1245 5313 aut
1290 5256 1722 5313 teetimoniorum
1769 5257 1974 5324 astipu-
2085 5255 2294 5325 pudore
2320 5255 2643 5326 virginitatis
2673 5256 2937 5327 aperitur.
2969 5255 3102 5310 Nam
3126 5255 3228 5310 etsi
3256 5252 3450 5308 mulier
3486 5252 3681 5309 sancti-

374 5351 674 5410 lationibus
705 5351 994 5406 destitutus
1025 5351 1340 5422 suﬁ‘ragium
1367 5349 1692 5406 sacramenti
1716 5351 1976 5420 requirat,
2083 5347 2212 5403 ﬁcat
2252 5349 2463 5414 virum,
2521 5356 2578 5404 et
2630 5352 2718 5404 vir
2761 5349 3074 5413 mulierem;
3132 5357 3311 5401 tamen
3366 5345 3684 5415 plerumque

378 5446 530 5503 sicut
560 5442 808 5499 homines
843 5443 934 5514 qui
989 5443 1149 5498 ﬁdem
1191 5444 1346 5500 nobis
1399 5441 1750 5498 adsciscimus
1798 5454 1980 5496 Sacra-
2085 5442 2352 5514 contingit
2381 5444 2607 5514 virginis
2649 5441 3194 5506 vulvametiamsiue
3215 5438 3682 5508 conjugiisancti-

380 5547 612 5605 mento,
639 5547 694 5593 et
725 5536 846 5592 ideo
881 5536 1148 5605 juramus,
1193 5545 1251 5590 ut.
1276 5535 1561 5590 credamur
1601 5549 1730 5588 vera
1757 5533 1980 5587 dixisse.
2089 5543 2199 5591 tate
2226 5537 2478 5592 reserari.
2531 5535 2716 5606 Neque
2755 5549 2941 5591 rursus
2984 5533 3101 5589 sola
3133 5530 3304 5587 virilis
3346 5540 3433 5588 est
3478 5532 3684 5603 gratia,

383 5638 535 5694 Deus
555 5645 735 5690 autem
757 5642 958 5687 etcum
993 5631 1227 5702 loquitur
1257 5630 1432 5685 ﬁdelis
1459 5639 1575 5697 est,
1599 5629 1754 5700 cujus
1791 5643 1974 5683 sermo
2094 5630 2292 5685 mulier
2312 5639 2494 5685 autem
2525 5627 2969 5684 sanctiﬁcationis
3016 5627 3192 5680 aliena
3217 5634 3341 5692 est,
3364 5634 3458 5682 aut
3487 5625 3687 5681 utrius-

473 5754 498 5781 ο
522 5743 654 5800 Mss.
705 5755 900 5796 omnes
921 5783 935 5807 ,
967 5751 1022 5796 et
1065 5748 1175 5794 vet.
1207 5740 1365 5810 edit.,
1397 5757 1550 5810 quam
1592 5740 1645 5793 in
1688 5739 1994 5807 quibusdam
2169 5739 2197 5778 ιτ
2226 5740 2303 5798 lta
2333 5740 2456 5800 Mss.
2504 5749 2560 5796 et
2588 5739 2746 5795 Rom.
2796 5736 2926 5794 edit.
2961 5737 3073 5794 Vet.
3110 5751 3242 5794 vero
3268 5738 3424 5809 edit.,
3453 5737 3688 5810 corporei

402 5816 608 5942 invenis
637 5814 905 5870 verborum
927 5812 1238 5882 simplicium
1259 5809 1668 5884 7Deprehendas
1691 5812 1830 5879 licet,
1850 5818 2002 5881 atque
2097 5811 2252 5884 fetus.

427 5902 620 5942 murta!
645 5925 661 5942 .
692 5893 796 5942 εις.

427 5893 620 5942 Μανίας
645 5925 661 5957 ,
692 5893 796 5943 etc.
