4150 6358
585 337 695 396 359

1933 330 2179 392 OANC'H
2216 331 2536 394 AMBROSII

3785 337 3903 396 διθ

585 469 694 525 que
722 468 888 510 sexus
913 455 1135 510 confusa
1163 460 1353 507 natura
1396 459 1510 517 est,
1542 459 1600 505 ut
1625 457 1856 520 uterque
1885 462 2184 518 corporeus
2209 447 2264 516 Δ
2291 464 2442 517 vere,
2471 457 2660 519 partus
2689 447 2829 504 solet
2871 448 3058 505 edere.
3089 448 3273 520 Neque
3302 451 3449 506 enim
3494 450 3656 507 aliter
3683 450 3903 507 diceret

583 545 845 602 fundatur
873 545 923 600 in
977 551 1177 614 partus.
1225 543 1436 599 [labent
1463 558 1560 598 sua
1603 542 1783 597 munia
1812 541 1946 606 viri,
1982 541 2184 598 habent

587 637 847 694 mulieres
889 649 1050 692 sestts
1096 635 1179 690 sui
1229 633 1406 690 officia
1439 634 1696 689 discreta.
1739 631 2030 689 Generatio
2079 631 2178 688 ista

583 729 946 784 successionis
985 727 1232 782 humana:
1270 724 1561 782 mulierem
1607 725 1796 794 decet,
1829 722 2181 795 impossibilia

578 821 768 878 eadem
795 821 928 878 viro.

649 914 740 970 47.
785 914 928 986 Ergo
949 915 994 970 si
1021 915 1204 972 carnis
1249 915 1371 973 usui
1412 929 1519 972 non
1551 913 1782 986 quadrat
1821 910 1908 968 hic
1953 925 2176 979 sensus,

578 1007 753 1064 officia
785 994 980 1064 animai.
1009 1009 1393 1066 discutiamus.
1437 1008 1600 1064 Istam
1628 1023 1760 1064 sane
1790 1007 2034 1072 invenio,
2061 1019 2183 1075 qua

575 1103 724 1158 nullo
748 1102 982 1159 discreta
1012 1103 1081 1158 sit
1113 1119 1246 1160 sexu
1281 1121 1294 1157 :
1328 1113 1382 1160 et
1412 1119 1536 1158 cum
1580 1118 1770 1158 sexum
1820 1118 1929 1158 non
1953 1099 2179 1169 habeat,

576 1197 859 1266 utriusque
885 1213 1048 1254 sexus
1083 1213 1306 1254 munera
1339 1209 1694 1269 reprzesentat
1715 1239 1729 1258 .
1777 1197 1964 1262 nubit,
1992 1196 2178 1251 conci-

571 1291 688 1360 pit,
724 1295 883 1361 parit.
926 1292 990 1346 Et
1015 1293 1154 1348 sicut
1183 1293 1400 1349 feminis
1428 1293 1578 1350 dedit
1617 1294 1832 1350 vulvam
1867 1301 2089 1357 natura,
2123 1291 2177 1346 in

573 1397 677 1455 qua
733 1383 1162 1456 uniuscujusque
1204 1387 1496 1442 animantis
1545 1389 1822 1458 generatio
1874 1399 2180 1456 permenso

574 1484 725 1530 truas
756 1475 1028 1532 formatur
1071 1487 1264 1532 aetates
1293 1495 1308 1534 :
1347 1478 1416 1536 ita
1459 1490 1542 1534 est
1589 1477 1836 1549 quaedam
1862 1479 2034 1532 virtus
2063 1476 2180 1531 aui—

575 1583 678 1622 mae
702 1583 824 1640 quae
843 1571 986 1625 velut
1013 1571 1246 1642 quodam
1269 1573 1443 1628 vulvae
1462 1573 1712 1646 genitalis
1741 1582 1954 1629 secreto
1976 1572 2181 1642 cogita-

575 1661 784 1717 tionum
836 1674 1144 1721 nostrarum
1197 1668 1477 1738 suscipere
1503 1668 1708 1725 semina
1733 1709 1749 1736 ,
1777 1681 2072 1740 conceptus
2101 1667 2182 1722 lo-

2288 543 2480 598 Esaias
2511 559 2523 596 :
2562 541 2628 596 In
2655 553 2800 597 utero
2830 545 3138 614 accepimus,
3177 551 3226 599 et
3246 545 3620 617 parturiuimus
3647 545 3901 618 spiritum

2282 635 2465 692 salutis
2505 633 2695 706 (Emi.
2750 651 2873 691 xxvt
2915 636 3042 709 18);
3077 636 3180 691 nisi
3238 637 3448 692 vulvam
3483 639 3679 692 anima:
3706 638 3900 694 novis-

2282 738 2384 786 set.
2423 729 2621 784 llarum
2665 731 3075 800 generalionnm
3123 731 3372 801 quzcdam
3417 731 3666 788 feminea:
3718 741 3896 802 sunt,

2283 822 2522 888 malitia,
2551 823 2877 893 petulantia,
2912 823 3184 892 luxuries,
3232 825 3681 894 inleu‘iperantia,
3717 825 3901 893 impu-

2288 914 2470 971 dicitia
2488 957 2505 983 ,
2532 915 2744 988 aliaque
2771 916 3077 988 huiusmodi
3104 917 3230 972 vitia
3256 958 3270 982 ,
3301 917 3501 988 quibus
3522 918 3691 974 animi
3715 920 3899 980 nostri

2287 1009 2535 1080 quaedam
2583 1019 2871 1066 enervatur
2901 1010 3154 1066 virilitas.
3188 1009 3496 1066 Masculinre
3527 1019 3653 1067 sunt
3678 1053 3694 1077 ,
3728 1010 3900 1066 casti-

2293 1113 2372 1158 tas
2394 1145 2410 1171 ,
2464 1103 2752 1173 patientia,
2803 1103 3126 1174 prudentia,
3172 1103 3551 1174 temperantia.
3585 1102 3851 1159 fortitudo
3875 1144 3894 1174 ,

2284 1198 2496 1269 juslitia
2518 1239 2534 1264 ,
2566 1198 2762 1268 quibus
2791 1213 2944 1253 tuens
2973 1211 3178 1264 nostra,
3227 1207 3284 1254 et
3312 1213 3440 1253 caro
3468 1197 3581 1269 ipsa
3618 1199 3893 1268 firmatur,

2286 1302 2342 1348 et
2369 1293 2435 1347 ad
2464 1292 2711 1348 obeunda
2746 1291 2974 1364 impigre
3025 1291 3204 1350 munia
3237 1292 3452 1347 virtutis
3495 1293 3740 1363 erigitur.
3777 1293 3894 1353 Hos

2287 1395 2469 1458 partus
2497 1388 2650 1440 alvus
2682 1385 2769 1440 ille
2800 1385 3150 1457 propheticus
3179 1382 3481 1455 partut'ivit.
3517 1383 3585 1440 Et
3608 1384 3732 1440 ideo
3759 1388 3844 1441 ait
3875 1403 3887 1417 ·

2283 1475 2349 1532 1η
2380 1485 2520 1531 utero
2549 1478 2837 1542 accepimus
2877 1486 2922 1532 et
2968 1476 3336 1547 parturiuimus
3381 1477 3624 1550 spiritum
3676 1478 3890 1534 solutis.

2283 1569 2574 1627 Masculum
2601 1569 2761 1641 igitur
2786 1579 2840 1626 et
2867 1570 3154 1641 parturivit
3179 1611 3196 1639 ,
3229 1577 3285 1627 et
3308 1570 3516 1642 peperit
3545 1610 3558 1636 ,
3591 1569 3888 1642 qui.spiri-

2286 1671 2398 1720 tum
2430 1662 2619 1717 salutis
2647 1661 2855 1719 effudit.

578 1775 3884 1809 Μ

1686 1886 2038 1970 LIBER
2122 1881 2786 1969 SECUNDUS.

1104 2166 1266 2240 ξοδ
1302 2165 1534 2226 CAPUT
1579 2167 1620 2222 l.

564 2255 767 2312 Anima:
792 2267 973 2331 partus
1001 2269 1202 2314 mature
1230 2261 1590 2330 producendos
1610 2277 1629 2316 :
1657 2277 1832 2316 eorum
1852 2275 1967 2331 quae
1995 2263 2166 2330 [arma

633 2351 701 2406 sit
722 2351 748 2404 ἵ
782 2349 1017 2407 Plebeios
1043 2369 1225 2407 sensus
1253 2355 1438 2409 mentis
1466 2355 1685 2424 imperio
1713 2353 1954 2408 domitari
1985 2367 2166 2421 posse;

635 2445 834 2512 duplex
860 2446 993 2499 enim
1032 2461 1141 2501 esse
1170 2463 1414 2500 sensuum
1445 2457 1738 2502 nostrorum
1770 2463 1928 2518 genus
1958 2463 1977 2513 ;
2021 2453 2068 2500 et
2112 2445 2166 2500 in

636 2550 753 2594 utro
782 2542 1068 2595 consistant
1107 2541 1367 2612 primitiva
1395 2537 1507 2595 Deo
1534 2538 1800 2608 offerenda
1823 2540 1848 2594 .’
1895 2539 2165 2595 Postremo

636 2633 700 2686 de
739 2634 1103 2687 commixtione
1155 2649 1256 2701 qua
1293 2643 1622 2699 constamus,
1669 2634 1882 2705 ejusque
1922 2632 2166 2700 primitiis

636 2725 952 2797 disputatur.

637 2819 693 2872 1.
738 2817 846 2872 llos
875 2824 1060 2889 partus
1092 2817 1268 2872 anima
1298 2827 1483 2874 nostra
1515 2818 1814 2889 parturiat,
1857 2832 1957 2874 nec
1984 2817 2162 2872 solum

563 2911 830 2980 parturiat
851 2954 864 2975 ,
914 2919 939 2948 ἰ
966 2911 1059 2966 sed
1088 2912 1254 2967 etiam
1285 2912 1494 2978 pariat,
1539 2923 1588 2967 et
1619 2911 1810 2966 diebus
1841 2909 2014 2981 pariat
2059 2913 2161 2964 im-

561 3002 719 3072 pletis
746 3018 760 3068 ;
806 3018 874 3058 ne
917 3005 1234 3057 immaturos
1264 3013 1452 3074 partus
1483 3003 1602 3059 dies
1630 3003 1818 3074 judicii
1852 3002 2162 3072 deprehen-

562 3095 674 3149 dat.
709 3096 781 3150 De
813 3095 897 3150 bis
923 3097 1065 3150 enim
1098 3095 1357 3169 partubus
1384 3095 1521 3150 dixit
1553 3095 1813 3150 Dominus
1831 3095 2026 3150 Jesus:
2067 3093 2160 3148 νω

561 3187 944 3259 prteguamibus
969 3199 1016 3242 et
1046 3189 1387 3242 nutrientibus
1416 3188 1470 3242 in
1498 3186 1607 3242 illis
1633 3187 1810 3241 diebus
1833 3185 1986 3258 (Luc.
2037 3201 2152 3249 ut,

557 3279 699 3352 25)?
729 3281 986 3336 Maturius
1018 3281 1182 3352 igitur
1210 3281 1525 3336 absolvatur
1566 3279 1654 3334 hic
1684 3290 1890 3348 partus,
1922 3287 1978 3334 et
2006 3279 2155 3348 cogi-

559 3375 790 3428 taliones
820 3382 1019 3429 nostra:
1050 3375 1318 3430 bonorum
1350 3389 1575 3444 operum
1611 3373 1960 3443 processibus
1985 3372 2157 3442 expli-

559 3473 752 3520 centur
780 3481 794 3528 ;
833 3473 894 3519 ut
932 3465 1065 3519 nihil
1113 3465 1492 3535 imperfectum
1525 3463 1646 3518 linis
1677 3471 1862 3519 noster
1891 3464 2152 3530 inveniat,

2193 2165 2243 2226 Β
2274 2161 2366 2217 Dei
2398 2161 2688 2232 perfectam
2721 2165 3072 2234 plenitudinis
3096 2169 3302 2226 Christi
3333 2178 3522 2228 tenere
3560 2186 3878 2229 mensuram

2271 2254 2490 2325 (Ephes.
2551 2272 2625 2324 tv,
2657 2258 2775 2331 15).
2834 2260 2948 2316 Hoc
2994 2263 3138 2318 enim
3166 2263 3494 2320 sacrificium
3542 2266 3881 2336 acceptabile

2270 2349 2384 2404 Deo
2413 2361 2660 2419 noverat,
2689 2355 2758 2410 de
2791 2371 2898 2424 quo
2923 2357 3186 2428 scriptum
3216 2368 3302 2414 est
3322 2378 3336 2414 :
3358 2357 3387 2398 ι’
3412 2358 3702 2431 Separaln's
3726 2378 3878 2418 omne

2267 2445 2406 2514 quod
2433 2447 2600 2510 aperit
2621 2449 2823 2503 uuluam
2839 2452 3202 2519 masculinum,
3228 2451 3457 2509 Domino
3485 2454 3687 2524 (Exod.
3747 2472 3872 2523 xm,

2269 2533 2383 2607 ii).
2435 2536 2501 2592 Et
2529 2540 2619 2607 qui
2651 2539 2895 2595 addidit:
2951 2542 3118 2598 Omne
3155 2545 3296 2616 quod
3344 2547 3513 2614 aperit
3560 2548 3766 2603 vulvam
3803 2551 3873 2604 de

2266 2631 2514 2684 armentis
2552 2641 2600 2686 et
2629 2633 2696 2686 de
2725 2637 2995 2700 pecoribus
3021 2654 3137 2705 qua,
3165 2647 3290 2693 sunt
3332 2641 3424 2695 tibi
3450 2684 3464 2706 ,
3517 2645 3869 2700 masculinum

2271 2723 2552 2792 sancti/ica
2581 2723 2803 2781 Domino
2834 2727 3028 2801 (lbid.,
3074 2733 3207 2803 42);
3251 2748 3320 2788 ne
3357 2735 3485 2806 quid
3523 2737 3868 2794 obscuritatis

2269 2813 2486 2880 habeat,
2519 2819 2948 2877 consideremus.

2335 2907 2390 2963 5.
2437 2908 2655 2965 Dixerat
2692 2913 2762 2968 de
2800 2915 3190 2987 principalibus
3233 2921 3677 2990 generationibus
3703 2964 3718 2989 ,
3763 2922 3866 2978 hoc

2265 3011 2368 3064 est,
2399 3003 2574 3072 plenis
2595 3009 2995 3081 capacibusque
3026 3013 3250 3068 rationis
3277 3033 3291 3069 :
3325 3015 3531 3071 addidit
3557 3025 3612 3072 et
3639 3016 3710 3072 de
3737 3031 3864 3088 gre-

2264 3096 2494 3165 galibus,
2523 3097 2626 3153 hoc
2651 3110 2754 3168 est,
2787 3104 3007 3173 reliquis
3039 3107 3184 3161 velut
3215 3107 3441 3176 plebeiis
3469 3109 3740 3175 sensibus,
3767 3113 3859 3180 qui

2265 3187 2674 3248 irrationalibus
2720 3209 3107 3267 comparantur
3153 3201 3432 3270 iumentis.
3492 3206 3625 3273 Quae
3682 3216 3862 3263 tamen

2262 3295 2384 3335 cum
2440 3297 2471 3336 ιι
2527 3295 2739 3342 rectore
2791 3289 2970 3360 aliquo
3017 3293 3418 3362 gubernantur,
3482 3297 3641 3353 facile
3695 3313 3840 3353 mau-

2262 3385 2554 3442 suescunt;
2601 3388 2652 3434 et
2686 3380 2943 3450 imperata
2972 3386 3230 3457 exsequi,
3256 3395 3312 3442 et
3336 3389 3520 3460 iugum
3550 3392 3732 3446 subire
3752 3434 3766 3457 ,
3805 3399 3858 3448 et

2261 3466 2327 3520 ad
2361 3482 2549 3524 vocem
2581 3473 2824 3543 magistri
2853 3478 3162 3533 accelerare
3189 3482 3416 3551 gradum
3442 3525 3458 3549 ,
3513 3494 3607 3538 aut
3635 3485 3849 3552 sistere,

558 3555 693 3609 nihil
745 3555 1129 3625 inexplicatum
1181 3555 1444 3610 terminus
1492 3556 1612 3608 vitae
1652 3564 1851 3608 nostrae
1888 3553 2150 3622 offendat,
2181 3573 2223 3634 ρ
2258 3570 2345 3611 aut
2377 3559 2700 3628 deflectere,
2745 3577 2839 3622 aut
2866 3570 3041 3641 aliqua
3071 3576 3249 3630 munia
3279 3576 3363 3631 sui
3394 3581 3574 3648 operis
3605 3595 3726 3648 qua:
3769 3581 3851 3649 jn-

557 3646 692 3700 niltil
725 3654 1000 3717 tamquam
1030 3647 1082 3700 in
1118 3647 1313 3701 incude
1343 3647 1576 3716 positum
1611 3659 1742 3700 usus
1770 3647 1938 3700 nostri
1970 3649 2154 3715 operis

553 3738 917 3810 derelinquat.
990 3739 1209 3794 Festina
1259 3739 1421 3810 igitur
1465 3741 1644 3794 anima
1691 3737 1928 3794 formare
1965 3750 2153 3806 partus

554 3840 703 3892 tuos.
730 3833 1110 3904 properantius
1139 3832 1448 3900 absolvere,
1479 3830 1712 3888 celerius
1737 3845 1874 3901 quos
1899 3831 2153 3902 genueris

553 3926 815 3984 enutrirc.

623 4019 680 4074 2.
722 4019 852 4086 Quae
879 4021 1012 4076 tanti
1046 4019 1217 4075 forma
1245 4019 1317 4074 sit
1361 4024 1546 4088 partus
1571 4056 1586 4082 ,
1636 4015 1974 4074 demonstrat
2000 4015 2150 4087 Apo-

551 4110 726 4166 stolus
748 4109 964 4166 dicens:
991 4108 1177 4166 Filioli
1210 4110 1309 4164 mei
1335 4126 1463 4180 quos
1490 4110 1678 4164 iterum
1703 4110 1961 4181 parturio,
1991 4109 2152 4164 donec

551 4206 804 4274 [armetur
833 4200 1069 4258 Christus
1113 4204 1169 4257 in
1215 4202 1358 4257 uobis
1388 4198 1590 4274 (Galot.
1648 4217 1723 4267 tv,
1755 4200 1869 4272 i9).
1931 4201 1986 4256 In
2013 4199 2153 4256 hanc

549 4293 782 4349 formam
812 4303 921 4349 tota
951 4295 1148 4350 mentis
1179 4303 1383 4350 nostra:
1408 4293 1719 4349 coalescant
1747 4295 1984 4360 viscera,
2013 4302 2068 4348 et
2095 4293 2149 4348 in

550 4386 648 4442 illo
675 4385 893 4456 genitali
932 4386 1053 4441 alvo
1097 4387 1295 4442 anitnze
1337 4394 1538 4440 nostra:
1575 4384 1826 4441 Christus
1859 4385 2148 4454 refulgent.

549 4477 744 4536 Partus
773 4487 961 4535 noster
989 4478 1129 4536 fides
1157 4479 1247 4544 sit,
1287 4476 1614 4532 nutrimenta
1647 4486 1832 4533 nostra
1879 4485 2149 4546 praecepta

549 4571 813 4628 doctrinae
843 4573 972 4628 sint.
1028 4573 1120 4628 llis
1151 4571 1395 4643 quzedam
1427 4570 1608 4626 cordis
1651 4571 1822 4626 nostri
1875 4570 2150 4626 imbuatur

548 4663 810 4732 infantia,
866 4663 1179 4724 instituatur
1207 4663 1476 4736 pueritia,
1522 4663 1930 4735 juvenculescat
1965 4663 2150 4720 adole-

547 4760 796 4822 scentia,
845 4767 1065 4813 senecta
1113 4768 1385 4812 canescat.
1449 4755 1605 4812 ditas
1653 4755 1796 4812 enim
1845 4757 2146 4813 senectutis

545 4851 654 4908 vita
703 4859 788 4906 est
840 4850 1208 4908 immaculata.
1274 4843 1460 4920 itaque
1505 4866 1567 4906 ea
1609 4850 1828 4906 demum
1871 4850 2013 4907 bona
2063 4859 2147 4908 est

2260 3649 2454 3706 bentur
2476 3694 2491 3718 ,
2544 3653 2779 3712 humano
2807 3662 3039 3731 quodam
3075 3665 3332 3722 fanntlatu
3364 3669 3517 3724 obire
3551 3685 3850 3728 consueve-

2259 3754 2406 3799 rttnt.
2469 3744 2699 3804 Tantum
2735 3753 2877 3808 valet
2912 3755 3219 3825 institutio,
3265 3769 3322 3815 ttt
3353 3762 3532 3818 vincat
3564 3765 3846 3820 naturam!

2257 3835 2440 3908 itaque
2471 3841 2557 3895 illa
2589 3844 2754 3917 206
2779 3863 2901 3916 qua:
2929 3854 3263 3908 consortium
3294 3865 3496 3912 nostra:
3538 3836 3853 3916 substantitn

2258 3945 2364 4022 non
2417 3930 2652 4001 habent,
2701 3949 3004 4008 agnoscunt
3043 3950 3226 4002 tamen
3269 3958 3468 4003 nostrae
3495 3950 3852 4022 voeis’impe-

2255 4020 2394 4076 rium
2417 4039 2430 4076 :
2453 4031 2510 4079 et
2537 4040 2658 4081 cum
2685 4043 2798 4083 sua:
2826 4041 3033 4090 natura:
3064 4037 3265 4093 nullam
3297 4040 3564 4097 rationem
3595 4020 3848 4112 habeant,

2255 4123 2454 4171 nostra:
2485 4121 2747 4177 rationem
2776 4139 3067 4192 capessunt
3093 4171 3109 4197 ,
3159 4142 3214 4187 et
3241 4135 3647 4200 quodammodo
3676 4147 3851 4196 trans-

2252 4207 2422 4262 fusam
2451 4213 2756 4281 acquirunt.
2824 4217 3008 4290 Equos
3037 4223 3281 4282 videmus
3314 4231 3665 4298 popularibus
3708 4234 3840 4289 inci.

2255 4302 2356 4356 tari
2383 4305 2611 4373 studiis,
2652 4311 2888 4379 gaudere
2919 4315 3196 4384 plausibus
3218 4361 3232 4385 ,
3263 4320 3542 4379 blanditiis
3582 4325 3845 4384 delectari

2253 4395 2520 4463 magistri.
2581 4399 2790 4460 Torvos
2828 4405 3016 4464 leones
3063 4413 3340 4470 cernimus
3381 4419 3686 4476 naturalem
3721 4421 3847 4479 feri-

2257 4497 2420 4546 tatem
2454 4493 2709 4565 imperata
2745 4513 2954 4561 mutare
2982 4511 3423 4581 mansuetudine,
3455 4530 3610 4572 suam
3643 4518 3845 4574 rabiem

2250 4581 2558 4682 deponere,
2588 4601 2805 4650 nostros
2833 4613 3014 4655 mores
3042 4616 3299 4670 sumere;
3348 4615 3404 4661 et
3444 4624 3567 4665 cum
3607 4612 3716 4666 sint
3744 4613 3845 4682 ipsi

2252 4677 2544 4775 terribiles.
2569 4683 2782 4742 discunt
2807 4693 3022 4749 timere.
3047 4695 3289 4754 Cmditur
3311 4703 3485 4770 canis,
3511 4714 3568 4760 ut
3593 4677 3846 4775 pavescat

2249 4768 2370 4866 leo:
2397 4783 2450 4828 et
2473 4777 2564 4846 qui
2591 4794 2686 4833 sua
2715 4782 2908 4852 injuria
2937 4801 3309 4860 eanperatur,
3339 4808 3622 4852 coercetur
3647 4800 3841 4866 aliena,

2251 4864 2581 4960 alteriusque
2604 4877 2853 4945 exemplo
2900 4879 3186 4951 frangitur.
3239 4885 3464 4953 Quoties
3497 4900 3678 4959 parata
3711 4864 3844 4960 prie?

545 4944 741 5002 animus
767 4953 1019 5002 senectus
1039 4985 1055 5012 ,
1099 4959 1261 5015 quam
1291 4945 1435 5000 nulla
1470 4945 1712 5014 perfidia:
1738 4945 2142 5017 inquinamenta

2263 4956 2317 5013 ia
2352 4968 2408 5015 et
2436 4962 2558 5018 cibo
2589 4965 2750 5021 obvio
2771 4944 2981 5027 famem
3015 4944 3225 5044 perpeti
3248 4944 3644 5040 inaluntsdum
3671 4944 3844 5038 follieu-

544 5040 961 5097 maculaverint.
1023 5039 1092 5096 Et
1138 5040 1261 5094 ideo
1304 5049 1490 5109 partus
1533 5055 1660 5097 suos
1685 5041 1755 5096 ab
1793 5041 1896 5096 hac
1933 5043 2141 5098 macula

547 5134 746 5192 Paulus
773 5133 1013 5190 defendit
1041 5151 1055 5188 :
1103 5133 1212 5206 Ego
1244 5151 1356 5200 eos,
1390 5134 1594 5204 inquit.
1637 5137 1790 5206 genui
1819 5136 1874 5191 in
1904 5135 2143 5206 Evange-

550 5229 622 5284 lio
652 5228 694 5302 (Ι
721 5227 841 5284 Cor.
893 5243 968 5294 tv,
999 5225 1112 5300 15);
1148 5243 1214 5282 ne
1244 5227 1396 5296 cujus
1430 5241 1570 5282 saeva
1605 5228 1965 5285 insusurratio
1995 5231 2145 5288 rudis

553 5320 675 5379 ﬁdei
710 5331 943 5378 tentaret
972 5321 1276 5377 infantiam.
1309 5319 1605 5376 Masculina
1635 5321 1798 5391 igitur
1821 5326 2141 5396 generabat,

545 5417 635 5486 qui
664 5417 720 5472 in
748 5418 921 5472 virum
950 5415 1248 5486 perfectum
1279 5413 1513 5495 populos
1543 5431 1681 5483 quos
1707 5414 1936 5472 ducebat
1965 5459 1980 5486 ,
2015 5419 2141 5477 fidei

544 5507 810 5576 gestiebat
854 5511 1065 5568 unitate
1109 5522 1439 5566 concurrere
1465 5549 1479 5574 ,
1525 5515 1582 5564 et
1624 5507 1678 5564 in
1723 5508 1992 5580 agnitione
2020 5511 2143 5569 Filii

616 5689 644 5719 ι
673 5673 1122 5756 Editaddebant.
1154 5682 1435 5738 secundum
1460 5681 1598 5755 quod
1627 5680 1834 5756 legitur;
1851 5681 1943 5739 sed
1963 5683 2136 5752 etiam,

546 5759 655 5807 etc.
677 5748 806 5804 Mss.
831 5764 961 5806 vero
997 5764 1056 5807 ut
1086 5755 1137 5808 in
1167 5763 1341 5809 textu.

614 5819 726 5877 bin
770 5834 903 5877 mss.
950 5820 1067 5878 Div.
1091 5832 1145 5879 et
1174 5824 1344 5882 Laud.
1389 5823 1728 5882 desideratur
1751 5840 1876 5895 vox,
1919 5842 2132 5900 separa-

2249 5065 2364 5105 sam
2397 5057 2637 5126 magistri
2671 5066 2976 5120 verentur?
3021 5067 3247 5136 Quoties
3292 5077 3580 5142 repentino
3623 5077 3843 5147 impulsi

2251 5153 2399 5234 motu
2453 5160 2637 5218 aperta
2683 5155 2748 5209 ad
2803 5174 3020 5216 morsus
3069 5177 3164 5217 ora
3207 5164 3346 5234 jussi
3397 5168 3720 5224 resolvunt?
3764 5169 3843 5226 Ita

2248 5232 2375 5290 dum
2409 5250 2608 5297 nostra:
2636 5245 2904 5303 voluntati
2933 5232 3338 5324 obsequuntur.
3369 5273 3481 5312 sua:
3509 5259 3843 5316 obliviscun-

2247 5338 2356 5386 tur.
2416 5333 2533 5390 Non
2577 5338 2650 5392 ita
2679 5339 2785 5395 illa:
2818 5341 2948 5399 fera:
2970 5388 2984 5413 ,
3038 5349 3122 5404 vel
3154 5349 3244 5404 illa
3279 5362 3522 5408 armenta
3554 5370 3839 5426 equorum,

2247 5426 2330 5518 vel
2357 5441 2529 5496 genus
2555 5445 2716 5488 omne
2739 5437 3028 5507 pecudum,
3053 5457 3174 5512 quae
3196 5442 3315 5500 sine
3340 5459 3554 5518 rectore
3581 5462 3842 5518 vagantur

2248 5516 2394 5585 ullo,
2439 5527 2496 5575 et
2524 5523 2672 5578 omni
2701 5524 2990 5586 domitoris
3019 5513 3400 5605 gubernaculo
3426 5513 3678 5596 destituta
3709 5556 3840 5597 exa-

2251 5687 2336 5786 eis
2346 5699 2476 5786 ruent.
2486 5700 2619 5786 post
2643 5708 2810 5766 pauca
2841 5701 2895 5759 in
2921 5704 3114 5764 eodem
3137 5749 3153 5777 ,
3203 5717 3257 5766 et
3289 5710 3410 5768 Vat.
3442 5712 3677 5773 secunda
3709 5730 3834 5786 vox.

2244 5759 2531 5831 sanctiﬁcd.
