4150 6358
255 331 354 386 5“
1457 322 1541 377 DE
1579 320 1736 378 (ΜΝ
1775 320 1866 380 ET
1901 321 2087 380 ABE].
2124 323 2255 380 LIB.
2299 324 2362 380 tl.
3451 330 3558 387 δη

255 452 560 518 sperantur.
605 441 674 498 Et
704 440 826 500 ideo
857 439 1088 514 appositi
1114 447 1239 495 sunt
1265 438 1582 494 armentarii
1603 477 1618 504 ,
1648 438 1842 509 opilio.
1875 446 1924 510 Α
1950 439 2082 495 sicut
2107 441 2424 498 oblationem
2453 443 2518 499 ds
2535 459 2692 501 area:
2718 447 2793 500 sic
2807 445 3034 514 oﬂ'eretis
3062 445 3559 520 primitiasbconfa-

259 553 387 605 nes,
445 535 738 606 exterique
772 544 1016 604 pastores
1038 573 1054 598 ,
1099 531 1315 603 quidam
1348 532 1590 602 magistri
1619 545 1848 603 gregum
1955 534 3159 610 sianumuestrarum,etdabitisDontino(Nunt.
3185 539 3553 614 xv,2etseq.).

267 630 444 687 ofﬁcia
493 644 590 685 sua
639 628 868 700 singulis
911 627 1269 684 animantium
1298 625 1402 681 sibi
1431 627 1852 684 commissorum
1955 625 2218 682 Confusio
2246 644 2345 682 nos
2371 645 2590 697 sumus,
2629 630 2971 686 diversorum
3000 633 3397 687 elementorum
3423 645 3558 701 quas

266 722 580 780 Conditione
609 721 927 776 formantes.
1959 720 2083 775 dam
2138 721 2530 778 commistione
2580 723 2890 794 compositi.
2959 724 3237 796 Siquidem
3304 726 3556 796 frigidum

337 821 390 873 4.
439 815 660 871 Videtur
685 831 817 886 ergo
848 824 904 869 et
930 826 1190 869 sensuum
1235 821 1546 868 nostrorum
1579 811 1854 881 quoddam
1961 813 2172 882 calido,
2220 825 2276 870 et
2323 816 2604 871 humidum
2653 818 2798 872 sicco
2826 819 3090 874 miscetur
3115 821 3167 873 in
3199 817 3374 874 nobis.
3433 815 3562 872 ilice

270 926 440 981 genus
464 909 608 964 aliud
651 908 914 964 domitum
942 915 999 961 et
1028 914 1369 961 mansuetum
1397 923 1409 958 :
1449 906 1596 960 aliud
1626 904 1858 960 lndomi-
1961 909 2281 978 conspersio
2313 909 2512 964 multas
2547 910 2706 965 habet
2736 913 2917 966 carnis
2956 911 3273 978 illecebras,
3305 919 3358 966 et
3387 910 3558 983 pluria

271 1013 381 1058 tum
435 1001 575 1075 quod
621 1001 951 1058 armentario
984 999 1219 1069 quodam
1266 1009 1415 1054 metu
1467 997 1667 1054 mentis
1711 997 1862 1052 velut
1965 1016 2082 1058 mas
2119 1001 2551 1057 delectationes:
2596 1001 2695 1058 sed
2727 1019 2832 1056 non
2863 1013 2991 1057 sunt
3024 1004 3075 1057 hi
3105 1003 3369 1074 printitivi
3403 1003 3564 1072 hujus

269 1095 457 1151 deside
485 1105 644 1166 atque
672 1093 913 1150 rcSoluto
941 1101 1166 1163 proruat
1211 1090 1279 1144 ad
1329 1089 1730 1146 irrationabiles
1761 1088 1860 1144 deo
1967 1094 2219 1164 corporis
2246 1109 2440 1150 sensus
2468 1133 2482 1161 ,
2531 1093 2659 1164 quia
2697 1107 2764 1149 ex
2795 1097 2974 1149 anima
3005 1103 3062 1150 et
3090 1109 3322 1166 corpore
3349 1103 3568 1150 εοιιειει.

270 1192 585 1248 lectationes
612 1189 897 1260 corporis:
948 1196 1292 1242 mansuetum
1326 1197 1509 1240 autem
1539 1184 1683 1255 quod
1715 1183 1866 1238 velut
1968 1203 2087 1243 mus
2130 1197 2186 1244 et
2229 1190 2445 1259 spiritu.
2500 1189 2628 1244 llaec
2654 1199 2738 1244 est
2767 1189 3085 1259 conspersio
3124 1190 3465 1261 principalis,
3511 1191 3565 1245 in

271 1284 392 1338 duci
449 1280 664 1338 cuidam
721 1277 1082 1336 moderationi
1145 1278 1347 1333 mentis
1395 1291 1456 1333 se
1511 1276 1764 1345 subjiciat
1812 1281 1869 1330 et
1969 1295 2075 1350 qua
2102 1280 2428 1336 sanctificari
2452 1296 2551 1336 nos
2567 1280 2862 1346 Apostolus
2891 1283 3060 1352 cupit,
3091 1284 3236 1338 sicut
3260 1283 3369 1337 ait:
3401 1281 3567 1351 cIpse

269 1377 486 1434 subdat.
529 1375 894 1446 Quaecut‘nque
941 1389 1071 1443 ergo
1101 1373 1222 1443 ejus
1252 1383 1460 1426 natura:
1491 1381 1771 1439 reguntur.
1807 1383 1871 1424 ea
1972 1381 2144 1427 autem
2171 1371 2312 1428 Deus
2339 1375 2480 1445 pacis
2505 1372 2789 1443 sanctiﬁcst
2812 1389 2900 1428 vos
2932 1389 3022 1443 per
3049 1375 3259 1436 omnia;
3290 1383 3347 1428 ut
3374 1373 3570 1444 integer

271 1478 398 1527 sunt
429 1469 732 1524 masculina
764 1481 925 1538 atque
957 1467 1197 1538 perfecta
1231 1482 1246 1519 :
1298 1480 1656 1536 quaecumque
1684 1474 1868 1519 autem
1973 1470 2188 1528 spiritus
2223 1479 2388 1523 vester
2423 1479 2473 1524 et
2508 1469 2681 1523 anima
2709 1478 2758 1523 et
2785 1483 2974 1536 corpus
3011 1469 3122 1522 sine
3157 1469 3371 1536 querela
3397 1465 3453 1521 in
3486 1469 3570 1522 die

273 1568 393 1621 sine
421 1564 559 1618 duce
587 1563 697 1616 ullo
725 1561 933 1632 plebeia
968 1559 1393 1631 praesumptione
1435 1558 1665 1628 quadam
1700 1556 1870 1610 domi-

278 1634 500 1720 nantur,
525 1654 672 1708 velut
692 1652 929 1709 civitatis
955 1651 1185 1723 alicujus
1207 1666 1326 1722 qua:
1358 1650 1500 1720 regis
1525 1651 1872 1718 Optimatum-

279 1766 386 1821 que
431 1748 660 1803 consilio
707 1747 921 1816 privata
971 1747 1077 1813 sit,
1134 1746 1204 1800 ita
1237 1743 1482 1812 corporis
1522 1744 1603 1798 sui
1651 1757 1870 1797 omnem

1977 1559 2190 1616 Domini
2220 1564 2382 1617 nostri
2405 1563 2532 1617 Jestt
2561 1561 2755 1617 Christi
2794 1571 3021 1617 servetur
3050 1561 3095 1632 (ι
3124 1559 3307 1615 Thess.
3361 1577 3414 1628 v,
3443 1561 3563 1632 25).

1976 1653 2144 1726 Cujus
2187 1654 2596 1725 conspersionis
2628 1653 2882 1726 primitiae
2933 1653 3209 1725 spiritales
3256 1662 3419 1722 sunt,
3469 1653 3573 1708 hoc

1978 1760 2063 1804 est
2088 1789 2103 1815 ,
2137 1748 2479 1803 inventiones
2507 1759 2562 1804 et
2584 1750 2966 1820 generationes
2990 1763 3247 1803 sensuum
3275 1747 3364 1818 qui
3398 1759 3463 1801 ex
3493 1745 3578 1800 vl-

280 1849 477 1895 statum
511 1850 566 1894 et
616 1838 826 1893 virilem
857 1840 1097 1908 vigorem
1138 1834 1396 1891 muliebri
1425 1833 1655 1905 quadam
1695 1833 1872 1889 disso-

2000 1858 2112 1912 gore
2154 1844 2348 1898 ani-na:
2397 1845 2719 1914 procedunt.
2779 1843 2885 1900 Sed
2915 1859 3023 1897 non
3067 1856 3258 1897 omnes
3309 1839 3576 1910 primitivi

280 1934 486 1987 lutione
517 1930 852 1986 clientiuant.
901 1929 986 1984 Ex
1019 1929 1102 1983 his
1134 1929 1222 1982 illa
1253 1928 1341 1983 lex
1369 1927 1550 1982 carnis
1577 1936 1704 1994 est,
1751 1941 1874 1997 quae

280 2025 452 2096 legent
484 2023 812 2095 ApOstolica:
856 2025 1052 2079 mentis
1083 2021 1438 2093 impugnans,
1466 2019 1735 2092 captivam
1767 2029 1880 2076 tra-

284 2117 446 2173 hebat
473 2134 591 2172 eam
624 2117 856 2188 quadam
890 2117 1006 2188 lege
1040 2117 1270 2188 peccati.
1339 2116 1401 2170 Et
1444 2116 1565 2171 ideo
1596 2127 1654 2170 ut
1681 2115 1751 2172 de
1780 2116 1878 2172 illo

287 2213 478 2268 mortis
530 2227 758 2282 corpore
823 2212 1188 2279 liberaretur,
1255 2224 1409 2281 spem
1473 2226 1629 2267 suam
1681 2209 1879 2266 Paulus

286 2321 502 2362 omnem
550 2321 658 2361 non
710 2307 764 2360 in
813 2321 908 2361 sua
943 2306 1178 2374 virtute,
1233 2306 1329 2361 sed
1380 2307 1433 2362 in
1460 2305 1664 2360 Christi
1706 2306 1882 2377 gratia

287 2399 584 2470 reponebat
601 2399 778 2476 (llam.
821 2415 916 2463 vu,
940 2397 1058 2470 25).
1080 2397 1231 2455 Unde
1261 2400 1429 2470 liquet
1453 2398 1597 2470 quod
1624 2399 1709 2453 has
1733 2413 1884 2454 com-

287 2491 558 2547 motiones
587 2508 709 2563 qua:
737 2492 1040 2548 secundum
1072 2492 1248 2562 legem
1282 2493 1481 2548 mentis
1512 2503 1669 2558 sunt,
1708 2507 1773 2548 ex
1800 2491 1883 2548 di-

287 2588 416 2642 vino
461 2587 648 2643 favore
695 2587 1037 2658 procedunt,
1083 2586 1176 2642 alii
1216 2595 1402 2643 autem
1449 2601 1643 2644 sensus
1685 2601 1753 2644 ex
1783 2603 1881 2642 vo-

289 2681 492 2752 luptate
530 2697 818 2751 corporea.

363 2775 418 2830 5.
448 2776 535 2831 Illa
551 2774 714 2844 igitur
736 2791 853 2845 quae
875 2784 1060 2830 sancta
1081 2783 1226 2840 sunt,
1247 2773 1515 2845 primitiva
1529 2784 1656 2830 sunt
1675 2783 1887 2832 nostro-

295 2857 420 2920 runi
443 2882 697 2921 sensuum
723 2884 735 2919 :
772 2867 870 2920 ista
899 2866 1050 2922 velut
1078 2866 1146 2922 de
1179 2867 1413 2936 quodam
1441 2883 1607 2937 grege
1638 2875 1800 2934 sunt,
1832 2876 1889 2924 et

294 2957 505 3012 vilitate
538 2958 784 3027 plebeia:
819 2965 843 2992 ο
888 2973 1011 3028 qua:
1043 2961 1187 3012 varia
1220 2957 1438 3012 videtur
1465 2958 1678 3029 Moyses
1717 2959 1893 3012 nomi-

297 3053 458 3106 nibus
487 3050 824 3122 siguilicasse
853 3051 1104 3108 diversis.
1148 3051 1263 3108 Hoc
1289 3053 1434 3107 enim
1461 3052 1702 3107 declarat
1726 3053 1890 3108 etiam

297 3145 387 3200 illa
415 3161 541 3200 area
574 3145 710 3215 legis
749 3147 1009 3217 mystica,
1038 3144 1107 3201 de
1136 3161 1241 3217 qua
1273 3147 1347 3199 ait
1373 3162 1388 3201 :
1438 3144 1601 3200 Initia
1627 3161 1763 3201 arere
1789 3156 1894 3202 tute

1980 1949 2195 2002 sensus,
2228 1935 2333 1991 nisi
2357 1937 2448 2007 qui
2476 1935 2696 1991 malitiae
2719 1944 2773 1990 et
2799 1934 3177 2004 improbitatis.
3206 1943 3368 2004 atque
3397 1933 3578 1988 cumis

1979 2031 2183 2085 erroris
2209 2039 2460 2085 exsortes
2502 2039 2647 2084 sunt.
2702 2029 2837 2085 Sunt
2879 2036 3060 2082 autem
3101 2027 3426 2081 necessariae
3455 2039 3578 2080 core

1985 2126 2131 2195 poris
2157 2124 2571 2189 delectationes,
2609 2132 2666 2178 ut
2695 2121 3025 2186 dormiendi,
3055 2119 3286 2186 edendi,
3329 2118 3576 2184 bibendi,

1985 2220 2388 2287 deambulandi,
2431 2229 2486 2276 et
2515 2220 2696 2273 caeteri
2725 2231 2919 2273 sensus
2945 2214 3251 2287 hujusmodi
3277 2229 3292 2280 ;
3341 2213 3436 2268 sed
3469 2223 3579 2267 non

1984 2315 2037 2370 itt
2072 2315 2158 2370 his
2189 2315 2458 2385 primitiae.
2513 2313 2581 2370 Et
2610 2313 2734 2368 ideo
2763 2325 2868 2367 non
2901 2313 2952 2366 ltt
2985 2311 3090 2377 his,
3123 2309 3217 2365 sed
3249 2309 3302 2364 in
3334 2307 3442 2363 illis
3473 2307 3581 2361 Do-

1984 2409 2116 2465 mini
2148 2419 2581 2476 sacramentum,
2633 2409 2722 2464 ubi
2754 2409 3009 2474 castitas,
3061 2406 3268 2478 pietas,
3326 2403 3411 2462 ubi
3447 2401 3583 2459 fides

1987 2511 2152 2576 atque
2204 2503 2442 2560 devotio.
2492 2503 2657 2572 Cujus
2714 2499 2796 2557 rei
2853 2499 3198 2555 manifestum
3248 2507 3301 2554 et
3350 2497 3584 2553 evidens

1987 2597 2299 2667 exemplum
2331 2604 2416 2652 est
2444 2597 2648 2652 oblatio
2682 2593 3006 2666 patriarchae
3032 2591 3201 2657 Isaac,
3226 2605 3388 2662 quem
3415 2589 3585 2644 sacri-

1989 2691 2096 2745 flcii
2139 2689 2304 2745 modo
2332 2689 2528 2744 obtttlit
2580 2698 2731 2759 pater
2769 2687 2971 2742 nullius
3010 2689 3156 2739 motu
3194 2683 3461 2754 passionis
3492 2681 3580 2735 lnu

1992 2783 2166 2839 lleXus
2220 2783 2509 2848 humanae,
2569 2782 2825 2836 mundam
2873 2777 3112 2835 offerens
3161 2776 3275 2831 Deo
3323 2771 3582 2840 hostiam,

1992 2891 2325 2945 vacuamque
2354 2871 2689 2939 formidinis,
2732 2882 2787 2928 et
2815 2883 3099 2941 corporeae
3127 2867 3441 2938 cupiditatis
3484 2865 3588 2919 ltit-

1996 2984 2250 3035 munem,
2295 2982 2416 3023 cum
2457 2967 2572 3038 ipsa
2615 2969 2789 3037 pietas
2837 2965 3004 3035 patris
3048 2961 3324 3018 devotioni
3368 2958 3592 3015 cederet

1996 3063 2067 3118 im
2077 3063 2348 3118 molatttis.

2635 3151 2863 3208 CAPUT
2902 3149 2966 3206 ll.

296 3249 345 3295 et
387 3240 530 3295 lacus
557 3241 630 3294 tui
676 3256 781 3295 non
808 3241 1086 3295 nouissima
1116 3241 1296 3311 facies.
1344 3238 1620 3294 Primitiva
1659 3239 1890 3309 ﬁliorum
1919 3231 1966 3295 C
2001 3251 2269 3306 Primitias
2300 3267 2401 3304 ηοη
2431 3259 2688 3319 tempore,
2725 3247 2815 3302 m1
2840 3244 3112 3300 εαηεείιαεε
3140 3238 3429 3297 astimarl:
3475 3247 3594 3290 cum

297 3341 502 3386 tuorum
528 3332 675 3386 dabis
704 3333 829 3386 nti/ti
859 3330 1058 3404 (Exod.
1107 3347 1243 3395 χχιι,
1264 3330 1380 3402 23).
1405 3330 1618 3387 Sanctae
1648 3346 1895 3386 commo-

296 3425 476 3480 tiones
504 3441 759 3479 sensuum
792 3432 1102 3479 nostrorutn
1125 3466 1139 3490 ,
1184 3439 1304 3494 quae
1336 3424 1633 3479 secundum
1666 3423 1895 3480 virtutes

295 3528 444 3586 sunt,
473 3521 604 3590 ipsae
633 3528 759 3574 sunt
791 3519 1042 3590 primitias
1073 3535 1214 3574 areae
1243 3518 1513 3591 spiritalis
1538 3537 1552 3573 :
1603 3529 1893 3590 prapterea

297 3607 463 3671 etiam
497 3615 664 3671 rurali
694 3631 838 3671 arca:
865 3625 1254 3686 comparantur
1277 3654 1294 3680 ,
1345 3616 1396 3669 in
1424 3630 1531 3686 qua
1564 3615 1895 3672 ventilantur

297 3707 594 3764 frumenta.
655 3709 808 3766 Sicut
850 3710 994 3765 enim
1036 3710 1090 3764 in
1137 3709 1235 3763 hac
1266 3711 1434 3763 rttrali
1464 3724 1587 3765 area
1620 3709 1896 3766 excutitur

299 3805 537 3858 triticum
565 3813 727 3873 atque
757 3802 1055 3870 hordeum,
1099 3802 1259 3874 207
1291 3809 1347 3857 et
1373 3801 1502 3856 dum
1531 3803 1731 3872 saepius
1760 3818 1892 3857 ven-

305 3898 523 3960 tilatur,
572 3903 856 3964 separatur
896 3910 925 3949 a
964 3894 1171 3964 paleis;
1217 3896 1343 3964 quia
1377 3895 1543 3963 paleae
1586 3903 1896 3963 caete-raque

302 3999 659 4060 purgamenta
686 3989 881 4044 messis
903 3989 954 4042 in
978 3989 1252 4042 diversum
1279 3990 1411 4044 levis
1432 4004 1578 4043 aura:
1602 3989 1900 4059 spiramine

300 4083 679 4152 dissipantur;
733 4081 821 4136 illa
853 4096 980 4137 vero
1013 4097 1138 4152 qua:
1165 4081 1420 4136 solidiora
1449 4094 1609 4148 sunt,
1639 4084 1691 4138 in
1724 4086 1899 4138 lci-um

301 4176 556 4231 eumdem
586 4189 821 4230 excusso
861 4175 1084 4244 pulvere
1110 4174 1430 4230 relabuntur
1457 4193 1470 4228 :
1520 4177 1590 4230 ita
1621 4177 1906 4247 cogitatio-

301 4284 432 4324 nutn
470 4278 777 4322 nostrarum
807 4265 990 4337 fruges
1019 4282 1138 4338 qua:
1167 4275 1298 4321 sunt
1339 4267 1527 4322 solida:
1569 4277 1733 4337 atque
1761 4269 1903 4338 opti-

301 4378 428 4430 mae,
467 4377 652 4431 puram
682 4370 846 4432 atque
874 4361 1147 4416 sinceram
1178 4359 1438 4416 exhibent
1468 4362 1682 4416 virtutis
1713 4363 1904 4418 alimo-

303 4457 493 4521 niam,
542 4455 684 4509 sicut
725 4453 988 4522 scriptum
1021 4462 1144 4507 est:
1192 4454 1328 4520 Quia
1376 4469 1480 4507 non
1522 4453 1576 4508 in
1619 4455 1730 4508 solo
1775 4472 1908 4524 pana

303 4551 424 4606 vivit
459 4550 642 4610 homo,
683 4549 772 4602 sed
799 4549 853 4600 in
881 4547 1020 4600 omni
1048 4545 1198 4600 verba
1227 4546 1319 4600 Dei
1346 4545 1500 4618 (Luc.
1559 4562 1632 4611 tv,
1661 4549 1716 4617 4)
1747 4567 1758 4600 :
1783 4564 1905 4618 quae

2072 3345 2174 3415 ﬁde
2213 3358 2327 3415 qua:
2360 3342 2623 3414 imprimis
2664 3339 2953 3394 necessaria
2989 3344 3098 3402 est,
3129 3328 3496 3406 conjungenda
3524 3328 3593 3383 ad

2069 3454 2246 3492 verum
2285 3435 2603 3505 sacriﬁcium
2639 3433 2773 3488 bona
2818 3445 3018 3503 opera:
3071 3429 3243 3500 [ructu
3293 3430 3597 3480 mutandum

2071 3529 2298 3584 laborem
2324 3569 2339 3596 ,
2395 3536 2547 3597 atque
2588 3527 2817 3580 animam
2857 3523 2920 3578 ab
2964 3521 3230 3578 inutilibus
3273 3515 3597 3574 liberandam

2071 3639 2198 3680 8888.

2074 3719 2126 3773 7.
2171 3717 2322 3773 Nunc
2358 3715 2768 3771 consideremus
2813 3727 2935 3782 qua)
2981 3710 3053 3765 sit
3088 3709 3170 3765 vis
3209 3705 3598 3779 primitlarom,

2003 3820 2056 3866 et
2087 3819 2266 3864 utrum
2299 3819 2545 3878 tempore
2576 3807 2913 3860 a-stimentur
2941 3801 3194 3871 primitim
3219 3842 3234 3866 ,
3284 3814 3352 3853 an
3397 3795 3603 3852 sancti-

2007 3911 2143 3967 tate,
2180 3901 2282 3956 hoc
2312 3911 2424 3964 est,
2472 3909 2650 3952 utrum
2683 3899 2864 3951 omnia
2893 3895 3058 3966 203
3085 3889 3444 3962 primogenita
3476 3901 3603 3944 san-

2004 3993 2385 4049 ctificationem
2421 3991 2651 4046 habeant
2685 3990 3061 4060 primittarum.
3108 3984 3370 4064 Printitiie
3399 3981 3605 4035 etenim

2005 4088 2275 4142 fructuum
2303 4095 2504 4140 sanctze
2532 4082 2829 4138 secundum
2864 4080 3036 4150 legem
3069 4075 3260 4149 (Nam.
3321 4083 3477 4139 svtn,
3498 4071 3555 4142 8)
3581 4083 3598 4138 ς

2006 4182 2129 4250 quia
2163 4179 2216 4232 in
2252 4177 2335 4232 his
2379 4177 2642 4247 Oplimtlln
2693 4174 2906 4229 festina:
2952 4169 3073 4226 fidei
3109 4167 3435 4224 sacrificium
3480 4173 3601 4221 est:

2009 4271 2104 4327 sed
2137 4272 2270 4326 fiunt
2302 4278 2504 4325 sanctae
2535 4265 2849 4330 devotione,
2876 4279 2984 4320 non
3012 4273 3296 4334 tempore;
3339 4262 3464 4331 quia
3495 4266 3606 4314 non

2013 4375 2310 4437 proventus
2333 4364 2654 4430 sanctificat,
2680 4362 2776 4418 sed
2799 4360 3037 4416 devotio.
3071 4360 3312 4425 Denique
3342 4357 3434 4413 ubi
3460 4353 3610 4411 ceter

2013 4469 2310 4529 proventus
2338 4466 2422 4514 est
2442 4500 2457 4525 ,
2510 4458 2554 4513 si
2581 4457 2806 4512 devotio
2837 4467 3074 4510 moretur
3097 4495 3112 4520 ,
3154 4451 3358 4507 oil’ensa
3389 4456 3612 4505 cumras

2011 4553 2178 4609 hitur.
2252 4553 2371 4609 Non
2426 4567 2559 4624 ergo
2601 4552 2783 4606 omnia
2833 4548 3190 4621 primogenita
3240 4551 3465 4600 samta:
3515 4541 3613 4599 sed

306 4658 494 4703 autem
526 4644 742 4701 inutiles
772 4653 897 4698 sunt
924 4649 980 4696 et
1007 4655 1212 4706 vacuae,
1231 4641 1616 4712 disperguntur
1643 4654 1700 4698 ut
1727 4643 1908 4698 fumus
1936 4631 1989 4691 D
2015 4650 2196 4703 omnia
2242 4663 2361 4713 quas
2408 4655 2595 4700 salicta
2645 4651 2773 4698 sunt,
2792 4685 2806 4706 ,
2854 4651 2978 4696 sunt
3023 4642 3187 4696 etiam
3231 4635 3610 4709 primogenita.

308 4757 371 4797 ac
401 4741 655 4803 nebulae;
699 4737 823 4809 quia
869 4737 1010 4792 sicut
1058 4736 1236 4790 fumus
1264 4736 1480 4803 oculis,
1527 4739 1605 4792 sic
1652 4738 1908 4808 iniquitas

311 4834 591 4891 utentibus
634 4847 718 4887 ea.
785 4830 853 4884 Et
896 4839 1042 4885 recte
1072 4827 1219 4882 fumo
1251 4827 1508 4899 iniquitas
1537 4841 1905 4899 comparatur,

311 4947 433 5002 quae
480 4929 628 4985 velut
666 4925 899 4998 quadam
943 4922 1191 4980 szeculari
1235 4921 1466 4994 caligine
1506 4925 1684 4978 aciem
1710 4925 1910 4979 mentis

312 5026 554 5084 obducit.

385 5122 439 5178 6.
491 5120 560 5176 Et
605 5119 726 5174 ideo
777 5119 1037 5174 Dominus
1087 5116 1258 5173 dicit:
1305 5113 1436 5168 Cant
1489 5111 1802 5165 intraveritis
1857 5112 1912 5168 in

315 5225 508 5271 terram
536 5215 590 5266 in
617 5226 771 5277 quam
800 5211 989 5264 induco
1017 5226 1134 5279 cos,
1177 5219 1226 5264 et
1260 5224 1375 5262 cum
1403 5205 1718 5260 manducare
1743 5219 1911 5273 crepe-

316 5309 436 5363 ritis
467 5307 530 5360 de
555 5306 772 5374 panibus
803 5315 953 5360 terra:
984 5305 1151 5371 illius,
1178 5301 1402 5371 offeretis
1425 5300 1737 5356 oblationem
1765 5315 1915 5370 sapa-

319 5414 488 5460 ratam
511 5401 755 5470 Domino,
795 5402 1052 5472 primitias
1082 5398 1463 5470 conspersionis
1493 5405 1696 5463 vestrm,
1727 5411 1915 5465 panem

396 5579 420 5606 ει
463 5568 536 5623 ita
573 5581 678 5619 ms.
707 5562 829 5617 Div.
857 5559 1078 5624 Caneri,
1120 5560 1255 5628 quod
1283 5560 1422 5614 uaria
1467 5597 1483 5611 .
1526 5597 1539 5610 .
1587 5596 1602 5610 .
1648 5595 1664 5610 .
1708 5553 1916 5628 signiﬁ-

325 5657 466 5697 casse
521 5634 754 5691 diversis.
780 5632 903 5688 Vat.
936 5626 1170 5696 unus,‘.
1212 5667 1227 5682 .
1279 5669 1292 5683 .
1335 5629 1653 5701 signiﬁcasse
1688 5626 1914 5701 luditis.

332 5713 445 5767 Vel.
493 5711 662 5772 edit.,
711 5703 856 5775 quod,
893 5703 1030 5756 varie
1074 5742 1083 5752 .
1253 5739 1266 5753 .
1309 5698 1628 5775 signiﬁcasse
1680 5698 1918 5775 diuersis.

329 5785 492 5842 Rom.
523 5767 683 5844 vero,
721 5767 858 5848 quod
904 5774 1061 5828 uariis
1105 5811 1119 5826 .
1166 5771 1187 5848 ;_
1226 5811 1240 5824 .
1285 5811 1301 5824 .
1341 5767 1661 5843 signiﬁcasse
1690 5767 1918 5822 luditis.

403 5851 430 5896 δ
489 5841 874 5914 Βοωζθδίι..
924 5841 1348 5916 conspersionum
1391 5841 1680 5897 uestrarum
1721 5878 1737 5897 .
1785 5879 1798 5892 .

2014 4741 2258 4810 Denique
2286 4736 2420 4793 Cain
2469 4737 2861 4808 piintogcnitus
2881 4776 2897 4802 ,
2928 4734 3022 4790 sed
3055 4748 3162 4788 non
3193 4740 3430 4788 sanctus.
3477 4727 3616 4785 San-

2016 4842 2137 4889 ctus
2185 4847 2403 4902 quoque
2449 4830 2611 4884 Israel
2642 4830 2736 4883 Dei
2791 4828 3060 4899 populus,
3111 4823 3207 4880 sed
3258 4840 3363 4879 nott
3408 4824 3618 4892 primus

2016 4937 2222 4992 actate;
2296 4934 2348 4980 et
2395 4934 2572 4979 tamen
2621 4923 3017 4994 printogeuitus
3066 4920 3412 4991 appellatur,
3477 4917 3623 4972 sicut

2018 5021 2281 5089 scripturn
2313 5029 2397 5074 est
2424 5020 2476 5072 in
2508 5018 2825 5090 prophetis:
2866 5015 3248 5087 Primcgenitus
3278 5026 3419 5065 meus
3449 5007 3620 5063 Israel

2016 5113 2218 5184 (Exod.
2276 5129 2349 5178 tv,
2381 5111 2498 5185 29).
2544 5111 2609 5165 Et
2635 5111 2762 5165 Levi
2792 5119 3010 5164 sanctus
3031 5151 3045 5171 ,
3079 5107 3173 5161 sed
3206 5122 3312 5161 non
3341 5105 3618 5175 primoge-

2019 5207 2196 5272 nittts;
2226 5221 2347 5260 nam
2368 5207 2558 5261 tertius
2587 5204 2696 5259 Lia:
2727 5203 2868 5258 illius
2898 5203 3092 5273 legitur
3116 5198 3270 5273 (Gen.
3322 5211 3465 5260 xm,
3492 5190 3618 5264 '54):

2018 5308 2073 5355 et
2104 5308 2282 5354 tamen
2315 5299 2490 5354 levita:
2523 5296 2865 5368 primogeniti
2897 5289 3208 5364 nuncupati,
3233 5283 3429 5361 quibus
3456 5284 3523 5339 ab
3551 5291 3620 5342 eo

2021 5409 2221 5451 nomen
2251 5403 2336 5450 est
2359 5393 2686 5449 derivatum.
2734 5390 3006 5458 Scriptum
3035 5395 3118 5441 est
3157 5385 3304 5439 enim
3340 5383 3393 5437 in
3423 5379 3625 5435 Numen

2021 5557 2323 5626 conspersis
2364 5569 2459 5609 nos
2495 5551 2791 5626 sumus.At
2831 5551 2886 5626 in
2915 5547 3258 5626 senstt_inter
3283 5543 3631 5626 conspersit!-

2025 5617 2236 5683 nem'et
2269 5629 2646 5681 confusionem
2695 5625 2796 5674 hoc
2843 5621 2960 5673 loco
2994 5618 3138 5671 nulla
3166 5627 3250 5672 est
3292 5617 3624 5684 diversitas;

2025 5701 2170 5770 quod
2206 5713 2270 5753 ex
2305 5700 2435 5768 ipsis
2463 5694 2734 5770 Ambrosii
2766 5687 3319 5770 verliishmanifestum
3350 5697 3457 5746 est.

2105 5782 2126 5808 ο
2173 5757 2340 5828 Εᾰίιί
2355 5781 2569 5835 omnes,
2597 5763 2718 5835 Ipse
2738 5772 2908 5817 autem
2929 5757 3070 5816 Dens
3095 5758 3274 5816 Pater.
