4150 6358
586 317 692 376 555

1925 307 2171 368 SANCTI
2208 308 2532 367 AMBROSII

3796 309 3912 367 δςι

586 435 701 494 ris:
750 431 887 488 Ecce
930 429 1025 485 tuli
1075 427 1254 484 levitas
1297 427 1362 482 de
1407 425 1576 481 medio
1612 423 1847 497 [illorum
1875 422 2049 480 Israel
2093 440 2187 496 pro
2215 423 2572 504 Almmunda
2617 425 2762 482 enim
2811 426 3065 482 animalia
3097 425 3186 483 lex
3221 442 3251 483 a
3286 427 3907 499 saerilieio'separavit,

589 527 732 585 omni
758 525 1100 600 primogenita
1133 522 1221 594 qui
1249 523 1416 590 aperit
1455 523 1662 578 vulvam
1689 538 1720 575 a
1750 521 1876 591 ﬁliis
1907 519 2108 586 Israel,
2140 530 2189 575 et

586 629 738 679 erunt
781 618 908 672 mihi
955 616 1164 681 levitce;
1211 615 1338 669 mihi
1373 615 1507 669 enim
1547 631 1696 670 omne
1737 615 2074 687 primitivum.
2121 613 2190 669 In

590 729 695 784 qua
723 713 808 766 die
833 710 1064 781 percussi
1093 724 1242 762 omne
1270 708 1670 778 primogenitum
1693 705 1919 778 £gypti
1940 750 1954 773 ,
1987 709 2186 761 sancti-

589 805 742 876 ﬁcavi
768 819 917 857 omne
943 802 1341 871 prinwgenitum
1374 799 1542 854 Israel
1553 798 1746 873 (Nunt.
1791 815 1874 866 tn,
1906 800 1973 854 12
1999 810 2044 855 et
2074 797 2186 869 l5).

585 896 732 966 Ergo
771 893 946 948 levita:
996 891 1340 963 priumgeniti
1382 891 1713 963 nuncupati,
1758 895 1850 963 qui
1884 891 2190 948 sanctiﬁca—

587 989 737 1045 tione
780 987 962 1058 utique
1009 988 1228 1042 caneris
1266 986 1390 1042 ﬁliis
1419 987 1587 1042 Israel
1623 985 1847 1041 antelati
1883 995 2029 1041 sunt.
2073 986 2188 1055 Qua

583 1083 795 1140 ratione
824 1081 1176 1152 primogeniti
1205 1080 1336 1144 sint,
1372 1081 1496 1134 audi
1528 1080 1851 1151 Apostolnm
1881 1081 2186 1136 dicentem:

544 1215 552 1224 ι
587 1176 700 1232 Sed
741 1176 1198 1246 appropinquastis
1227 1173 1361 1232 Sion
1406 1175 1600 1238 monti,
1652 1184 1700 1228 et
1729 1175 1928 1229 civitati
1957 1173 2053 1228 Dei
2093 1175 2193 1230 vivi

589 1268 922 1323 Hierusalem
952 1284 1068 1338 qua:
1097 1267 1151 1320 in
1183 1266 1308 1320 creto
1332 1276 1429 1330 est,
1460 1276 1506 1320 et
1533 1266 1706 1320 decem
1745 1267 1973 1321 millibus
2009 1267 2192 1321 lauan-

586 1363 717 1418 tium
746 1361 1096 1431 Angelorum,
1129 1369 1154 1397 η
1187 1371 1232 1414 et
1265 1360 1615 1415 Ecclesiarum
1647 1361 2044 1427 printitivarum,
2075 1377 2192 1431 qua:

592 1459 803 1528 scripta’
832 1464 952 1536 sunt
982 1455 1036 1507 in
1063 1451 1394 1523 cazlo(Hebr.
1435 1469 1532 1520 χιι,
1556 1451 1671 1525 ἓξ).
1695 1453 1938 1522 Quatuor
1970 1453 2190 1509 ordines

595 1551 745 1611 fecit,
778 1550 977 1604 montis
1007 1548 1163 1612 Sion,
1195 1547 1432 1604 civitatis
1463 1548 1820 1614 Hierusalem,
1851 1547 2189 1603 celebritatis

588 1641 928 1713 angelorum,
961 1650 1015 1695 et
1039 1639 1407 1696 Ecelesiarutn
1439 1639 1860 1709 pritnitiVarum.
1886 1637 2034 1694 Tulit
2058 1653 2189 1709 ergo

588 1736 854 1793 Dominus
882 1735 1020 1789 Deus
1051 1732 1121 1789 de
1153 1733 1330 1788 medio
1363 1731 1545 1802 populi
1583 1730 1751 1786 Israel
1785 1731 2014 1797 levitas;
2063 1730 2188 1802 quia

2291 529 2346 574 et
2373 533 2472 590 pro
2499 517 2584 574 his
2607 519 2671 574 ad
2701 520 2876 576 vicem
2909 520 3107 576 munda
3134 521 3295 592 jussit
3321 522 3526 579 on‘erri.
3552 523 3739 579 Asinae
3764 539 3910 594 ergo

2292 619 2506 683 partum
2525 653 2540 678 ,
2574 611 2679 668 hoc
2704 621 2788 668 est
2810 654 2824 677 ,
2853 612 3192 669 immundum
3216 615 3371 685 jubet
3395 617 3590 671 mutari
3622 631 3746 682 ove,
3773 632 3908 686 qua:

2295 703 2496 761 munda
2525 714 2578 759 et
2620 716 2742 776 apta
2774 705 3046 761 sacriﬁcio
3072 717 3157 763 est
3182 706 3372 780 (Leuit.
3437 725 3606 773 xxvu,
3628 708 3749 778 27).
3777 709 3902 767 Hoc

2289 808 2375 854 est
2403 797 2700 854 secnudum
2735 800 2988 855 litteram.
3047 800 3312 856 Cteterum
3358 801 3404 856 si
3452 802 3576 872 quis
3602 798 3632 837 ά
3663 816 3904 858 sensum

2290 891 2552 961 spiritalis
2581 891 2718 963 legis
2745 892 2910 948 altius
2940 903 3300 963 persequatur
3331 934 3347 960 ,
3379 894 3515 949 libet
3540 893 3906 950 considerare

2291 983 2436 1056 quod
2466 984 2618 1038 asina
2648 983 2978 1039 laboriosum
3006 984 3078 1039 sit
3106 984 3345 1049 animal,
3378 986 3498 1039 ovis
3529 983 3899 1040 fructuosum.

2293 1080 2491 1135 Fructu
2522 1093 2654 1150 ergo
2675 1079 2808 1134 dicit
2839 1078 3156 1134 mutandum
3185 1080 3452 1145 laborem,
3476 1089 3533 1134 ut
3562 1079 3684 1134 ﬁnis
3711 1080 3903 1150 aperis

2291 1173 2374 1230 sui
2420 1174 2625 1229 fruetus
2653 1174 2747 1227 sit.
2808 1173 2906 1229 Vel
2937 1183 3087 1228 certe
3114 1173 3214 1229 hoc
3244 1173 3442 1229 modo:
3490 1188 3710 1228 omnem
3739 1173 3899 1227 labo-

2290 1282 2405 1324 rem
2438 1278 2611 1331 tuum,
2642 1281 2860 1321 omnem
2889 1266 3213 1322 industriam
3244 1282 3381 1339 puro
3409 1276 3464 1322 et
3487 1266 3723 1338 simplici
3749 1282 3901 1322 com-

2293 1359 2577 1416 mendabis
2605 1359 2822 1415 allea'tu.

2365 1451 2420 1508 9.
2465 1451 2527 1508 Si
2546 1462 2719 1506 autem
2751 1469 2854 1506 non
2876 1452 3128 1519 mutabis,
3170 1454 3382 1525 inquit,
3417 1455 3637 1511 redimes
3661 1453 3895 1528 (Exod,

2295 1557 2426 1606 xm,
2469 1540 2584 1611 15).
2617 1541 2844 1598 iubetur
2870 1559 2999 1615 ergo
3041 1544 3339 1607 secundum
3372 1546 3637 1610 litteram,
3676 1556 3737 1602 ut
3784 1545 3898 1600 ani-

2293 1635 2399 1690 mal
2448 1634 2593 1690 aliud
2622 1651 2720 1706 pro
2749 1637 3029 1694 immundo
3059 1639 3278 1693 animali
3307 1638 3568 1695 olferatur
3589 1683 3602 1706 ,
3645 1649 3741 1696 aut
3771 1657 3895 1712 pre-

2293 1730 2467 1793 tium;
2495 1743 2564 1784 ne
2586 1729 2728 1785 inter
2755 1728 2997 1784 decimas
3036 1732 3306 1787 fructuum
3350 1733 3435 1788 vel
3461 1733 3643 1788 minus
3668 1733 3895 1804 aliquid,

590 1845 703 1885 non
736 1827 1092 1882 humanarum
1125 1841 1221 1881 eos
1249 1833 1530 1882 consortes
1563 1825 1730 1880 voluit
1758 1839 1882 1880 esse
1907 1839 2180 1892 curarum,
2217 1840 2267 1901 Β
2293 1822 2381 1878 vel
2427 1823 2762 1877 immundum
2809 1823 3061 1879 videatur
3111 1823 3319 1880 oli‘erri.
3363 1825 3679 1882 Intellectus
3719 1837 3896 1882 autem

593 1923 692 1978 sed
741 1921 946 1975 divina:
991 1919 1270 1990 religionis
1318 1920 1616 1974 ministros.
1683 1918 1750 1973 Et
1798 1920 2191 1988 primogenitos

592 2015 697 2072 sibi
747 2015 876 2070 fecit
908 2014 998 2085 qui
1046 2014 1256 2068 vulvam
1288 2013 1542 2084 aperiunt
1584 2011 1928 2082 spiritalem;
1980 2019 2034 2066 et
2068 2009 2191 2064 ideo

591 2127 701 2168 non
733 2123 886 2167 erant
916 2109 985 2165 ab
1017 2117 1170 2164 utero
1201 2117 1431 2174 naturae,
1461 2107 1604 2163 sicut
1628 2106 1970 2162 diversorum
2001 2103 2189 2158 crimi-

589 2223 719 2262 num
751 2215 1106 2277 peccatores:
1149 2203 1243 2259 sed
1275 2201 1301 2240 b
1330 2200 1629 2265 destructis
1676 2198 1978 2254 cultoribus
2013 2211 2192 2252 srecu-

588 2301 799 2356 laribus
845 2299 1136 2369 eliguntur.
1196 2295 1354 2352 Unde
1401 2308 1508 2349 non
1561 2292 1763 2348 habent
1812 2307 1936 2347 cum
1979 2291 2190 2362 plebeia

588 2393 939 2465 posses-simne
966 2389 1304 2446 consortium
1328 2429 1343 2453 ,
1393 2401 1495 2442 nec
1536 2386 1589 2441 in
1617 2385 1798 2441 medio
1830 2385 2013 2455 populi
2040 2400 2192 2440 com-

547 2479 550 2482 ’
590 2495 891 2557 putantur;
938 2483 1060 2554 quia
1091 2483 1319 2536 verbum
1353 2479 1446 2535 Dei
1478 2478 1532 2533 in
1564 2479 1743 2533 medio
1770 2478 1852 2532 sui
1883 2475 2188 2548 possident,

591 2579 734 2635 sicut
777 2577 1040 2646 scriptum
1091 2583 1176 2630 est
1219 2575 1275 2628 itt
1327 2573 1662 2643 Evangelia:
1705 2569 1804 2627 Ubi
1831 2583 1951 2626 sunt
1983 2571 2086 2626 duo
2118 2576 2200 2627 vel

595 2681 697 2726 tres
725 2669 1026 2739 congregati
1052 2669 1106 2721 in
1135 2665 1343 2722 nomine
1370 2682 1479 2720 meo
1501 2706 1518 2727 ,
1560 2663 1630 2718 ibi
1657 2681 1749 2736 ego
1777 2681 1892 2719 sum
1932 2664 1987 2719 in
2028 2664 2196 2720 medio

597 2780 774 2820 eorum
797 2762 980 2838 (Matt.
1011 2777 1164 2823 xvm.
1218 2762 1335 2832 20).
1379 2762 1444 2817 Et
1492 2759 1622 2815 alibi
1658 2779 1671 2815 :
1724 2757 1930 2814 Medius
1973 2767 2197 2813 vestrum

593 2868 698 2914 stat
724 2875 870 2928 quem
894 2873 992 2925 vos
1011 2857 1216 2912 nescitis
1237 2855 1416 2929 (Joan.
1448 2871 1488 2922 ι,
1513 2852 1634 2924 26).

665 2949 720 3006 8.
766 2949 900 3005 Hinc
941 2965 1070 3021 ergo
1106 2948 1488 3020 cognoscimus
1517 2945 1661 3019 quod
1690 2955 1818 3000 ante
1847 2943 2030 2999 omnia
2064 2943 2198 2999 ﬁdes

595 3059 698 3102 nos
726 3042 1112 3100 commendare
1139 3043 1251 3098 Deo
1280 3041 1498 3097 debeat.
1546 3040 1681 3096 Cum
1733 3038 1896 3094 ﬁdem
1944 3021 2200 3094 habueri-

594 3154 738 3200 mus,
770 3139 1115 3194 elaboremus
1147 3145 1203 3190 ιιι
1229 3150 1396 3206 opera
1428 3143 1612 3190 nostra
1648 3131 1882 3199 perlecta
1914 3135 2043 3187 sint.
2112 3131 2198 3187 Si-

2295 1918 2616 1989 profundior
2643 1918 2978 1974 liberandam
3021 1920 3257 1975 animam
3287 1930 3434 1975 tuam
3483 1920 3680 1987 docet,
3711 1930 3769 1976 ut
3803 1920 3897 1978 de-

2293 2015 2452 2070 sistat
2479 2014 2550 2069 ab
2589 2015 2656 2069 iis
2705 2030 2828 2085 quae
2873 2013 3106 2069 fructum
3159 2031 3265 2070 non
3323 2015 3543 2070 habent.
3597 2015 3701 2084 Qui
3754 2015 3896 2070 enim

2294 2107 2515 2163 redimit
2560 2120 2620 2162 se
2645 2147 2660 2174 ,
2710 2106 2900 2162 liberat
2934 2117 2989 2162 et
3035 2109 3268 2178 quodam
3292 2108 3445 2164 exuit
3473 2107 3678 2163 debito.
3710 2107 3898 2163 Relin-

2295 2200 2510 2274 quenda
2555 2210 2682 2255 sunt
2728 2194 2890 2270 opera
2921 2215 3040 2271 qua:
3073 2217 3260 2256 verum
3294 2200 3567 2268 lrnctunt,
3619 2202 3898 2271 bonosque

2296 2308 2586 2366 processus
2601 2292 2802 2348 habere
2835 2307 2940 2348 non
2971 2303 3227 2364 posmnt;
3254 2294 3432 2365 qualia
3463 2303 3590 2351 sunt
3620 2295 3723 2350 ista
3747 2311 3900 2349 mun-

2297 2389 2437 2444 dana
2463 2403 2693 2459 quorum
2738 2403 2871 2444 usus
2918 2403 3025 2443 non
3075 2398 3253 2460 potest
3301 2404 3424 2445 esse
3476 2389 3786 2445 diuturnus.
3842 2389 3897 2445 ln

2298 2481 2495 2554 quibus
2534 2482 2651 2552 ipse
2695 2481 2876 2537 nudus
2917 2492 2973 2537 et
3015 2483 3132 2537 veri
3184 2497 3383 2538 vacuus
3416 2482 3640 2538 ell'eetus
3686 2492 3804 2549 est;
3848 2490 3900 2537 et

2299 2577 2542 2648 quamvis
2564 2591 2779 2632 summo
2801 2574 3060 2647 quaesitus
3093 2577 3251 2632 luerit
3269 2577 3476 2644 labore,
3505 2577 3741 2632 animam
3765 2575 3896 2632 nihil

2293 2669 2466 2740 juvat.
2503 2669 2574 2725 Ea
2598 2670 2741 2725 enim
2764 2686 2884 2741 qua:
2908 2669 3230 2726 servitutem
3253 2670 3450 2725 anima:
3475 2668 3750 2736 inferunt,
3786 2671 3900 2725 inu-

2301 2764 2417 2820 tilia
2447 2774 2576 2819 sunt
2605 2766 2810 2831 onmia,
2841 2763 2942 2819 etsi
2989 2779 3092 2818 non
3123 2762 3265 2818 desit
3298 2762 3545 2818 ellectus.
3592 2762 3778 2834 Magna
3818 2762 3896 2818 vi-

2309 2856 2470 2913 detur
2515 2857 2878 2928 prteliantium
2910 2856 3172 2923 victoria,
3207 2856 3660 2927 triumphantium
3689 2857 3896 2927 gloria:

2303 2949 2400 3006 sed
2430 2952 2742 3020 frequenter
2774 2952 2920 3022 ipsos
2959 2950 3208 3006 videmus
3255 2951 3348 3022 qui
3403 2951 3674 3015 vicerint,
3716 2963 3899 3004 rursus

2308 3041 2576 3098 bellorum
2609 3042 2894 3112 subjacere
2922 3041 3144 3098 incertis
3182 3051 3239 3097 et
3270 3040 3549 3097 transferri
3582 3041 3648 3096 ad
3692 3040 3897 3096 hostem

2305 3146 2502 3192 eventu
2558 3135 2726 3206 praelii
2754 3177 2768 3202 ,
2797 3144 2853 3190 et
2883 3150 2950 3191 eo
2979 3137 3094 3206 ipso
3118 3149 3227 3206 quo
3247 3134 3483 3189 victores
3507 3142 3634 3188 ante
3665 3133 3895 3199 fuerint,

595 3232 814 3304 quidem
864 3230 967 3285 hoc
1020 3229 1238 3299 plenum
1277 3237 1362 3282 est
1400 3237 1455 3283 et
1496 3223 1799 3298 perlectum
1843 3223 2194 3290 sacriﬁcium,
2227 3237 2274 3301 ρ
2307 3231 2421 3287 ﬁeri
2454 3232 2787 3288 miseriores.
2817 3229 2964 3302 Opus
2993 3239 3078 3286 est
3103 3246 3231 3301 ergo
3258 3238 3317 3284 ut
3343 3243 3507 3301 opera
3537 3240 3624 3283 tua
3647 3227 3715 3282 ad
3741 3228 3896 3282 Deum

594 3329 738 3383 sicut
763 3326 880 3395 ipse
909 3325 1168 3379 Dominus
1197 3323 1361 3378 docet
1385 3337 1486 3376 nos
1515 3321 1702 3377 dicens
1733 3338 1745 3372 :
1799 3320 1874 3374 De
1901 3318 2059 3374 donis
2085 3329 2141 3374 et
2170 3330 2192 3358 ο

595 3419 741 3475 datis
782 3419 910 3486 tuis,
934 3417 1298 3472 observabitis
1324 3415 1523 3471 oll'erre
1560 3414 1690 3468 mihi
1728 3414 1780 3468 in
1809 3413 2001 3469 diebus
2046 3411 2198 3468 festis

597 3513 735 3568 meis
759 3551 775 3577 ,
819 3510 947 3565 nihil
975 3509 1332 3566 detrahentes
1355 3552 1370 3578 ,
1413 3522 1589 3579 neque
1617 3508 2007 3578 dispertit-mes
2036 3524 2052 3573 ;
2101 3507 2200 3563 sed

583 3598 757 3672 “plena
787 3613 842 3659 et
875 3605 1079 3674 integra
1112 3611 1167 3657 et
1198 3602 1438 3673 perlecta
1462 3600 1774 3656 ollorentes.
1804 3600 1997 3656 Festus
2019 3612 2199 3654 autem

598 3697 718 3754 dies
746 3696 961 3752 Domini
1009 3703 1132 3763 est,
1181 3695 1271 3751 ubi
1320 3694 1679 3766 perlecturum
1721 3694 1982 3748 virtutum
2026 3692 2200 3763 gratia

598 3799 707 3847 est.
755 3790 886 3859 Quae
920 3799 1046 3843 tunc
1076 3787 1328 3858 perlecta;
1360 3797 1524 3854 sunt,
1561 3785 1606 3840 si
1636 3784 2064 3842 sollicitudinum
2093 3799 2200 3840 sae-

601 3885 872 3940 cularium
898 3925 913 3950 ,
941 3893 996 3940 et
1024 3882 1329 3953 corporalis
1359 3880 1631 3938 illecebrae
1660 3880 1838 3936 vietor
1866 3881 2078 3934 animus
2107 3879 2203 3935 de-

598 3977 884 4034 linimenta
915 3977 1207 4046 voluptatis
1236 3973 1528 4040 excludat,
1578 3973 1715 4030 liber
1740 3988 1769 4028 a
1798 3972 2002 4028 saeculo
2021 4012 2036 4037 ,
2087 3971 2200 4028 Deo

599 4069 841 4134 deditus,
873 4070 1008 4125 niltil
1047 4069 1117 4125 de
1160 4069 1376 4124 tramite
1406 4068 1631 4123 directae
1676 4065 1992 4122 intentionis
2024 4065 2200 4120 immi—

601 4177 779 4216 nuens
805 4202 818 4227 ,
854 4176 953 4214 nec
981 4160 1207 4216 allectus
1238 4161 1319 4215 sui
1349 4170 1594 4229 tempora
1624 4173 1770 4214 nunc
1795 4159 2028 4214 luxuriae
2055 4157 2194 4212 divi-

602 4255 770 4321 dens,
800 4254 964 4326 209
995 4270 1134 4309 nunc
1167 4255 1362 4309 labori.
1406 4253 1566 4310 Solus
1590 4253 1776 4324 itaque
1803 4254 2022 4324 Sapiens
2065 4255 2202 4310 hanc

603 4347 848 4402 celebrat
912 4347 1358 4412 solemnitatem,
1414 4347 1593 4400 nullus
1652 4346 1815 4400 alius.
1896 4346 2200 4402 Immunem

602 4441 747 4495 enim
780 4439 1086 4505 ιιιιμιειηοιιὶ
1117 4439 1428 4510 passionum
1453 4439 1688 4494 animam
1716 4441 1961 4510 reperire
1982 4440 2201 4496 difﬁcile

603 4543 708 4590 est.
759 4533 947 4589 Divide
977 4549 1107 4604 ergo
1133 4533 1434 4589 secundum
1475 4534 1742 4588 rationem
1770 4535 1966 4589 anima:
1996 4535 2200 4604 princi-

2301 3327 2538 3398 dirigas,
2571 3338 2626 3383 et
2655 3328 2774 3398 ejus
2806 3327 2898 3382 tibi
2937 3328 3142 3396 aspiret
3192 3323 3362 3380 lavor.
3417 3323 3634 3379 Athleta
3680 3323 3795 3394 ipse
3814 3321 3897 3392 qui

2302 3423 2417 3478 suis
2432 3437 2538 3476 non
2569 3422 2762 3477 alienis
2782 3420 3029 3476 decernit
3052 3420 3280 3487 viribus,
3305 3418 3517 3488 quoties
3531 3416 3895 3487 congreditur,

2303 3515 2498 3570 dubios
2527 3529 2688 3570 casus
2739 3513 2927 3569 subire
2955 3527 3014 3567 se
3045 3512 3239 3568 credit.
3273 3511 3338 3566 Et
3382 3526 3507 3566 cttm
3539 3509 3608 3564 ad
3651 3523 3895 3564 coronam

2306 3607 2641 3678 pervenerit,
2673 3605 2928 3676 intelligit
2948 3603 3110 3658 citius
3137 3603 3276 3658 hanc
3305 3603 3489 3657 mundi
3520 3600 3749 3672 gloriam
3775 3610 3899 3655 tam-

2306 3713 2466 3770 quam
2507 3693 2724 3754 corona:
2765 3697 2936 3767 ipsius
2982 3695 3108 3750 folia
3158 3709 3516 3751 marcescere.
3567 3693 3901 3750 Gubernator

2303 3807 2427 3849 cum
2463 3793 2516 3848 in
2550 3803 2736 3864 portus
2777 3791 2956 3847 navim
2984 3789 3337 3855 subduxerit,
3366 3791 3453 3844 vix
3493 3789 3657 3845 linem
3689 3788 3901 3858 imposi-

2303 3896 2414 3942 tunt
2446 3885 2619 3941 labori
2663 3894 2830 3956 putat,
2863 3897 2919 3942 et
2942 3887 3123 3941 statim
3147 3885 3341 3956 qumrit
3371 3884 3573 3939 laboris
3596 3883 3894 3940 exordium.

2305 3980 2549 4038 Solvitur
2584 3995 2824 4050 corpore
2881 3980 3094 4043 anima,
3130 3988 3186 4035 et
3215 3988 3330 4048 post
3387 3978 3547 4033 linem
3578 3979 3705 4033 vita:
3751 3977 3894 4048 hujus

2302 4074 2482 4128 adhuc
2514 4084 2690 4128 tamen
2724 4073 2887 4127 luturi
2908 4071 3100 4142 judieii
3125 4071 3390 4141 ambiguo
3433 4069 3802 4142 sutSponditur.
3825 4069 3893 4125 ιιι

2303 4169 2426 4224 linis
2473 4169 2687 4235 nullus,
2746 4168 2834 4223 ubi
2885 4168 3006 4223 linis
3051 4177 3294 4237 putatur.
3332 4165 3489 4222 Unde
3509 4166 3651 4221 v0tis
3695 4177 3748 4220 et
3779 4178 3894 4235 pura

2304 4264 2638 4320 conscientia
2692 4272 2747 4318 ct
2808 4262 2999 4333 spiritu
3048 4261 3328 4318 cltaritatis
3377 4261 3755 4316 adhzereamus
3796 4259 3896 4314 Deo

2304 4367 2516 4423 nostro,
2552 4364 2606 4410 et
2635 4355 2876 4410 divinum
2906 4354 3063 4409 nobis
3091 4353 3446 4410 conciliemus
3475 4352 3716 4408 favorem
3745 4371 3757 4405 :
3788 4365 3897 4421 pre-

2303 4459 2492 4504 cantes
2522 4457 2580 4502 ttt
2615 4463 2643 4500 a
2676 4445 3032 4503 saecularibus
3058 4448 3491 4517 curisitamquam
3517 4445 3586 4500 ab
3614 4443 3894 4500 immitibus

2303 4551 2360 4598 et
2403 4542 2706 4612 agrestibus
2733 4540 2970 4597 dominis
2997 4541 3266 4610 possimus
3309 4541 3517 4596 absolvi
3539 4549 3702 4610 atque
3744 4539 3891 4604 exui,

601 4629 746 4700 palia
775 4638 828 4685 et
849 4627 1182 4693 obedientia,
1209 4637 1261 4682 et
1290 4635 1419 4682 tune
1439 4627 1566 4700 quid
1595 4628 1977 4692 masculinum,
2003 4629 2200 4700 quidve
2231 4665 2278 4726 υ
2306 4633 2688 4705 ntttndanoque
2719 4633 2872 4690 exire
2911 4635 3134 4689 servitio
3160 4675 3174 4699 ,
3219 4635 3273 4689 in
3317 4633 3624 4690 libertatem
3659 4646 3893 4704 superna:

606 4721 930 4778 fetnininum
960 4721 1030 4777 sit
1059 4722 1459 4792 deprehendes.
1500 4721 1661 4778 Nulla
1691 4724 1836 4778 enim
1866 4723 1984 4778 sine
2015 4722 2201 4778 labore
2307 4727 2633 4800 cognitionis
2654 4742 2774 4799 quae
2805 4741 2930 4783 vera
2971 4737 3026 4782 ct
3061 4727 3176 4782 sola
3203 4736 3286 4782 est
3325 4726 3550 4782 libertas
3571 4767 3586 4792 ,
3636 4724 3827 4781 vocati.

607 4816 806 4881 virtus,
831 4815 954 4884 quia
983 4815 1138 4870 labor
1165 4829 1453 4884 processus
1480 4816 1698 4871 virtutis
1726 4825 1829 4871 est.
1857 4814 2011 4884 Quod
2038 4816 2199 4870 etiam

607 4909 746 4978 legis
779 4908 946 4977 ipsius
975 4907 1136 4962 verba
1165 4907 1492 4978 signiﬁcant,
1523 4925 1644 4978 quae
1676 4908 1838 4964 dicit:
1871 4907 2037 4963 Omne
2061 4908 2202 4978 quod

604 5003 774 5076 aperit
795 5002 998 5058 vulvam
1046 5003 1237 5067 asime,
1282 5001 1501 5057 ntutabis
1544 5018 1634 5057 ove
1664 5001 1859 5074 (Exod.
1921 5003 2199 5074 £11515).

670 5199 696 5226 ιι
728 5187 871 5242 ΕιΙὶι.
897 5192 1034 5246 ant...
1063 5193 1109 5238 et
1141 5180 1491 5236 Ecclesiarum
1515 5178 2057 5251 primitiarum(Gill.,
2086 5179 2196 5246 pri-

597 5257 915 5326 mitivarum)
947 5271 1064 5321 qua?
1100 5255 1292 5314 scriitvt
1333 5261 1450 5306 sunt
1493 5253 1546 5304 in
1576 5252 1703 5326 creto
1739 5294 1749 5304 .
1800 5291 1812 5304 .
1859 5291 1871 5304 .
1919 5291 1932 5303 .
1976 5251 2199 5326 Angelo-

598 5349 739 5397 rum,
760 5343 804 5385 et
834 5322 1190 5397 Ecclesiurum
1211 5325 1606 5396 primitivarum.
1637 5323 1760 5376 Mss.
1782 5331 1901 5397 t_res_
1921 5338 2042 5397 cum
2065 5322 2197 5397 Gill.

597 5391 738 5458 edit;
761 5404 1127 5456 constantiam.
1158 5391 1274 5451 vn.
1305 5404 1484 5449 autem
1514 5410 1672 5456 tttttts,
1698 5402 1743 5445 et
1776 5391 2063 5447 Ecclesium
2090 5394 2191 5462 pri-

598 5476 880 5527 mitiurum.
929 5471 1121 5533 Laud.,
1152 5477 1202 5522 et
1229 5465 1515 5521 Ecclesium
1556 5464 1953 5534 primitivarum.
2004 5465 2069 5518 Et
2103 5464 2190 5519 ltic

600 5559 724 5598 cum
754 5543 900 5615 l_)iv.,
927 5558 1040 5615 qius
1069 5540 1438 5615 srripttesunt.
1467 5547 1571 5615 etc.
1616 5536 2188 5615 Tulttﬂ‘lnvel‘oltlmlll]

601 5614 733 5670 edit.
761 5605 918 5666 Rom.
939 5605 1246 5668 'exltibet'tn
1276 5611 1418 5664 hunc
1444 5609 1662 5664 modum
1688 5626 1701 5662 :
1735 5605 2056 5661 et'licclesin:
2081 5607 2192 5675 pri-

600 5686 914 5748 mitivorum,
937 5688 1020 5755 qui
1049 5684 1227 5754 scripti
1251 5690 1371 5738 sunt
1413 5723 1427 5738 .
1472 5720 1487 5736 .
1534 5723 1547 5736 .
1593 5720 1607 5734 .
1649 5678 1986 5750 Angelorum,
2014 5690 2062 5734 et
2089 5677 2191 5733 Ec-

600 5757 768 5811 clesia:
809 5756 1201 5822 printttivorum.

667 5846 694 5885 ιι
742 5845 814 5901 Ita
867 5861 968 5901 ms.
1010 5846 1156 5902 Flor.
1204 5847 1271 5903 At
1318 5855 1429 5903 vet.
1462 5845 1594 5903 edit.
1634 5855 1767 5902 mss.
1818 5842 1935 5901 Div.
1967 5851 2023 5902 et
2050 5841 2174 5902 Vat.

2840 4865 3002 4938 κιο
3027 4863 3256 4922 CAPUT
3290 4863 3380 4920 ιιι.

2315 5001 2470 5072 Quod
2521 5001 2725 5058 dixerat
2777 5001 3004 5058 laborem
3053 5005 3228 5074 fructu
3286 5001 3627 5070 mutandum,
3675 4999 3892 5073 exentplo

2305 5192 2483 5245 unus,
2529 5177 2803 5233 destructis
2847 5174 3129 5231 cultoribus
3169 5174 3429 5245 eliguntur
3451 5189 3472 5238 ,°
3512 5174 3653 5228 alter
3681 5173 3804 5229 Vat.
3839 5182 3888 5229 et

2309 5249 2486 5305 Laud.
2514 5292 2529 5314 ,
2583 5249 2862 5306 destructis
2917 5246 3253 5302 stecularibus
3301 5247 3581 5316 eliguntur.
3664 5245 3891 5314 Denique

2311 5321 2470 5377 Rom.
2491 5321 2647 5381 edit.,
2677 5320 2931 5376 destitutis
2957 5317 3239 5373 cultoribus
3263 5315 3597 5371 sazcularibus
3620 5317 3885 5388 eliguntur.

2378 5426 2398 5452 ε
2440 5412 2568 5468 Mss.
2605 5413 2711 5467 duo
2737 5411 2861 5468 Vat.
2895 5420 2951 5466 et
2980 5410 3184 5474 Laud.,
3231 5419 3280 5464 et
3320 5409 3452 5462 dalis
3487 5409 3616 5462 suis.
3685 5409 3800 5462 Div.
3832 5422 3884 5463 ac

2297 5495 2409 5541 vel.
2442 5485 2576 5540 edit.
2605 5526 2620 5550 ,
2668 5496 2714 5537 et
2762 5483 2902 5538 datis
2944 5484 3068 5538 tuis.
3111 5481 3269 5536 Rom.
3299 5480 3458 5543 edit.,
3495 5489 3541 5534 et
3582 5479 3722 5533 datis
3757 5481 3883 5534 meis.

2299 5557 2407 5616 Sed
2465 5556 2643 5610 locum
2692 5556 2844 5610 illum
2882 5554 2966 5610 ltis
2996 5555 3175 5608 verbis
3220 5553 3274 5607 itt
3317 5553 3597 5622 Scriptura
3633 5567 3884 5622 nusquam

2300 5629 2642 5698 reperimus;
2706 5642 2944 5697 eumque
2992 5640 3060 5681 ex
3111 5626 3277 5680 variis
3327 5622 3552 5680 Levitici
3617 5623 3885 5694 praeceptis

2296 5703 2675 5756 concinnatum
2722 5709 2993 5769 putamus.
3714 5767 3722 5769 4
3848 5765 3858 5769 _
3977 5748 3983 5754 .

2365 5769 2393 5808 ἀ
2435 5769 2579 5825 Edit.
2625 5764 2837 5841 omnes,
2879 5767 3378 5843 sensumf‘splritalis
3417 5764 3771 5838 intelligentia:
3811 5765 3880 5824 all

2294 5843 2395 5901 lius
2413 5884 2428 5911 ,
2459 5852 2566 5899 etc:
