4150 6358
301 336 411 394 545

1512 330 1605 388 DE
1644 328 1805 388 CAIN
1845 328 1933 386 ET
1970 329 2152 387 ABEL
2190 329 2323 388 LIB.
2363 328 2427 386 ll.

3509 328 3616 386 5J6

373 452 683 509 Judaorum
736 452 789 507 in
834 450 1071 523 Egypto
1118 446 1485 513 servientium,
1533 455 1581 499 et
1634 443 1907 514 Evangelii
1937 446 1987 505 Α
2012 443 2186 499 salute
2208 445 2585 500 universorum
2614 449 2966 512 exspectatus
3004 440 3258 509 advenit,
3289 456 3386 513 pro
3411 456 3500 498 me
3529 450 3613 497 est

376 548 671 603 testimonio
695 546 967 615 conﬁrmat
993 559 1007 608 ;
1032 558 1253 613 quonam
1283 556 1345 594 ea:
1369 541 1481 594 loco
1502 582 1517 606 ,
1551 547 1599 593 et
1618 554 1717 609 quo
1750 546 1899 607 pacto

374 639 651 694 liberanda
696 640 759 694 sit
805 639 1009 701 anima,
1039 634 1300 699 declarat;
1346 643 1391 687 et
1419 630 1679 687 Christum
1730 647 1901 685 verum

377 731 582 787 levitem
606 774 621 798 ,
654 732 709 785 id
736 740 840 795 est,
876 729 1199 782 liberatorem
1247 737 1477 780 nostrum
1510 741 1634 779 esse.
1670 724 1902 791 Denique

376 827 600 897 pulchra
626 826 689 879 de
720 825 937 879 utilitate
967 838 1114 893 quam
1142 823 1298 892 affert
1316 822 1576 892 justorum
1622 817 1901 888 familiari-

376 930 457 977 tas
475 962 490 989 ,
522 920 780 991 praponit.

377 1098 467 1155 10.
509 1098 575 1153 Et
605 1105 662 1151 ut
704 1105 1030 1167 praeceptum
1077 1094 1214 1165 legis
1254 1093 1512 1163 exemplo
1556 1099 1895 1157 astruamus,

297 1207 424 1249 cum
454 1190 827 1261 deprimerent
870 1188 1109 1261 Egyptii
1155 1186 1466 1243 Judteorum
1496 1184 1817 1256 p0pulorum
1845 1181 1899 1237 in

294 1288 557 1358 operibus
581 1286 769 1351 variis,
801 1294 857 1341 et
880 1286 995 1340 luto
1024 1297 1087 1339 ac
1111 1282 1287 1353 lapide
1318 1324 1335 1350 ,
1382 1282 1765 1352 ingemuerunt
1805 1278 1901 1333 ﬁlii

293 1382 487 1448 Israel,
512 1394 563 1438 et
592 1382 801 1437 Domini
824 1389 1257 1452 provocaverunt
1285 1379 1336 1433 in
1363 1394 1421 1434 se
1445 1376 1895 1433 misericordiam.

292 1473 365 1529 Et
396 1475 533 1530 dixit
559 1474 624 1528 ad
654 1474 869 1546 Moysw
903 1491 916 1527 :
949 1472 1060 1545 Ego
1102 1472 1339 1526 exaudiri
1378 1470 1623 1542 gemitum
1672 1469 1899 1538 ﬁliorum

293 1565 492 1633 Israel,
528 1568 784 1638 quomodo
813 1567 1054 1638 ZEgyptii
1084 1567 1137 1620 in
1160 1566 1453 1620 servitutem
1476 1564 1770 1631 deprimunt
1791 1579 1896 1629 eos,

294 1670 344 1714 et
374 1677 568 1715 memor
591 1662 760 1729 [actus
786 1676 899 1713 sum
930 1659 1241 1714 Testamenti
1288 1658 1404 1711 mei.
1442 1656 1586 1711 Vade
1606 1666 1651 1710 et
1671 1654 1898 1724 dic/iliis

294 1750 491 1821 Israel,
523 1770 617 1824 ego
643 1751 921 1819 Dominus,
940 1762 985 1806 et
1008 1754 1225 1805 educam
1241 1767 1329 1805 vos
1352 1750 1414 1804 de
1438 1750 1663 1821 potentia
1688 1747 1896 1819 Αἰξων-

2006 548 2160 591 utero
2178 537 2356 593 editus
2385 537 2629 610 virginali
2651 580 2664 602 ,
2688 540 2847 611 211
2877 554 2974 608 pro
3002 552 3088 594 me
3129 536 3363 603 oblatus,
3400 551 3497 604 pro
3524 550 3611 593 me

2002 631 2239 701 gustavit
2262 641 2520 694 mortem,
2546 646 2644 701 pro
2668 647 2755 686 me
2776 634 3095 685 resurrexit.
3145 630 3200 684 In
3226 645 3333 700 quo
3364 628 3605 683 omnium

2005 722 2281 776 hominum
2306 733 2553 789 suscepta
2581 732 2663 779 est
2693 724 3017 795 redemptio,
3038 734 3312 793 assumpta
3327 733 3409 779 est
3428 736 3609 778 resur-

2004 814 2193 871 rectio.
2244 816 2368 887 Ipse
2393 828 2476 871 est
2504 832 2665 872 verus
2708 817 2930 883 levites;
2963 830 3021 873 ut
3050 832 3150 874 nos
3181 819 3371 874 levitas
3408 818 3611 874 laceret

2004 910 2285 967 adhaerere
2314 912 2443 975 Deo,
2480 912 2577 981 ipsi
2630 914 2917 967 continuas
2973 928 3163 984 preces
3222 912 3484 978 fundere,
3538 912 3607 969 de

2003 1006 2121 1077 ipso
2148 1006 2377 1061 salutem
2408 1022 2651 1078 sperare,
2683 1006 2864 1078 fugere
2898 1017 3112 1063 terrena
3158 1010 3394 1079 negotia,
3425 1007 3477 1061 in
3511 1006 3605 1061 Dei

2003 1101 2346 1173 possessione
2376 1101 2677 1165 numerari,
2731 1102 2870 1156 sicut
2892 1102 3153 1171 scriptum
3206 1113 3328 1158 est:
3363 1101 3603 1166 Domine,

2005 1195 2210 1265 posside
2238 1212 2329 1249 nos
2358 1193 2555 1265 (Exod.
2610 1210 2801 1260 xxnv,
2836 1194 2916 1267 9.)
2944 1195 3019 1249 Ea
3050 1206 3129 1249 est
3168 1196 3312 1251 enim
3340 1196 3454 1250 sola
3487 1210 3611 1265 pos-

2002 1289 2207 1350 sessio,
2266 1303 2383 1359 qua:
2434 1288 2595 1342 nullis
2652 1287 2889 1341 obnoxia
2954 1288 3368 1357 tempestatibus
3410 1302 3606 1359 perpe-

2005 1386 2109 1434 tutn
2164 1381 2349 1449 gratia:
2407 1378 2543 1434 ferat
2590 1378 2814 1433 fructus.
2867 1377 3202 1447 Redemptor
3249 1379 3438 1435 levites
3490 1388 3603 1447 est,

2002 1473 2127 1543 quia
2185 1474 2266 1528 vir
2328 1475 2547 1543 sapiens
2612 1472 2914 1542 redemptio
2982 1472 3282 1543 insipientis
3341 1482 3446 1528 est.
3503 1473 3605 1541 Qui

2004 1577 2274 1639 tamquam
2309 1567 2550 1621 medicus
2580 1582 2781 1637 a‘grum
2833 1566 3138 1636 insipientis
3164 1567 3406 1621 animum
3439 1567 3604 1633 fovet,

2000 1670 2054 1715 et
2121 1659 2363 1731 quaedam
2393 1660 2627 1730 aSpergit
2655 1660 2913 1715 soli-.liora
2947 1661 3112 1715 menti
3145 1658 3446 1729 prudentiae
3493 1674 3605 1713 me-

1999 1754 2289 1821 dicamina,
2315 1755 2551 1808 imitatus
2574 1754 2721 1809 illum
2752 1755 3016 1810 medicum
3046 1755 3137 1825 qui
3169 1754 3236 1809 de
3264 1754 3405 1811 caelo
3433 1754 3599 1819 venit,

290 1848 484 1905 tiorunt
504 1886 518 1910 ,
553 1855 601 1899 et
645 1863 819 1900 eruam
861 1863 947 1900 vos
975 1845 1039 1899 de
1066 1845 1305 1899 servitute
1332 1846 1506 1897 eorum
1531 1884 1546 1909 ,
1595 1852 1641 1896 et
1672 1841 1896 1896 liberabo
1928 1852 1972 1911 Β
2002 1856 2059 1901 ιιι
2085 1847 2475 1903 demonSIraret
2493 1846 2796 1902 hominibus
2822 1846 3125 1915 prudentia:
3150 1846 3286 1912 vias,
3312 1856 3367 1901 et
3394 1846 3605 1913 sapien-

286 1953 382 1993 vos
404 1941 454 1993 in
484 1938 693 1993 brae/tio
722 1940 947 2005 excelso,
974 1950 1020 1991 et
1033 1938 1239 2010 judicio
1268 1952 1480 2006 magno,
1512 1948 1556 1989 et
1583 1952 1780 1989 sumam
1807 1950 1892 1990 ros

286 2031 420 2087 mihi
440 2033 491 2087 in
513 2033 731 2103 plebem,
766 2041 811 2085 et
836 2048 921 2085 ero
964 2040 1127 2085 vester
1159 2027 1320 2095 Deus,
1356 2038 1405 2083 et
1430 2028 1602 2082 scietis
1645 2029 1889 2098 quoniam

288 2143 386 2199 ego
412 2142 522 2180 sunt
556 2126 807 2179 Dominus
842 2124 979 2179 Deus
1012 2134 1171 2178 vester
1212 2124 1300 2194 qui
1349 2122 1563 2176 educam
1591 2138 1677 2175 vos
1711 2122 1773 2175 de
1799 2137 1890 2191 po-

290 2221 454 2275 tentia
486 2218 943 2291 IEgyptiorunt,“
971 2218 1214 2273 inducant
1240 2232 1327 2272 vos
1354 2218 1407 2271 in
1436 2228 1625 2271 terram
1653 2218 1706 2271 in
1735 2233 1889 2287 quam

288 2316 495 2371 extendi
525 2332 733 2369 manum
760 2332 921 2368 meam
954 2312 1158 2385 (Exod.
1184 2328 1265 2379 ut,
1284 2313 1314 2366 7
1340 2322 1383 2365 et
1411 2313 1567 2382 seq.).
1587 2311 1725 2365 Ecce
1752 2326 1886 2381 quo-

287 2408 455 2464 modo
494 2409 722 2479 populus
761 2408 1114 2463 llebrteorum
1146 2406 1319 2461 fructu
1362 2407 1587 2460 mutavit
1613 2405 1886 2470 laborem,

283 2506 466 2577 utqui
518 2507 572 2560 in
614 2505 730 2560 luto
785 2504 1145 2575 operabatur,
1175 2511 1201 2539 ει
1231 2518 1326 2572 spe
1376 2502 1525 2571 regni
1571 2510 1891 2570 operaretur

284 2598 498 2654 aeterni.
530 2599 595 2653 Et
616 2598 739 2653 ideo
765 2596 1023 2651 Dominus
1055 2598 1107 2649 in
1137 2595 1429 2663 Evangelio
1463 2593 1679 2649 inanem
1714 2608 1886 2663 popu-

285 2691 461 2747 lorum
490 2692 769 2761 gentilium
800 2691 1085 2745 miseratus
1118 2688 1379 2753 laborem,
1410 2688 1502 2758 qui
1533 2688 1733 2742 lateres
1762 2701 1889 2741 con-

288 2796 569 2842 struerent
620 2787 897 2842 lutulenta:
937 2783 1337 2853 superstitioni,
1373 2792 1427 2837 et
1466 2782 1746 2852 voluptati
1770 2795 1889 2836 cor-

290 2878 443 2949 poris
491 2878 693 2944 dediti,
752 2878 980 2932 solidmn
1028 2876 1152 2930 ﬁdei
1195 2890 1411 2929 murum
1464 2874 1737 2928 ardilicare
1783 2888 1888 2926 non

289 2982 546 3044 possent,
577 2974 721 3029 velut
764 2974 829 3027 ad
862 2970 1125 3043 quosdam
1154 2971 1319 3024 asina:
1350 2972 1491 3023 lctus
1532 2968 1746 3021 locutus
1774 2966 1888 3021 ait:

292 3066 475 3121 Venite
505 3067 572 3120 ad
595 3083 693 3130 me,
718 3082 891 3119 omnes
918 3066 1002 3135 qui
1031 3063 1305 3129 laboratis,
1338 3070 1381 3115 et
1410 3078 1502 3131 ego
1525 3077 1612 3113 vos
1638 3060 1887 3129 reﬁciam.

286 3158 475 3214 Tollite
487 3161 672 3232 jugum
691 3175 855 3212 meum
878 3175 1029 3229 super
1052 3174 1155 3221 vos,
1184 3165 1227 3209 ct
1259 3156 1438 3210 discite
1462 3171 1492 3207 a
1522 3171 1601 3208 me
1633 3153 1754 3224 quia
1779 3170 1891 3209 sum

1996 1939 2081 1993 tiae
2096 1941 2315 1995 semitas
2341 1940 2577 2010 parvulis
2610 1940 2895 1995 revelaret.
2931 1938 3157 1994 Videbat
3186 1940 3329 1994 enim
3354 1939 3605 1993 laboran-

1995 2041 2076 2087 tes
2090 2048 2366 2103 n0nposse
2391 2036 2506 2089 sine
2535 2035 2773 2089 remedio
2797 2034 3012 2098 salvari,
3044 2044 3097 2088 et
3124 2035 3242 2089 ideo
3272 2033 3599 2088 medicinam

1995 2125 2455 2196 tribuebatzegris.
2485 2126 2611 2181 Ideo
2639 2127 2890 2182 omnibus
2924 2141 3081 2196 opem
3103 2126 3351 2181 sanitatis
3374 2124 3599 2192 detulit;

1994 2230 2053 2275 ιιι
2080 2222 2407 2291 quicumque
2436 2222 2678 2290 perierit,
2714 2221 2904 2276 mortis
2935 2234 3047 2274 sua:
3085 2233 3276 2274 causas
3305 2219 3409 2273 sibi
3437 2218 3607 2273 ascri-

1993 2312 2106 2377 bat,
2144 2314 2235 2383 qui
2268 2314 2447 2367 curari
2479 2313 2678 2379 noluit,
2712 2328 2834 2367 cum
2878 2312 3176 2368 remedium
3224 2311 3469 2379 haberet,
3494 2327 3603 2383 quo

1994 2416 2177 2475 posset
2205 2405 2477 2460 evadere:
2519 2402 2723 2459 Christi
2766 2415 2946 2460 autem
2974 2404 3255 2459 manifesta
3303 2408 3355 2459 in
3407 2418 3599 2459 omnes

1994 2496 2316 2568 praedicetur
2356 2497 2756 2563 misericordia;
2809 2513 2875 2553 eo
2905 2498 3046 2568 quod
3109 2498 3143 2553 ii
3201 2498 3291 2568 qui
3336 2506 3597 2566 pereunt,

1996 2607 2093 2647 sua
2141 2601 2369 2662 peremit
2415 2593 2738 2663 negligentia
2776 2610 2787 2645 :
2819 2593 2907 2662 qui
2956 2601 3134 2646 autem
3168 2584 3483 2655 salvantur,
3514 2605 3605 2647 se-

1992 2685 2226 2741 cundum
2268 2683 2472 2739 Christi
2521 2686 2849 2740 sententiam
2907 2685 3235 2751 liberentur,
3268 2684 3356 2754 qui
3407 2699 3597 2740 omnes

1994 2782 2243 2838 homines
2267 2783 2576 2838 vnltsalvos
2616 2784 2760 2849 ﬁeri,
2809 2795 2861 2838 et
2891 2785 2943 2837 in
2990 2784 3322 2855 agnitionem
3357 2783 3600 2839 veritatis

1994 2874 2197 2929 venire.
2250 2873 2489 2943 Denique
2538 2884 2591 2929 et
2638 2875 2873 2930 Sodoma
2923 2875 2969 2929 si
3021 2874 3589 2944 habuissetquinqua-

1994 2965 2357 3035 gintajustos,
2388 2981 2495 3020 non
2518 2977 2662 3021 esset
2682 2982 2894 3029 eversa,
2927 2977 2982 3021 et
3004 2968 3048 3020 si
3075 2967 3262 3022 decem
3294 2967 3592 3036 habuisset,

1994 3069 2138 3112 esset
2166 3058 2482 3127 redempta;
2506 3074 2572 3113 eo
2599 3060 2739 3127 quod
2767 3074 2947 3113 sermo
2979 3061 3318 3114 remissionis
3351 3070 3599 3128 peccato-

1996 3166 2114 3205 rum
2139 3151 2373 3205 anitnam
2414 3150 2673 3206 servitute
2700 3158 2883 3214 exuat,
2916 3164 2971 3205 et
2994 3151 3297 3221 disciplinae
3320 3151 3598 3221 plenitudo

283 3254 424 3308 mitis
447 3264 494 3307 et
531 3254 737 3307 humilis
764 3252 945 3317 corde,
985 3263 1030 3307 et
1074 3252 1336 3307 invenietis
1376 3249 1600 3319 requiem
1623 3248 1892 3303 animabus
1921 3242 1967 3306 C
2002 3244 2253 3316 perlaeta:
2296 3252 2532 3300 mentem
2568 3258 2674 3299 non
2706 3245 2853 3299 sinat
2880 3244 3031 3299 edaci
3065 3244 3349 3299 libidinum
3397 3260 3596 3315 vapore

280 3348 461 3402 vestris
490 3347 668 3417 (Matt.
712 3362 797 3408 ιι,
845 3345 915 3400 9.8
943 3356 989 3399 et
1019 3344 1161 3416 seq.)
1206 3345 1318 3411 Qua
1352 3344 1633 3398 vocatione
1676 3342 1887 3412 plenius

278 3441 412 3497 mihi
461 3440 650 3494 videor
678 3439 838 3494 verba
878 3438 1011 3510 legis
1052 3446 1107 3493 et
1138 3436 1399 3509 mysteria
1437 3449 1833 3507 recognoscere
1867 3451 1880 3488 :

275 3535 400 3605 quia
429 3534 634 3589 asinam
657 3542 748 3587 aut
776 3531 1212 3587 commutandam
1245 3545 1345 3585 ove
1385 3528 1591 3593 docuit,
1618 3534 1713 3581 aut
1741 3526 1885 3581 redi-

273 3626 527 3683 mendam
560 3626 815 3695 pecunia;
850 3632 906 3678 ut
952 3639 1053 3677 non
1078 3622 1254 3677 solum
1305 3620 1473 3675 asina:
1502 3632 1715 3689 partum
1745 3634 1877 3685 ove,

273 3718 381 3776 hoc
404 3729 510 3785 est,
539 3718 753 3774 mundis
780 3718 1053 3773 immunda
1095 3724 1387 3777 mutemus,
1420 3713 1514 3768 sed
1544 3714 1706 3768 etiam
1737 3712 1881 3767 redi-

273 3828 509 3868 mamus.
540 3809 694 3877 Quod
723 3810 935 3865 videtur
957 3808 1210 3879 exprimi,
1239 3809 1283 3859 si
1317 3808 1466 3876 prius
1491 3806 1755 3860 sacriﬁcio
1785 3819 1880 3874 pu-

265 3905 618 3967 rilicationis,
648 3912 703 3958 et
750 3905 1007 3974 mysterio
1054 3900 1390 3969 baptismatis
1428 3897 1752 3952 delictorum
1785 3911 1881 3950 no-

272 4005 513 4052 strorum
552 3995 953 4065 inquinamenta
1026 3992 1301 4054 lavemus;
1372 3989 1598 4043 crimina
1662 4001 1877 4057 quoque

272 4103 463 4146 ltOSlra
513 4088 667 4143 bonis
694 4086 981 4157 cperibus,
1026 4084 1256 4155 ﬁdeique
1307 4084 1502 4153 pretio,
1560 4092 1613 4137 et
1654 4082 1879 4136 misera—

272 4186 423 4241 tione
443 4184 796 4240 redimamus.

345 4280 432 4334 11.
477 4278 713 4334 Pretium
745 4284 986 4332 nostrum
1036 4273 1309 4344 sanguinis
1354 4279 1439 4327 est
1464 4270 1685 4325 Christi.
1720 4268 1876 4325 Unde

270 4385 325 4431 et
354 4374 633 4445 apostolus
682 4373 875 4427 Petrus
914 4371 1026 4425 ait:
1074 4368 1186 4423 Non
1232 4382 1364 4421 auro
1408 4367 1489 4420 vel
1522 4372 1747 4435 argento
1791 4380 1876 4419 re-

270 4466 474 4536 dempti
498 4467 660 4531 esuis,
712 4464 806 4519 sed
851 4463 1089 4533 pretiosi:
1117 4461 1379 4529 sanguine
1420 4457 1469 4529 (1
1506 4456 1619 4511 Pet.
1670 4473 1707 4518 ι,
1743 4456 1869 4525 18.)

270 4558 341 4614 Et
372 4559 567 4613 Paulus
596 4557 727 4612 dicit
758 4575 770 4610 :
802 4554 977 4609 Pretio
1007 4554 1161 4624 empti
1188 4554 1309 4607 estis
1328 4593 1344 4618 ,
1376 4551 1533 4605 nolite
1586 4550 1710 4620 efﬁci
1740 4550 1871 4603 servi

1990 3355 2259 3395 CODSUHII.

2062 3436 2148 3491 12.
2194 3435 2489 3490 Plurimum
2551 3445 2724 3491 tamen
2758 3436 2945 3502 refert,
2983 3447 3037 3491 et
3069 3436 3333 3491 moralem
3366 3435 3597 3493 :edillcat

1988 3530 2273 3597 aﬁ‘ectum,
2326 3530 2372 3585 si
2424 3531 2588 3585 etiam
2642 3545 2927 3586 numerum
2978 3530 3246 3599 justorum
3275 3530 3595 3599 simpliciter

1985 3626 2315 3696 accipiamus
2356 3625 2618 3695 prodesse
2665 3626 2985 3696 populorum
3026 3624 3207 3678 saluti.
3268 3624 3596 3695 Comprimit

1983 3728 2039 3775 et
2062 3730 2277 3775 resecat
2304 3720 2591 3786 invidiam,
2636 3720 2919 3775 confundit
2968 3721 3391 3790 improbitatem,
3425 3722 3597 3775 virtu-

1982 3821 2091 3867 tem
2122 3813 2333 3879 incitat,
2376 3824 2537 3884 auget
2566 3816 2813 3884 gratiam.
2864 3814 3031 3868 Nemo
3055 3814 3198 3868 enim
3226 3814 3469 3869 invidere
3499 3813 3594 3869 dc-

1982 3904 2076 3960 bet
2116 3907 2271 3961 alteri
2322 3904 2537 3961 laudem
2575 3922 2695 3977 qua:
2736 3907 2835 3961 sibi
2870 3907 3041 3975 prosit
3067 3925 3081 3959 :
3107 3916 3266 3975 atque
3315 3906 3592 3976 improbus

1980 4000 2209 4069 quisque
2239 3999 2637 4069 redemptorem
2663 4014 2818 4053 suum
2849 3999 2973 4052 dttm
2997 3999 3243 4066 suscipit,
3278 3997 3593 4068 frequenter

1981 4090 2257 4156 imitatur;
2290 4100 2439 4146 certe
2484 4102 2807 4155 veneratur,
2859 4091 3179 4160 plerumque
3202 4091 3365 4144 etiam
3390 4089 3589 4159 diligit.

1981 4181 2099 4251 Ipse
2122 4183 2282 4236 etiam
2323 4184 2368 4237 si
2400 4183 2521 4237 aliis
2555 4182 2894 4252 profuturum
2921 4184 3077 4248 sciat,
3111 4182 3304 4237 studiis
3342 4194 3589 4253 augetur,

1979 4292 2151 4345 eaque
2178 4278 2350 4347 gratia
2378 4278 2911 4348 connectitpopulos,
2944 4276 3587 4333 accumulatcharitatem

1978 4371 2219 4434 civium,
2270 4370 2484 4425 urbium
2530 4372 2780 4441 gloriam.
2816 4373 2983 4438 Quam
3044 4372 3196 4426 beata
3254 4371 3448 4425 civitas
3469 4386 3590 4441 qua:

1976 4463 2428 4534 plurimosjustos
2456 4463 2638 4530 habet,
2659 4481 2815 4531 quam
2832 4466 3175 4521 celebrabitis
3192 4480 3287 4520 ore
3310 4466 3586 4520 omnium:

1974 4558 2248 4628 quomodo
2285 4558 2627 4613 benedicitur
2651 4569 2762 4612 tota
2788 4558 2855 4613 de
2886 4568 3063 4628 parte,
3108 4569 3164 4613 et
3195 4559 3381 4613 beatus
3411 4568 3575 4628 atque

271 4653 532 4706 hominum
559 4651 599 4720 (I
619 4649 740 4704 Cor.
784 4664 879 4712 vn,
898 4647 1014 4718 23).
1037 4645 1195 4703 Unde
1216 4645 1513 4699 nonotiose
1542 4644 1802 4697 miramur
1824 4642 1875 4697 in
1906 4638 1955 4697 D
1984 4658 2277 4721 perpetuus
2295 4651 2415 4720 ejus
2442 4662 2615 4705 Status
2642 4654 2936 4705 mstimatttr
2960 4652 2971 4704 !
3007 4652 3177 4719 Quam
3229 4652 3438 4721 gaudeo
3460 4664 3583 4705 cum

271 4744 566 4808 Evangelio
587 4742 729 4813 quod
760 4758 923 4811 super
944 4740 1145 4810 pullum
1184 4739 1351 4792 asime
1376 4737 1579 4793 sederit
1610 4736 1867 4790 Dominus

269 4838 425 4895 Jesus
454 4837 649 4909 (Marc.
686 4852 766 4903 XI,
799 4835 889 4907 7);
924 4834 1045 4905 quia
1073 4833 1296 4903 popttlm
1318 4829 1533 4902 gentilis
1554 4829 1720 4899 cmpit
1749 4842 1871 4884 esse

266 4933 466 4989 Christi
498 4934 668 4987 hostia
688 4974 700 4994 ,
730 4931 855 5002 quia
887 4927 1180 4985 secundum
1215 4926 1385 4996 legem
1425 4924 1722 4978 habebatur
1770 4922 1871 4975 im-

266 5025 522 5083 mundus.
548 5020 1302 5087 Undeetdelevitisscriptum
1326 5014 1624 5085 est(Exod.
1665 5011 1871 5083 1:11.13)

266 5118 410 5190 quod
441 5116 966 5186 sintretlemptiones
991 5128 1216 5175 eorum;
1249 5125 1316 5165 eo
1341 5110 1482 5181 quod
1511 5118 1566 5164 et
1592 5106 1875 5163 sanctitate

265 5212 392 5267 vita:
404 5225 514 5265 sua:
527 5220 579 5263 et
600 5210 847 5263 oratione
860 5218 1079 5277 peccata
1094 5205 1263 5274 plebis
1277 5202 1302 5242 δ
1318 5204 1578 5259 lavarent.
1603 5203 1658 5257 lo
1681 5203 1875 5273 quibus

268 5303 438 5371 ﬁgura
471 5301 591 5370 agni
619 5300 893 5370 praecessit
920 5297 1193 5369 mysteriis
1218 5311 1405 5350 verum
1437 5304 1721 5350 venturum
1739 5293 1874 5349 leti-

266 5402 399 5460 tem,
432 5394 519 5460 qui
557 5390 759 5461 proprii
781 5390 1024 5458 corporis
1054 5388 1304 5458 passione
1327 5388 1546 5444 tolleret
1589 5397 1867 5459 peccatum

265 5486 473 5545 mundi.
497 5485 711 5541 Levites
734 5484 1066 5555 signiﬁcatur
1087 5492 1369 5549 susceptus
1398 5498 1497 5553 pro
1514 5498 1621 5547 me,
1655 5482 1737 5538 vel
1756 5482 1868 5551 ipse

265 5580 396 5638 mihi
426 5580 590 5645 levis;
632 5578 745 5647 ipse
776 5578 919 5631 enim
949 5577 1202 5645 perfectae
1223 5574 1434 5631 virtutis
1477 5575 1637 5633 habet
1670 5579 1868 5647 imper-

266 5674 464 5729 tienda:
506 5672 704 5743 populo
732 5670 977 5727 sanitatis
1010 5667 1291 5723 indicium.
1347 5668 1467 5741 Ipse
1496 5686 1627 5743 ergo
1652 5673 1740 5743 qni
1768 5686 1866 5742 pro

344 5796 369 5823 ι·
412 5786 537 5841 Mss.
582 5783 779 5850 Laud.,
806 5797 947 5853 spent
972 5779 1116 5853 regni
1134 5779 1420 5853 aperire_tur
1445 5784 1641 5837 interni.

345 5855 376 5894 δ
416 5857 490 5913 Ita
509 5858 638 5913 mss.
665 5848 809 5912 Edi‘t.
830 5848 994 5921 vero,
1027 5848 1269 5908 levarent.
1313 5848 1380 5906 In
1424 5854 1606 5923 quibus
1628 5854 1864 5925 ﬁguratis

1974 4742 2182 4813 aliquos
2203 4741 2361 4798 mites
2377 4758 2437 4797 ac
2452 4745 2723 4812 sapientes
2748 4742 2837 4797 diu
2865 4743 3045 4797 vivere
3075 4741 3254 4805 video,
3283 4757 3405 4796 cum
3427 4742 3590 4811 virgi-

1978 4850 2073 4890 nes
2084 4844 2283 4899 castas,
2301 4836 2487 4891 viduas
2499 4850 2690 4907 graves
2702 4839 2904 4906 aspicio
2922 4836 3215 4905 longaevas,
3236 4836 3383 4889 velut
3398 4848 3581 4903 quam-

1978 4928 2101 4984 dam
2157 4930 2403 4985 incanum
2457 4930 2717 4986 Ecclesia:
2755 4932 2959 4987 curiam
2994 4946 3113 5000 quin
3142 4928 3443 4999 prmtendat
3468 4928 3587 4997 ipso

1980 5022 2213 5092 qundam
2259 5024 2407 5079 vultu
2437 5035 2492 5080 et
2520 5026 2701 5095 specie
2726 5026 3005 5096 gravitatis
3032 5025 3174 5095 quod
3206 5034 3582 5089 revereantur,

1982 5116 2124 5187 quod
2153 5117 2453 5184 imitentur,
2504 5134 2611 5188 quo
2640 5121 2705 5173 ad
2739 5135 2954 5175 omnem
2988 5133 3196 5174 morum
3241 5117 3471 5188 gratiam
3493 5130 3584 5171 co-

1983 5210 2261 5266 lorentur!
2315 5211 2428 5267 Non
2480 5214 2624 5269 enim
2682 5213 2810 5283 ipsis
2868 5213 3105 5283 gaudeo,
3161 5226 3284 5266 cum
3350 5208 3582 5263 vivendo

1978 5306 2143 5359 multa
2173 5306 2401 5361 subeant
2427 5308 2581 5361 tat-dia
2605 5309 2789 5363 saeculi
2819 5308 2977 5377 hujus
2997 5349 3010 5369 ,
3060 5306 3153 5361 sed
3196 5306 3317 5373 quia
3354 5312 3582 5372 prosont

1978 5398 2243 5468 pluribus.
2286 5398 2548 5456 Similiter
2575 5399 2704 5455 dum
2744 5402 2939 5471 aliquis
2982 5398 3292 5468 bujusmodi
3342 5396 3577 5463 decidit,

1976 5492 2222 5559 quamvis
2246 5492 2401 5562 longa
2424 5503 2705 5548 senectute
2743 5493 3042 5561 depositus,
3068 5489 3304 5555 aiﬁcior;
3334 5490 3456 5560 quia
3480 5490 3579 5547 de-

1976 5582 2218 5638 stituitur
2258 5601 2392 5655 grex
2433 5586 2692 5655 jnvenum
2727 5601 2883 5640 muro
2913 5583 3091 5637 senili.
3155 5582 3395 5652 Denique
3437 5583 3578 5651 peri-

1974 5686 2107 5733 tura:
2139 5679 2308 5747 urbis,
2351 5690 2442 5735 aut
2468 5679 2733 5735 malorum
2782 5676 3210 5743 imminentium,
3267 5675 3352 5732 vel
3381 5674 3573 5735 futura:

1976 5792 2099 5863 agni
2126 5793 2385 5863 pracessit
2406 5790 2725 5863 mysterium,
2748 5798 2856 5845 etc.
