4150 6358
603 260 712 319 547

1947 263 2194 325 εΑΝοτι
2231 266 2558 327 AIBDOSII

3809 280 3913 336 348

608 381 748 437 labis
772 381 880 438 huc
901 381 1129 454 primmn
1161 382 1412 438 indicium
1440 390 1576 449 est,‘
1589 382 1634 438 si
1665 380 1929 438 decedant
1953 383 2050 440 viri
2072 398 2204 440 cono
2231 389 2280 450 Λ
2312 386 2603 442 interficiat
2627 389 2931 461 voluptates
2957 391 3040 448 sui
3069 393 3314 465 corporis
3332 434 3350 460 ,
3395 404 3449 451 et
3477 396 3770 467 quemdam
3801 414 3911 455 sua:

610 473 892 541 sultiores,
936 473 1021 528 vel
1042 472 1202 529 etiam
1226 474 1498 544 graviores
1530 472 1762 530 feminae.
1795 473 1932 531 Hinc
1971 475 2202 546 primum

613 565 980 637 ingruentium
1024 577 1172 636 porta
1231 565 1468 636 aperitur
1512 566 1797 622 malorum.
1858 565 2009 624 Sicut
2075 583 2205 640 ergo

611 660 741 713 urbs
769 667 876 714 tota
917 658 1176 714 solidatur
1220 668 1380 730 atque
1424 670 1647 731 urgetur
1684 669 1828 718 cmtu
1855 661 2202 730 sapientium,

614 751 694 806 vel
721 751 870 806 obitu
921 749 1272 806 labefactatur
1298 769 1310 806 :
1345 752 1414 807 ita
1443 767 1622 807 sermo
1642 755 1846 823 gravis,
1875 765 1931 809 et
1985 753 2202 822 quidem

609 843 795 898 senilis
825 843 987 916 212
1007 842 1196 910 plenus
1239 843 1539 912 prudentiae
1575 845 1823 900 stabilire
1864 847 2206 918 uniuscujus-

605 951 708 1006 que
735 937 1010 1004 animam,
1060 948 1114 992 et
1140 937 1468 993 confirmare
1510 949 1745 1004 mentem
1797 940 1954 1010 solet.
1999 939 2117 996 Jam
2157 942 2204 1000 si

603 1030 824 1087 accedat
853 1032 1143 1086 multarum
1169 1033 1462 1088 lecticulam
1492 1048 1655 1100 usus,
1687 1034 2039 1102 plurimorum
2068 1051 2202 1105 pra:-

603 1134 879 1194 ceptorum
907 1133 963 1181 et
1005 1127 1354 1181 οοηείιὶοιιιιιι
1401 1127 1617 1196 quidam
1648 1137 1889 1192 senatus,
1920 1129 2204 1200 velutper-

603 1230 824 1289 petitum
849 1219 1000 1275 urbis
1018 1219 1136 1290 ejus
1156 1235 1276 1291 qua:
1305 1220 1358 1277 in
1383 1220 1720 1292 singulorum
1751 1230 1834 1277 est
1865 1223 2200 1296 praecordiis,

599 1314 800 1362 statum
827 1305 1014 1363 efficit.

1233 1420 1460 1479 CAPUT
1489 1422 1581 1479 IV.

609 1556 780 1624 Quare
817 1557 1025 1630 Moyses
1069 1559 1249 1614 levitas
1290 1560 1566 1630 appellarit
1617 1559 1982 1632 primogenitos
2032 1572 2080 1616 et
2123 1579 2203 1618 re-

678 1654 984 1721 demptores,
1032 1671 1309 1732 eorumque
1338 1656 1486 1709 urbes
1542 1654 1904 1726 redemptrices
1960 1656 2205 1729 designa-

675 1748 780 1804 rit?
824 1747 926 1802 Cur
956 1749 1144 1803 nonsit
1193 1748 1472 1803 absurdum
1514 1750 1612 1815 piis
1655 1749 1952 1805 cohabitare
2003 1752 2202 1822 facino-

672 1842 858 1898 rosos?
886 1841 965 1898 De
986 1842 1183 1899 duabus
1225 1845 1278 1897 in
1339 1841 1445 1898 Deo
1493 1840 1797 1910 uirtutibus,
1847 1842 2199 1900 misericordia

671 1947 716 1992 et
747 1938 990 2011 justitta,
1045 1948 1198 2007 atque
1234 1955 1410 1994 earum
1450 1939 1738 2006 ministris;
1785 1938 1945 2007 deque
1965 1956 2023 1993 eo
2055 1939 2200 2010 quod

672 2032 887 2088 malitiae
934 2049 1169 2104 egressus
1213 2049 1409 2105 semper
1463 2033 1667 2086 virtutis
1707 2040 1948 2102 operetur
2001 2031 2199 2102 ingres-

669 2144 806 2194 sum,
852 2138 899 2183 et
938 2138 1155 2194 contra;
1187 2138 1240 2183 ut
1290 2126 1614 2202 Evangelicis
1665 2125 1912 2198 exentplis
1962 2142 2199 2197 compro-

670 2222 835 2278 batur.

672 2336 761 2392 15.
800 2335 928 2392 Ideo
959 2351 1091 2406 ergo
1119 2335 1508 2406 primogenitos
1538 2343 1592 2390 et
1621 2333 1998 2403 redemptores
2030 2343 2194 2390 caete-

594 2443 778 2482 rorutn
831 2428 1022 2483 levitas
1071 2427 1285 2498 Moyses
1325 2427 1622 2497 appellavit
1675 2423 1864 2499 (Num.
1919 2441 1999 2493 ιιι,
2059 2427 2188 2497 12);

594 2521 739 2591 quod
765 2522 1071 2576 maturioris
1097 2532 1152 2576 et
1182 2521 1328 2576 utilis
1369 2520 1652 2577 sententiae
1675 2522 1772 2577 viri
1805 2522 1975 2578 altero
2005 2537 2196 2579 senec-

600 2623 771 2668 tutem
802 2613 1091 2680 quamdam
1120 2613 1318 2668 animae
1333 2614 1642 2683 praferant,
1671 2613 1844 2669 altero
1866 2615 2196 2686 redemptio-

596 2723 720 2763 nem
751 2708 1052 2763 conferant.
1083 2707 1235 2764 Unde
1265 2719 1319 2764 et
1345 2709 1593 2765 civitates
1625 2709 1907 2764 levitarum
1938 2710 1989 2768 in
2023 2709 2192 2766 veteri

596 2801 949 2858 Testamento
971 2804 1360 2874 redemptrices
1390 2803 1710 2874 significavit
1733 2804 1945 2874 Moyses
1997 2802 2190 2876 (Num.

594 2912 766 2959 xxxv,
801 2896 892 2968 6);
924 2896 1047 2967 quia
1078 2898 1122 2950 is
1160 2898 1248 2968 qui
1292 2896 1534 2968 confugit
1557 2897 1623 2952 ad
1676 2898 2050 2953 eamauimam
2075 2938 2088 2964 ,
2135 2897 2190 2954 in

594 3005 696 3061 qua
725 2989 932 3046 habitat
958 2990 1049 3046 Dei
1072 2988 1331 3057 Verbum,
1370 3006 1491 3062 qua:
1519 2991 1666 3047 urbis
1692 2991 1851 3046 modo
1876 2993 2081 3047 munita
2108 3001 2191 3048 at-

590 3099 695 3154 que
723 3083 918 3138 Vallata
951 3084 1041 3149 sit,
1087 3094 1399 3154 perpetuam
1433 3084 1737 3140 libertatem
1779 3083 2011 3155 acquirit
2059 3083 2184 3140 sibi.

2309 483 2490 536 carnis
2515 494 2775 553 operetur
2817 485 3114 543 iutcritmn.
3157 487 3432 552 luterfccit
3459 509 3654 564 nempe
3700 494 3910 568 Moyses

2308 571 2657 646 Egyjitiuin,
2700 587 2754 632 et
2782 579 2937 648 fugax
2974 579 3145 636 factus
3173 593 3259 638 est
3305 585 3372 639 de
3396 595 3536 640 terra
3566 585 3822 659 AZgypti,
3857 599 3909 644 ut

2305 666 2605 724 declinaret
2636 670 2754 739 ejus
2781 681 2936 727 terra:
2971 685 3275 746 tyrannum.
3333 679 3438 732 Sed
3470 689 3726 734 mutante
3751 681 3902 736 illum

2308 761 2673 819 interfecisset
2703 764 3014 838 Egyptium
3055 770 3363 838 hominem,
3398 773 3497 828 nisi
3558 777 3707 842 prius
3758 777 3811 832 in
3851 792 3908 833 se

2308 855 2559 923 nequitiae
2599 856 2860 924 Spiritalis
2889 858 3194 933 Egyptium
3227 863 3629 931 interemisset,
3661 877 3718 922 et
3756 869 3907 923 abdi-

2307 959 2481 1003 casset
2503 966 2561 1005 se
2591 955 2995 1022 regaliumluxu
3023 959 3309 1027 honorum,
3333 961 3505 1030 majus
3523 961 3905 1029 patrimonium

2306 1045 2578 1100 aestimans
2601 1046 2870 1104 thesauris
2885 1050 3105 1123 Egypti
3135 1055 3730 1123 opprobriumeristi.
3755 1057 3904 1123 Quod

2305 1137 2484 1191 stultis
2511 1140 2725 1208 quidem
2760 1143 2971 1198 videtur
3015 1147 3364 1216 opprobrium
3395 1168 3408 1204 :
3438 1150 3595 1204 nobis
3626 1160 3808 1205 autctn
3840 1151 3903 1206 il-

2306 1229 2394 1284 iud
2425 1232 2774 1300 opprobrium
2803 1225 3095 1292 Dominicac
3122 1239 3300 1294 erucis
3327 1241 3498 1296 virtus
3524 1241 3620 1297 Dei
3645 1253 3726 1297 est
3749 1255 3904 1313 atque

2306 1325 2590 1395 sapientia.

2380 1419 2468 1475 15.
2509 1421 2733 1478 Accedit
2756 1439 2842 1489 eo,
2875 1425 3020 1494 quod
3048 1425 3158 1483 duo
3195 1428 3444 1499 quaedam
3481 1430 3532 1486 in
3566 1431 3681 1488 Deo
3709 1436 3905 1505 princi-

2307 1510 2443 1579 palia
2471 1523 2597 1568 sunt
2619 1531 2818 1584 genera
2847 1517 3127 1584 virtutmn,
3163 1536 3327 1574 unum
3355 1537 3462 1592 quo
3489 1525 3742 1592 remittit,
3763 1529 3901 1585 aliud

2303 1618 2413 1673 quo
2435 1606 2687 1663 vindicat.
2723 1609 3089 1668 Remittuntur
3112 1625 3328 1684 peccata
3360 1614 3387 1654 ι)
3413 1633 3510 1687 per
3536 1620 3630 1675 Dei
3657 1623 3901 1690 verbum,

2305 1700 2458 1767 cujus
2478 1700 2668 1756 levites
2697 1704 2965 1775 interpres
2992 1717 3044 1762 et
3072 1709 3292 1778 quidem
3323 1723 3611 1768 exsecutor
3659 1729 3744 1774 est
3791 1719 3900 1789 (Ξό,

2233 1797 2353 1884 Bg.
2387 1792 2441 1856 5,
2480 1809 2597 1866 cap.
2647 1797 3028 1865 Remittuntar;
3079 1813 3126 1856 et
3175 1803 3239 1859 de
3291 1803 3484 1861 Paenit.
3513 1809 3635 1865 dist.
3691 1812 3743 1875 1,
3788 1830 3898 1884 cap.

2315 1883 2532 1941 Verbum
2561 1887 2684 1956 Dei)
2720 1908 2733 1946 :
2769 1895 3123 1950 remittuntur
3162 1897 3325 1952 etiam
3360 1915 3456 1969 per
3481 1903 3644 1974 213
3669 1883 3900 1962 officium

2301 1980 2617 2046 sacerdotis,
2634 1997 2958 2054 sacrumque
2976 1987 3334 2045 ministerium
3352 2010 3364 2044 ;
3382 1996 3677 2062 puniuntur
3693 2014 3901 2069 quoque

2303 2085 2397 2140 per
2424 2072 2690 2142 homines,
2722 2077 2864 2132 sicut
2893 2094 2987 2149 per
3003 2079 3240 2150 judices,
3263 2086 3354 2153 qui
3383 2097 3649 2155 potestate
3677 2093 3744 2145 ad
3771 2103 3900 2148 tem-

2302 2180 2398 2233 ιιιις
2429 2176 2670 2235 utuntur,
2698 2169 2838 2226 sicut
2871 2174 3166 2240 Apostolus
3199 2175 3564 2236 docetdiceus
3596 2183 3717 2238 ινιτ
3737 2195 3899 2243 autem

2298 2273 2399 2312 non
2421 2260 2598 2316 timere
2643 2267 2986 2331 potestatem?
3012 2265 3216 2323 Bonum
3246 2271 3352 2340 fac,
3380 2284 3427 2327 et
3456 2276 3665 2332 habebis
3689 2279 3896 2335 tandem

2296 2367 2362 2406 ea:
2388 2352 2511 2417 illa;
2547 2353 2676 2410 εεοεί
2708 2358 2841 2412 enim
2884 2361 3115 2415 minister
3141 2373 3214 2417 est
3243 2365 3334 2419 tibi
3365 2366 3419 2420 in
3461 2367 3674 2424 bonum.
3726 2371 3787 2427 Si
3811 2390 3898 2427 att-

2297 2450 2396 2497 tem
2416 2446 2608 2499 malum
2633 2449 2842 2519 feceris,
2876 2453 3013 2506 time.
3050 2452 3172 2508 Non
3196 2457 3330 2510 enim
3353 2460 3462 2514 sine
3483 2477 3641 2516 causa
3671 2463 3896 2534 gladium

2295 2546 2495 2607 portat;
2519 2541 2657 2594 enim
2680 2543 2910 2598 minister
2929 2555 3024 2613 est,
3045 2549 3232 2604 vindex
3259 2551 3310 2605 in
3340 2553 3473 2607 iram
3503 2557 3549 2609 ei
3575 2558 3666 2625 qui
3707 2560 3895 2614 malum

2295 2628 2422 2698 agit.
2447 2628 2626 2698 (Rom.
2680 2648 2795 2700 xm,
2828 2634 2908 2706 4).
2930 2635 3229 2694 Puuiuutur
3258 2653 3476 2712 peccata
3497 2647 3659 2701 etiam
3680 2664 3776 2718 per
3797 2666 3891 2721 pu-

2295 2719 2450 2812 pulos
2471 2763 2485 2786 ,
2515 2723 2653 2777 sicut
2705 2725 2930 2797 legimus
2954 2729 3127 2801 (Esai.
3167 2750 3284 2802 χιιι,
3329 2737 3455 2808 Ιῖ);
3488 2741 3612 2808 quia
3638 2719 3886 2812 sa-pe'ab

2292 2811 2608 2881 alienigenis
2636 2816 2893 2886 Deijussu
2929 2826 3180 2881 excitatis
3216 2839 3434 2898 propter
3473 2831 3670 2887 divinae
3696 2811 3884 2905 majes-

2292 2903 2420 2956 tatis
2449 2903 2708 2962 offensam
2748 2911 3026 2982 subjectus
3055 2915 3228 2972 factus
3267 2931 3350 2975 est
3391 2924 3624 2992 populus
3676 2903 3888 2983 Iudico-

2293 3012 2432 3092 rutn.
2473 2998 2582 3055 Nec
2604 2999 2649 3054 is
2674 3003 2889 3073 quidem
2924 3006 3106 3078 (45,q.
3142 3011 3194 3078 1,
3219 3028 3335 3081 cap.
3394 3013 3505 3068 Nec
3551 3019 3594 3071 is
3645 3020 3757 3090 qui)
3804 3021 3888 3092 qui

2294 3089 2494 3146 invitus
2547 3095 2763 3167 aliquod
2821 3097 3005 3156 fecerit
3057 3103 3442 3175 homicidium,
3489 3089 3663 3166 extra,
3713 3089 3890 3170 inlinis-

592 3177 741 3235 Sicut
767 3181 912 3234 enim
937 3180 987 3234 iu
1017 3179 1324 3234 civitatibus
1348 3179 1630 3235 levitarum
1657 3187 1776 3234 erat
1805 3194 2082 3250 pinnarum
2105 3192 2190 3234 ιθ·
2215 3200 2258 3260 C
2296 3185 2488 3240 tcrium
2514 3197 2618 3242 est.
2645 3189 2925 3260 Siquidem
2950 3193 3030 3249 lex
3061 3197 3136 3250 ait
3161 3199 3228 3253 de
3249 3215 3348 3254 eo:
3394 3201 3530 3268 Quia
3579 3203 3718 3259 Deus
3757 3207 3889 3262 dedit

602 3271 826 3333 missio;
858 3281 914 3326 ut
943 3271 987 3326 si
1019 3272 1139 3342 quis
1167 3273 1231 3325 ad
1272 3287 1365 3326 eas
1391 3270 1725 3342 confugeret,
1754 3271 1842 3339 qui
1865 3286 1969 3324 nou
2001 3273 2191 3326 volun-

599 3363 789 3418 tariam
820 3378 1005 3418 necem
1034 3363 1270 3418 hominis
1299 3365 1612 3430 admiserat,
1637 3363 1906 3419 nullieum
1937 3363 2188 3420 occidere

592 3454 938 3509 liceretintra
962 3456 1123 3510 urbes
1167 3455 1445 3510 dlittllaxal
1477 3458 1706 3526 positum
1763 3456 2044 3512 levitarum
2074 3474 2087 3510 :
2115 3459 2186 3512 ita

589 3561 751 3616 quem
797 3547 997 3614 peccati
1032 3549 1229 3617 proprii
1263 3549 1503 3618 panitet,
1533 3549 1676 3620 quod
1699 3559 1790 3602 aut
1819 3548 2190 3619 imprudenter

589 3649 682 3694 aut
706 3638 905 3694 invitus
927 3640 1178 3707 admisit,
1224 3641 1269 3697 si
1293 3641 1575 3697 levitarqu
1606 3640 1882 3696 adhsereat
1905 3641 2182 3710 incolatui,

587 3741 644 3788 et
669 3732 858 3788 abillis
877 3734 1297 3804 praeceptoribus
1327 3735 1415 3804 qui
1451 3733 1542 3788 Dei
1571 3733 1819 3788 mandata
1843 3734 2183 3804 dispensant,

587 3825 950 3883 recedendum
980 3842 1084 3881 non
1118 3836 1298 3898 putet,
1341 3826 1424 3883 lex
1469 3827 1581 3898 ipsa
1608 3826 1677 3884 ab
1705 3827 1850 3883 omni
1880 3842 2002 3884 eum
2033 3842 2185 3883 eom-

584 3919 734 3976 missi
759 3920 944 3992 ﬂagitii
973 3936 1128 3992 paena
1152 3921 1522 3994 suppliciOque
1544 3921 1758 3977 liberat.

655 4015 746 4071 Η.
788 4016 897 4072 Nec
931 4017 1223 4072 absurdum
1269 4027 1422 4088 putes
1448 4017 1589 4086 quod
1643 4016 1929 4074 facinerosi
1956 4015 2180 4074 cohabi-

584 4117 699 4163 taut
728 4108 854 4178 piis,
909 4124 974 4166 ac
1001 4111 1259 4166 maculosi
1298 4113 1548 4168 sacratis.
1591 4110 1738 4184 Opus
1788 4113 1931 4166 enim
1980 4110 2182 4168 habent

583 4203 854 4272 purificarl
877 4205 966 4273 qui
995 4205 1177 4277 aliquo
1203 4206 1390 4276 polluti
1412 4217 1538 4262 sunt
1566 4206 1880 4262 delictorum
1902 4207 2174 4277 contagio.

584 4295 651 4350 Et
681 4294 1082 4366 quodammodo
1113 4298 1329 4354 diverso
1355 4313 1557 4370 genere
1577 4314 1737 4354 causa
1765 4300 2059 4354 concurrit.
2087 4299 2177 4356 Si-

579 4401 667 4445 cut
715 4391 860 4445 euim
890 4390 1078 4446 levites
1121 4393 1406 4448 mundanis
1455 4393 1825 4462 voluptatibus
1872 4394 2174 4463 abdicatus,

477 4491 486 4508 '
577 4485 728 4540 exsul
764 4496 848 4540 est
873 4485 1047 4555 culpae
1071 4529 1086 4551 ,
1115 4485 1188 4542 ita
1214 4488 1492 4556 sanguinis
1520 4501 1668 4552 reus,
1700 4487 1953 4558 fugitivus
1974 4496 2057 4543 est
2086 4503 2177 4558 pa-

2293 3293 2408 3330 eum
2449 3278 2499 3332 in
2527 3297 2708 3336 manus
2733 3286 2846 3356 ejus
2873 3284 3068 3357 (Exod.
3116 3305 3224 3352 ut,
3256 3288 3366 3362 15).
3399 3293 3586 3349 Manus
3625 3312 3756 3369 ergo
3775 3299 3888 3365 ejus

2293 3370 2635 3429 instrumenti
2689 3378 2850 3433 modo
2892 3380 3090 3436 divina:
3141 3385 3326 3441 ultioni
3361 3388 3716 3445 ministerium
3749 3408 3887 3463 prae-

2289 3462 2541 3520 buerunt.
2592 3467 2804 3526 Levites
2859 3474 3021 3544 igitur
3075 3478 3322 3536 minister
3377 3483 3711 3541 remissionis
3751 3462 3883 3544 est:

2289 3571 2578 3626 percussor
2619 3575 2799 3620 autem
2859 3568 2948 3636 qui
2992 3576 3169 3627 tamen
3223 3590 3329 3630 non
3392 3592 3460 3631 ex
3499 3578 3884 3650 dispositione,

2286 3652 2382 3706 sed
2415 3667 2614 3724 praeter
2653 3660 2985 3720 voluntatem
3015 3667 3208 3724 fecerit
3251 3669 3635 3744 homicidium,
3693 3677 3885 3735 divinas

2289 3748 2535 3804 minister
2563 3761 2648 3808 est
2684 3754 2927 3813 ultionis.

2361 3842 2447 3897 l6.
2483 3843 2614 3900 Illud
2641 3863 2854 3916 quoque
2883 3864 3086 3921 specta,
3116 3857 3240 3924 quia
3278 3872 3400 3914 cum
3436 3860 3758 3920 interficitur
3782 3866 3882 3920 im-

2287 3935 2426 4010 pius,
2449 3933 3029 4001 Cbristusinfunditur.
3058 3949 3123 4004 Et
3146 3952 3230 4005 ubi
3255 3953 3587 4010 abominatio
3616 3957 3878 4026 aboletur,

2284 4029 2645 4087 sanctificatio
2672 4031 2699 4071 ιι
2736 4050 3130 4110 congregatur;
3164 4045 3284 4114 quia
3319 4046 3582 4104 Dominus
3611 4052 3784 4107 dixit:
3814 4050 3880 4107 In

2282 4137 2341 4174 eu
2369 4123 2451 4178 die
2480 4140 2581 4194 qua
2613 4126 2841 4197 interfeci
2862 4148 3011 4187 omne
3032 4136 3432 4207 primogenitum
3469 4139 3708 4214 Αἰρῃριι,
3733 4151 3879 4198 sane;

2282 4215 2472 4283 tiﬁcavi
2496 4218 2622 4273 mihi
2652 4237 2800 4276 omne
2821 4224 3216 4299 primogenitum
3243 4230 3608 4306 Israef(Num.
3661 4252 3738 4304 ιιι,
3767 4235 3872 4308 i3).

2281 4308 2435 4377 Quod
2465 4327 2570 4367 non
2598 4314 2664 4368 ad
2692 4331 2862 4375 unum
2893 4319 3035 4374 diem
3068 4322 3377 4382 afflictionis
3402 4325 3617 4399 IEgypti
3652 4333 3874 4398 referes,

2281 4401 2376 4456 sed
2405 4400 2472 4457 rid
2501 4421 2661 4461 omne
2687 4419 2919 4478 tempus.
2952 4411 3084 4468 Cum
3109 4417 3254 4472 enim
3289 4425 3630 4475 renuntiatur
3679 4422 3876 4492 impro-

2281 4493 2431 4549 bitati
2463 4496 2579 4570 (52,
2611 4517 2660 4571 ᾳ.
2697 4516 2734 4558 ι.
2755 4518 2872 4572 cap.
2903 4503 3031 4560 Cum
3054 4511 3420 4583 renuntiatur),
3462 4515 3644 4569 statim
3675 4515 3876 4573 adscis-

577 4578 716 4633 triaa.
744 4578 849 4634 Sed
874 4578 976 4634 hoc
1006 4581 1250 4648 interest,
1272 4581 1414 4652 quod
1447 4583 1548 4637 iste
1591 4581 1910 4638 necessitate
1930 4598 2060 4638 suos
2081 4583 2174 4639 de-
2201 4594 2250 4656 1)
2276 4585 2418 4642 citur
2443 4590 2638 4646 virtus.
2664 4593 2926 4664 Egressus
2949 4599 3090 4654 enim
3123 4603 3345 4658 malitia:
3378 4578 3595 4662 virtutis
3621 4619 3874 4678 operatur

575 4672 709 4728 serit
735 4681 954 4742 propter
1003 4685 1204 4729 metum
1235 4675 1366 4745 legis
1398 4695 1410 4729 :
1441 4675 1688 4732 minister
1714 4688 1893 4733 autent
1929 4677 2020 4733 Dei
2072 4676 2173 4732 hu-

577 4780 856 4820 manarum
885 4768 1171 4823 consortiis
1202 4773 1476 4823 renuntiat
1503 4769 1836 4840 passionum,
1866 4781 1919 4826 et
1938 4770 2170 4842 quadam

571 4857 808 4913 carnalis
839 4859 1108 4915 illecebras
1152 4875 1213 4916 se
1257 4861 1474 4917 abdicat
1522 4864 1924 4921 necessitudine
1951 4874 2173 4936 propter

570 4951 746 5008 studia
778 4951 1016 5008 virtutis.
1077 4952 1251 5010 Etiam
1282 4954 1412 5010 illud
1465 4972 1571 5010 non
1629 4957 1884 5014 abhorret
1928 4974 1958 5014 a
2004 4973 2168 5027 vero,

569 5054 714 5127 quod
741 5063 797 5111 et
826 5056 927 5111 iste
955 5057 1100 5112 velut
1127 5058 1385 5129 quasdam
1435 5060 1488 5115 in
1534 5075 1594 5117 se
1623 5077 1816 5118 manus
1854 5059 2066 5132 injicit;
2112 5067 2173 5115 ιιι

641 5261 668 5290 α
708 5251 832 5308 Vet.
859 5251 990 5308 edit.
1020 5261 1077 5305 et
1102 5253 1210 5307 duo
1238 5267 1368 5310 mss.
1389 5291 1404 5314 ,
1431 5250 1476 5303 si
1495 5249 1766 5316 decidant;
1796 5263 1964 5312 unus.
1995 5251 2041 5305 si
2070 5250 2164 5304 de-

569 5325 828 5379 cidnntnr.
879 5325 1081 5380 Omnes
1127 5324 1284 5394 edit.,
1333 5323 1427 5379 viri
1473 5320 1826 5391 consultores;
1869 5337 2023 5389 mss.,
2071 5321 2168 5376 viri

569 5398 926 5453 consultiores.

641 5466 669 5506 ι)
709 5468 998 5522 Gratianus
1027 5467 1094 5522 de
1137 5467 1356 5528 Pmuit..
1388 5464 1540 5526 tliSl..
1584 5478 1632 5517 (Ξ.
1679 5461 1903 5521 Verbum
1954 5463 2067 5529 Dei,
2113 5471 2169 5518 ει

571 5536 822 5605 Magister
848 5548 987 5594 sent.
1017 5541 1067 5594 in
1095 5556 1173 5602 tv,
1205 5542 1331 5595 dist.
1363 5537 1448 5604 18,
1478 5535 1530 5590 in
1557 5535 1661 5590 hoc
1683 5536 2030 5594 lococitando
2065 5550 2166 5592 nec

572 5612 734 5663 verba
762 5626 858 5663 uec
887 5626 1105 5667 sensum
1127 5612 1390 5667 Ambrosii
1422 5607 1702 5663 exhibent.

649 5691 670 5717 ι’
697 5679 876 5734 Codex
913 5683 1028 5734 Vat.
1064 5699 1223 5746 unus,
1257 5683 1350 5737 Dei
1379 5682 1515 5736 enim
1544 5681 1776 5736 minister
1799 5689 1870 5736 est
1910 5681 2094 5735 vindex
2112 5677 2163 5734 in

577 5751 730 5826 iram,
759 5752 848 5805 tibi
873 5755 927 5826 in
956 5755 1160 5811 bonum.
1183 5757 1329 5814 Edit.
1360 5758 1484 5814 Era.
1516 5764 1570 5812 et
1594 5753 1746 5826 Gill.,
1779 5754 1875 5811 Dei
1901 5755 2037 5810 enim
2065 5753 2162 5815 titi-

566 5823 732 5880 nistra
759 5832 834 5881 est
863 5825 954 5881 tibi
985 5827 1038 5881 in
1057 5828 1262 5886 bonum.

2278 4677 2580 4750 ingressum
2607 4703 2619 4737 :
2650 4686 2949 4760 eodemque
2972 4691 3149 4746 studio
3172 4711 3278 4764 quo
3306 4698 3512 4754 crimen
3545 4701 3870 4772 excluditur,

2277 4775 2579 4833 innocentia
2610 4783 2912 4852 c0pttlalur.
2939 4786 3112 4844 Habes
3139 4791 3238 4845 hoc
3271 4792 3321 4846 in
3349 4793 3642 4867 Evangelia
3695 4795 3869 4867 (Joan.

2275 4884 2389 4935 xm,
2428 4869 2526 4941 2);
2557 4875 2679 4943 quia
2714 4876 2802 4930 ubi
2845 4878 3074 4937 Satanas
3106 4883 3333 4940 immisit
3380 4902 3439 4942 se
3475 4889 3526 4942 in
3573 4903 3668 4945 cor
3696 4889 3872 4960 Iudae,

2273 4964 2523 5021 Christus
2543 4972 2772 5026 recessit
2787 4972 2855 5029 ab
2879 4990 2965 5042 eo,
2998 4988 3382 5051 momentoque
3396 4999 3462 5038 eo
3484 5001 3590 5054 quo
3608 4985 3758 5042 illum
3787 5002 3871 5043 re-

2274 5056 2441 5128 cepit,
2467 5059 2610 5118 hunc
2631 5063 2832 5122 amisit.
2868 5066 3107 5140 Denique
3133 5073 3210 5128 sic
3233 5075 3494 5145 scriptum
3519 5087 3601 5133 est
3625 5100 3638 5130 ;
3671 5077 3740 5133 Ει
3759 5087 3869 5149 post

2341 5248 2368 5335 ti
2396 5251 2528 5307 Mss.
2573 5253 2680 5335 duo
2707 5274 2719 5309 :
2750 5273 3100 5335 consecratur.
3134 5265 3278 5320 Edit.
3325 5268 3509 5335 Rom.,
3553 5274 3865 5334 cumulatur.

2273 5321 2391 5413 Vell.
2426 5330 2742 5413 (tonitribus
2766 5332 2887 5413 aliis
2920 5321 3866 5413 mss.,_congregata;lautitia—iris

2272 5395 2432 5484 verba
2463 5397 2551 5450 ubi
2576 5397 2732 5484 Dom.
2757 5401 2886 5456 edit.
2917 5423 3036 5484 cum
3063 5395 3453 5484 duob‘iisiiussi,
3481 5395 3567 5468 d—ie
3593 5395 3867 5484 ᾇθῖαὲηὶὲὲῖ

2273 5467 2400 5555 ρει,
2421 5479 2558 5534 ctc.;
2607 5472 2698 5555 ibi;
2729 5485 2837 5555 vet.
2882 5477 3011 5532 edit.
3059 5495 3183 5535 cum
3217 5483 3387 5537 tribus
3417 5467 3536 5539 aliis
3567 5467 3862 5555 codicibus,

2481 5543 2927 5629 quaninterfecero
2961 5587 2975 5602 .
3009 5591 3024 5604 .
3055 5589 3072 5629 _.
3110 5593 3124 5606 .
3153 5555 3484 5629 sanctiﬁcatio
3527 5539 3863 5629 mibi,

2273 5612 2352 5664 sic
2383 5612 2546 5693 etiam
2577 5612 2820 5693 Gratiani.
2869 5619 2990 5676 loco
3019 5623 3207 5680 citato.
3241 5612 3346 5681 Sed
3395 5628 3509 5683 ha-c
3537 5612 3696 5683 lectio
3725 5612 3863 5691 ὀἦὶιί

2274 5694 2429 5771 Sail")
2443 5688 2603 5782 tle!!!)
2636 5688 2821 5774 minus
2840 5695 3109 5750 consentit
3129 5739 3142 5763 ,
3177 5697 3370 5782 legi-tur
3393 5703 3534 5782 enim
3569 5703 3616 5756 ἐν
3643 5701 3675 5777 ᾖ
3698 5688 3866 5782 ἡμέρᾴ

2273 5753 2505 5822 ἐπάταξα
2524 5761 2626 5813 πᾶν
2643 5758 2966 5824 πρωτότοκον
2989 5805 3004 5822 .
3035 5805 3050 5822 .
3082 5807 3097 5824 .
3166 5809 3179 5824 .
3205 5753 3397 5851 diploma
3415 5753 3548 5847 ἐμοὶ,
3715 5753 3850 5783 TT:
