4150 6358
288 330 397 387 549

1481 332 1570 388 DE
1607 330 1763 389 CAIN
1805 330 1892 389 ET
1931 332 2112 389 ABEL
2153 332 2283 391 LIB.
2326 332 2393 392 ll.

275 441 563 496 buccellam
606 443 833 499 introivit
860 444 910 498 in
939 460 1054 498 eum
1092 443 1315 499 Satanas
1362 442 1552 513 (lbid.,
1577 441 1693 517 27).
1743 442 1886 498 Dixit
1908 443 1957 504 Α
1986 442 2141 499 Unde
2156 453 2210 499 et
2237 444 2563 502 sacriﬁcium
2589 446 2781 518 pingue
2798 455 2947 503 recte
2970 461 3360 515 nuncupamus,
3393 446 3419 487 υ
3445 449 3591 519 quod

274 550 407 606 ergo
441 536 520 591 illi
550 536 712 594 .lesus
740 559 758 595 τ
796 538 947 607 Quod
975 538 1124 607 facis,
1155 542 1238 608 fac
1262 537 1491 593 celerius.
1538 535 1677 605 Quid
1710 536 1883 592 illud?

276 628 349 683 Ut
398 630 526 699 quia
574 628 862 687 introierat
890 631 942 685 in
985 630 1134 685 illum
1175 629 1425 692 Satanas,
1472 629 1587 699 ipse
1635 629 1809 684 abiret
1850 644 1881 684 a

272 718 518 777 Christo.
552 722 780 792 Ejicitur
815 724 995 794 itaque
1018 734 1071 779 et
1109 723 1433 790 excluditur,
1477 738 1544 777 eo
1585 722 1726 791 quod
1768 722 1880 791 jam

272 828 398 869 cum
426 815 658 872 Domino
678 816 804 872 Jesu
828 832 948 871 esse
971 833 1075 871 non
1110 816 1314 886 possit;
1347 816 1470 885 quia
1492 826 1730 885 eruperat
1760 830 1882 872 esse

273 920 398 961 cum
461 907 679 963 diabolo
734 926 748 964 :
809 908 956 963 nulla
1015 910 1158 964 enim
1213 908 1633 964 communicatio
1677 907 1878 963 Christi

272 1015 396 1055 cum
460 1000 647 1056 Belial.
717 1001 869 1058 Unde
922 1000 1102 1057 statim
1169 1002 1394 1072 imperio
1468 1002 1726 1071 expulsus
1775 1004 1871 1057 ab-

271 1094 458 1157 cessit,
525 1094 664 1148 sicut
732 1094 983 1165 legimus,
1032 1093 1248 1149 dicente
1303 1093 1652 1165 Evangelista
1702 1112 1715 1149 :
1778 1094 1879 1162 Qui

271 1203 390 1240 cum
442 1188 720 1257 accepisset
777 1187 1092 1255 buccellam,
1164 1188 1317 1242 exiuit
1372 1190 1616 1243 continuo
1663 1187 1827 1261 (Ibid.
1858 1228 1874 1255 ,

270 1281 400 1351 50);
430 1292 548 1337 erat
575 1282 720 1337 enim
750 1298 879 1339 nox.
912 1282 1030 1339 Non
1052 1282 1226 1338 solum
1250 1284 1437 1347 exivit,
1466 1282 1560 1337 sed
1592 1284 1872 1349 continuo,

269 1385 323 1427 et
354 1386 511 1429 nocte
538 1376 728 1431 exivit.
777 1374 886 1430 Nec
916 1376 1111 1429 mirum
1156 1376 1200 1429 si
1233 1376 1411 1430 noctis
1436 1376 1686 1431 tenebras
1712 1375 1879 1431 babe-

268 1467 385 1532 bat,
416 1469 508 1538 qui
538 1466 814 1523 Christum
856 1468 1159 1525 deserebat.
1196 1468 1397 1525 Verum
1429 1468 1565 1524 sicut
1618 1469 1736 1537 ipse
1781 1483 1871 1524 re-

266 1572 460 1629 ceptus
480 1577 508 1614 a
535 1561 776 1629 diabolo,
800 1561 1051 1618 exclusus
1072 1577 1099 1615 a
1126 1561 1339 1617 Christo
1361 1570 1481 1619 est:
1510 1564 1584 1617 ita
1608 1561 1872 1620 Zacbasus

268 1654 587 1710 renuntians
640 1654 905 1722 avaritiae,
960 1654 1234 1710 Christum
1300 1656 1527 1725 recepit.
1571 1654 1870 1725 Meritoque

273 1745 460 1802 videns
499 1746 735 1802 Studium
767 1748 909 1817 ejus,
958 1748 1101 1818 quod
1133 1755 1185 1804 in
1215 1748 1465 1804 arborem
1503 1748 1863 1817 ascendisset,

1985 538 2223 605 Opimum
2268 538 2516 607 cupimus
2561 539 2860 595 declarare.
2894 540 2999 595 Sed
3040 542 3203 595 etiam
3251 541 3379 596 illud
3425 541 3593 596 docu-

1984 644 2188 699 mento,
2218 644 2303 689 est
2339 636 2482 704 quod
2512 638 2737 705 pingues
2767 652 2943 693 vaccas
2977 637 3289 706 prOpIietica
3317 640 3589 707 interpre-

1983 725 2184 781 tatione
2223 727 2381 783 annis
2420 725 2687 783 lertilibus
2718 740 3045 800 comparatae
3093 739 3217 785 sunt
3260 728 3433 810 (Gen:
3464 744 3577 796 xu,

1979 817 2095 889 26).

2598 932 2830 990 CAPUT
2870 934 2959 991 Vl.

1983 1069 2119 1139 Quid
2157 1070 2255 1124 sibi
2286 1069 2405 1124 velit
2450 1070 2588 1140 quod
2640 1069 2888 1126 Dominus
2928 1074 3047 1127 ait:
3094 1072 3149 1129 Si
3184 1082 3332 1130 recte
3362 1072 3582 1141 oﬁ‘eras,

2048 1180 2153 1220 non
2198 1177 2344 1222 recte
2386 1173 2565 1220 autem
2606 1164 2837 1231 dividas,
2872 1168 3130 1238 peccasti,
3156 1170 3409 1238 quiesce;
3444 1180 3490 1223 et
3521 1169 3582 1224 de

2048 1270 2263 1330 quatuor
2283 1257 2551 1331 generibus
2579 1258 2763 1324 quibus
2785 1261 3041 1330 sacriﬁcia
3074 1262 3578 1331 rommendubantur,

2048 1369 2264 1422 quorum
2290 1355 2333 1407 si
2359 1354 2482 1420 quid
2508 1353 2663 1418 desit,
2688 1354 2997 1423 sacrificium
3028 1372 3127 1408 non
3159 1355 3422 1423 probatur,
3466 1371 3583 1410 cum

2046 1446 2393 1517 pulcherrima
2420 1445 2634 1499 istorum
2666 1446 2849 1499 morali
2881 1446 3317 1517 interpretatione.

2046 1559 2135 1616 18.
2178 1559 2331 1616 Nunc
2371 1561 2791 1618 consideremus
2826 1562 2951 1632 quid
2988 1564 3060 1619 sit
3097 1562 3238 1633 quod
3281 1562 3357 1617 ait
3396 1563 3583 1619 Domi-

1974 1666 2075 1707 nus
2101 1670 2114 1706 :
2150 1652 2210 1709 Si
2236 1663 2371 1709 recte
2398 1652 2606 1723 offeras,
2637 1672 2739 1709 non
2766 1666 2939 1711 autent
2981 1667 3115 1709 recte
3144 1655 3365 1720 dividas,
3400 1671 3582 1723 pecca-

1971 1744 2057 1810 sti,
2091 1746 2311 1814 quiesce.
2339 1745 2493 1815 Quod
2538 1747 2790 1803 indicium
2820 1759 2902 1803 est
2930 1749 3093 1803 Deum
3123 1764 3229 1803 non
3263 1747 3580 1804 muneribus

262 1850 323 1896 ut
369 1849 742 1897 transeuntem
772 1841 953 1898 Jesum
987 1842 1213 1909 videret,
1262 1842 1393 1897 dicit
1424 1841 1682 1897 Dominus
1709 1860 1723 1897 ε
1764 1841 1869 1898 Ζα-
1898 1838 1946 1899 Β
1974 1834 2169 1892 oblatis
2199 1839 2419 1908 placari,
2463 1839 2558 1894 sed
2587 1838 2866 1896 olferentis
2898 1840 3117 1896 allecto.
3169 1842 3410 1912 Denique
3440 1857 3574 1897 con-

259 1932 422 1999 ciues,
453 1934 704 2003 festinans
740 1934 1013 2001 descende,
1037 1936 1161 2005 quia
1183 1934 1337 1989 hodie
1362 1935 1414 1989 in
1447 1936 1599 1990 domo
1626 1947 1714 1992 tua
1753 1954 1864 1992 ma-

259 2040 379 2079 nere
398 2041 478 2079 me
504 2035 722 2096 oportet.
750 2024 818 2080 Et
839 2026 1097 2081 descendit
1118 2028 1392 2097 festinans,
1422 2036 1469 2082 et
1494 2030 1692 2097 excepit
1715 2029 1865 2086 illum

258 2119 487 2187 gaudens
531 2117 684 2189 (Luc.
717 2135 827 2185 xu,
852 2120 887 2175 5
911 2129 958 2175 et
981 2119 1061 2191 6).
1085 2119 1189 2176 Sed
1220 2121 1540 2190 excipiendo
1559 2121 1858 2190 Christum,

258 2209 494 2266 exclusit
535 2210 841 2278 avaritiam,
879 2211 1140 2283 relegavit
1188 2212 1488 2283 perlidiam,
1537 2216 1865 2283 renuntiavit

256 2302 557 2361 fraudibus.
588 2304 762 2361 Aliter
800 2306 942 2361 enim
976 2321 1083 2361 non
1126 2307 1423 2377 ingreditur
1450 2307 1721 2377 Christus,
1757 2310 1859 2367 nisi

253 2407 315 2453 ut
342 2399 467 2453 vitia
492 2398 775 2466 excludat;
818 2400 939 2471 quia
974 2417 1079 2457 non
1130 2402 1402 2458 cohabitat
1434 2404 1731 2460 erroribus.
1757 2405 1862 2462 De-

260 2490 423 2560 nique
473 2490 540 2545 de
583 2494 785 2562 templo
821 2493 1075 2561 ejiciebat
1116 2495 1529 2561 nummularius,
1570 2498 1692 2567 quia
1742 2500 1859 2568 ipse

250 2584 473 2640 Volebat
494 2583 761 2644 habitare.
788 2586 943 2643 Unde
971 2588 1232 2645 Zachqu
1262 2592 1362 2646 huc
1387 2592 1709 2661 intelligens,
1733 2596 1858 2665 quia

250 2676 531 2735 Christum
570 2691 759 2735 vetere
789 2696 887 2735 suo
928 2682 1208 2751 suscipere
1234 2684 1429 2739 allectu
1474 2701 1578 2739 non
1626 2695 1853 2755 poterat,

249 2772 532 2842 superiora
551 2772 682 2827 vitia
701 2773 848 2828 exire
872 2775 1145 2843 suojussit
1171 2774 1423 2846 hospitio.
1444 2788 1499 2831 ut
1513 2776 1760 2835 Christus
1776 2780 1859 2836 in-

251 2873 440 2920 traret.
467 2863 655 2919 Merito
678 2866 836 2937 igitur
850 2866 1014 2939 315
1030 2869 1859 2931 l’liaristeisubmurmurantibus

249 2957 398 3029 quod
431 2958 696 3015 Dominus
719 2959 877 3017 Jesus
905 2962 969 3017 ad
1001 2961 1274 3018 hominem
1306 2978 1641 3032 peccatorem
1679 2968 1859 3024 diver-

250 3051 408 3105 tiSset
452 3066 695 3117 manere,
744 3050 883 3109 dixit
921 3054 987 3108 ad
1041 3054 1365 3111 Dominum:
1413 3056 1545 3112 Ecce
1588 3059 1858 3117 dimidium

253 3142 505 3197 bonorum
530 3160 777 3211 meorum,
802 3143 1043 3212 Domine,
1064 3146 1132 3201 do
1150 3149 1456 3220 pauperibus
1476 3168 1495 3216 ;
1521 3160 1567 3205 et
1588 3153 1632 3206 si
1653 3154 1736 3207 cui
1758 3154 1857 3207 ali-

1969 1930 2207 1985 demnati
2240 1929 2450 1985 oblator
2493 1930 2735 1986 muneris
2766 1929 2922 1998 Cain,
2953 1931 3080 2004 quia
3123 1948 3220 2003 pro
3244 1933 3576 1989 conscientia

1969 2022 2252 2080 insincera:
2274 2024 2565 2081 oblationis
2608 2025 2873 2081 intellexit
2914 2026 3025 2081 Deo
3055 2026 3380 2082 sacriﬁcium
3412 2041 3572 2085 suum

1966 2134 2074 2174 non
2127 2120 2435 2191 probatum,
2484 2130 2537 2175 et
2581 2121 2749 2177 tristis
2779 2130 2864 2177 est
2909 2119 3098 2175 lactus.
3150 2120 3377 2189 Quando
3425 2121 3571 2178 enim

1965 2228 2118 2269 mens
2156 2214 2259 2271 sibi
2303 2214 2439 2270 recti
2464 2224 2548 2270 est
2575 2215 2815 2281 conscia,
2847 2214 3166 2285 gratulatur,
3212 2224 3265 2269 et
3297 2214 3571 2270 inlusione

1963 2308 2193 2378 quadam
2221 2308 2449 2379 spiritali
2479 2308 2720 2378 repletur
2751 2306 2964 2363 animus
2994 2306 3211 2377 gaudio,
3245 2321 3367 2362 cum
3396 2306 3572 2361 alicu-

1955 2400 2045 2470 jus
2070 2403 2156 2457 vel
2187 2401 2389 2467 studia,
2423 2401 2507 2456 vel
2537 2417 2701 2471 opera
2736 2416 2766 2454 a
2809 2402 2919 2455 Deo
2965 2400 3282 2468 probantur.
3326 2400 3574 2456 Tristitia

1958 2494 2125 2565 igitur
2151 2495 2282 2550 Cain
2333 2493 2681 2550 conscientia:
2725 2492 3118 2559 testimonium,
3160 2491 3389 2564 repulsae
3430 2490 3570 2547 indi-

1959 2590 2101 2645 cium
2134 2600 2236 2646 est.
2269 2590 2336 2645 Et
2357 2590 2609 2661 quamvis
2630 2589 2823 2644 obtulit
2848 2604 3076 2655 munus;
3105 2597 3283 2643 tamen
3308 2588 3434 2660 quia
3459 2604 3566 2646 non

1960 2693 2109 2741 recte
2135 2695 2188 2739 et
2208 2684 2336 2753 jure
2362 2684 2568 2749 divisit,
2595 2683 2810 2753 culpam
2838 2682 3045 2737 incidit.

2033 2776 2121 2833 l9.
2162 2776 2405 2844 Quatuor
2440 2777 2584 2831 enim
2624 2790 2824 2846 genera
2873 2784 3001 2829 sunt
3048 2773 3245 2845 quibus
3294 2772 3563 2829 sacriﬁcia

1957 2868 2498 2922 commendabantur.
2532 2866 2589 2923 Si
2617 2878 2707 2921 aut
2748 2881 2888 2921 nova
2930 2882 3191 2920 novorum
3224 2875 3429 2932 essent,
3472 2874 3566 2923 aut

1959 2961 2120 3026 lrixa,
2153 2974 2245 3016 aut
2274 2962 2466 3027 divisa,
2507 2973 2528 2999 ο
2557 2962 2945 3016 autcontinna.
2976 2960 3125 3016 Nova
3159 2975 3420 3015 novorum
3454 2961 3563 3030 pri-

1961 3069 2049 3107 mo
2084 3065 2324 3124 tempore
2354 3056 2503 3117 anni,
2527 3070 2648 3125 qua:
2679 3052 2706 3090 ἀ
2736 3055 2919 3121 Specie
2956 3055 3008 3107 in
3050 3052 3423 3124 primogenitis
3448 3054 3561 3108 l'ru-

1959 3147 2137 3203 ctilms
2163 3148 2567 3201 mstimabantur
2600 3164 2612 3200 :
2648 3160 2789 3200 nunc
2815 3156 2994 3198 autem
3028 3148 3322 3199 revelatum
3354 3154 3438 3200 est
3467 3161 3563 3201 cos

243 3235 369 3305 quid
402 3235 588 3306 fraude
626 3236 833 3303 abstuli,
867 3239 1027 3293 reddo
1052 3240 1399 3313 quadruplum
1422 3241 1607 3313 (Ibid.,
1657 3246 1736 3314 8).
1788 3249 1846 3305 In
1880 3230 1924 3293 C
1956 3240 2273 3310 signiliCari,
2301 3239 2389 3307 qui
2436 3254 2532 3307 per
2558 3238 2900 3308 baptismatis
2925 3239 3084 3313 215
3107 3248 3442 3291 sacramenta
3475 3251 3561 3291 re-

243 3342 352 3397 quo
381 3327 485 3382 illis
516 3330 794 3399 reSpuadit
823 3333 911 3401 qui
945 3333 1199 3389 dicebant
1239 3348 1578 3404 peccatorem
1627 3339 1848 3397 Christo

246 3420 537 3489 hospitium
574 3439 679 3479 non
708 3425 965 3483 debuisse
999 3430 1240 3495 prrcbere
1271 3449 1283 3485 :
1320 3433 1428 3487 Iloc
1467 3446 1569 3502 est,
1596 3436 1707 3505 jam
1737 3454 1844 3495 non

244 3528 360 3569 sum
394 3517 732 3585 publicanus,
759 3535 866 3574 non
896 3536 1015 3577 sum
1047 3522 1140 3579 ille
1175 3523 1457 3593 Zacharus,
1497 3544 1603 3582 non
1636 3530 1838 3599 praedo,

245 3621 349 3660 non
368 3606 664 3664 lraudator.
697 3610 884 3669 Reddo
908 3628 1031 3684 qua:
1056 3616 1272 3683 sustuli,
1307 3618 1843 3691 reddoaquiaul'erre

242 3715 654 3759 censuevcrant.
678 3704 797 3761 Jam
821 3707 965 3763 duno
984 3712 1329 3780 pauperibus,
1362 3729 1499 3784 quos
1519 3728 1644 3773 ante
1672 3718 1842 3773 nuda-

241 3795 362 3851 bam
394 3813 407 3850 :
435 3797 545 3867 jam
578 3815 694 3853 mea
732 3802 974 3869 confero,
1004 3805 1093 3875 qui
1125 3805 1300 3861 aliena
1332 3809 1624 3877 rapiebam.
1668 3810 1843 3882 Fuge-

241 3897 365 3943 runt
395 3892 620 3946 crimina
670 3904 954 3962 pestquam
1001 3894 1250 3953 Christus
1295 3900 1532 3956 intravit.
1582 3903 1839 3961 Discussa

239 3995 322 4037 est
362 3985 541 4039 omnis
568 3987 864 4041 carnalium
894 3991 1112 4047 caecitas
1142 3994 1476 4062 passionum,
1508 3997 1596 4053 ubi
1620 4008 1840 4057 aeterna:

237 4074 361 4131 vita:
391 4076 569 4132 lumen
602 4076 835 4134 infusum
855 4089 957 4136 est.

879 4218 1107 4277 CAPUT
1146 4220 1212 4278 V.

234 4327 425 4402 Adipes
472 4347 532 4385 ac
568 4331 830 4406 pinguedo
877 4336 1254 4402 sacriﬁciorum
1301 4347 1351 4395 et
1394 4339 1680 4397 hostiarum
1708 4344 1836 4415 quid

873 4429 1185 4501 signiﬁcent.

303 4540 391 4594 17.
434 4538 674 4597 Diximus
720 4541 790 4597 de
838 4543 1234 4614 primogenitis,
1281 4547 1525 4604 dicamus
1565 4550 1731 4607 etiam
1760 4552 1827 4609 de

1953 3342 2241 3388 novantur.
2268 3332 2382 3387 Hoc
2404 3342 2486 3387 est
2515 3332 2659 3387 enim
2695 3346 2819 3386 vere
2848 3332 3173 3385 sacriﬁcium
3200 3329 3557 3399 primitivum,

1949 3427 2165 3497 quando
2193 3426 2563 3496 unusquisque
2580 3440 2641 3480 se
2664 3424 2821 3480 oll‘ert
2845 3424 3104 3487 hostium,
3131 3434 3186 3477 et
3208 3440 3234 3475 a
3258 3438 3319 3479 se
3345 3423 3554 3493 incipit,

1948 3531 2007 3575 ut
2039 3530 2222 3590 postea
2255 3537 2450 3577 munus
2480 3537 2635 3575 suum
2682 3518 3072 3591 possitoﬁ'crre
3100 3519 3281 3589 (Rom.
3337 3534 3434 3584 xu,
3472 3520 3553 3589 l).

1945 3614 2095 3670 Nova
2130 3616 2288 3684 igitur
2310 3614 2444 3670 ﬁdes
2466 3624 2876 3677 renovatorum,
2900 3612 3095 3674 valida,
3124 3612 3445 3680 pubescens,
3471 3611 3554 3667 in-

1942 3718 2284 3764 crementum
2314 3707 2529 3761 virtutis
2550 3706 2857 3777 acquirens,
2892 3721 2999 3759 non
3035 3706 3280 3769 remissa,
3308 3719 3412 3757 non
3445 3702 3554 3759 fes-

1942 3815 2022 3866 sa,
2078 3816 2187 3856 nou
2236 3800 2388 3854 senio
2427 3799 2660 3868 quodam
2709 3797 2969 3864 marcida,
3002 3806 3057 3851 ct
3106 3798 3293 3866 vigore
3339 3797 3551 3864 ignava,

1941 3903 2063 3963 apta
2097 3892 2371 3948 sacriﬁcio
2398 3901 2503 3955 est,
2532 3906 2653 3961 quae
2680 3890 2908 3959 pullulet
2935 3888 3164 3960 quodam
3200 3888 3391 3942 virenti
3426 3903 3549 3957 ger-

1944 3988 2091 4044 mine
2120 3986 2421 4057 sapientias,
2454 3995 2503 4039 et
2534 3983 2758 4054 juvenili
2786 3983 2980 4038 divina‘
3006 3982 3343 4052 cognitionis
3373 3982 3550 4051 (erro-

1943 4098 2004 4138 re
2035 4082 2328 4152 pubescat;
2353 4079 2549 4135 habeat
2578 4089 2756 4134 tamen
2787 4093 3007 4132 succum
3038 4076 3297 4131 doctrinm
3322 4077 3543 4131 vctcris.

1943 4176 2092 4233 Sicut
2118 4176 2261 4231 enim
2289 4175 2434 4239 novi,
2460 4176 2532 4229 ita
2564 4184 2617 4229 et
2640 4174 2837 4228 veteris
2863 4172 3191 4227 Testamenti
3228 4171 3388 4225 debet
3419 4169 3547 4227 doc-

1943 4268 2081 4324 trina
2108 4282 2458 4331 concurrere,
2481 4266 2607 4338 quia
2637 4267 2899 4336 scriptum
2922 4276 3040 4320 est:
3074 4262 3389 4318 Manducute
3408 4274 3541 4318 vete-

1936 4378 1997 4415 ra
2026 4371 2268 4425 ueterum,
2311 4370 2360 4416 et
2390 4370 2557 4415 uetera
2604 4377 2635 4413 α
2679 4361 2814 4431 facie
2839 4375 3083 4413 novorum
3109 4360 3306 4427 auferte
3351 4357 3539 4429 (Leuit.

1936 4472 2080 4522 xxvr,
2131 4455 2239 4527 10).
2283 4452 2451 4510 Cibus
2487 4452 2644 4509 nobis
2686 4454 2754 4507 sit
2801 4451 3041 4522 cognitio
3086 4450 3536 4521 patriarcharum,

1932 4550 2182 4619 epuletur
2205 4550 2418 4604 animus
2447 4547 2502 4606 in
2536 4548 2921 4618 prophetarum
2950 4545 3183 4600 oraculis
3215 4562 3229 4599 :
3263 4544 3355 4598 tali
3396 4543 3540 4612 sagi-

230 4630 500 4701 adipibus,
532 4633 599 4689 de
627 4634 826 4705 quibus
853 4636 985 4691 satis
1024 4636 1185 4693 docet
1214 4638 1376 4696 David
1406 4642 1590 4697 dicens
1616 4661 1629 4696 :
1680 4643 1827 4701 Sicut
1855 4636 1904 4697 D
1932 4661 1996 4701 na
2026 4659 2181 4701 mens
2211 4654 2461 4713 pascatur
2492 4643 2736 4699 interior.
2767 4640 2873 4698 Sed
2902 4640 3013 4710 jam
3043 4654 3147 4694 non
3173 4636 3383 4707 species
3409 4637 3533 4707 agni

229 4725 378 4795 adipe
399 4734 445 4780 ct
476 4727 780 4797 pinguedine
808 4730 1063 4802 repleatur
1084 4733 1257 4787 anima
1288 4751 1397 4789 meo
1429 4733 1550 4806 (Ps.
1578 4753 1708 4803 mu,
1743 4737 1819 4809 6).

228 4815 291 4873 Et
318 4834 475 4888 supra
505 4819 614 4875 ait:
647 4819 712 4875 Et
740 4822 1094 4878 holocaustum
1136 4834 1281 4879 tuum
1328 4828 1518 4899 pingue
1560 4830 1649 4898 ﬁat
1696 4829 1817 4903 (Ps.

226 4927 337 4981 xix,
383 4910 462 4982 4).
511 4914 622 4969 Hoc
666 4914 869 4972 docens
909 4918 1247 4987 acceptabile
1292 4936 1414 4976 esse
1469 4924 1815 4992 sacriﬁcium,

224 5006 367 5076 quod
400 5009 617 5080 pingue,
659 5012 800 5079 quod
830 5012 1083 5078 nitidmn,
1115 5022 1171 5069 et
1199 5014 1431 5084 quodam
1467 5018 1665 5085 pabulo
1698 5020 1819 5075 ﬁdei

223 5113 283 5155 ac
325 5099 651 5167 devotionis,
690 5104 946 5174 verbique
985 5106 1226 5162 cmlcstis
1270 5108 1520 5164 uberiore
1560 5110 1815 5167 alimonia

222 5193 520 5262 saginatum
552 5206 655 5249 est.
692 5194 1025 5268 Frequenter
1050 5203 1251 5271 pingue
1271 5217 1406 5272 opus
1423 5202 1653 5259 dicimus
1674 5206 1816 5276 quod

220 5286 454 5356 Spissum
504 5296 559 5341 et
612 5301 898 5357 operosum
950 5292 1179 5363 intelligi
1228 5296 1498 5353 velimus:
1532 5308 1588 5353 et
1636 5300 1814 5368 opima

221 5379 393 5435 hostia
422 5378 772 5450 praedicatur,
796 5398 915 5453 quae
939 5400 1046 5441 non
1071 5386 1142 5442 sit
1161 5389 1363 5458 tenuis,
1396 5406 1505 5448 non
1536 5393 1608 5449 sit
1631 5394 1810 5451 exilis.

285 5562 313 5627 β
354 5552 511 5627 Bora.
547 5554 702 5621 edit.,
732 5571 847 5623 qua:
870 5557 1076 5627 auferre
1106 5576 1482 5619 consueveram.

282 5624 311 5665 δ
355 5625 494 5710 Edit.
516 5637 637 5710 _vet.
668 5640 733 5683 ac
762 5624 1244 5701 Paris.'qutedam,
1273 5638 1407 5705 quod
1436 5637 1685 5710 optimum
1715 5656 1808 5694 cu-

222 5696 391 5767 pimus
412 5696 699 5754 declarare.

288 5779 314 5850 ἦ
339 5768 495 5839 Apud
510 5770 811 5851 tuitionem
833 5786 875 5851 a_
890 5786 999 5843 quo
1027 5771 1144 5851 haec
1162 5773 1504 5851 desumpsitA
1518 5780 1809 5851 mbrosius,

220 5839 408 5912 legitur
438 5844 524 5899 καὶ
548 5844 633 5899 ἐπὶ
669 5848 829 5902 πᾶσιν
855 5839 1085 5921 spuma,
1131 5845 1183 5901 id
1210 5856 1319 5917 est,
1350 5839 1396 5905 Et
1426 5852 1629 5907 tandem
1668 5839 1809 5909 eam:

1927 4740 1998 4795 sit
2024 4782 2039 4805 ,
2068 4749 2123 4794 at
2153 4740 2349 4795 veritas
2372 4738 2617 4807 corporis
2641 4735 2863 4792 Christi.
2890 4734 3007 4790 Non
3040 4734 3230 4790 umbra
3253 4732 3386 4802 legis
3411 4747 3533 4800 per-

1925 4836 2153 4905 stringat
2177 4836 2407 4889 oculos:
2439 4833 2534 4889 sed
2574 4842 2760 4903 aperte
2786 4831 3078 4886 Doutiuicm
3117 4830 3287 4899 gratia
3322 4827 3528 4897 passio-

1926 4929 2032 4993 nis,
2066 4936 2137 5003 ειν
2165 4928 2426 4999 splendor
2457 4927 2872 4985 resurrectionis
2902 4924 3069 4981 aciem
3100 4921 3298 4979 mentis
3330 4920 3528 4976 illumi-

1923 5033 2037 5081 net.

1989 5119 2081 5173 20.
2127 5118 2184 5174 Si
2213 5127 2393 5174 autem
2418 5118 2616 5174 ollares
2636 5116 2964 5173 sacriﬁcium
2993 5114 3060 5169 de
3092 5110 3383 5183 primitivis
3405 5108 3521 5162 ovi-

1919 5212 2041 5276 bus,
2071 5212 2270 5267 frixum
2317 5212 2367 5267 in
2399 5213 2544 5283 igne,
2575 5210 2779 5266 frixum
2814 5212 3027 5279 pingue,
3073 5204 3274 5261 oﬁeres
3318 5200 3525 5256 sacriﬁ-

1917 5307 2059 5361 cium
2080 5298 2648 5375 primitivorum,sicut
2679 5304 2937 5373 scriptum
2961 5310 3044 5356 est
3066 5298 3253 5367 (Leuit.
3299 5310 3395 5356 vu,
3423 5292 3480 5362 2)
3506 5309 3521 5349 :

1918 5398 2061 5469 quod
2091 5398 2365 5469 signiﬁcat
2395 5398 2552 5453 ﬁdem
2585 5408 2731 5452 tuam
2762 5396 2910 5450 velut
2940 5392 3048 5463 igni
3094 5389 3371 5459 probatam
3401 5400 3524 5441 esse

1918 5575 2142 5631 minuta.
2170 5574 2276 5632 Sed
2317 5575 2369 5631 in
2416 5576 2863 5646 interpretatione
2892 5571 3182 5643 allegorica
3225 5581 3332 5623 non
3363 5567 3522 5625 diﬁ‘e-

1920 5658 2137 5774 mz‘HSic
2166 5728 2275 5773 tres
2306 5734 2440 5773 mss.
2475 5727 2530 5772 et
2554 5718 2683 5771 edit.
2720 5725 2835 5770 aut.
2868 5717 2966 5770 Ms.
2991 5711 3314 5782 Land.,qnaz
3342 5714 3520 5782 spiris.

1915 5786 2101 5870 Lectio
2128 5790 2266 5847 forte
2307 5805 2415 5848 non
2436 5787 2855 5846 comemnenda.
2890 5788 3050 5843 Rom.
3073 5782 3227 5852 edit.,
3264 5801 3377 5856 quw
3401 5802 3520 5858 spe.

1913 5875 2034 5917 στω.

3487 335 3601 397 330‘
