4150 6358
233 324 347 382 555

1466 314 1557 373 DE
1595 311 1883 392 catum
1919 313 2102 374 ABEL
2141 315 2272 375 LIB.
2315 315 2380 374 η.

3433 322 3540 382 554

234 434 628 510 gratiarum,in
659 432 855 506 quibus
884 446 989 489 non
1013 431 1144 489 satis
1172 438 1254 489 est
1282 430 1662 504 redderequod
1688 448 1842 490 acce-
1869 439 1922 498 Λ
1949 433 2075 487 tiam
2095 474 2112 500 ,
2151 434 2374 490 acerbat
2412 432 2693 505 flagitium.
2725 433 2863 503 Quid
2905 435 3066 508 igitur
3103 435 3206 496 sibi
3247 437 3358 494 vult
3397 438 3542 510 quod

237 534 406 602 peris,
424 527 519 583 sed
534 527 917 582 commendare
933 525 1076 597 quod
1095 522 1309 580 reddas.
1332 523 1464 578 Nam
1480 525 1524 579 si
1548 525 1666 594 quis
1680 524 1837 581 debi-

235 631 349 678 tum
366 621 631 687 solvat,et
651 620 701 674 in
721 618 1003 676 referendo
1021 619 1269 689 injuriam
1286 616 1442 672 faciat
1461 618 1740 683 creditori,
1759 619 1841 672 in-

238 713 580 769 tolerabilius
597 723 678 770 est
695 715 1064 784 utique.qnam
1081 728 1185 766 non
1203 711 1656 782 reddidissequod
1675 711 1841 768 debe-

237 807 352 864 bat.
373 805 492 862 Nou
510 822 639 878 ergo
651 809 917 878 quantitas
940 805 1249 872 solutionis,
1270 805 1363 859 sed
1377 805 1589 860 animus
1603 805 1836 862 redden-

235 900 397 967 tis,et
409 899 640 970 qualitas
651 898 928 955 considera
938 907 1099 959 tur.et
1115 897 1531 954 all‘eetusJiecte
1545 897 1840 969 igiturCain

237 995 459 1059 obtulit;
477 995 599 1064 quia
616 994 819 1050 oblatio
836 994 1042 1063 insigne
1053 992 1440 1058 devotionis,et
1453 992 1710 1048 indicium
1723 1009 1842 1063 gra-

241 1092 437 1144 tiarum
456 1098 538 1143 est
557 1105 570 1142 :
587 1089 678 1143 sed
698 1105 802 1142 non
824 1098 968 1143 recte
990 1087 1171 1142 divisit
1191 1103 1206 1152 ;
1225 1085 1349 1156 quia
1377 1097 1502 1141 ante
1523 1087 1705 1142 omnia
1729 1087 1843 1144 Deo

238 1183 426 1239 debuit
439 1181 654 1238 deferre
668 1182 950 1252 primitias,
969 1192 1064 1237 uta
1081 1182 1254 1253 gratia
1278 1180 1842 1240 inchoaret'auctoris.

236 1275 459 1332 Etenim
491 1275 771 1331 divisionis
817 1275 905 1332 hic
935 1277 1068 1332 ordo
1113 1285 1218 1339 est.
1267 1285 1324 1331 ut
1354 1276 1527 1347 prima
1567 1278 1843 1343 secundis,

237 1386 347 1426 non
384 1369 569 1440 primis
595 1371 828 1426 secunda
851 1380 1220 1443 przeeurrant;
1245 1382 1301 1426 et
1320 1371 1563 1428 caelestia
1591 1373 1843 1440 terrenis,

236 1480 347 1521 non
375 1473 593 1521 terrena
623 1465 933 1522 cmlestibus
948 1465 1325 1537 praeferantur.

844 1557 1076 1616 CAPUT
1120 1558 1236 1614 VII.

239 1648 410 1706 Deum
438 1651 524 1720 qui
553 1652 606 1705 in
637 1651 836 1706 Adamo
864 1651 1038 1706 docuit
1070 1669 1172 1707 non
1205 1652 1550 1722 peccandum,
1595 1651 1647 1705 in
1679 1650 1844 1706 Cuino

315 1745 554 1800 docuisse
581 1763 682 1800 non
734 1747 1112 1818 defendendum
1152 1759 1436 1818 peccatum.
1481 1747 1550 1801 Et
1588 1748 1658 1802 ibi
1695 1763 1849 1818 quant

1941 527 2052 581 ait:
2087 525 2282 582 Eamus
2309 529 2362 583 in
2390 545 2625 598 campum
2656 527 2836 602 (Ibid.
2861 572 2876 597 ,
2904 532 2938 587 8
2964 536 2980 601 )
3009 549 3023 598 ;
3073 533 3173 588 nisi
3221 533 3343 603 quia
3391 533 3545 590 locus

1943 620 2122 676 nudus
2150 623 2484 692 gignentium
2517 623 2736 696 eligitur
2765 625 3098 696 parricidio?
3129 625 3229 683 Ubi
3259 629 3402 684 enim
3435 627 3546 683 fra-

1943 722 2025 769 ter
2055 713 2290 770 habebat
2316 716 2487 772 occidi
2513 760 2529 783 ,
2563 717 2665 773 nisi
2707 718 2796 774 ubi
2841 718 3048 775 fructus
3086 718 3347 799 deesset?
3387 721 3548 776 Tam-

1941 822 2102 877 quam
2138 809 2468 880 przesagiens
2497 820 2686 866 natura
2729 813 2860 867 tanti
2892 812 3120 869 sceleris
3152 813 3272 869 loco
3301 815 3548 884 germina

1941 899 2338 972 denegaverat;
2371 902 2494 973 quia
2527 918 2634 960 non
2664 907 3056 975 conveniebat,
3088 917 3147 962 ut
3179 907 3322 964 idem
3367 909 3543 964 solum

1943 1001 1998 1046 et
2036 995 2284 1065 contagia
2327 995 2667 1065 parricidalis
2705 999 2985 1070 sanguinis
3032 999 3301 1070 reciperet
3351 1011 3549 1072 praeter

1945 1099 2194 1145 naturam
2215 1133 2230 1158 ,
2265 1099 2319 1146 et
2349 1090 2557 1147 fructus
2585 1093 2884 1148 secundum
2918 1105 3162 1149 naturam
3192 1097 3544 1167 germinaret.

1945 1181 2136 1237 Merito
2165 1183 2279 1252 ipse
2304 1181 2470 1238 dicit:
2501 1183 2700 1238 Eamus
2727 1185 2779 1238 in
2810 1203 3069 1258 campum.
3100 1187 3216 1243 Non
3247 1189 3410 1244 dicit:
3445 1189 3550 1246 Ea-

1947 1292 2067 1330 mus
2094 1276 2146 1331 in
2179 1276 2515 1346 paradisum.
2541 1278 2632 1333 ubi
2664 1294 2818 1348 poma
2850 1280 3079 1348 florent,
3105 1297 3211 1336 non
3236 1283 3287 1337 in
3313 1283 3547 1354 aliquem

1946 1369 2151 1424 cultum
2179 1377 2233 1425 et
2259 1369 2598 1426 fruetiferttm
2631 1373 2828 1428 locum.
2860 1372 2966 1442 Ipsi
2999 1374 3280 1444 parricidw
3308 1375 3549 1431 indicant

1949 1459 2181 1516 fructum
2210 1476 2270 1517 se
2291 1463 2516 1518 sceleris
2548 1464 2752 1520 habere
2779 1481 2886 1520 non
2921 1481 3100 1536 posse,
3137 1483 3238 1523 nec
3267 1483 3432 1536 penes
3457 1483 3555 1525 eos

1949 1551 2181 1608 fructum
2213 1569 2464 1623 manere,
2496 1556 2586 1627 qui
2621 1565 2784 1612 tanta:
2816 1558 3077 1628 impietati
3111 1561 3440 1629 praebuerint
3466 1559 3554 1616 of-

1951 1647 2153 1701 ficium.
2187 1647 2320 1702 Nam
2351 1649 2521 1718 ipsam
2555 1650 2834 1721 refugiunt
2863 1651 3258 1708 elementorum
3305 1653 3554 1724 benigni-

1951 1748 2154 1807 tatem,
2189 1750 2246 1795 ut
2276 1741 2379 1796 iste
2408 1739 2541 1796 Cain
2572 1744 2661 1813 qui
2703 1743 2916 1799 videtur
2945 1746 3148 1800 veritus
3174 1787 3188 1814 ,
3253 1760 3324 1801 ne
3355 1744 3558 1818 largior

312 1838 538 1908 procliue
567 1839 632 1892 sit
661 1837 723 1892 ab
753 1839 1015 1909 impietate
1044 1839 1097 1893 in
1126 1839 1232 1893 alia
1263 1841 1460 1895 scelera
1501 1841 1838 1911 praecipitari.
1872 1836 1920 1898 B
1947 1833 2074 1889 boni
2110 1843 2252 1889 terra
2286 1843 2583 1904 proventus
2615 1834 2768 1891 triste
2801 1835 3012 1892 facinus
3044 1836 3331 1906 impediret
3356 1879 3371 1904 ,
3402 1847 3457 1893 et
3486 1837 3554 1892 Ii-

311 1932 403 1986 24.
437 1929 545 1986 Sed
575 1931 698 2000 quia
727 1929 860 1985 Cain
890 1929 1133 1986 confudit
1163 1931 1306 1986 hunc
1331 1932 1578 1988 ordinem
1599 1974 1614 1999 ,
1648 1932 1850 1988 dicitur

240 2024 292 2080 ei
319 2041 334 2077 :
369 2023 626 2091 Peccasti,
643 2025 846 2096 quiesce
870 2021 1025 2097 (Gen.
1076 2041 1151 2093 tv,
1177 2025 1256 2097 7).
1281 2026 1475 2082 Omnia
1501 2027 1660 2083 docet
1682 2027 1843 2083 Deus.

243 2117 486 2173 Primum
519 2134 588 2174 ne
617 2133 830 2190 pecces,
851 2129 908 2174 ut
938 2119 992 2174 in
1020 2120 1190 2174 Adam
1220 2121 1432 2176 monuit
1458 2138 1470 2175 :
1503 2121 1768 2187 secundo,
1800 2121 1846 2176 si

243 2211 580 2280 peccaveris.
613 2213 964 2281 quiescas,ut
994 2214 1046 2268 in
1078 2211 1209 2268 Cain
1242 2214 1478 2271 doeeris.
1512 2201 1850 2273 Erubeseere

242 2307 389 2361 enim
423 2306 686 2362 debemus
708 2349 721 2371 ,
753 2318 809 2363 et
836 2308 1206 2365 condemnare
1246 2318 1526 2380 peccatum
1549 2352 1564 2377 ,
1607 2327 1713 2367 non
1753 2311 1849 2368 de-

240 2398 508 2466 fendere;
549 2402 806 2471 quoniam
848 2403 1056 2472 pudore
1106 2403 1264 2472 culpa
1317 2404 1598 2469 minuitur,
1655 2404 1845 2460 defen-

240 2491 394 2547 sione
423 2494 747 2550 cumulatur.
781 2495 845 2550 Et
874 2495 1085 2551 silendo
1112 2497 1463 2567 eorrigimur,
1491 2500 1844 2554 contentione

239 2585 592 2654 prolabimur.
626 2587 708 2642 Sit
736 2587 930 2642 saltem
963 2588 1291 2644 verecundia
1320 2630 1335 2653 ,
1370 2589 1460 2644 ubi
1493 2605 1599 2644 non
1631 2600 1717 2645 est
1746 2590 1840 2646 ab-

239 2678 463 2733 eolutio.
499 2679 627 2735 Inde
658 2680 827 2735 illud:
867 2679 1053 2735 Justus
1100 2681 1154 2735 in
1198 2682 1415 2736 exordio
1460 2683 1711 2738 sermonis
1757 2700 1844 2737 ac-

241 2781 450 2824 cusator
479 2781 553 2826 est
582 2769 661 2828 sui
705 2771 890 2846 (Prov.
955 2789 1089 2827 xvtu
1110 2815 1124 2839 ,
1158 2773 1274 2844 17).
1308 2773 1375 2828 Et
1403 2774 1598 2830 iterum
1629 2775 1698 2830 ab
1728 2777 1846 2847 ipso

246 2861 481 2920 Domino
519 2866 645 2920 alibi
685 2867 888 2921 dictum
928 2867 1199 2938 legimus:
1233 2866 1330 2922 Dic
1360 2868 1658 2938 iniquitates
1689 2880 1805 2925 tuas
1827 2912 1842 2935 ,

240 2967 297 3010 ut
327 2958 635 3028 justiﬂceris
675 2959 846 3028 (Esai.
901 2975 1052 3026 sun,
1075 2960 1145 3013 ‘26
1163 2974 1202 3029 ).
1237 2961 1449 3027 Quanta
1470 2961 1692 3030 pudoris
1723 2978 1845 3032 gra-

244 3049 355 3113 tia,
417 3061 476 3105 ut
520 3051 788 3120 justitiam
822 3060 1003 3106 teneat
1049 3052 1369 3108 verecundia
1397 3094 1412 3120 ,
1460 3069 1620 3123 quam
1673 3055 1847 3125 eulp:e

241 3154 432 3199 reatus
458 3143 776 3200 abstulerit!
807 3143 932 3200 Ideo
963 3151 1144 3200 autem
1174 3145 1287 3200 ait:
1323 3145 1558 3212 Quiesce,
1590 3146 1844 3217 quoniam

1949 1927 2248 1983 beralitatis
2279 1929 2626 1986 assuetudine
2651 1931 2902 2002 genitalis
2921 1973 2935 1997 ,
2967 1947 3088 2002 qure
3117 1930 3249 1986 facit
3277 1930 3382 1986 sibi
3414 1930 3559 1988 fetus

1951 2035 2006 2079 et
2037 2022 2242 2079 fruetus
2275 2023 2453 2079 varios
2482 2025 2919 2096 germinascere,
2960 2025 3012 2080 in
3046 2027 3151 2082 hoc
3195 2039 3413 2096 quoque
3450 2024 3561 2082 cri-

1949 2116 2114 2170 minis
2145 2127 2406 2187 apparatu
2437 2117 2521 2173 vel
2556 2129 2701 2172 muta
2731 2119 2915 2187 specie
2943 2119 3026 2173 sui
3061 2118 3362 2174 fraternutn
3392 2133 3554 2175 revo-

1949 2217 2099 2265 caret
2153 2207 2428 2265 aﬂectum.
2494 2209 2659 2266 Latro
2699 2210 2841 2266 diem
2888 2211 3084 2283 refugit
3123 2211 3279 2282 quasi
3310 2211 3559 2268 criminis

1950 2313 2139 2362 testem
2160 2349 2175 2374 ,
2211 2305 2386 2363 lucem
2417 2306 2632 2364 adulter
2661 2308 2938 2364 erubescit
2960 2309 3110 2380 quasi
3137 2307 3392 2364 adulterii
3421 2323 3556 2363 con-

1947 2397 2116 2453 sciam
2144 2440 2159 2463 ,
2193 2398 2459 2468 parricida
2497 2410 2763 2455 terrarum
2795 2399 3181 2456 fecunditatem
3214 2401 3368 2471 fugit.
3401 2399 3552 2469 Quo-

1951 2492 2114 2549 modo
2143 2493 2287 2548 enim
2318 2503 2532 2563 poterat
2557 2493 2864 2551 communis
2891 2505 3076 2564 partus
3109 2492 3296 2549 videre
3323 2508 3551 2550 consor-

1949 2587 2021 2641 tia
2045 2628 2059 2652 ,
2089 2586 2181 2658 qui
2212 2596 2521 2644 consortem
2553 2588 2635 2643 sui
2668 2586 2949 2658 sanguinis
2981 2585 3280 2642 trueidabat
3304 2587 3327 2641 ?
3352 2587 3556 2660 Ieseph

1948 2678 2001 2733 in
2034 2678 2207 2734 lacum
2240 2680 2471 2736 mittitur
2496 2681 2700 2736 siccum
2725 2722 2741 2747 ,
2770 2678 3004 2736 Ammon
3033 2679 3174 2735 intra
3207 2678 3430 2735 domum
3458 2695 3560 2737 oc-

1949 2769 2166 2826 ciditur.
2196 2769 2408 2827 Justnm
2440 2773 2600 2844 igitur
2628 2781 2816 2828 natura
2842 2782 2925 2828 est
2953 2771 3227 2843 impertita
3253 2771 3518 2843 judicium
3540 2815 3557 2842 ,

1949 2880 2012 2920 ea
2043 2867 2158 2920 loca
2187 2866 2239 2920 in
2266 2867 2465 2936 quibus
2491 2877 2608 2923 erat
2633 2867 2868 2923 futurum
2899 2867 3252 2939 parricidium
3272 2909 3287 2932 ,
3316 2869 3560 2925 muneris

1949 2954 2039 3010 sui
2065 2955 2192 3009 dote.
2217 2957 2510 3026 privando:
2537 2966 2595 3013 ut
2615 2974 2680 3013 ex
2703 2958 3004 3014 innocentis
3027 2960 3127 3014 soli
3153 2959 3384 3029 quadam
3408 2960 3563 3015 dant-

1951 3047 2170 3102 natione
2199 3049 2514 3104 ostenderet
2542 3047 2570 3086 ι)
2598 3058 2799 3120 quanta
2841 3060 3028 3106 essent
3067 3050 3248 3106 futura
3291 3053 3556 3121 supplicia

1952 3143 2257 3198 noxiorum.
2309 3143 2538 3213 Pr0pter
2578 3144 2755 3199 scelus
2805 3144 2966 3214 igitur
3011 3144 3294 3201 hominum
3341 3153 3399 3201 et
3441 3145 3558 3217 ipsa

243 3252 355 3294 non
389 3239 556 3296 habes
581 3240 723 3310 quod
753 3255 1003 3295 excuses.
1027 3238 1213 3311 Culpte
1241 3241 1412 3310 ipsius
1441 3239 1507 3295 ad
1542 3252 1594 3296 te
1620 3255 1849 3296 conver-
1873 3237 1920 3300 C
1953 3234 2222 3291 elementa
2262 3234 2610 3290 damnantur.
2658 3235 2896 3306 Denique
2942 3236 3106 3293 David
3149 3237 3462 3302 montibus,
3505 3237 3560 3294 in

241 3330 326 3384 sio
369 3341 473 3386 est.
523 3330 641 3386 Non
681 3332 826 3386 enim
868 3330 1041 3386 frater
1069 3331 1119 3386 ei
1151 3341 1176 3368 τι
1216 3331 1504 3398 addicitur,
1549 3333 1643 3388 sed
1689 3343 1864 3389 error'

241 3425 554 3493 ascribitnr,
587 3426 743 3496 cujus
775 3425 890 3495 ipse
918 3425 1023 3481 sibi
1063 3435 1254 3482 auctor
1288 3435 1392 3483 est.
1439 3427 1495 3482 In
1543 3436 1629 3494 te,
1671 3429 1845 3500 inquit

243 3517 400 3585 (Gen.
461 3535 540 3583 ιν.
572 3516 662 3590 7),
689 3522 978 3576 revertitur
1014 3521 1258 3584 crimen,
1301 3521 1442 3592 quod
1485 3537 1514 3576 a
1558 3531 1610 3578 te
1651 3524 1840 3594 erepit.

241 3609 359 3667 Non
393 3613 561 3669 habes
589 3613 642 3668 in
672 3629 782 3686 quo
811 3615 1195 3670 necessitatem
1239 3616 1444 3686 magis,
1489 3631 1650 3688 quam
1693 3632 1844 3673 men-

242 3709 350 3759 tem
385 3715 531 3761 tuam
563 3721 778 3778 arguas.
811 3705 868 3762 In
904 3717 956 3762 te
985 3718 1334 3780 retorquetur
1366 3709 1684 3781 improbitas
1717 3719 1802 3767 tua
1823 3751 1838 3778 ,

241 3805 297 3851 tu
327 3801 568 3871 princeps
597 3817 649 3856 es
677 3802 820 3856 illius
853 3800 1072 3874 (Ibid.).

312 3893 402 3950 9.5.
439 3895 583 3950 Bene
611 3898 726 3949 ait:
762 3893 841 3948 Tu
871 3896 1105 3967 princeps
1132 3913 1184 3951 es
1215 3897 1378 3952 illius.
1408 3898 1620 3954 Etenim
1652 3898 1843 3968 impie-

243 3990 326 4039 tas
359 3996 534 4039 mater
562 3985 808 4055 quzedam
841 3993 926 4040 est
953 3985 1315 4052 delictorum;
1364 4000 1416 4044 et
1460 3989 1551 4058 qui
1597 3989 1842 4058 gratiora

241 4077 590 4146 peccaVerit,
638 4077 691 4132 in
737 4087 931 4133 caetera
977 4076 1136 4134 facile
1186 4078 1511 4148 prolabitur.
1563 4079 1846 4148 Quomodo

241 4169 387 4225 enim
435 4179 614 4242 potest
662 4170 730 4224 ab
772 4169 1024 4225 humanis
1065 4179 1370 4242 temperare
1399 4174 1487 4240 qui
1521 4172 1700 4226 divina
1733 4171 1845 4227 vio-

242 4259 406 4331 lavit,
457 4271 514 4320 et.
558 4263 864 4319 hominibus
911 4265 1084 4320 bonus
1129 4278 1250 4319 esse
1299 4263 1388 4332 qui
1439 4263 1607 4318 Deum
1668 4264 1846 4318 lzesit?

242 4358 588 4414 Atrociorem
620 4356 784 4428 igitur
810 4356 1078 4412 scelerum
1107 4363 1315 4412 reatum
1348 4355 1473 4410 vitia
1514 4356 1720 4426 reliqua
1761 4370 1847 4411 se-

244 4465 521 4522 quuntur;
554 4453 807 4524 quoniam
849 4467 956 4522 quo
998 4451 1257 4522 ﬂagitiosa
1297 4449 1689 4521 propenderint
1713 4491 1728 4518 ,
1780 4464 1847 4504 eo

246 4543 513 4602 inclinant
555 4555 770 4602 ecetera.
800 4543 883 4600 Tu
932 4559 1061 4615 ergo
1106 4544 1358 4614 princeps
1405 4542 1587 4613 Operis
1629 4542 1701 4596 tui
1729 4584 1742 4606 ,
1790 4549 1846 4596 tu

1947 3328 2142 3399 quibus
2179 3327 2442 3384 Jonathas
2471 3337 2594 3384 eum
2628 3338 2779 3398 patre
2811 3328 3171 3402 interemptus
3202 3340 3324 3398 est,
3361 3345 3561 3403 perpe-

1951 3431 2057 3478 tua:
2098 3439 2309 3494 poenam
2352 3423 2659 3479 sterilitatis
2701 3423 2912 3494 optavit
2951 3423 3138 3480 dicens
3171 3443 3186 3480 :
3231 3425 3435 3483 Montes
3473 3427 3562 3496 qui

1946 3516 2163 3570 estis-in
2206 3514 2429 3583 Gelboe,
2472 3532 2633 3587 neque
2660 3532 2745 3569 ros
2765 3557 2780 3580 ,
2814 3532 2976 3586 neque
3004 3517 3179 3587 pluuia
3217 3518 3369 3574 cadat
3398 3534 3558 3591 super

1947 3622 2057 3674 vos,
2086 3618 2107 3646 ο
2141 3616 2336 3663 montes
2366 3609 2544 3663 mortis
2574 3607 2645 3679 (II
2678 3607 2809 3680 Reg.
2862 3625 2900 3677 ι,
2935 3608 3054 3680 21).

2573 3742 2804 3800 CAPUT
2848 3743 2941 3800 IX.

1946 3853 2114 3912 Deum
2153 3860 2493 3929 interrogasse
2529 3857 2747 3914 Cainum
2771 3901 2785 3924 ,
2828 3876 2930 3913 non
2971 3869 3027 3914 ut
3066 3859 3319 3928 disceret,
3367 3861 3459 3916 sed
3498 3871 3554 3918 ut

2020 3970 2134 4007 eum
2164 3953 2232 4007 ad
2259 3955 2602 4024 conﬁtendum
2640 3952 2926 4008 induceret.
2979 3952 3154 4026 Hujus
3196 3955 3460 4027 responsio
3505 3955 3559 4012 in

2025 4045 2189 4100 Deum
2233 4062 2294 4099 ac
2334 4058 2573 4100 naturam
2604 4046 2808 4117 impia;
2839 4047 2987 4117 eique
3024 4047 3262 4118 opposita
3306 4047 3403 4102 Dei
3443 4065 3557 4103 res-

2022 4140 2202 4209 ponsio
2231 4139 2582 4210 germanitatis
2613 4140 2850 4211 pietatem
2881 4143 3078 4213 egregie
3107 4142 3290 4197 docere
3324 4143 3559 4197 ostendi-

2023 4247 2127 4291 tur.
2161 4237 2204 4289 Α
2231 4233 2344 4290 Deo
2361 4239 2536 4310 justus
2564 4237 2737 4291 audiri
2769 4239 2921 4292 etiam
2948 4247 3174 4292 mortuos
3194 4279 3211 4305 ,
3241 4240 3378 4310 quod
3408 4240 3562 4295 nimi-

2021 4346 2135 4382 rum
2164 4329 2210 4384 ei
2238 4330 2408 4384 vivant
2433 4372 2449 4396 ,
2483 4339 2530 4385 et
2557 4344 2846 4402 peccatores
2876 4332 3063 4386 mortui
3092 4331 3215 4387 sint.
3267 4331 3378 4386 llos
3408 4334 3561 4389 malis

2023 4421 2360 4492 praesentibus
2389 4438 2452 4475 ac
2480 4423 2671 4493 futuris
2701 4422 2942 4490 cruciari,
2977 4423 3142 4496 magis
3165 4433 3334 4480 tamen
3354 4423 3559 4480 sollici-

2023 4514 2121 4567 tari
2163 4514 2519 4584 prtesentibus.

247 4635 355 4694 dux
384 4639 650 4696 criminis.
685 4637 803 4693 Non
834 4648 885 4692 te
913 4635 1172 4702 invitum,
1203 4637 1370 4708 218
1399 4651 1503 4689 non
1537 4634 1845 4704 impruden-
1873 4637 1926 4699 ι)
2019 4628 2112 4684 27.
2156 4627 2308 4685 Nunc
2345 4627 2754 4685 consideremus
2791 4644 2896 4701 qua
2939 4631 3149 4687 ratione
3196 4631 3556 4704 interrogavit

250 4736 355 4786 tem
406 4746 564 4788 error
604 4731 858 4786 attraxit:
905 4729 1000 4785 sed
1049 4730 1385 4784 voluntarius
1435 4743 1565 4784 reus
1605 4727 1846 4798 judicio,

250 4837 360 4881 non
411 4827 567 4897 lapsu
599 4825 769 4882 fecisti
801 4824 986 4882 dolum
1011 4865 1027 4892 ,
1058 4837 1168 4895 quo
1204 4822 1402 4878 divina:
1443 4821 1655 4892 injuria:
1693 4836 1848 4899 reum

251 4914 367 4988 ipse
394 4921 692 4978 convincis.

851 5010 1080 5071 CAPUT
1121 5009 1258 5066 VIII.

254 5104 380 5164 Cain
426 5109 773 5164 admonitione
818 5119 992 5178 spreta
1019 5104 1351 5162 insolentiam
1378 5112 1425 5158 et
1451 5103 1643 5158 crimen
1672 5111 1846 5174 auget.

325 5199 579 5271 Ejusdem
606 5201 766 5255 verbis
787 5217 807 5254 :
838 5201 1038 5256 Eamus
1069 5199 1122 5254 in
1151 5211 1426 5269 campum,
1453 5197 1738 5267 signiﬁcari
1767 5212 1852 5250 os—

270 5273 290 5296 ’
326 5299 555 5353 tenditur
575 5298 745 5368 pravis
767 5297 1050 5351 actionibus
1076 5296 1281 5351 deserta
1305 5294 1421 5349 loca
1442 5303 1487 5349 et
1507 5291 1706 5349 sterilia
1728 5307 1850 5346 con-

327 5406 437 5447 υεηι
443 5409 497 5447 re
503 5433 516 5446 .

325 5485 416 5542 26.
449 5483 766 5540 Admonitus
793 5481 954 5554 igitur
977 5490 1039 5537 ut
1064 5481 1399 5553 quiesceret,
1425 5487 1586 5550 auget
1608 5477 1848 5544 insolen-

332 5628 356 5690 ξι
391 5618 570 5690 Antiq.
602 5616 757 5683 edit.,
789 5614 1056 5690 adjicitur.
1085 5613 1244 5690 Rom.
1273 5621 1330 5669 et
1356 5627 1527 5690 mss,
1557 5609 1838 5690 addicitur.

327 5686 356 5727 b
390 5683 550 5746 Editf
579 5700 721 5755 vet.,
769 5683 1050 5744 ostenderet
1091 5689 1267 5755 futura
1304 5683 1561 5756 supplicia
1602 5683 1838 5756 noxiora.

232 5756 415 5816 'Rom.
437 5803 450 5828 ,
477 5754 763 5818 ostenderet
787 5768 976 5831 quanto
1003 5754 1170 5827 forent
1199 5754 1413 5810 noxiora
1439 5759 1615 5826 futura
1642 5754 1843 5831 suppli-

259 5831 358 5890 cia.
403 5835 532 5892 Mss.
591 5827 842 5906 quatuor,
899 5831 1186 5886 ostenderet
1230 5839 1422 5898 quanta
1467 5835 1633 5882 essent
1677 5827 1853 5895 futura

1955 4723 2094 4779 Deus
2134 4723 2264 4779 Cain
2309 4723 2397 4780 ubi
2429 4732 2578 4779 esset
2607 4722 2774 4779 frater
2799 4739 2931 4780 suus
2951 4765 2966 4791 ,
2999 4725 3153 4796 quasi
3185 4727 3425 4782 nesciret
3450 4740 3548 4782 oc-

1954 4819 2145 4874 cisum.
2177 4817 2284 4874 Sed
2317 4817 2461 4888 quod
2494 4817 2562 4874 ad
2593 4817 2875 4874 scientiam
2921 4819 3012 4874 Dei
3053 4828 3267 4890 spectat
3291 4860 3307 4886 ,
3351 4835 3557 4892 negan-

1955 4919 2064 4968 tem
2095 4911 2305 4982 arguit,
2333 4919 2390 4965 et
2414 4909 2675 4967 inficianti
2704 4912 2858 4981 quasi
2885 4913 3067 4968 sciens
3093 4913 3411 4984 respondit:
3448 4914 3564 4970 Vos:

1957 5005 2227 5076 sanguinis
2252 5004 2429 5075 fratris
2459 5005 2537 5057 tui
2561 5004 2630 5058 ad
2654 5021 2733 5059 me
2759 5007 2949 5061 clamat
2970 5005 3124 5078 (Gen.
3159 5022 3236 5073 tv,
3266 5007 3356 5081 I0)
3377 5026 3391 5062 :
3414 5007 3562 5078 quod

1957 5111 2136 5156 autem
2181 5097 2247 5154 ad
2289 5099 2554 5155 rationem
2598 5100 2918 5170 profundam
2963 5102 3195 5167 attinet,
3229 5103 3395 5175 219
3436 5115 3562 5172 pec-

1955 5202 2142 5250 cantes
2193 5190 2450 5248 admonet
2498 5191 2565 5246 ad
2621 5192 3020 5264 paenitentiam.
3074 5193 3362 5250 Confessio
3413 5193 3558 5250 enim

1955 5301 2236 5360 pennarum
2265 5283 2646 5354 compendium
2676 5294 2780 5342 est.
2815 5286 2942 5342 Inde
2974 5288 3028 5342 in
3064 5286 3286 5358 judiciis
3329 5286 3558 5342 saecula-

1953 5380 2105 5437 ribus
2129 5378 2366 5448 impositi
2393 5378 2625 5449 equuleo
2650 5389 2972 5451 torquentur
2999 5389 3259 5450 negantes
3279 5420 3294 5444 ,
3323 5388 3379 5434 et
3407 5393 3558 5448 qua:-

1951 5473 2075 5530 dam
2101 5471 2518 5544 tangitjudicem
2542 5473 2818 5528 miseratio
2839 5473 3169 5529 confitentis.
3193 5471 3286 5527 Est
3309 5471 3556 5544 quaedam

1949 5606 2206 5679 supplicia
2229 5604 2466 5679 noxiora.
2493 5605 2809 5679 Legendum
2836 5604 2997 5670 forte,
3023 5614 3212 5673 quanto
3237 5616 3424 5676 essent,
3446 5617 3553 5666 etc.

1949 5677 2062 5735 Nos
2089 5693 2218 5734 vero
2243 5677 2415 5732 Laud.
2443 5678 2650 5753 codicis
2686 5678 2972 5732 lectionem
2991 5716 3008 5743 ,
3038 5685 3096 5732 ut
3131 5679 3373 5735 omnium
3413 5682 3556 5753 opti-

1953 5766 2097 5816 mam
2123 5793 2137 5812 .
2168 5764 2358 5804 sumus
2386 5747 2578 5805 secuti.

2037 5834 2058 5862 ε
2102 5820 2306 5877 Montes
2331 5822 2508 5877 mortis
2550 5819 2605 5878 in
2646 5819 2758 5876 sola
2788 5817 2945 5875 Rom.
2979 5818 3113 5879 edit.
3147 5821 3551 5884 desiderantur.
