4150 6358
668 304 777 370 5ὶὸ

2020 294 2264 364 SANCTI
2304 306 2399 365 Abl
2410 307 2630 368 BROSll

3882 320 3975 373 556

668 425 720 479 in
755 424 991 495 peccatis
1020 420 1341 477 verecundia
1363 459 1377 484 ,
1410 427 1465 475 et
1493 417 1822 489 paenitentiae
1854 419 2036 489 portio
2060 423 2264 477 crimen
2294 427 2343 486 Α
2371 424 2624 479 occidere
2644 463 2659 488 ,
2706 423 2796 495 qui
2845 438 2954 479 non
3001 424 3176 495 parcit
3220 426 3563 497 parentibus.
3594 426 3786 485 Potuit
3820 435 3977 502 parri-

665 519 825 576 fateri
858 561 872 585 ,
921 528 946 557 ι
988 532 1089 574 nec
1130 518 1377 573 derivare
1418 518 1671 586 culpam,
1712 516 1805 570 sed
1852 530 2265 586 recognoscere.

665 613 872 684 Mitigat
898 610 1137 681 judicem
1173 611 1345 680 pudor
1373 625 1588 665 reorum
1615 650 1628 675 ,
1663 610 1864 664 cxclt~t
1891 620 2069 664 autem
2106 610 2270 679 perti-

661 707 814 761 nacia
849 705 1255 775 denegantium.
1288 703 1314 741 δ
1345 703 1470 758 Vult
1502 714 1552 756 te
1583 718 1876 773 provocare
1903 704 1969 757 ad
1994 704 2265 774 paeniten-

659 801 789 854 tiam
833 799 1014 867 Deus,
1063 800 1173 855 vult
1214 798 1283 854 de
1323 812 1381 853 se
1428 798 1635 867 sperari
1682 798 2069 869 indulgentiam
2098 840 2113 864 ,
2156 798 2270 853 vult

654 890 1031 946 demonstrare
1081 902 1169 945 tua
1220 889 1563 945 confeSsione
1612 889 1757 956 quod
1810 906 1917 944 mn
1964 889 2033 944 sit
2078 900 2267 945 auctor

652 984 905 1039 malitiae.
932 984 1062 1038 Nam
1096 983 1186 1055 qui
1222 993 1502 1053 peceatum
1546 998 1703 1037 suum
1746 982 1811 1037 ad
1856 982 2143 1052 quamdam
2177 998 2266 1039 re-

653 1077 869 1143 ferunt,
904 1085 965 1132 ut
988 1077 1221 1148 gentiles
1251 1083 1540 1142 asserunt,
1585 1074 1792 1130 decreti
1832 1084 1924 1131 aut
1963 1077 2145 1147 operis
2184 1080 2263 1131 sui

652 1172 1034 1226 necessitatem
1060 1212 1074 1235 ,
1120 1169 1304 1225 divina
1344 1183 1572 1240 arguere
1616 1168 1894 1233 videntur,
1935 1172 2085 1239 quasi
2120 1167 2265 1239 ipso-

649 1278 771 1318 rum
802 1265 883 1317 vis
911 1277 1078 1319 cansa
1110 1262 1316 1333 peccati
1348 1263 1440 1317 sit.
1483 1262 1584 1329 Qui
1628 1264 1775 1316 enim
1809 1263 2133 1317 necessitate
2164 1263 2265 1317 ali-

648 1372 754 1427 qua
788 1368 1010 1412 coactus
1039 1356 1305 1411 occiderit
1327 1397 1341 1421 ,
1372 1356 1527 1426 quasi
1560 1356 1761 1410 invitus
1786 1354 2001 1409 occidit.
2034 1356 2105 1409 Ea
2132 1371 2263 1411 vero

651 1467 773 1523 qua:
805 1468 835 1507 a
868 1451 1024 1506 nobis
1055 1460 1214 1516 sunt,
1260 1451 1667 1506 excusationem
1711 1465 1816 1504 non
1859 1449 2057 1505 habent
2087 1467 2098 1502 :
2141 1465 2261 1519 quae

653 1556 835 1601 autem
868 1557 1067 1616 prmter
1092 1561 1191 1601 nos
1216 1555 1371 1612 sunt,
1396 1544 1722 1600 excusabilia
1752 1553 1897 1600 sunt.
1926 1544 2030 1599 Sed
2059 1552 2260 1613 quanto

655 1644 875 1711 gravius
904 1649 1131 1711 peccato
1163 1640 1281 1709 ipso
1311 1638 1375 1693 ad
1413 1639 1576 1693 Deum
1611 1636 1813 1693 referre
1842 1637 1983 1706 quod
2025 1635 2220 1692 feceris
2241 1677 2256 1703 ,

654 1745 709 1789 et
734 1744 917 1789 reatus
941 1734 1013 1788 tui
1055 1732 1312 1787 invidiam
1346 1730 1725 1787 transfundere
1757 1731 1808 1784 in
1840 1740 2117 1785 auctorem
2149 1744 2259 1784 nun

651 1827 899 1883 criminis
921 1868 934 1891 ,
970 1826 1064 1881 sed
1096 1825 1443 1881 innocentior.

721 1921 813 1977 28.
879 1922 1160 1991 Perpende
1217 1930 1394 1976 autem
1452 1919 1738 1991 parricida:
1795 1919 2253 1990 responsionem:

659 2014 889 2084 Nescio,
921 2017 1096 2086 inquit
1117 2058 1129 2077 ,
1166 2014 1415 2086 numquid
1457 2023 1628 2068 custos
1673 2015 1851 2085 fratris
1894 2014 1993 2067 mei
2024 2029 2114 2083 ego
2144 2028 2255 2066 sum

660 2108 830 2179 (Gen.
862 2125 935 2176 tv,
993 2109 1090 2181 9)?
1120 2108 1232 2163 Etsi
1265 2108 1659 2162 contumaciam
1694 2106 1889 2176 prodat
1922 2106 2007 2161 hic
2037 2118 2251 2172 sermo,

643 2215 801 2259 soiiat
834 2214 1012 2259 tamen
1043 2204 1166 2272 quia
1206 2203 1251 2279 si
1296 2202 1495 2256 bonum
1547 2200 1768 2254 fratrem
1816 2200 2252 2262 considerasset,

643 2308 831 2352 custos
861 2294 1048 2351 debuit
1071 2310 1192 2350 esse
1219 2293 1457 2364 pietatis.
1486 2295 1657 2360 Quem
1685 2293 1829 2347 enim
1862 2291 2030 2362 magis
2049 2332 2063 2357 ,
2091 2306 2251 2361 quam

639 2387 869 2444 fratrem
914 2402 1135 2442 servare
1175 2386 1478 2440 debuerat?
1517 2385 1625 2440 Sed
1666 2384 1941 2455 quomodo
1981 2384 2256 2454 germani-

641 2482 769 2536 tatis
790 2488 1037 2536 servaret
1058 2477 1297 2532 ofllcium
1318 2518 1333 2543 ,
1358 2478 1448 2546 qui
1472 2474 1886 2531 necessitudinis
1910 2486 1931 2513 ε
1958 2491 2063 2529 non
2087 2490 2255 2547 agno-

642 2574 818 2629 visset
847 2572 1148 2627 affectum?
1186 2573 1296 2625 Aut
1334 2568 1610 2638 quomodo
1650 2568 1765 2624 fieri
1808 2575 2024 2639 posset,
2061 2578 2117 2621 ut
2155 2582 2253 2623 na-

637 2673 777 2718 tura!
798 2661 1166 2717 obedientiam
1192 2660 1464 2727 deferret,
1491 2659 1584 2731 qui
1615 2660 1723 2713 Deo
1753 2659 2114 2715 reverentiam
2142 2675 2248 2715 non

642 2755 977 2812 exhiberet?
1007 2754 1176 2825 Negat
1215 2754 1453 2824 primum
1492 2752 1644 2821 quasi
1684 2751 1826 2823 apud
1869 2752 2246 2822 ignorantem:

642 2857 863 2905 recusat
890 2849 1142 2903 fraternae
1174 2862 1372 2901 munus
1401 2845 1664 2901 custodia:
1684 2886 1700 2913 ,
1732 2846 1886 2915 quasi
1924 2860 2116 2900 exsors
2155 2860 2248 2929 na-

647 2954 784 2998 tura:
813 2961 827 2997 :
860 2944 1099 2999 declinat
1133 2942 1409 3012 judicent,
1451 2942 1605 3012 quasi
1647 2940 1787 2997 liber
1830 2940 2065 2996 arbitrii.
2109 2941 2247 3007 Quid

637 3038 857 3093 miraris
898 3038 942 3092 si
986 3038 1240 3107 pietatem
1286 3052 1394 3090 non
1426 3036 1686 3106 agnovit,
1737 3036 1829 3105 qui
1874 3051 1981 3090 non
2027 3036 2245 3107 agnovit

632 3131 956 3187 auctorem?
986 3132 1051 3187 Et
1081 3131 1203 3187 ideo
1243 3131 1456 3186 deceris
1507 3130 1607 3185 hac
1649 3130 1791 3185 serie
1840 3129 2242 3201 Scripturarum

2372 519 2490 574 cida
2522 520 2684 592 220
2712 534 2856 587 esse,
2890 518 2981 591 qui
3012 520 3080 575 de
3113 520 3400 592 parricidis
3440 537 3501 579 se
3542 531 3727 579 ortum
3756 526 3976 596 probare

2337 661 2341 664 .
2370 610 2669 667 desiderat.

2443 708 2530 764 50.
2567 707 2632 763 Et
2663 709 2805 766 bene
2832 710 2905 765 ait
2934 734 2947 767 :
2990 709 3104 767 Vox
3132 714 3405 785 sanguinis
3436 714 3618 784 fratris
3650 716 3727 771 tui
3756 717 3969 785 clamat,

2371 812 2480 854 n0n
2507 799 2675 856 frater
2696 801 2914 857 clamat.
2944 803 3055 860 Hoc
3083 802 3110 841 ά
3144 808 3451 862 innocentia
3481 816 3537 863 et
3565 810 3740 880 gratia
3774 826 3972 881 germa-

2370 894 2555 947 nitatis
2586 895 2748 948 etiam
2784 893 2836 949 in
2874 896 2986 966 ipsa
3021 907 3201 952 morte
3229 908 3431 955 servat.
3467 899 3586 955 Non
3618 912 3842 957 accusat
3873 902 3971 959 fra-

2367 997 2449 1041 ter
2480 987 2651 1055 Abel,
2699 1005 2765 1043 ne
2809 990 3056 1045 videatur
3096 992 3391 1061 parricida.
3441 992 3559 1048 Non
3607 1005 3834 1050 accusat
3876 1012 3967 1052 vox

2368 1082 2541 1152 ipsius
2561 1126 2575 1151 ,
2612 1098 2718 1139 non
2745 1085 2923 1139 anima
2950 1086 3067 1152 cius
3088 1128 3103 1153 ,
3138 1086 3232 1141 sed
3265 1102 3368 1141 vos
3404 1088 3686 1157 sanguinis
3718 1100 3964 1159 accusat,

2364 1188 2526 1245 quem
2560 1175 2680 1244 ipse
2709 1175 2919 1232 fudisti.
2949 1176 3123 1232 Tuum
3155 1186 3207 1233 te
3234 1194 3365 1243 ergo
3394 1180 3601 1235 facinus
3623 1224 3637 1247 ,
3670 1197 3781 1235 non
3815 1183 3967 1238 frater

2364 1276 2602 1323 accusat.
2627 1268 2803 1325 Simul
2832 1278 2856 1307 ε
2878 1270 3097 1341 querela
3124 1270 3418 1327 criminoso
3438 1272 3714 1328 adimitur.
3740 1272 3856 1329 Non
3883 1289 3966 1344 po-

2365 1370 2468 1415 test
2494 1361 2560 1416 de
2588 1362 2767 1417 alieno
2793 1362 3107 1416 testimonio
3134 1364 3323 1434 queri,
3355 1366 3445 1434 qui
3486 1366 3713 1421 crimem
3756 1368 3964 1436 pmprio

2362 1450 2597 1506 facinore
2626 1454 2934 1507 conlitetur.
2967 1452 3143 1509 Minor
3172 1463 3257 1510 est
3286 1471 3487 1521 sermo,
3530 1472 3695 1526 quam
3743 1456 3956 1513 factum.

2364 1542 2460 1597 Est
2492 1553 2670 1598 tamen
2704 1546 2867 1599 etiam
2900 1555 3043 1601 terra
3077 1548 3229 1603 testis
3253 1588 3268 1614 ,
3303 1565 3423 1619 qua:
3452 1551 3597 1620 cepit
3622 1552 3956 1621 Sanguinem.

2364 1636 2432 1692 Et
2462 1637 2599 1693 bene
2634 1640 2741 1693 ait:
2781 1638 2898 1694 V01:
2928 1642 3202 1712 sanguinis
3231 1642 3412 1713 fratris
3454 1644 3532 1697 tui
3573 1644 3638 1699 de
3679 1654 3821 1699 terra
3864 1646 3958 1700 cla-

2362 1740 2507 1783 mat:
2542 1746 2648 1785 non
2680 1730 2855 1796 dixit,
2895 1731 2966 1787 de
3005 1732 3188 1788 fratris
3225 1733 3425 1789 clamat
3461 1751 3733 1806 corpore,
3776 1737 3872 1793 sed
3899 1739 3954 1791 de

2289 1841 2335 1901 Β
2363 1830 2500 1876 terra
2536 1824 2748 1880 clamat.
2789 1824 2859 1879 Et
2899 1826 2943 1879 si
2984 1825 3153 1881 frater
3194 1830 3394 1897 parcit,
3441 1836 3585 1883 terra
3628 1845 3736 1885 non
3773 1836 3953 1901 parcit.

2360 1915 2414 1970 Si
2448 1916 2617 1971 frater
2646 1927 2825 1985 tacet,
2862 1928 3003 1973 terra
3034 1920 3379 1975 condemnat.
3416 1920 3534 1990 lpsa
3565 1930 3688 1989 est,
3732 1923 3785 1978 in
3831 1933 3881 1979 te
3908 1935 3954 1979 et

2364 2010 2525 2064 testis
2566 2019 2618 2064 et
2642 2009 2855 2081 judcx:
2891 2011 3047 2068 testis
3075 2016 3275 2079 acrior,
3306 2030 3425 2085 quae
3463 2014 3643 2071 adhuc
3688 2017 3955 2087 parricidii

2362 2102 2434 2155 tui
2486 2104 2750 2173 sanguine
2805 2104 3031 2160 madet:
3082 2106 3249 2176 judes
3305 2107 3575 2177 asperior.
3632 2123 3758 2179 qua:
3816 2118 3954 2163 tanto

2358 2192 2565 2248 scelere
2613 2196 2965 2265 coinquinata
3014 2206 3133 2265 est,
3167 2208 3229 2253 ut
3275 2199 3519 2267 aperiret
3565 2214 3629 2255 os
3668 2214 3865 2267 suum,
3907 2210 3954 2258 et

2356 2284 2633 2356 exciperet
2677 2289 2994 2357 sanguinem
3052 2291 3234 2345 fratris
3283 2292 3361 2347 tui
3404 2291 3474 2347 de
3524 2309 3690 2349 manu
3739 2304 3850 2351 tua.
3894 2295 3951 2350 Et

2357 2375 2448 2430 illa
2491 2379 2709 2448 quidem
2755 2382 2972 2452 aperuit
3013 2399 3076 2438 os
3118 2399 3275 2439 suum
3300 2427 3314 2452 ,
3360 2387 3519 2456 quasi
3556 2398 3853 2459 exceptura
3892 2389 3951 2445 de

2354 2469 2615 2527 fratribus
2658 2474 2822 2529 verba
2864 2476 3122 2545 pietatis,
3170 2477 3304 2533 nihil
3350 2480 3716 2536 timenscum
3764 2481 3948 2538 fratres

2356 2563 2565 2621 videret
2588 2607 2601 2628 .
2633 2582 2757 2638 qua:
2787 2570 2956 2624 sciret
2980 2570 3070 2639 jus
3108 2572 3483 2642 germanitatis
3522 2579 3729 2631 amoris
3774 2579 3946 2632 incen-

2354 2658 2520 2713 tivum
2552 2675 2709 2725 esse,
2745 2675 2853 2715 non
2885 2660 3015 2717 odii.
3050 2663 3185 2718 Nam
3218 2664 3493 2735 quomodo
3524 2678 3740 2738 poterat
3780 2667 3943 2738 parri-

2351 2750 2551 2805 cidium
2585 2764 2931 2821 suspectare,
2965 2770 3086 2825 quae
3125 2757 3306 2813 adhuc
3336 2774 3443 2813 non
3477 2760 3685 2815 viderat
3721 2762 3939 2815 homici-

2352 2840 2540 2898 dium?
2592 2842 2700 2899 Sed
2748 2854 2806 2899 tu
2856 2846 3095 2902 effudisti
3144 2850 3497 2920 sanguinem,
3551 2853 3713 2922 cujus
3763 2854 3941 2910 dolens

2351 2934 2467 3005 ipsa
2518 2937 2873 3007 contagium:
2924 2937 2942 2975 ί
2991 2938 3112 2995 Non
3158 2942 3403 3013 augebit,
3450 2944 3660 3015 inquit,
3715 2948 3940 3001 virtutem

2346 3046 2493 3083 suam
2524 3031 2651 3085 dare
2679 3031 2789 3086 tibi.
2832 3033 3003 3100 Quam
3044 3035 3306 3092 innocens
3350 3038 3523 3106 ultio,
3572 3048 3632 3095 ut
3674 3057 3795 3112 quae
3836 3050 3932 3096 tam

2344 3122 2585 3191 graviter
2618 3124 2817 3178 violata
2849 3125 3051 3195 fuerit,
3083 3127 3221 3185 satis
3252 3129 3458 3186 habens
3500 3146 3609 3187 non
3653 3133 3936 3204 prodesse,

635 3228 798 3282 fidem
825 3242 946 3283 esse
974 3227 1207 3282 radicem
1236 3227 1495 3281 virtutum
1528 3226 1789 3279 ontnium.
1817 3224 1971 3281 Unde
1997 3234 2050 3280 et
2072 3226 2249 3295 Apos-
2270 3230 2315 3293 ρ
2351 3230 2457 3269 11οη
2487 3223 2695 3281 (ιιιατι-αι
2724 3232 2945 3273 nocere.

632 3323 776 3378 tolus
802 3324 875 3378 ait
903 3340 917 3380 :
951 3324 1084 3389 Quia
1112 3323 1505 3395 fundamentum
1544 3332 1776 3377 nostrum
1806 3321 2043 3377 Christus
2071 3332 2146 3377 est
2187 3322 2244 3394 (Ι

636 3411 758 3465 Cor.
816 3428 905 3478 ιιι,
949 3415 1002 3467 Η
1035 3416 1085 3481 );
1118 3422 1173 3468 et
1214 3414 1471 3484 quidquid
1505 3430 1666 3484 supra
1698 3414 1800 3468 hoc
1831 3413 2240 3471 fundamentum

631 3504 1021 3569 aedificaveris,
1053 3506 1155 3562 hoc
1182 3506 1355 3561 solum
1386 3507 1452 3561 ad
1484 3507 1665 3576 operis
1694 3507 1769 3561 tui
1800 3507 2064 3575 fructum,
2092 3518 2145 3564 et
2172 3510 2239 3564 ad

633 3596 852 3652 virtutis
881 3598 1149 3668 proficere
1181 3597 1506 3654 mercedem.

699 3691 791 3747 29.
822 3691 1076 3761 Congrue
1106 3691 1273 3761 igitur
1298 3689 1584 3762 respondit
1609 3691 1869 3745 Dominus
1898 3700 2004 3746 tam
2036 3692 2239 3762 impru-

627 3784 821 3840 denter
850 3784 1105 3854 neganti,
1139 3784 1363 3839 dicens:
1409 3783 1520 3838 Vua:
1548 3784 1821 3855 sanguinis
1853 3785 2033 3857 fratris
2064 3785 2139 3837 tui
2169 3786 2236 3839 ad

624 3897 703 3935 me
734 3880 923 3935 clamat
955 3877 1113 3952 (Gen.
1166 3894 1247 3945 tv,
1278 3878 1387 3950 l0),
1425 3878 1529 3934 hoc
1559 3888 1666 3945 est,
1694 3894 1791 3933 cur
1823 3877 2001 3933 nescis
2034 3877 2122 3932 ubi
2153 3887 2237 3934 est

622 3974 793 4032 frater
860 3976 1022 4031 tuus?
1053 3975 1166 4032 Soli
1194 3976 1360 4031 eratis
1387 3992 1508 4030 cum
1537 3973 1747 4030 duobus
1774 3974 2120 4044 parentibus,
2152 3976 2233 4030 in-

620 4080 707 4126 ter
752 4087 950 4140 paucos
993 4069 1158 4126 frater
1188 4081 1240 4126 te
1271 4070 1440 4125 latere
1467 4085 1575 4125 non
1608 4068 1817 4125 debuit.
1872 4072 1947 4123 An
1980 4069 2102 4139 quia
2135 4085 2230 4140 pa-

622 4175 810 4218 rentes
843 4164 915 4217 tui
948 4169 1297 4217 accusatores
1327 4178 1448 4218 esse
1481 4177 1588 4216 non
1623 4162 1889 4231 possunt?
1916 4159 2051 4216 Nolo
2081 4162 2226 4218 enim

620 4264 681 4310 ut
710 4270 771 4310 ea
805 4256 1149 4310 necessitudo
1179 4270 1301 4325 qua:
1333 4263 1417 4309 est
1444 4263 1633 4308 auctor
1660 4252 1852 4309 salutis
1875 4295 1887 4315 ,
1921 4253 2010 4307 fiat
2038 4263 2227 4308 auctor

620 4346 867 4416 periculi.
914 4345 968 4400 ιιι
1015 4354 1067 4401 te
1098 4347 1215 4399 solo
1247 4348 1390 4416 leges
1418 4359 1541 4399 suas
1570 4354 1760 4398 natura
1789 4344 2054 4400 amiserit.
2100 4344 2225 4399 Ideo

618 4453 753 4506 ergo
801 4447 956 4506 putas
1001 4437 1211 4491 crimen
1260 4436 1465 4501 latere,
1505 4436 1629 4506 quia
1670 4446 1925 4505 parentes
1965 4450 2224 4492 accusare

620 4545 728 4584 non
770 4528 1009 4584 debent?
1050 4528 1160 4584 Sed
1210 4543 1277 4582 eo
1321 4527 1496 4599 major
1544 4537 1627 4583 est
1675 4527 2062 4581 condemnatio
2108 4536 2216 4582 tua.

2420 3309 2508 3363 51.
2563 3309 2678 3363 Νοιι
2726 3306 3001 3367 mediocre
3047 3313 3210 3368 etiam
3254 3314 3451 3386 dogma
3496 3317 3640 3388 quod
3686 3318 3798 3374 ait:
3841 3318 3935 3375 Vos;

2345 3404 2611 3473 sanguinis
2642 3405 2819 3474 fratris
2849 3406 2925 3459 tui
2954 3406 3023 3460 ad
3052 3424 3132 3462 me
3161 3410 3391 3475 clamat;
3421 3414 3546 3481 quia
3589 3412 3734 3469 Deus
3770 3414 3935 3484 justus

2344 3506 2473 3550 suos
2500 3495 2649 3551 audit
2679 3498 2843 3552 etiam
2877 3510 3154 3565 mortuos,
3186 3505 3442 3573 quoniam
3479 3504 3589 3559 Deo
3630 3508 3837 3562 vivunt.
3875 3507 3935 3562 Et

2342 3588 2538 3643 merito
2569 3606 2667 3661 pro
2698 3592 3006 3648 viventibus
3037 3594 3339 3662 habentur;
3371 3598 3493 3667 quia
3525 3598 3692 3654 etiam
3732 3602 3777 3655 si
3824 3617 3933 3656 cur-

2343 3679 2491 3749 poris
2537 3684 2878 3751 gnstaverint
2930 3694 3198 3753 mortetn,
3247 3688 3409 3743 vitam
3456 3699 3636 3746 tamen
3686 3691 3928 3761 incorpo-

2340 3788 2487 3827 ream
2537 3775 2796 3844 capiunt,
2848 3785 2902 3831 et
2953 3777 3328 3834 illuminantnr
3377 3796 3597 3838 suorum
3644 3784 3928 3854 splendore

2337 3870 2658 3925 meriturum
2677 3912 2691 3936 ,
2728 3870 2851 3927 luce
2880 3888 3095 3943 quoque
3125 3872 3379 3929 fruuntur
3408 3885 3635 3931 aeterna.
3664 3876 3929 3933 Justorum

2335 3977 2466 4033 ergo
2495 3954 2647 4020 audit
2676 3966 2996 4036 sanguinem
3026 3984 3039 4019 :
3071 3969 3267 4023 avertit
3296 3983 3356 4023 se
3385 3979 3571 4025 autem
3609 3987 3637 4024 a
3684 3973 3929 4042 precibus

2336 4056 2664 4127 impiorum;
2698 4059 2953 4127 quoniam
2984 4060 3147 4115 etiam
3178 4061 3221 4117 si
3252 4061 3539 4118 videantur
3569 4065 3794 4131 vivere,
3834 4067 3928 4120 mi-

2332 4150 2568 4206 seriores
2598 4160 2779 4207 tamen
2810 4163 2937 4207 sunt
2966 4154 3216 4209 omnibus
3247 4156 3494 4223 mortuis,
3525 4172 3747 4213 carnem
3780 4174 3925 4213 suam

2328 4243 2469 4299 sicut
2503 4245 2765 4298 tumulum
2811 4244 3293 4315 circumferentes,
3342 4250 3428 4304 cui
3468 4249 3745 4305 infelicem
3795 4250 3927 4306 info-

2328 4335 2529 4391 derunt
2569 4337 2807 4391 animam
2856 4352 3031 4393 suam.
3082 4340 3220 4407 Quid
3266 4342 3413 4397 enim
3458 4342 3603 4397 aliud
3646 4353 3731 4399 est
3768 4360 3923 4414 quam

2325 4432 2533 4501 sepulta
2554 4471 2571 4497 ,
2600 4446 2720 4501 quae
2750 4431 2890 4485 intra
2924 4432 3144 4487 humum
3175 4434 3436 4497 volvitur,
3463 4445 3519 4490 et
3547 4446 3777 4492 terrena:
3800 4453 3925 4491 ara-

2323 4524 2462 4577 ritiaa
2502 4520 2929 4593 cupiditatibus,
2970 4525 3291 4595 ctrteriSque
3333 4527 3479 4581 vitiis
3512 4527 3829 4594 includitur,
3872 4540 3925 4583 ut

616 4622 750 4679 Nam
795 4625 838 4678 si
879 4622 1043 4678 chara
1091 4621 1511 4677 necessitudinis
1558 4621 1775 4676 nomina
1818 4634 2077 4676 accusare
2109 4638 2211 4675 non
2240 4627 2294 4688 1)
2320 4620 2508 4690 gratia:
2558 4618 2799 4675 cmlestis
2861 4632 3046 4673 auram
3093 4620 3307 4689 spirare
3350 4636 3458 4677 non
3502 4623 3717 4692 possit?
3756 4623 3923 4692 Hujus

615 4717 856 4783 debent,
894 4718 1065 4771 multo
1096 4716 1268 4786 magis
1299 4733 1403 4770 non
1450 4715 1651 4771 debent
1695 4715 1968 4771 occidere.
2017 4714 2122 4769 Sed
2167 4714 2214 4770 si

615 4830 703 4869 me
748 4821 941 4869 testem
986 4812 1213 4877 abnuis,
1262 4821 1315 4866 et
1358 4810 1562 4881 refugis
1606 4811 1908 4873 arbitrum,
1947 4824 2047 4863 vox
2088 4824 2213 4862 san-

611 4910 790 4982 guinis
821 4906 1001 4960 fratris
1036 4905 1110 4959 tui
1140 4903 1293 4958 testis
1322 4912 1442 4969 est,
1475 4920 1595 4975 quae
1624 4903 1689 4958 ad
1723 4918 1810 4958 me
1852 4903 2068 4957 clamat.
2116 4900 2210 4955 llla

611 5008 664 5058 te
696 4999 901 5070 majore
930 4997 1255 5051 auctoritate
1282 4997 1455 5066 arguit
1476 5037 1489 5062 ,
1523 5011 1683 5066 quam
1712 4995 1759 5049 si
1788 4996 1954 5051 frater
1980 4996 2209 5049 viveret.

606 5097 725 5157 Soli
756 5094 954 5158 eratis,
988 5091 1111 5163 quis
1139 5098 1263 5145 eum
1307 5087 1479 5160 potuit
1510 5088 1653 5143 alter
1694 5088 1988 5144 occidere?
2026 5087 2080 5143 Si
2121 5102 2212 5143 ac-

604 5180 762 5248 cusas
798 5195 1052 5259 parentes
1075 5225 1089 5251 ,
1130 5181 1457 5255 parricidam
1492 5182 1709 5251 probas.
1756 5180 1941 5243 Potuit
1984 5178 2210 5236 fratrem

605 5360 631 5377 ι-
682 5361 708 5390 ι
740 5351 840 5407 Ms.
879 5344 1087 5407 Laud.,
1125 5358 1215 5396 nec
1251 5340 1494 5411 dejurare
1530 5337 1755 5411 culpam.
1796 5337 1989 5395 Melius
2022 5337 2113 5391 alii
2150 5344 2209 5393 et.

606 5424 763 5485 edit.,
790 5422 1041 5475 derivare.
1076 5416 1171 5470 Est
1192 5408 1371 5468 autem
1400 5413 1614 5481 culpam
1644 5408 1914 5477 derivare,
1944 5424 2063 5465 eam
2088 5425 2116 5464 a
2145 5423 2205 5464 se

606 5495 657 5549 in
685 5494 848 5549 alium
882 5488 1200 5546 transferre.

677 5586 704 5624 ι’
745 5586 880 5640 Tres
907 5597 1065 5647 mss.,
1110 5578 1231 5633 Vult
1253 5587 1301 5632 te
1324 5592 1599 5647 provocare
1617 5574 1685 5630 ad
1715 5575 1933 5630 ueniam.

682 5690 703 5719 ο
744 5674 887 5743 Dlv.,
919 5692 1019 5731 non
1042 5673 1331 5746 agnovisset
1352 5670 1609 5739 effectum.

677 5770 705 5809 ἀ
735 5773 810 5828 Ita
850 5768 981 5827 edit.
1025 5777 1137 5823 tum
1164 5767 1409 5837 priscae,
1450 5774 1561 5821 tum
1603 5765 1967 5837 recentiores.
2001 5762 2197 5821 Contra

606 5856 735 5903 vero
762 5855 895 5899 mss.
922 5852 1131 5904 omnes,
1155 5834 1250 5893 ποι
1274 5846 1371 5904 est,
1396 5836 1736 5893 innocentiam
1761 5845 1809 5892 et
1834 5836 2055 5906 gratiam
2081 5853 2195 5907 ger-

2316 4711 2461 4764 modi
2497 4722 2747 4779 precentur
2776 4726 2805 4766 a
2841 4723 2979 4766 terra
3024 4712 3342 4768 maledictus
3386 4722 3506 4779 est,
3548 4729 3671 4786 quae
3713 4725 3798 4772 est
3843 4716 3922 4771 in-

2316 4802 2438 4855 fima
2470 4810 2523 4854 et
2551 4810 2824 4871 postrema
2856 4816 2983 4871 pars
3013 4803 3223 4857 mundi.
3267 4804 3533 4875 Superius
3577 4807 3766 4875 utique
3811 4822 3919 4863 cce-

2317 4892 2425 4948 lum
2454 4934 2468 4957 ,
2498 4902 2554 4948 et
2609 4911 2728 4964 qua:
2760 4894 2813 4949 in
2856 4895 2996 4951 coelo
3037 4905 3199 4961 sunt,
3244 4898 3363 4965 sol,
3407 4898 3571 4967 luna,
3600 4909 3668 4955 et
3708 4900 3915 4967 stellae,

2315 4986 2520 5041 Throni
2543 5028 2556 5047 ,
2590 4987 3003 5044 Dominationes
3027 5029 3043 5053 ,
3077 4988 3456 5059 Principatus,
3490 5000 3547 5046 et
3576 4992 3878 5047 Potestates
3898 5034 3913 5059 ,

2315 5081 2611 5137 Cherubim
2641 5092 2697 5137 et
2723 5082 3031 5153 Seraphim.
3063 5082 3183 5139 Non
3213 5094 3299 5140 cst
3335 5100 3467 5155 ergo
3509 5084 3734 5141 dubium
3774 5086 3914 5156 quod

2315 5191 2441 5232 eum
2467 5182 2524 5231 et
2548 5174 2831 5245 superiora
2856 5175 3236 5232 damnaverint
3257 5216 3272 5243 ,
3297 5192 3459 5247 quem
3489 5178 3744 5235 inferiora
3768 5178 3915 5234 dam-

2314 5333 2580 5389 manitatis
2605 5336 2759 5389 etiam
2780 5335 2836 5388 in
2862 5334 2975 5404 ipsa
3002 5345 3163 5389 morte
3190 5346 3375 5389 servat.
3408 5335 3637 5393 Difﬁcile
3665 5338 3767 5405 sit,
3798 5349 3910 5393 utra

2321 5407 2476 5462 lcetio
2505 5405 2718 5471 melior,
2750 5408 3125 5475 pronuntiare.

2386 5487 2411 5515 θ
2436 5477 2789 5549 Edit.omni-s
2806 5493 2870 5535 ac
2892 5493 3023 5532 mss.
3039 5477 3187 5532 Flor.
3203 5488 3258 5533 et
3272 5477 3394 5533 Vat.
3413 5494 3573 5544 unus,
3590 5481 3797 5549 querela
3809 5480 3908 5534 cri-

2310 5552 2544 5622 minosa:
2577 5548 2707 5622 Vat.
2725 5551 2911 5614 alter.,
2939 5551 3055 5605 Div.
3083 5564 3147 5603 ac
3173 5550 3364 5622 Laud.,
3387 5548 3907 5622 qiierela’crinit'noso.

2385 5620 2403 5658 ί
2433 5621 2810 5676 (lodiceS‘Vat.
2843 5636 3011 5679 unus.
3049 5622 3163 5674 Div.
3197 5636 3260 5676 ac
3288 5619 3463 5681 Flor},
3509 5640 3610 5677 non
3645 5627 3902 5687 audebat,

2306 5693 2501 5761 inquit,
2540 5694 2809 5755 virtutem,
2848 5706 2951 5748 etc.
2982 5691 3189 5747 Tamen
3225 5693 3366 5760 apud
3403 5693 3547 5749 LXX
3585 5705 3900 5749 constanter

2307 5765 2482 5841 legere
2518 5775 2600 5841 est
2632 5782 2651 5841 :_
2672 5766 2728 5820 οὐ
2762 5768 3041 5841 ueneﬁci-st
3188 5766 3544 5841 ἰαχὴ-αὐτῆς
3592 5765 3771 5823 δοῦναί
3799 5787 3899 5823 σοι.
3917 5770 3935 5794 ⁸

2309 5835 2412 5890 Pro
2434 5850 2539 5906 quo
2567 5834 2878 5893 habetur'in
2900 5837 3085 5907 Vulg.,
3113 5834 3403 5891 Non’dabit
3422 5839 3511 5890 tibi
3531 5842 3732 5908 fructus
3756 5852 3898 5894 suos.
