4150 6358
185 375 192 378 -
278 337 386 398 357

1499 333 1590 389 DE
1628 321 1786 388 CAIN
1829 328 1916 386 ΕΤ
1966 328 2148 386 ABEL
2187 328 2317 386 LIB.
2359 321 2423 386 ll.

3477 317 3585 384 358

279 463 500 512 man
533 451 664 507 Nam
696 451 968 525 quomodo
997 461 1021 489 a
1051 449 1348 506 ειιιεοινίιιιι-
1374 465 1509 521 pura
1537 449 1647 505 illic
1678 449 1873 504 cteles-
1904 452 1951 510 Α
1985 456 2260 516 t'cgtmlur,
2292 447 2535 516 subjecta
2565 445 2723 502 morti
2755 452 2912 509 sunt;
2943 451 2996 499 et
3023 442 3149 499 ideo
3184 441 3386 498 stultus
3415 441 3470 499 in
3501 443 3584 496 his

279 549 432 620 tique
481 551 752 603 sententia
799 563 957 618 quem
1009 559 1107 601 nec
1152 553 1309 598 terra:
1359 550 1653 615 potuerunt
1700 540 1876 596 absol-

277 642 448 698 vere?
478 640 547 695 Et
575 640 700 696 ideo
725 654 948 711 gemens
974 647 1028 694 et
1055 646 1296 693 tremens
1319 637 1538 707 jubetur
1565 648 1688 690 esse
1711 647 1879 703 super

278 743 480 792 terram
492 776 505 789 .

351 829 444 887 32.
490 828 726 884 Evidens
771 827 1145 898 generalisque
1183 823 1362 892 ratio,
1403 825 1528 896 quia
1573 823 1719 879 omni
1768 823 1876 877 im-

279 925 455 998 probo
497 926 636 979 mala
688 924 919 989 adsunt,
949 931 998 979 et
1031 921 1279 977 adfutura
1309 931 1455 976 sunt.
1485 920 1615 987 Quae
1641 917 1874 982 adsunt,

279 1016 555 1072 tristitiam
589 1025 919 1086 operantur;
961 1030 1080 1082 qua:
1115 1012 1293 1068 futura
1315 1056 1328 1076 ,
1369 1012 1736 1084 formidinem.
1768 1009 1876 1066 Sed

277 1109 583 1181 improbum
623 1109 740 1178 plus
779 1108 1100 1177 prsesentia,
1138 1121 1298 1178 quam
1337 1105 1512 1160 futura
1543 1107 1700 1177 221
1729 1104 1877 1158 solli-

275 1204 465 1259 citant.
493 1201 646 1259 Unde
671 1211 725 1257 et
747 1202 876 1256 Cain
900 1199 1040 1255 dixit
1064 1199 1130 1254 ad
1158 1200 1358 1254 Deum:
1388 1197 1564 1268 Major
1584 1213 1742 1252 causa
1765 1211 1877 1250 mea

273 1306 350 1352 est
368 1337 381 1361 ,
405 1310 558 1365 quant
589 1304 644 1348 ut
670 1294 964 1347 dimittatur
991 1293 1135 1348 mihi.
1169 1292 1230 1348 Si
1254 1292 1572 1359 dercliuqucs
1597 1306 1676 1344 mc
1701 1289 1871 1356 hodie,

271 1402 305 1442 α
343 1386 477 1459 [acie
512 1396 600 1442 tua
638 1387 953 1442 abscondam
987 1401 1088 1441 me.
1119 1383 1262 1440 Nihil
1294 1385 1438 1439 enim
1467 1384 1686 1455 gravius
1715 1397 1875 1454 quam

272 1494 552 1537 errantem
584 1497 613 1536 a
647 1482 756 1536 Den
791 1480 1004 1544 deseri,
1046 1491 1103 1535 ut
1142 1495 1201 1534 se
1242 1494 1498 1535 revocare
1534 1494 1640 1533 non
1682 1477 1869 1548 possit.

274 1573 422 1629 Mors
462 1573 768 1643 peccatoris
814 1573 974 1627 linem
1019 1571 1276 1642 peccandi
1303 1570 1464 1626 affert
1497 1591 1510 1626 :
1551 1570 1660 1625 vita
1688 1581 1872 1624 autem

275 1666 461 1722 divino
488 1666 855 1738 gubernaculo
881 1665 1139 1722 destituta
1171 1665 1563 1735 praecipitatur,
1591 1671 1647 1720 et
1669 1663 1723 1718 in
1751 1678 1876 1734 gra-

273 1758 428 1812 viora
468 1758 797 1828 prolabitur;
829 1769 885 1812 ut
919 1759 962 1813 si
999 1774 1216 1830 gregem
1251 1768 1435 1828 pastor
1461 1758 1759 1828 relinquat,
1791 1757 1874 1810 in-

1980 535 2144 593 ltabet
2169 554 2330 594 omne
2355 539 2653 607 periculum
2677 539 2780 594 sui.
2810 537 2912 605 Qui
2941 553 3071 609 ergo
3101 537 3424 592 rationabile
3451 535 3582 590 illttd

1980 632 2242 698 amiserit,
2275 635 2473 688 frustra
2503 635 2571 688 de
2611 635 2842 689 istorum
2889 633 2993 689 sibi
3028 648 3126 688 usu
3155 643 3362 702 septem
3393 646 3587 686 carna-

1977 723 2108 779 lium
2141 740 2426 780 munerum
2459 726 2788 782 blandietur.
2818 727 3193 781 Dissolvuntur
3221 725 3336 781 haec
3360 725 3542 780 omnia
3563 764 3581 792 ,

1976 814 2079 869 nisi
2126 813 2356 870 habenis
2394 817 2716 886 quibusdam
2750 815 2976 872 rationis
3000 817 3223 872 astriCta
3269 823 3402 872 sint.
3435 815 3582 870 Mors

1977 905 2162 977 itaque
2218 907 2475 974 rationis,
2527 904 3070 978 tnortem'operatur
3126 907 3578 963 irrationabilium

1977 1000 2309 1068 passionum.
2343 1000 2446 1055 Sed
2472 1000 2606 1055 illud
2635 1001 2830 1056 melius
2857 1001 3002 1072 quod
3026 1002 3290 1070 septimus
3320 1015 3583 1056 numerus

1977 1092 2175 1164 quietis
2203 1103 2259 1150 et
2280 1094 2622 1150 remissionis
2648 1105 2754 1149 est.
2793 1094 2933 1165 Ergo
2963 1096 3054 1164 qui
3080 1095 3170 1150 alii
3199 1112 3304 1151 non
3341 1092 3585 1166 pepercit

1978 1187 2268 1254 peccatori,
2301 1197 2352 1241 et
2385 1201 2582 1242 munus
2621 1186 2672 1242 ei
2700 1187 3036 1242 remissionis
3066 1198 3410 1256 peccatorum
3443 1185 3581 1242 iuvi-

1977 1276 2142 1344 derit,
2169 1277 2284 1348 ipse
2307 1278 2412 1334 sibi
2438 1294 2588 1349 spem
2613 1279 2951 1336 remissionis
2979 1281 3198 1349 eripiet,
3226 1287 3282 1335 et
3309 1278 3413 1336 erit
3436 1280 3488 1334 in
3513 1292 3581 1335 eo

1980 1369 2094 1440 pari
2125 1385 2377 1426 mensura
2408 1372 2641 1426 vindicta
2669 1371 2738 1426 de
2762 1371 2958 1442 gratia.

2050 1464 2143 1520 55.
2167 1463 2322 1532 Quod
2342 1477 2523 1520 autem
2555 1466 2764 1536 signum
2791 1467 2971 1534 posuit
2991 1478 3154 1535 super
3181 1463 3338 1531 Cain,
3367 1481 3432 1519 ne
3460 1465 3583 1536 quis

1977 1574 2102 1616 eum
2131 1560 2435 1628 occideret,
2465 1560 2750 1616 rcﬂectere
2783 1560 2955 1616 voluit
2991 1568 3264 1616 errantem
3289 1602 3301 1620 ,
3333 1561 3496 1632 322
3526 1566 3585 1613 ct

1976 1651 2242 1708 benefit-io
2259 1669 2358 1709 suo
2385 1654 2612 1709 invitare
2632 1653 2696 1709 ad
2721 1654 3136 1710 correctionem.
3159 1653 3294 1721 lp~is
3314 1651 3456 1707 enim
3479 1666 3584 1706 nos

1975 1742 2186 1802 facilius
2213 1748 2554 1802 committere
2581 1748 2843 1813 solemus,
2886 1763 3115 1818 quorum
3156 1745 3420 1800 habemus
3457 1759 3583 1809 gra-

272 1861 495 1908 curscnt
547 1853 783 1907 besti:e:
833 1853 905 1907 ita
949 1867 1072 1907 cum
1121 1855 1263 1908 Deus
1306 1851 1511 1907 deserit
1558 1851 1867 1918 hominem,

1980 1837 2130 1892 tiam.
2179 1836 2289 1893 Nec
2331 1847 2508 1894 tamen
2561 1853 2754 1910 magna
2797 1839 3088 1894 concedit:
3121 1836 3218 1894 sed
3271 1838 3324 1893 in
3364 1852 3430 1892 eo
3460 1836 3584 1905 ipso

270 1947 474 2017 ingruit
515 1945 781 2001 diabolus.
824 1945 1000 2001 Grave
1035 1955 1120 2001 est
1155 1944 1454 2015 praesertim
1491 1944 1874 2014 insipientibus

271 2054 379 2092 non
416 2036 618 2092 habere
657 2046 946 2092 rectorem.
995 2037 1181 2106 Serpit
1215 2035 1450 2104 malitia,
1495 2035 1687 2090 vulnus
1712 2050 1876 2105 auge-

273 2139 383 2196 tur,
418 2132 506 2185 ubi
536 2132 804 2186 medicina
843 2130 1097 2186 defuerit.
1129 2129 1431 2185 Abscondit
1465 2144 1524 2184 se.
1558 2138 1739 2186 autem
1779 2131 1870 2201 qui

272 2224 460 2279 velare
499 2225 611 2278 vult
649 2224 894 2294 culpam,
933 2234 986 2280 et
1024 2234 1205 2295 tegere
1246 2233 1548 2292 peccatum.
1587 2223 1690 2290 Qui
1725 2224 1872 2278 enim

274 2316 416 2370 male
443 2315 551 2385 agit
580 2315 692 2370 odit
718 2316 895 2372 lucem
916 2359 929 2383 ,
957 2327 1011 2372 et
1039 2317 1296 2373 tenebras
1335 2325 1390 2372 et
1426 2332 1650 2372 suorum
1678 2316 1875 2386 quaerit

271 2407 494 2464 latibula
522 2409 865 2465 delictorum.
895 2410 1079 2466 Justus
1105 2421 1284 2466 autem
1315 2427 1419 2466 non
1451 2410 1788 2467 abscondere
1814 2425 1873 2466 se

272 2513 301 2552 a
337 2500 565 2557 Domino
594 2501 706 2557 Deo
742 2517 873 2569 suo,
913 2503 1006 2558 sed
1047 2505 1165 2572 ipse
1202 2504 1376 2574 magis
1412 2519 1471 2559 se
1504 2502 1705 2558 oli'erre
1739 2518 1875 2558 con-

270 2593 450 2646 suevit
469 2592 657 2649 dicens
681 2611 694 2647 :
726 2594 867 2651 Ecce
892 2609 1012 2650 sum
1038 2611 1138 2665 ego
1163 2597 1255 2668 qui
1283 2613 1389 2651 non
1421 2597 1593 2653 habeo
1616 2597 1874 2655 crimino-

271 2697 386 2738 sam
414 2688 805 2742 conscientiam
828 2731 842 2754 ,
870 2703 1029 2759 quam
1060 2690 1282 2744 timeam
1309 2689 1672 2759 deprehendi.

345 2777 435 2831 55.
481 2777 671 2833 Merito
700 2796 833 2851 ergo
873 2796 933 2836 se
988 2782 1273 2838 abscondit
1318 2783 1462 2838 male
1499 2785 1784 2848 conscius.
1816 2795 1874 2841 et

271 2864 392 2920 ait:
432 2866 610 2922 Omnis
657 2871 744 2940 qui
774 2871 1020 2926 invenerit
1070 2889 1182 2938 me,
1239 2872 1432 2927 occidet
1474 2890 1570 2928 me.
1615 2876 1872 2944 Angusta:

271 2962 474 3015 mentis
525 2960 690 3016 homo
743 2972 1061 3032 praesentem
1115 2975 1345 3020 mortem
1391 2975 1632 3032 veretur,
1681 2982 1873 3036 perpe-

273 3057 420 3106 tuam
455 3053 698 3124 negligit,
729 3063 785 3110 et
807 3055 1052 3110 divinum
1076 3056 1341 3126 judicium
1383 3071 1488 3112 non
1530 3057 1872 3125 reformidat,

273 3142 553 3200 interitum
603 3149 774 3200 solum
826 3151 1074 3218 corporis
1127 3149 1472 3218 deprecatur.
1518 3149 1626 3208 Sed
1677 3167 1706 3205 a
1765 3167 1872 3219 quo

1976 1929 2393 2000 imprudentiam
2428 1931 2735 2001 insipientis
2782 1933 3078 1998 ulciscitur,
3130 1933 3220 2002 qui
3267 1946 3390 1987 cum
3433 1939 3582 1987 esset

1977 2025 2254 2093 perpetuis
2282 2023 2566 2095 suppliciis
2594 2024 2884 2091 obnoxius,
2933 2040 3038 2077 non
3089 2022 3291 2078 remitti
3337 2022 3438 2078 sibi
3469 2036 3588 2091 pte-

1975 2129 2100 2168 nam
2133 2115 2396 2193 poposcit,
2430 2115 2526 2172 sed
2566 2118 2732 2172 vitam
2765 2117 3013 2186 corporis
3045 2114 3201 2186 hujus
3229 2114 3254 2153 b
3286 2115 3582 2170 obsecran-

1972 2207 2098 2262 dam
2131 2210 2357 2277 putavit,
2391 2210 2444 2263 in
2470 2224 2576 2279 qua
2616 2209 2738 2280 plus
2781 2225 3036 2263 mrumnm
3065 2217 3170 2275 est,
3199 2223 3358 2273 quam
3389 2209 3584 2276 volup~

1973 2301 2124 2357 tatis.
2171 2300 2316 2356 Mors
2363 2301 2508 2356 enim
2559 2318 2662 2357 una
2700 2313 2783 2358 est
2823 2303 2874 2357 in
2929 2302 3239 2358 SCCCSSiOlle
3287 2300 3483 2356 anilitas
3527 2309 3588 2356 ct

1972 2397 2242 2467 Corporis,
2295 2407 2348 2451 et
2393 2397 2445 2451 in
2485 2395 2594 2454 [ine
2625 2395 2781 2453 istius
2812 2398 2958 2463 vitae,
2989 2413 3108 2468 quae
3137 2396 3296 2452 simul
3325 2403 3384 2451 ut
3412 2397 3586 2463 venit,

1972 2505 2162 2546 omnes
2205 2492 2451 2560 corporis
2501 2491 2724 2550 dolores
2769 2491 3006 2561 auferre,
3062 2508 3168 2549 non
3201 2505 3404 2561 augere
3452 2505 3586 2546 con-

1972 2584 2173 2640 suevit.
2219 2583 2391 2640 ﬂetus
2419 2600 2549 2642 vero
2603 2586 2693 2657 qui
2736 2585 2876 2641 hanc
2920 2587 3082 2642 vitam
3122 2585 3432 2641 viventibus
3475 2583 3586 2638 fre-

1971 2689 2202 2747 quenter
2250 2677 2541 2749 ingruunt,
2587 2680 2890 2748 muas-litim,
2923 2679 3171 2747 dolores,
3203 2680 3470 2756 gemitus.
3503 2677 3583 2732 di-

1972 2773 2228 2842 versique
2254 2773 2554 2839 cruciatus,
2584 2774 2936 2844 gravitatum,
2977 2780 3032 2827 ct
3054 2772 3434 2842 mgritudinum
3467 2772 3590 2827 vul—

1973 2882 2104 2922 nera
2135 2867 2394 2936 plurimas
2416 2870 2580 2922 etiam
2605 2878 2809 2923 mortes
2836 2868 3022 2938 generi
3050 2869 3288 2922 humano
3313 2865 3579 2933 inferunt,

1974 2967 2031 3012 ut
2074 2960 2173 3014 ista
2217 2973 2365 3014 mors
2414 2959 2717 3016 remedium
2762 2975 2885 3016 esse
2929 2961 3202 3026 videatur,
3238 2975 3347 3016 non
3395 2973 3579 3031 poma.

1973 3048 2089 3104 Non
2117 3051 2260 3104 enim
2303 3052 2668 3120 peremptoris
2695 3061 2810 3117 est,
2843 3067 2940 3122 per
2967 3067 3131 3122 quam
3171 3066 3278 3106 non
3320 3049 3578 3106 adimitur

1974 3141 2102 3203 vita,
2146 3143 2240 3197 sed
2274 3142 2342 3197 ad
2388 3143 2614 3198 meliora
2661 3143 3004 3199 transfertur.
3032 3145 3164 3199 Nam
3217 3146 3264 3201 si
3313 3154 3582 3201 nocentes

272 3236 500 3293 timebat
521 3239 719 3306 occidi,
749 3239 840 3310 qui
868 3242 1016 3296 solos
1044 3251 1300 3322 parentes
1325 3242 1564 3298 habebat
1591 3244 1643 3298 in
1675 3244 1868 3300 terris!

1979 3233 2304 3301 moriuntur,
2349 3235 2437 3308 qui
2468 3235 2693 3308 gradum
2730 3251 2760 3290 a
2811 3237 3046 3306 peccatis
3091 3252 3346 3293 revocare
3393 3237 3581 3292 nolue-

271 3329 456 3386 Potuit
499 3333 716 3401 quidem
765 3345 819 3388 et
869 3334 1120 3389 incursus
1171 3336 1468 3390 bestiarum
1509 3339 1732 3404 timere,
1781 3338 1872 3406 qui
1975 3328 2111 3395 l'iIIl;
2143 3329 2223 3383 Vel
2267 3327 2418 3384 inviti
2455 3340 2634 3385 tamen
2669 3329 2827 3386 “Item
2862 3346 2966 3384 ιιοη
3001 3341 3236 3396 natum.
3273 3330 3367 3386 Sed
3401 3331 3578 3402 culpa:

268 3422 404 3495 legis
461 3425 666 3483 divinae
711 3429 834 3498 jura
886 3429 1218 3496 violaverat;
1272 3445 1372 3485 nec
1429 3445 1761 3501 praesumere
1804 3432 1868 3490 de

1973 3419 2365 3491 adipiscuntur,
2401 3437 2469 3478 ne
2493 3423 2649 3494 plura
2675 3423 3012 3494 delinquant,
3038 3424 3238 3494 quibus
3285 3423 3390 3479 vita
3417 3424 3577 3480 fenus

267 3520 528 3587 subjectis
559 3521 886 3577 animalibus
913 3527 1149 3588 caeteris,
1183 3524 1273 3594 qui
1304 3522 1580 3579 hominem
1612 3523 1868 3581 docuerat

1973 3524 2056 3568 est
2083 3512 2425 3570 delictorum.
2460 3514 2515 3572 Si
2546 3526 2727 3572 autem
2759 3517 2915 3572 home
2945 3517 3056 3586 spei
3088 3526 3371 3586 compotes
3405 3527 3532 3573 sunt
3559 3559 3574 3586 ,

265 3614 462 3669 occidi.
495 3614 676 3670 Potuit
701 3626 753 3671 et
783 3625 1037 3686 parentes
1079 3618 1376 3688 parricidas
1403 3619 1616 3686 timere,
1648 3617 1741 3690 qui
1767 3619 1864 3674 do-

262 3718 452 3763 cuerat
485 3703 832 3780 parricidium
867 3725 1026 3781 posse
1057 3711 1343 3766 committi.
1390 3711 1688 3767 Potuerunt
1723 3716 1866 3768 enim

262 3810 318 3855 et
347 3814 601 3872 parentes
627 3803 697 3860 de
729 3803 840 3859 [ilio
867 3803 1102 3874 discere,
1133 3804 1276 3878 quod
1311 3805 1623 3863 didicerunt
1662 3809 1868 3880 posteri

260 3892 330 3950 de
365 3903 612 3964 parente.

873 4009 1104 4068 CAPUT
1159 4009 1230 4067 Χ.

257 4142 358 4199 Dei
385 4144 740 4211 comminatio,
771 4143 829 4201 Si
870 4147 992 4216 quis
1033 4145 1298 4202 occiderit
1322 4147 1476 4212 Cain,
1529 4157 1662 4214 etc.,
1695 4165 1867 4204 mora-

328 4240 448 4293 liter
478 4240 802 4310 cxplicatnr;
851 4241 908 4295 in
932 4242 1082 4312 signo
1113 4243 1277 4308 posito
1305 4259 1460 4313 super
1488 4245 1665 4299 eodem
1691 4246 1868 4310 divitia

275 4339 280 4343 “
327 4333 599 4387 clementia
626 4333 945 4398 declaratur,
976 4335 1107 4388 sicut
1147 4345 1196 4389 et
1225 4335 1278 4390 iis
1303 4351 1364 4389 co
1395 4334 1543 4389 licini
1571 4336 1863 4405 dementia,

325 4426 462 4493 quod
497 4436 708 4480 mortem
733 4425 1069 4494 temporalem
1098 4428 1215 4498 plus
1252 4429 1510 4497 timuerit,
1539 4447 1690 4500 quam
1713 4444 1864 4487 teter-

326 4533 468 4571 nam.
510 4516 644 4572 Hinc
691 4519 910 4590 pulchre
955 4519 1227 4576 disseritur
1273 4523 1338 4578 de
1377 4524 1864 4594 iucorruptibt'litate

1974 3609 2206 3678 tnigrare
2235 3609 2405 3678 magis
2432 3624 2592 3680 quam
2619 3609 2854 3664 deficere
2883 3609 3140 3665 credendi
3172 3618 3317 3665 sunt.

2041 3700 2134 3756 36.
2191 3699 2455 3756 Inseritur
2501 3701 2605 3757 hoc
2649 3702 2772 3756 loco
2799 3701 2993 3772 dogma
3043 3702 3114 3758 de
3165 3703 3574 3774 incorruptione

1969 3792 2188 3859 animus,
2215 3793 2356 3864 quod
2388 3794 2506 3863 ipsa
2531 3808 2658 3850 vera
2687 3803 2742 3850 et
2772 3793 2928 3850 beata
2953 3795 3061 3849 vita
3089 3794 3178 3860 sit,
3213 3809 3376 3865 quam
3409 3809 3577 3850 unus-

1969 3885 2197 3956 quisque
2224 3885 2364 3940 bene
2393 3887 2649 3941 conscius
2677 3887 2815 3942 vivit
2835 3886 3008 3941 multo
3035 3889 3224 3955 purius
3250 3901 3314 3941 ac
3339 3886 3573 3953 bestius,

1967 3991 2091 4034 cum
2134 3978 2298 4048 hujus
2325 3981 2509 4035 carnis
2549 3981 2733 4035 anima
2781 3990 2969 4035 nostra
2998 3980 3312 4049 deposuerit
3356 3980 3572 4035 involu-

1968 4085 2142 4139 crum,
2174 4082 2230 4127 et
2258 4072 2490 4143 quodam
2520 4088 2740 4129 carcere
2769 4073 2877 4128 isto
2916 4074 3080 4128 fuerit
3104 4073 3351 4128 absoluta
3378 4088 3576 4144 corpu.

1968 4177 2094 4232 reo;
2131 4168 2206 4222 .in
2259 4168 2410 4223 illum
2467 4170 2807 4240 superiorem
2865 4170 3118 4225 reVolans
3161 4170 3372 4236 locum,
3427 4172 3573 4229 unde

1969 4262 2169 4317 nostris
2199 4262 2371 4319 infusa
2398 4265 2700 4321 visceribus
2725 4265 3108 4336 compassione
3136 4266 3386 4334 corporis
3407 4264 3573 4336 hujus

1968 4356 2252 4428 ingemuit,
2282 4357 2457 4413 donec
2498 4357 2777 4413 commissi
2824 4357 3175 4428 gubernaculi
3224 4374 3420 4414 munus
3469 4360 3572 4413 im-

1966 4451 2168 4520 pleret;
2197 4457 2256 4505 ut
2283 4451 2465 4506 carnis
2495 4450 2658 4516 huius
2685 4450 3092 4506 irrationabiles
3123 4462 3304 4506 motus
3331 4453 3572 4508 rationa-

1965 4543 2058 4598 bili
2085 4545 2250 4601 duetu
2277 4553 2491 4616 regeret
2519 4552 2576 4598 et
2599 4552 2902 4600 coerceret.
2934 4542 3063 4598 Inde
3094 4553 3179 4598 est
3206 4545 3348 4615 quod
3383 4557 3569 4612 postea

325 4613 534 4678 animat,
562 4631 623 4668 ac
663 4615 838 4682 futura
867 4617 991 4669 vita.
1024 4614 1256 4672 Tandem
1274 4617 1536 4687 judicium
1578 4637 1682 4674 non
1727 4637 1867 4691 prse-

1973 4637 2251 4708 prnphetie
2299 4613 2362 4692 inv
2407 4638 2776 4708 captivitatem
2827 4653 2948 4692 cum
2997 4638 3198 4708 populo
3227 4613 3567 4695 'Judasorum

326 4722 544 4779 propere
570 4709 857 4778 ferendum,
891 4725 982 4765 nec
1009 4726 1190 4764 rursus
1221 4710 1442 4765 inultum
1462 4713 1656 4768 crimen
1681 4715 1857 4769 sinon.

325 4799 447 4856 dum
473 4818 585 4856 esse
615 4803 918 4859 ostenditur.

327 4912 417 4968 5i.
453 4913 606 4969 Nunc
637 4917 1048 4973 consideremus
1090 4933 1194 4988 qua
1237 4932 1400 4973 causa
1430 4918 1626 4974 dixerit
1665 4921 1808 4977 Deus
1841 4939 1856 4975 :

260 5005 442 5063 Omnis
498 5010 588 5079 qui
626 5011 863 5065 occiderit
901 5011 1029 5067 Cain
1085 5013 1273 5083 septies
1317 5014 1591 5067 vindictam
1633 5018 1859 5070 exsolvet

264 5099 421 5169 (Gen.
452 5119 524 5167 iv,
571 5102 691 5173 lii);
719 5113 774 5157 et.
798 5120 900 5174 qua
935 5105 1144 5159 ratione
1175 5105 1386 5174 signum
1416 5119 1582 5176 super
1607 5121 1732 5162 eum
1755 5121 1853 5176 po-

256 5192 422 5260 nitur,
455 5211 526 5251 nc
556 5197 835 5251 occidatur
876 5197 1166 5266 parricida,
1201 5215 1320 5254 cum
1355 5211 1699 5268 proSpectum
1745 5217 1856 5256 non

257 5286 449 5353 fuerit,
481 5304 547 5343 ne
592 5287 854 5344 innocens
883 5291 1241 5346 occideretur.
1277 5291 1511 5347 Octavus
1539 5301 1622 5347 est
1652 5292 1850 5361 homo,

256 5376 414 5434 habet
435 5381 756 5434 rationabile
775 5395 882 5450 quo
911 5391 1128 5449 praestet
1155 5385 1384 5449 caeteris,
1421 5383 1582 5440 habet
1613 5394 1668 5440 et
1692 5388 1854 5456 quin-

256 5487 360 5543 que
388 5474 634 5544 corporis
663 5489 886 5541 sensus,
931 5477 1092 5532 habet
1117 5480 1282 5532 etiam
1331 5493 1520 5534 vocem
1542 5521 1556 5546 ,
1606 5479 1768 5536 habet
1799 5489 1854 5536 et

255 5567 548 5637 generandi
593 5566 840 5640 gratiam.
875 5567 1001 5624 Haec
1032 5580 1242 5639 septem
1289 5571 1392 5628 nisi
1421 5572 1516 5628 illo
1540 5573 1853 5629 utier-rubi“

333 5757 361 5787 ει
401 5751 540 5836 Edit.
563 5766 635 5836 ac
667 5751 822 5823 pauci
852 5765 981 5809 ntus.
1003 5791 1018 5821 ,
1058 5753 1340 5810 absoluitur
1366 5771 1512 5826 pura
1534 5759 1617 5815 illi
1641 5759 1858 5816 caelesti-

257 5834 353 5890 que
381 5831 662 5881 sentcntiae.

1963 4733 2327 4797 transierunt;
2383 4747 2452 4787 ne
2496 4732 2702 4801 reliqua
2752 4731 2905 4802 plebs
2951 4742 3266 4787 sanctorum
3304 4733 3572 4788 destituta

1965 4827 2259 4896 praesidio,
2313 4825 2648 4896 consilioque
2718 4825 2934 4880 viduata
2992 4827 3300 4896 graviorem
3358 4828 3572 4885 subiret

1964 4935 2264 4974 aerumnam
2295 4937 2307 4972 :
2341 4919 2435 4974 sed
2481 4921 2652 4990 magis
2684 4919 3056 4991 frequentibus
3085 4924 3419 4978 commonita
3444 4937 3568 4977 ora-

1963 5013 2103 5068 culis
2151 5013 2566 5085 prophetarum,
2616 5014 2682 5069 ad
2711 5014 2998 5070 Dominum
3054 5017 3227 5073 Deum
3271 5033 3433 5072 suum
3478 5017 3570 5084 pio

1965 5106 2167 5161 rediret
2197 5105 2424 5172 allectis;
2459 5123 2528 5162 ne
2553 5107 2797 5164 adversis
2835 5110 3168 5179 capuvitatis
3209 5111 3393 5164 attrita
3444 5122 3570 5175 pro—

1958 5209 2146 5256 rueret
2188 5202 2244 5256 in
2292 5201 2533 5271 perildize
2584 5211 2883 5273 peccatum,
2930 5205 3234 5274 salutisque
3279 5208 3564 5274 perpetua:

1960 5294 2262 5350 remedium
2290 5294 2624 5365 desperaret.

2030 5388 2120 5443 57.
2154 5383 2568 5460 Redarguuntur
2595 5389 2778 5460 itaque
2805 5388 2907 5445 hoc
2953 5391 3005 5444 in
3052 5389 3174 5445 loco
3202 5388 3296 5459 qui
3348 5389 3563 5446 unicam

1959 5479 2102 5536 hanc
2143 5482 2306 5535 vitam
2358 5490 2547 5552 putent
2593 5498 2754 5548 esse,
2796 5495 2916 5553 quae
2972 5483 3042 5536 sit
3097 5483 3152 5536 in
3207 5483 3308 5535 hoc
3365 5483 3568 5539 saeculo

1959 5574 2165 5648 (omnia
2203 5576 2364 5646 plena
2397 5576 2600 5648 lapsus,
2631 5577 2790 5649 plena
2829 5579 3082 5632 mereris
3111 5575 3267 5647 sunt)
3293 5585 3349 5633 et
3378 5575 3568 5634 redar.

2040 5757 2068 5797 ⁵
2093 5758 2168 5815 Ha
2198 5775 2328 5817 mss.
2357 5776 2569 5818 omnes.
2599 5758 2722 5817 νει.
2764 5767 2944 5815 autem
2985 5759 3142 5827 edit,
3194 5761 3571 5819 “malum

1963 5832 2182 5903 putavit.
2217 5831 2347 5891 Sola
2376 5831 2537 5890 Rom.
2570 5831 2731 5898 edit.,
2762 5831 3065 5888 seruandam
3098 5836 3313 5902 putavit.
