4150 6358
623 319 735 378 559

1964 316 2212 378 SANCTI
2250 316 2575 376 AMBROSII

3832 325 3944 383 560

615 446 854 510 guuntur
880 435 1109 508 simplici
1155 435 1294 492 serie
1320 441 1616 505 gestorum.
1656 434 1794 492 Ecce
1837 435 1979 491 enim
2009 435 2207 507 justus,
2237 437 2285 496 Α
2315 448 2501 499 reum,
2537 432 2788 489 homines
2825 445 3040 504 quoque
3067 441 3094 472 ⁸
3135 432 3190 490 in
3220 432 3551 494 vindicando
3595 435 3800 492 nullam
3839 453 3938 507 pa-

615 532 907 598 innocens,
935 532 1084 604 pius,
1114 540 1336 602 propter
1363 530 1588 600 gratiam
1621 529 1928 588 devotionis
1956 531 2080 585 odia
2109 530 2220 586 ira-

617 624 717 681 tris
749 625 1051 687 incurrens.
1104 623 1425 678 immaturus
1469 622 1647 678 adhuc
1695 623 1794 678 aevi
1841 621 2087 678 sublatus
2133 631 2219 676 est

617 717 937 790 parricidio;
988 724 1042 772 et
1093 715 1332 787 iniquus,
1388 715 1721 783 sceleratus,
1777 716 1997 786 impius,
2051 714 2216 770 etiam

614 811 851 867 fraterna
877 810 1029 867 caede
1051 809 1290 878 pollutus
1319 811 1616 882 longtevam
1649 811 1804 866 duxit
1831 819 2043 866 :rtatem
2065 852 2080 876 ,
2117 810 2216 865 du-

615 905 698 961 xit
743 919 1000 969 uxorem,
1032 903 1407 976 posteritatem
1447 903 1697 975 reliquit,
1743 903 1904 959 urbes
1933 902 2213 969 condidit,

611 1007 666 1052 et
716 996 818 1053 hoc
865 996 1064 1053 meruit
1111 997 1473 1067 permissione
1527 997 1730 1052 divina.
1788 995 1979 1052 Nonne
2026 996 2080 1051 in
2130 997 2217 1052 his

609 1097 798 1160 aperte
822 1105 926 1146 vox
956 1090 1048 1144 Dei
1074 1081 1318 1146 'clamati
1352 1089 1584 1158 Erratis,
1613 1089 1705 1161 qui
1748 1091 1947 1158 putatis
1978 1089 2066 1145 hic
2094 1105 2216 1146 esse

606 1198 827 1240 omnem
870 1183 1086 1240 vivendi
1136 1183 1414 1256 gratiam:
1469 1201 1575 1240 non
1608 1184 1935 1255 iutelligitis,
1987 1201 2092 1240 non
2121 1185 2216 1240 ad-

605 1277 817 1333 vertitis
844 1286 1180 1332 senectutctn
1207 1277 1348 1333 hanc
1369 1275 1708 1332 miseriarum
1733 1293 1856 1333 esse
1878 1287 2210 1346 veteranam,

607 1369 1130 1440 processionemque
1177 1371 1354 1426 aetatis
1403 1385 1766 1426 terumnarum
1816 1370 2107 1439 stipendia,
2161 1379 2216 1427 et

607 1461 817 1533 scylleo
860 1463 1095 1532 quodam
1142 1478 1241 1517 usu
1289 1456 1680 1521 circu'msonari
1731 1479 1830 1519 nos
1879 1464 2214 1536 quotidianis

609 1555 927 1627 naufragiis,
963 1556 1113 1611 tundi
1142 1555 1418 1624 ﬂuctibus,
1464 1559 1515 1612 in
1561 1559 1862 1627 scoiiulosis
1890 1558 2214 1616 habitaculis

605 1646 848 1718 degere,
912 1657 966 1705 et
1012 1649 1066 1704 in
1107 1649 1191 1705 his
1238 1649 1532 1718 delectari,
1578 1653 1714 1708 sicut
1764 1652 1895 1709 illud
1953 1669 2058 1708 non
2104 1666 2213 1710 tam

607 1751 870 1798 aeternum
901 1743 1125 1810 animal,
1169 1759 1331 1814 quam
1374 1745 1684 1803 immortale
1709 1749 1956 1804 malum?
1990 1749 2134 1821 Ergo
2157 1761 2215 1806 et

2320 527 2564 584 tientiam
2615 525 3153 599 moderationemque
3205 536 3528 594 servarent,
3577 530 3674 585 sed
3744 532 3932 587 statim

2319 637 2446 678 reos
2467 621 2738 694 supplicio
2776 621 2987 677 darent.
3021 621 3224 678 Divina.-
3259 633 3443 678 autem
3472 624 3766 680 sententiae
3797 641 3928 696 pro-

2316 715 2552 771 videntia
2603 713 2911 784 hujusmodi
2941 723 3054 783 est,
3105 723 3165 770 ut
3203 715 3703 786 magnanimitatem
3749 728 3805 773 et
3837 733 3931 789 pa-

2318 807 2564 863 tientiam
2595 807 2819 863 doceret
2857 806 3101 878 judiccs;
3132 822 3201 864 ne
3228 809 3348 892 quis
3389 823 3742 881 praepropere
3773 827 3930 884 rape-

2318 909 2466 958 retur
2494 903 2673 958 studio
2704 901 2988 968 vindictae,
3030 912 3087 958 et
3131 903 3246 975 ipsa
3276 903 3690 962 deliberationis
3728 905 3925 963 imma-

2317 997 2540 1052 turitate
2571 996 2789 1068 puniret
2835 995 3151 1062 innoxium,
3201 1005 3295 1051 aut
3337 1009 3554 1068 pceuatn
3584 996 3614 1036 ι’
3643 999 3928 1057 acerbaret

2322 1089 2444 1144 irati
2480 1107 2495 1144 :
2527 1103 2629 1144 nec
2658 1097 2838 1144 tamen
2868 1088 3088 1161 penitus
3129 1089 3358 1144 inultum
3387 1104 3511 1145 esse
3554 1099 3841 1160 pateretur
3871 1094 3922 1147 in

2317 1196 2384 1237 eo
2423 1182 2513 1253 qui
2555 1180 2756 1237 nullam
2785 1181 3156 1251 pamitentiam
3185 1181 3406 1237 sceleris
3445 1180 3735 1239 induisset.
3764 1183 3927 1257 224

2319 1272 2539 1345 Repulit
2557 1274 2700 1330 enim
2720 1291 2844 1331 eum
2869 1291 2897 1329 a
2927 1274 3065 1330 facie
3086 1289 3204 1342 sua,
3228 1283 3284 1330 et
3307 1290 3336 1330 a
3364 1276 3680 1346 parentibus
3700 1277 3923 1333 abdica-

2324 1375 2435 1423 tum
2463 1377 2730 1438 separata:
2757 1367 3109 1424 habitationis
3134 1368 3367 1438 quodam
3398 1368 3662 1439 relegavit
3689 1370 3920 1435 exsilio;

2316 1475 2384 1517 eo
2409 1462 2552 1532 quod
2586 1461 2656 1516 ab
2684 1462 2917 1517 humana
2964 1462 3383 1517 mansuetudine
3411 1462 3696 1517 transisset
3723 1462 3792 1517 ad
3824 1477 3924 1518 sat.

2315 1556 2501 1612 vitiam
2532 1556 2849 1612 bestiarum.
2883 1555 3266 1612 Verumtamen
3296 1570 3402 1610 nou
3431 1539 3732 1612 homicidio
3754 1557 3922 1611 voluit

2315 1650 2642 1706 homicidam
2674 1649 2958 1718 vindicari,
2990 1650 3082 1722 qui
3124 1650 3330 1704 mavult
3360 1649 3665 1721 peccatoris
3693 1664 3919 1706 correc-

2316 1744 2542 1810 tionem,
2571 1760 2731 1814 quam
2775 1753 3025 1799 mortem.
3057 1742 3216 1799 Unde
3242 1742 3295 1798 in
3337 1741 3576 1798 Lamech
3605 1743 3918 1814 septuagies

610 1832 700 1888 isti
729 1833 860 1888 Cain
889 1834 1203 1906 longaevitas
1253 1836 1456 1892 indulta
1479 1880 1495 1904 ,
1539 1838 1776 1895 vindicta
1809 1850 1920 1906 est;
1971 1856 2038 1896 eo
2063 1841 2208 1912 quod
2239 1846 2287 1907 Β
2313 1837 2517 1906 septies
2549 1835 2884 1901 vindicatur;
2919 1836 3042 1905 quia
3071 1835 3292 1906 gravior
3320 1833 3479 1904 culpa
3508 1834 3630 1904 ejus
3671 1845 3782 1902 est,
3824 1833 3917 1905 qui

600 1926 737 1982 vixit
767 1927 818 1982 in
849 1937 1016 1994 metu,
1048 1937 1103 1984 et
1130 1929 1400 1998 prolixum
1428 1931 1660 2002 spatium
1695 1933 1864 1988 multo
1893 1934 2134 1990 cucurrit
2157 1943 2215 1990 et

601 2021 938 2080 inl’ructuoso
983 2024 1143 2097 223
1188 2024 1410 2093 labore,
1457 2041 1560 2096 qua
1608 2042 1767 2098 poena
1813 2026 1949 2082 nihil
1993 2029 2212 2098 gravius

599 2132 764 2189 quam
798 2129 855 2174 ιιι
881 2120 999 2191 quis
1024 2119 1140 2190 ipse
1167 2119 1272 2176 sibi
1299 2122 1565 2190 majorum
1594 2136 1757 2177 causa
1804 2137 2088 2193 poenarum
2111 2124 2206 2179 sit.

601 2210 736 2267 Vide
767 2211 928 2284 igitur
956 2229 1116 2284 quam
1162 2223 1424 2284 perpetua
1473 2216 1580 2269 vita
1627 2214 1934 2285 iustorum,
1978 2223 2033 2271 et
2063 2215 2207 2271 nulla

600 2305 673 2360 sit
701 2303 1112 2376 improborum!
1167 2307 1310 2363 Justi
1362 2307 1584 2380 sanguis
1629 2307 1834 2364 clamat
1882 2317 1938 2364 et
1965 2308 2204 2377 mortui,

597 2398 706 2454 vita
735 2409 914 2456 autem
944 2401 1248 2471 peccatoris
1275 2400 1647 2456 absconditur.

667 2493 756 2548 38.
791 2493 1035 2549 Tertium
1076 2502 1184 2560 est,
1214 2489 1471 2566 quoniam
1501 2511 1624 2551 cum
1671 2494 2021 2566 parricidium
2062 2505 2208 2554 esset

596 2584 922 2654 admissum,
949 2587 1054 2644 hoc
1073 2597 1178 2652 est,
1208 2588 1476 2645 scelerum
1508 2588 1864 2660 principatus,
1897 2590 1987 2646 ubi
2019 2605 2207 2660 pecca-

597 2688 711 2736 tum
757 2680 1032 2752 obrepsit,
1083 2682 1266 2738 statim
1316 2694 1370 2739 et
1412 2683 1500 2740 lex
1543 2684 1742 2740 divinze
1773 2685 2207 2742 mansuetudinis

596 2776 877 2847 prorogari
905 2773 1122 2842 debuit;
1155 2791 1223 2834 ne
1253 2777 1299 2833 si
1327 2777 1588 2836 continuo
1613 2778 1942 2836 vindicatum
1973 2791 2120 2836 esset
2151 2778 2205 2834 in

669 2914 696 2942 α
721 2906 998 2987 bis._unus
1025 2906 1142 2987 Yat.
1165 2923 1296 2987 _cu_t_n
1335 2920 1445 2987 vet.
1473 2909 1628 2981 edit.,
1660 2914 1712 2968 in
1745 2912 2058 2987 judicando.
2092 2911 2197 2968 Alii

593 2986 649 3033 et
669 2977 800 3031 edit.
831 2977 1012 3043 Rom.,
1043 2980 1098 3032 in
1128 2981 1459 3037 vindicando.

664 3047 693 3087 ι)
718 3048 799 3126 _lta
830 3049 961 3126 edit.
991 3066 1190 3126 omnes
1220 3069 1421 3126 magno
1449 3069 1744 3112 consensu.
1773 3057 1843 3111 At
1883 3072 2016 3113 mss.
2063 3055 2192 3118 duo.

2314 1949 2416 1990 nec
2469 1943 2593 2006 post
2638 1934 3045 1989 damnationem
3091 1946 3150 1988 se
3197 1931 3440 1988 correxit
3488 1929 3737 1986 alterius.
3786 1929 3915 1985 Cain

2313 2028 2517 2099 impetu
2540 2027 2771 2099 quodam
2798 2027 3102 2098 improvido
3130 2037 3258 2082 ante
3286 2033 3610 2097 peccaverat
3633 2043 3647 2078 :
3682 2023 3916 2081 Lamech

2313 2121 2500 2192 utique
2546 2119 2689 2192 quod
2721 2120 2772 2174 in
2801 2120 2976 2175 altero
3012 2119 3406 2188 reprehensum
3445 2116 3798 2182 adverterat,
3824 2132 3915 2172 ca-

2312 2231 2443 2272 vere
2485 2215 2767 2272 debuerat.
2821 2214 2932 2271 Suo
2978 2214 3176 2284 quippe
3217 2212 3387 2283 judici
3435 2212 3704 2268 sententia
3753 2211 3916 2267 debe-

2312 2307 2494 2375 batur,
2516 2323 2585 2364 ne
2614 2308 2735 2378 quis
2770 2308 2973 2379 passim
3007 2321 3160 2362 reum
3187 2321 3312 2363 esse
3340 2305 3645 2362 feriendum
3677 2314 3908 2375 putaret.

2311 2403 2379 2458 Et
2421 2413 2480 2459 ut
2518 2402 2585 2458 ad
2618 2403 2938 2474 mysterium
2971 2401 3179 2467 venias,
3228 2415 3337 2456 non
3378 2399 3568 2456 debuit
3594 2397 3908 2456 interimere

2310 2511 2458 2563 eum,
2481 2496 2569 2566 qui
2612 2510 2782 2565 usque
2816 2494 2885 2550 ad
2920 2494 3223 2550 naturalem
3254 2493 3548 2549 terminum
3577 2493 3772 2549 mortis
3799 2507 3910 2547 suae

2309 2589 2532 2662 agenda:
2562 2588 2795 2644 habebat
2823 2587 3058 2659 spatium
3087 2585 3443 2658 paenitentia.
3477 2585 3756 2641 Excusare
3789 2599 3907 2654 pos-

2310 2695 2394 2742 set
2423 2684 2565 2756 quod
2596 2699 2658 2740 se
2682 2684 3008 2741 redemisset
3040 2683 3127 2740 vel
3157 2698 3278 2739 sera
3308 2682 3524 2738 actione
3549 2679 3903 2753 paenitentiae,

2311 2780 2414 2837 nisi
2443 2795 2566 2837 eum
2599 2789 2924 2852 praematura
2954 2793 3113 2851 paena
3141 2777 3432 2848 rapuisset.

2307 2929 2430 2969 cum
2463 2913 2675 2970 Latinio
2705 2913 2872 2985 legas,
2897 2912 3100 2967 errati?
3126 2912 3331 2968 Rursus
3363 2911 3465 2968 hoc
3487 2910 3753 2985 ipso‘loco
3774 2911 3896 2966 edit.

2312 2988 2434 3041 Am.
2470 2997 2630 3056 atque
2663 2981 2789 3040 Era'.
2824 2999 2946 3039 cum
2979 3000 3110 3040 mss.
3137 2985 3309 3056 Flor.,
3338 2985 3452 3056 Div.
3495 2991 3551 3038 et
3594 2981 3903 3056 Laud._._nee

2303 3067 2471 3112 tamen
2501 3053 2702 3128 penitus
2726 3057 2988 3112 indultum
3013 3073 3140 3113 esse.
3170 3055 3298 3113 Gill.
3323 3071 3388 3112 ac
3417 3055 3577 3114 Rom.
3600 3070 3725 3112 cum
3756 3053 3896 3121 Vah,

589 3120 850 3176 acerbaret
896 3123 1086 3195 ingrati
1114 3140 1134 3178 :
1163 3123 1270 3180 Alii
1315 3119 1452 3194 ires,
1481 3138 1741 3184 acerraret
1788 3129 1910 3184 irati
1945 3146 1960 3184 τ
1990 3129 2118 3201 quid
2147 3129 2195 3185 si
2221 3119 2268 3184 C
2299 3119 2519 3184 inultum
2544 3146 2675 3185 esse.

923 3421 1052 3506 IN
1124 3411 1595 3512 LIBRUM
1669 3429 1830 3512 DE
1903 3431 2146 3514 NOE
2221 3432 2374 3515 ET
2450 3430 2768 3516 ARCA
2843 3430 3551 3516 ADMONITIO.

659 3673 774 3732 Etsi
791 3673 1016 3730 dubitari
1031 3692 1134 3732 non
1148 3678 1310 3750 possit
1327 3680 1452 3749 quin
1463 3679 1591 3735 liber
1608 3680 1676 3736 de
1695 3679 1806 3738 Noe
1823 3691 1878 3738 et
1894 3680 2055 3748 Area,
2075 3682 2154 3737 vel
2169 3684 2360 3753 potius,
2381 3685 2456 3739 uti
2473 3685 2663 3740 citatur
2680 3687 2744 3742 ab
2757 3687 3046 3761 Augustino
3063 3688 3239 3760 (Cant.
3264 3687 3380 3744 Jul.
3407 3686 3619 3760 Pelag.,
3643 3686 3680 3742 ι.
3697 3703 3753 3754 tt,
3773 3703 3816 3739 c.
3829 3683 3882 3751 9,

577 3779 625 3826 et
653 3770 692 3825 Ι.
729 3785 804 3838 tv,
832 3778 973 3825 cont.
999 3771 1130 3827 duas
1158 3773 1312 3844 epist.
1343 3771 1461 3828 Pel.
1494 3791 1540 3828 c.
1566 3772 1654 3847 Η)
1672 3817 1686 3841 ,
1714 3786 1766 3830 et
1787 3777 1841 3830 in
1871 3775 2048 3831 codice
2077 3773 2372 3832 Corbeiensi
2397 3791 2748 3850 nuncupatur,
2766 3767 2979 3838 deArCa
3004 3782 3141 3849 Noe,
3168 3782 3432 3838 Ambrosio
3453 3781 3887 3843 sitascribendus;

580 3865 848 3937 ofﬁrmari
891 3875 1064 3920 tamen
1113 3882 1435 3939 nequaquam
1467 3878 1631 3940 potest
1672 3885 1787 3923 eum
1809 3871 1876 3923 ad
1904 3879 2136 3924 nostram
2158 3878 2360 3925 wtatem
2392 3873 2648 3944 integrum
2673 3890 2732 3927 ac
2762 3873 2918 3945 plane
2949 3875 3305 3948 incorruptum
3339 3875 3644 3945 pervenisse.
3673 3871 3888 3928 Lacunis

572 3961 825 4032 siquidem
852 3971 900 4016 et
930 3961 1362 4034 frequentioribus
1401 3973 1450 4017 et
1485 3965 1925 4036 manifestioribus
1951 3964 2340 4019 interscinditur
2359 4009 2374 4030 ,
2407 3984 2563 4037 quam
2598 3978 2653 4022 ut
2683 3969 2746 4024 de
2772 3971 3018 4040 temporis
3047 3971 3100 4024 in
3127 3971 3364 4025 eumdem
3394 3970 3592 4043 injuria
3616 3969 3762 4039 queri
3781 4011 3794 4032 ,
3816 3965 3888 4023 vel

578 4051 933 4107 incredibilem
955 4055 1263 4126 scriptorum
1286 4054 1612 4109 oscitantiam
1654 4070 1902 4110 accusare
1923 4071 2025 4109 non
2057 4053 2231 4111 liceat.
2265 4055 2536 4113 Enimvero
2558 4069 2612 4112 ut
2639 4059 2720 4113 hic
2744 4061 3001 4132 ejusmodi
3031 4061 3386 4126 omissionum,
3418 4075 3534 4130 qua
3552 4061 3660 4114 suis
3685 4073 3888 4131 quisque

569 4145 698 4199 locis
728 4146 1115 4214 iudicabuntur,
1144 4148 1317 4202 omnia
1344 4148 1580 4213 exempla
1617 4164 1717 4204 nan
1743 4153 2088 4221 proferamus,
2124 4149 2406 4205 evidentem
2435 4167 2561 4205 sane
2583 4168 2644 4206 ac
2675 4168 2934 4207 enormem
2962 4155 3320 4210 ἀνακολουθίαν
3347 4152 3725 4222 deprehendere
3747 4161 3817 4205 est
3837 4150 3885 4204 in

566 4235 676 4291 illis
705 4253 823 4306 cap.
844 4236 917 4293 25
944 4240 1105 4293 verbis
1128 4256 1146 4293 :
1170 4239 1278 4295 Sed
1302 4240 1348 4294 si
1371 4240 1492 4309 quis
1523 4241 1716 4309 epulas
1743 4241 1998 4298 fortiores
2017 4243 2119 4297 sibi
2139 4243 2401 4300 exhibere
2441 4260 2548 4299 non
2592 4247 2762 4316 possit
2781 4287 2797 4311 ,
2832 4246 3140 4318 hujusmodi
3175 4259 3353 4303 tamen
3386 4247 3583 4304 habeat
3613 4249 3882 4318 passiones

575 4343 696 4400 qua:
728 4345 836 4386 non
866 4341 1128 4398 noceant,
1159 4330 1256 4387 sed
1281 4331 1575 4388 delectent.
1621 4331 1747 4387 ideo
1791 4333 1842 4388 in
1885 4333 2153 4405 principio
2181 4335 2236 4392 S.
2266 4335 2479 4408 Moyses
2512 4335 2820 4394 informavit
2842 4354 2943 4395 nos
2961 4349 3125 4410 atque
3147 4339 3492 4395 iustruxitde
3523 4338 3883 4394 insumatioue

573 4425 790 4491 animre,
816 4434 1003 4480 utnon
1029 4425 1335 4482 laberemur
1359 4425 1712 4496 opinionibus
1739 4425 1971 4483 diversis
2002 4428 2475 4498 phil050pborum,
2503 4439 2608 4486 etc.
2637 4431 2766 4500 Qum
2795 4434 2880 4488 hic
2899 4476 2914 4500 ,
2943 4435 3146 4501 amabo,
3170 4451 3348 4489 sensus
3374 4434 3685 4489 cohaerentia
3705 4445 3751 4490 et
3771 4452 3884 4490 con-

569 4519 805 4573 secutio?
836 4518 944 4575 Sed
973 4521 1186 4590 planum
1215 4521 1302 4591 fiet
1325 4529 1480 4590 caput
1501 4521 1564 4576 ab
1590 4521 1743 4576 initio
1766 4524 2047 4595 perlegenti
2077 4542 2177 4580 non
2206 4529 2358 4584 modo
2405 4530 2556 4585 illum
2581 4547 2609 4586 e
2643 4529 2830 4586 Genesi
2871 4547 3073 4586 versum
3104 4547 3120 4588 ι
3160 4531 3544 4588 Verumtamen
3584 4547 3802 4588 carnem
3833 4531 3880 4584 in

565 4611 832 4682 sanguine
866 4612 1063 4668 animae
1105 4628 1210 4669 non
1246 4614 1546 4670 comedetis
1579 4613 1756 4686 (Gem,
1788 4630 1864 4682 tx,
1889 4613 1970 4686 5},
2000 4623 2399 4688 prcetermissum
2436 4640 2542 4679 esse
2571 4640 2586 4676 :
2618 4633 2669 4678 at
2698 4639 2758 4680 ea
2786 4640 2984 4695 quoque
3015 4625 3299 4682 desiderari
3342 4627 3551 4692 omnia,
3578 4626 3760 4696 quibus
3779 4621 3882 4677 hinc

565 4701 748 4757 eadem
784 4703 936 4758 verba
973 4714 1184 4761 sanctus
1213 4705 1392 4762 doctor
1412 4708 1766 4776 explicuerat,
1806 4720 1853 4764 et
1888 4712 2026 4765 unde
2056 4713 2336 4786 collegerat
2383 4717 2440 4771 in
2473 4717 2621 4772 'hunc
2662 4720 2870 4773 modum
2892 4737 2912 4774 :
2949 4720 3075 4776 ideo
3111 4722 3164 4776 in
3215 4721 3518 4794 principio,
3548 4731 3657 4778 etc.
3679 4721 3881 4777 Constat

562 4795 724 4869 igitur
744 4797 1140 4855 Ambrosianum
1169 4802 1266 4856 hoc
1296 4818 1425 4874 opus
1453 4803 1690 4857 mutilum
1713 4819 1855 4871 esse;
1886 4819 1978 4859 nec
2003 4808 2218 4876 proinde
2241 4811 2448 4878 mirum,
2476 4813 2522 4866 si
2549 4828 2664 4879 quae
2683 4814 2805 4868 inde
2826 4831 2927 4869 non
2956 4817 3114 4870 semel
3141 4815 3372 4872 laudavit
3389 4818 3711 4890 Augustinus
3735 4816 3876 4889 (Loc.

561 4893 707 4949 citat.
733 4892 786 4967 ),
810 4895 920 4950 illic
940 4898 1056 4969 jam
1081 4896 1304 4967 amplius
1333 4914 1436 4952 non
1473 4899 1819 4969 reperiantur.
1864 4899 2158 4957 Dolendum
2199 4921 2324 4962 sane
2351 4908 2572 4978 optimos
2604 4926 2834 4982 quosque
2858 4913 3326 4984 manuscriptorum
3363 4913 3617 4968 excidisse
3641 4955 3655 4978 ,
3697 4930 3758 4967 ac
3793 4928 3878 4968 nos

562 5002 668 5078 non
684 4987 782 5042 nisi
803 4989 858 5042 in
871 4989 1082 5044 vitiosos
1105 4990 1349 5045 incidisse
1370 5007 1432 5044 ac
1451 4991 1584 5060 fwde
1607 5003 1898 5064 corruptos.
1916 4994 2274 5053 Nihilominus
2296 5010 2466 5056 tamen
2489 5019 2665 5058 eorum
2682 5021 2808 5075 quos
2825 5006 3055 5060 nancisci
3070 5007 3216 5062 nobis
3233 5008 3462 5078 contigit.
3484 5025 3548 5062 ac
3565 5009 3879 5077 potissimum

563 5077 914 5149 Corbeiensis,
955 5079 1328 5155 Longipontini
1363 5099 1425 5137 ac
1467 5082 1832 5142 Vaticanorum
1867 5088 2135 5159 beneﬁcio,
2167 5109 2269 5147 non
2314 5096 2496 5164 paucis
2533 5112 2623 5152 nec
2653 5097 2844 5154 levibus
2877 5100 3034 5156 ntevis
3053 5101 3143 5171 qui
3167 5101 3222 5156 in
3249 5077 3502 5157 editiones
3529 5103 3840 5175 irrepserunt
3860 5144 3874 5172 ,

564 5174 831 5241 abstersis,
851 5173 1252 5230 lucubrationem
1281 5175 1414 5230 hanc
1442 5176 1602 5232 multo
1631 5180 2027 5236 emendatiorem
2055 5183 2370 5240 ea'hibemus.

637 5267 752 5324 Hoc
775 5269 831 5323 in
860 5285 1010 5341 opere
1033 5269 1308 5326 universim
1333 5271 1536 5342 quidem
1558 5271 1816 5328 Ambrosii
1845 5277 2116 5331 consilium
2145 5279 2240 5348 fuit
2263 5278 2376 5336 Noe
2403 5282 2576 5338 sancti
2607 5284 2794 5352 vitam,
2817 5300 3019 5354 mores,
3049 5295 3199 5358 gesta
3228 5297 3285 5345 et
3314 5289 3511 5344 mentis
3540 5289 3872 5346 altitudinem

559 5359 714 5454 (Cap.
747 5376 794 5426 t,
824 5360 963 5454 n11)
991 5361 1278 5416 describere
1302 5376 1324 5416 :
1349 5362 1438 5417 sed
1457 5372 1627 5421 tamen
1657 5370 1920 5440 praecipua
1943 5372 2059 5442 ejus
2091 5385 2214 5424 cura
2234 5372 2288 5426 in
2317 5389 2454 5430 arca:
2477 5378 2853 5433 constructione
2875 5397 2936 5434 ac
2965 5381 3193 5451 generali
3212 5381 3410 5437 diluvio
3429 5382 3751 5454 explicandis
3771 5385 3872 5447 col-

559 5449 729 5551 locata
755 5463 849 5551 est.
881 5452 1130 5525 Singulas
1150 5471 1310 5510 sacrm
1339 5455 1494 5530 hujus
1516 5458 1746 5515 historia:
1769 5470 1944 5534 partes
1972 5460 2246 5531 diligenter
2272 5470 2550 5537 expendit,
2584 5471 2803 5542 indeque
2845 5449 3053 5529 sensum
3088 5492 3202 5530 cum
3226 5449 3529 5543 litteralem',
3582 5486 3695 5532 tum
3721 5479 3868 5551 spiri-

557 5547 711 5601 talem
730 5549 855 5615 sive,
873 5560 928 5603 ut
955 5551 1064 5619 ipse
1084 5550 1330 5622 loquitur,
1358 5553 1594 5608 altiorem
1620 5556 1906 5623 exprimere
1933 5557 2071 5609 omni
2091 5557 2349 5615 industria
2365 5562 2638 5630 adnititur,
2662 5576 2718 5620 ut
2741 5583 2841 5622 non
2866 5578 3051 5624 temere
3069 5569 3229 5623 aliam
3255 5573 3367 5644 ejus
3393 5547 3866 5627 commentationem

553 5641 816 5732 reperias,
848 5642 936 5696 ubi
957 5641 1145 5712 majori
1174 5645 1344 5700 studio
1370 5645 1426 5700 in
1455 5657 1728 5718 utrumque
1757 5648 1905 5701 illum
1934 5664 2141 5703 sensum
2174 5658 2505 5710 scrutandum
2543 5660 2921 5732 eruendumque
2955 5641 3322 5719 incubuerital
3331 5663 3418 5718 llic
3459 5665 3615 5718 etiam
3643 5667 3860 5720 aliorum

551 5730 837 5788 identidem
859 5735 1125 5830 opiniones
1144 5751 1248 5830 non
1277 5739 1386 5791 sine
1405 5739 1570 5830 multa
1597 5739 1887 5794 eruditione
1904 5741 1958 5793 in
1989 5742 2211 5798 medium
2235 5748 2464 5818 profert;
2488 5750 2533 5804 si
2557 5751 2680 5820 quid
2699 5730 2867 5809 tamen
2891 5756 2991 5827 ipsi
3012 5755 3066 5812 in
3089 5767 3308 5813 mentem
3332 5757 3499 5814 veniat
3525 5759 3666 5830 quod
3694 5761 3861 5816 videa-

551 5835 639 5885 lttr
657 5827 1089 5900 anteponendum,
1112 5827 1249 5885 illud
1279 5828 1499 5884 candide
1525 5846 1586 5884 ac
1613 5829 1724 5887 sine
1752 5831 1861 5887 ullo
1882 5833 2163 5904 supercilio
2189 5839 2449 5909 proponit.
