4150 6358
186 341 297 401 361
499 422 502 423 ν
989 342 1232 404 SANCTI
1272 341 1600 402 AMBROSll
1635 340 1727 402 DE
1762 340 1900 402 ΝΟΕ
1937 344 2027 402 ΕΤ
2064 344 2248 404 ΑΒοΑ
2287 345 2496 423 LlBER
2533 345 2740 408 UNUS.
3402 351 3510 409 362

273 461 430 528 Quod
459 461 529 518 ad
555 459 1042 534 Philonisscripta,
1071 464 1271 519 tametsi
1299 481 1415 519 eum
1443 464 1507 519 de
1527 479 1648 518 arca
1681 460 1796 517 Noe
1823 472 1972 533 atque
2000 463 2194 519 diluvio
2220 465 2488 537 scripsisse
2506 507 2524 532 ,
2555 482 2672 520 cum
2704 465 2768 520 de
2795 464 2914 520 aliis
2943 465 3173 520 historia
3200 465 3514 536 patriarcha

189 555 434 627 ejusdem
462 557 690 630 partibus
717 567 967 614 tractatus
1010 558 1268 623 ediderit,
1318 575 1419 612 non
1451 556 1684 611 videatur
1711 573 1743 609 a
1769 555 1872 627 ﬁde
1907 556 2170 624 alienum;
2197 568 2369 612 utrum
2403 569 2569 613 tamen
2599 576 2775 616 rerera
2805 571 3014 615 sanctus
3041 560 3266 615 Antistes
3289 562 3513 627 aliquem

192 649 361 725 hujus
387 654 616 709 auctoris
648 654 712 710 de
737 654 833 709 hoc
856 655 970 724 ipso
1003 661 1304 727 argumento
1334 650 1540 716 librum,
1573 666 1723 719 quem
1755 649 2066 716 imitaretur,
2107 650 2367 718 habuerit,
2393 652 2628 708 divinare
2663 669 2764 708 non
2786 669 3078 727 possumus.
3111 652 3255 706 Illud
3281 664 3512 708 tantum-

195 747 360 802 modo
385 749 504 804 licet
532 751 832 822 afﬁrmare,
859 749 1112 808 nonnulla
1141 762 1260 818 qua
1285 763 1352 804 ex
1380 744 1710 801 Philonianis
1751 744 1898 801 libris
1927 745 1994 801 de
2028 744 2392 816 Agricultura,
2423 756 2472 802 et
2499 747 2824 818 sequentibus
2844 745 3069 802 delibata
3093 747 3308 819 fuerint,
3334 747 3390 802 in
3417 747 3515 802 hoc

198 848 433 898 tractatu
462 842 795 915 deprehendi.

279 933 507 992 Exstant
543 937 777 993 similiter
821 937 877 992 in
917 951 976 992 eo
1003 936 1240 1007 quadam
1268 935 1417 1006 quasi
1450 936 1663 1009 uestigia
1683 934 1990 992 concionum
2034 934 2188 1008 (Cap.
2227 949 2278 1000 ι,
2325 932 2416 1001 15,
2455 934 2575 1006 19);
2606 944 2661 990 at
2692 952 2794 990 non
2835 937 2961 993 satis
2990 938 3134 993 clara
3161 939 3255 994 illa
3288 939 3518 1012 quidem,

201 1035 265 1084 ut
308 1028 540 1084 eumdem
569 1048 598 1084 c
623 1030 940 1085 sermonibus
964 1032 1035 1084 ad
1064 1031 1311 1100 populum
1341 1031 1529 1088 habitis
1556 1047 1667 1086 esse
1691 1029 2028 1104 compositum
2059 1045 2153 1097 pro
2185 1045 2242 1083 re
2275 1037 2536 1100 comperta
2565 1044 2910 1086 asseveremus
2943 1049 2956 1084 :
2987 1032 3196 1087 minime
3223 1043 3392 1089 tamen
3422 1035 3522 1089 du-

206 1122 354 1177 bium
379 1132 453 1177 est
475 1123 614 1193 pium
634 1123 894 1179 doctorem
912 1141 1013 1195 qua
1038 1132 1265 1196 tempore
1289 1126 1408 1180 huic
1435 1125 1778 1180 lucubrationi
1799 1141 2012 1196 cperam
2051 1123 2228 1188 dabat,
2270 1139 2621 1195 sapenumero
2648 1123 2700 1177 in
2723 1125 2957 1195 ﬁdelium
2985 1137 3116 1182 catu
3144 1129 3292 1184 verba
3317 1132 3521 1202 fecisse.

217 1218 523 1292 Numquam
566 1221 702 1277 enim
742 1222 831 1276 ille
879 1223 1241 1290 commisisset,
1272 1233 1328 1278 ut
1353 1223 1542 1278 solatia
1569 1238 1665 1277 sua
1694 1220 1938 1277 Ecclesia
1967 1219 2062 1275 sibi
2087 1236 2119 1274 a
2142 1220 2347 1276 Christo
2378 1220 2699 1276 demandata
2726 1231 2833 1275 tum
2862 1222 3122 1282 deessent.
3151 1241 3266 1278 cum
3305 1227 3528 1280 maxime

202 1319 504 1374 necessaria
530 1318 853 1374 videbantur.
869 1319 1033 1375 Erant
1053 1321 1247 1376 scilicet
1274 1319 1655 1374 luctuosissima
1684 1335 1745 1372 ea
1767 1329 2019 1388 tempora,
2043 1317 2229 1389 quippe
2253 1331 2368 1388 qua
2388 1317 2557 1388 ipsum
2577 1319 2832 1388 coegerint
2851 1318 3023 1372 statim
3047 1317 3110 1372 ab
3141 1321 3351 1375 exordio
3369 1321 3526 1391 hujus

203 1412 384 1482 ‘operis
411 1429 680 1483 erumpere
706 1412 761 1466 in
793 1412 902 1466 hac
925 1412 1074 1467 verba
1095 1411 1305 1468 :Pudet
1325 1411 1453 1468 filiis
1473 1412 1844 1480 supervivere,
1861 1411 2024 1468 taedet
2047 1426 2169 1466 cum
2198 1417 2274 1464 tot
2301 1410 2530 1467 adversa
2551 1410 2834 1466 audiamus
2850 1411 3317 1481 charissimorum,
3346 1416 3524 1470 lucem

203 1503 354 1562 hanc
376 1521 634 1573 carpere:
659 1506 896 1577 ipsarum
930 1507 1293 1564 Ecclesiarum
1321 1506 1570 1563 diversos
1591 1505 1787 1562 ﬂuctus
1812 1515 2267 1578 tempestatesque
2288 1505 2376 1562 vel
2401 1517 2697 1576 prasentes
2721 1506 2927 1574 subire,
2947 1507 3033 1564 vel
3061 1507 3244 1565 animo
3266 1512 3533 1582 recipere,

205 1601 339 1672 quis
374 1611 485 1656 tam
513 1601 690 1665 fortis,
721 1609 780 1657 ut
803 1602 1075 1673 patienter
1105 1599 1283 1657 ferat?

289 1696 463 1753 Porro
498 1699 592 1754 illa
632 1697 1066 1768 difﬁcillimorum
1112 1707 1396 1770 temporum
1435 1696 1624 1752 mentio
1673 1695 1820 1751 nobis
1844 1695 2226 1768 quodammodo
2260 1699 2424 1768 facem
2472 1702 2713 1770 prafert,
2741 1703 2892 1771 cujus
2928 1716 3025 1770 ope
3060 1701 3220 1774 hujus
3241 1701 3539 1767 scriptionis

213 1800 420 1848 atatem
446 1790 760 1864 delegamus.
788 1791 913 1847 Non
939 1793 1153 1847 deerunt
1184 1793 1400 1864 forsitan
1439 1793 1525 1863 qui
1553 1801 1730 1865 putent
1765 1808 1866 1846 non
1894 1792 2000 1848 alia
2026 1801 2258 1859 tempora
2285 1792 2380 1846 hoc
2402 1791 2512 1846 loco
2534 1793 2883 1864 intelligenda,
2904 1813 3058 1866 quam
3079 1814 3138 1852 ea
3162 1799 3347 1867 quibus
3368 1797 3538 1852 occiso

215 1884 493 1946 Gratiano.
522 1885 800 1958 fugatoque
833 1884 1197 1940 Valentiniano
1227 1901 1288 1940 ac
1313 1885 1548 1946 Iustina,
1566 1885 1752 1938 ariana
1779 1884 2021 1950 muliere,
2047 1882 2349 1938 orthodoxis
2380 1883 2635 1948 omnibus.
2658 1885 2857 1957 ipsique
2881 1888 3136 1956 imprimis
3157 1889 3423 1944 Ambrosio
3436 1889 3544 1942 ini.

213 1981 521 2048 micissima,
558 1997 672 2052 qua
710 1997 813 2036 non
836 1981 908 2046 itq
936 1980 1136 2052 pridem
1164 1980 1219 2034 in
1251 1977 1688 2034 Mediolanensem
1715 1976 2006 2033 Ecclesium
2042 1977 2347 2048 impotentia
2384 1977 2625 2032 muliebri
2670 1977 3008 2044 perbarchata
3056 1983 3248 2052 fuerat,
3277 1979 3544 2036 Maximus

216 2082 474 2144 tyrannus
503 2083 662 2128 totam
689 2074 874 2128 inuasit
904 2071 1134 2128 Italiam.
1165 2071 1260 2128 Cui
1280 2072 1514 2142 opinioni
1536 2080 1583 2126 et
1607 2071 1741 2126 illud
1760 2069 1968 2126 accedet
1988 2071 2296 2134 subsidium,
2318 2068 2459 2139 quod
2480 2085 2595 2122 cum
2620 2069 2812 2124 damna
2837 2071 2931 2124 illa
2972 2088 3074 2126 non
3113 2073 3212 2126 nisi
3257 2089 3394 2127 anno
3435 2072 3543 2129 387

216 2169 510 2234 evenerint,
541 2168 674 2222 nihil
717 2168 983 2241 prohibere
1013 2166 1230 2236 poterit,
1273 2167 1399 2237 quin
1436 2166 1912 2221 commentationem
1949 2163 2086 2219 hanc
2108 2165 2200 2219 alii
2224 2164 2343 2218 libri
2370 2163 2438 2220 de
2462 2164 2789 2220 Patriarchis
2820 2169 3052 2236 proxime
3072 2169 3232 2224 secuti
3254 2157 3376 2224 sint.
3409 2168 3546 2224 Illos

220 2260 415 2331 quippe
441 2259 626 2314 iisdem
645 2275 676 2312 a
701 2275 755 2314 se
775 2258 933 2328 fuisse
961 2257 1262 2320 subiunctos
1283 2256 1585 2310 Ambrosius
1605 2256 1659 2309 in
1685 2257 1846 2325 priori
1869 2257 2000 2310 libro
2031 2255 2095 2310 de
2123 2255 2383 2310 Abraham
2411 2256 2612 2311 videtur
2631 2257 2862 2323 innuere,
2884 2259 2968 2314 ubi
2985 2261 3060 2314 sic
3077 2265 3326 2332 prafatur
3350 2279 3367 2317 :
3399 2263 3549 2329 Quo-

220 2353 372 2411 niam
403 2369 500 2423 per
527 2351 769 2408 ordinem
803 2350 959 2422 hujus
984 2365 1199 2422 quoque
1231 2348 1550 2419 patriarcha:
1579 2357 1729 2419 gesta
1764 2348 2116 2405 considerare
2143 2349 2386 2404 animum
2412 2350 2597 2404 subiit.
2640 2349 2830 2406 Verum
2854 2369 2967 2406 cum
2995 2354 3312 2408 calamitates
3332 2356 3450 2411 illas
3477 2358 3552 2411 ita

222 2437 436 2518 defleat,
465 2456 522 2500 ut
551 2461 604 2500 se
635 2443 778 2513 loqui
806 2443 869 2498 de
892 2459 948 2498 re
971 2443 1132 2517 magis
1157 2441 1390 2507 auribus,
1420 2457 1576 2512 quam
1601 2440 1768 2494 oculis
1797 2441 1892 2494 sibi
1918 2441 2124 2514 cognita
2143 2440 2420 2509 signiﬁcet,
2449 2439 2580 2494 illud
2606 2441 2920 2496 arbitramur
2949 2445 3266 2499 commodius
3291 2449 3553 2518 quadrare

220 2535 281 2590 in
309 2535 363 2588 id
393 2535 657 2606 temporis,
690 2548 792 2603 quo
822 2542 1158 2601 posteaquam
1192 2531 1382 2586 Valens
1409 2531 1690 2603 imperator
1712 2531 1801 2601 qui
1823 2529 2086 2585 Ecclesias
2111 2547 2286 2586 omnes
2306 2540 2456 2600 atque
2488 2533 2804 2588 orthodoxos
2828 2535 3041 2590 immani
3070 2538 3374 2594 crudelitate
3393 2557 3552 2598 uexa-

221 2643 388 2698 verat,
417 2632 640 2704 ﬂammis
663 2639 792 2686 esset
808 2631 1128 2698 absumptus,
1153 2628 1332 2699 ingens
1354 2627 1691 2682 barbarorum
1713 2626 1988 2682 multitudo
2007 2624 2286 2683 Thraciam
2315 2629 2602 2684 universam
2632 2641 2786 2702 atque
2810 2629 3087 2704 Illyricum
3112 2651 3270 2705 usque
3297 2639 3366 2692 ad
3393 2639 3552 2711 Alpes

222 2723 474 2782 Julianus
497 2725 614 2795 igne
640 2727 878 2796 ferroque
906 2720 1204 2775 deuastauit.
1241 2720 1472 2786 Quorum
1492 2719 1831 2792 irruptionem
1861 2719 2121 2774 dirissima
2148 2720 2304 2789 pestis
2332 2736 2394 2774 ac
2425 2722 2588 2786 fames
2617 2735 2904 2780 consecuta
2930 2743 3060 2800 pene
3088 2729 3336 2799 quidquid
3371 2733 3543 2787 homi-

225 2833 355 2872 num
388 2833 450 2871 ac
476 2817 828 2887 jumentorum
860 2812 1151 2868 barbaricos
1178 2810 1378 2882 gladios
1406 2811 1672 2874 uitauerat,
1702 2809 1933 2880 depasta
1959 2819 2100 2863 sunt.
2135 2809 2253 2864 Huc
2277 2811 2410 2867 adde
2439 2812 2534 2866 illa
2558 2816 2914 2885 cognationem
2942 2818 3083 2872 haud
3105 2822 3343 2891 exiguam
3362 2823 3552 2880 habere

229 2925 352 2965 cum
367 2908 453 2975 iis,
486 2908 667 2976 quibus
688 2905 1014 2960 Ambrosium
1036 2911 1266 2958 nostrum
1295 2903 1582 2957 charissimi
1605 2904 1782 2973 fratris
1801 2903 1883 2958 sui
1912 2903 2071 2958 Satiri
2093 2903 2274 2958 eodem
2297 2905 2455 2973 ferme
2475 2917 2699 2979 tempore
2725 2912 2959 2967 exstincti
2985 2927 3197 2969 mortem
3221 2927 3558 2989 prosecutum

231 3019 346 3060 esse
373 3001 679 3068 reperimus.
723 2997 906 3066 Neque
937 3014 1053 3052 vero
1079 2997 1197 3051 aliis
1225 2996 1730 3050 commentationibus
1755 2995 1822 3050 de
1848 2994 2182 3050 Patriam-his
2210 2996 2282 3050 ita
2313 3013 2602 3053 connexum
2633 3011 2875 3069 putamus
2906 3004 3098 3060 huncce
3133 3007 3319 3063 librum
3337 3053 3352 3076 ,
3385 3021 3441 3065 ut
3469 3028 3557 3067 eas

233 3115 341 3156 non
368 3094 591 3170 potuerit
610 3092 806 3162 aliquot
826 3107 1082 3146 annorum
1101 3089 1372 3144 interuallo
1400 3103 1732 3156 praeurrere.
1759 3083 1923 3142 Favet
1965 3087 2086 3140 huic
2113 3087 2367 3159 opinioni,
2393 3098 2500 3143 tum
2527 3093 2665 3160 quod
2704 3094 2812 3148 illa
2845 3112 2947 3150 non
2975 3098 3215 3165 turbatis,
3243 3103 3334 3157 sed
3360 3104 3561 3174 pacatis

239 3191 560 3260 temporibus
579 3186 852 3243 uideantur
875 3185 929 3239 in
957 3185 1120 3240 lucem
1150 3184 1334 3251 edita;
1363 3191 1473 3237 tum
1501 3181 1640 3252 quod
1669 3181 1818 3235 initio
1851 3180 1970 3236 libri
2009 3179 2078 3235 de
2119 3178 2319 3248 Josepli
2362 3198 2478 3235 cum
2506 3182 2640 3238 alios
2678 3186 3004 3254 patriarchas
3028 3200 3314 3258 recenseat,
3350 3192 3560 3248 Noachi

231 3288 387 3362 quasi
422 3285 487 3340 de
514 3301 572 3339 eo
591 3286 707 3358 jam
751 3282 972 3349 oblitus,
1003 3297 1113 3335 sese
1142 3279 1408 3349 scripsisse
1446 3294 1552 3333 non
1579 3276 1884 3332 meminerit.
1921 3273 2018 3329 His
2036 3275 2214 3344 itaque
2237 3273 2302 3330 de
2340 3277 2513 3331 causis
2555 3277 2688 3332 nihil
2721 3282 2976 3336 succurrit
3013 3285 3373 3354 uerisimilius,
3405 3304 3562 3356 quam

234 3391 298 3437 ut
328 3379 496 3434 eidem
526 3375 670 3448 operi
698 3373 978 3430 tribuamus
1007 3387 1202 3428 annum
1225 3370 1363 3436 379;
1389 3371 1484 3426 sub
1505 3368 1644 3441 quod
1663 3370 1819 3424 etiam
1847 3377 2044 3439 tempus
2073 3367 2234 3421 multa
2263 3366 2325 3421 ab
2355 3367 2628 3424 Ambrosio
2657 3370 2944 3427 sublimiter
2969 3375 3163 3448 scripta
3188 3377 3564 3434 Chronicorum

238 3485 494 3535 testantur
523 3471 811 3528 conditores
833 3468 1107 3541 (Prosper,
1131 3465 1394 3533 Cassiod,
1420 3475 1468 3522 et
1497 3462 1661 3538 cat).
1697 3462 1838 3518 Nam
1864 3463 2003 3534 quod
2029 3461 2185 3517 libros
2211 3461 2280 3517 de
2309 3460 2514 3518 Ofﬁciis
2537 3463 2652 3533 (lib.
2685 3480 2724 3532 ι,
2752 3481 2802 3520 c.
2836 3465 2926 3536 l9)
2955 3470 3006 3523 in
3027 3469 3212 3538 quibus
3234 3488 3348 3526 eum
3377 3473 3442 3528 de
3459 3491 3562 3542 quo

237 3575 601 3647 disputamus,
641 3566 913 3623 laudatum
959 3571 1182 3626 constat,
1231 3559 1488 3615 Baronius
1527 3569 1576 3613 et
1609 3559 1697 3630 qui
1741 3560 1856 3630 ejus
1895 3558 2056 3612 secuti
2104 3566 2223 3612 sunt
2264 3558 2624 3613 auctoritatem
2651 3601 2666 3626 ,
2712 3576 2850 3615 anno
2894 3561 3001 3617 577
3041 3578 3226 3636 negant
3262 3569 3368 3624 dici
3414 3585 3563 3638 posse

238 3666 580 3738 antiquiores,
611 3660 758 3718 nobis
780 3660 984 3733 quidem
1013 3660 1110 3713 hac
1128 3658 1182 3712 in
1206 3672 1263 3711 re
1290 3673 1393 3710 non
1423 3657 1495 3710 ita
1519 3654 1675 3726 facile
1695 3669 1812 3707 cum
1831 3653 1935 3708 illis
1956 3654 2240 3708 conueniet.
2259 3651 2366 3709 Sed
2387 3653 2521 3708 alius
2544 3655 2636 3709 erit
2655 3654 2814 3726 hujus
2843 3655 3171 3727 difﬁcultatis
3197 3663 3558 3720 examinanda

237 3759 408 3816 locus.
457 3755 672 3811 Interim
718 3754 800 3808 hic
841 3749 1173 3806 omittendum
1213 3765 1316 3803 non
1361 3747 1678 3802 arbitramur
1724 3743 2049 3800 Ambrosium
2075 3745 2132 3799 in
2177 3743 2274 3799 hoc
2303 3743 2435 3800 libro
2463 3743 2534 3802 de
2563 3745 2677 3803 Noe
2701 3755 2758 3804 et
2780 3748 2919 3804 Area
2947 3747 3088 3822 (cap.
3119 3750 3214 3823 17)
3243 3753 3559 3825 prodidisse,

235 3854 294 3910 in
326 3851 490 3909 Italia
519 3847 872 3905 Indictionum
893 3861 1042 3902 usum
1063 3842 1254 3900 recenti
1281 3839 1530 3896 memoria
1555 3837 1716 3912 fuisse
1739 3847 2020 3909 receptum.

605 4137 1623 4309 SANCTI
1826 4130 3210 4306 AMBROSII

1326 4411 1984 4480 MEDIOLANENSIS
2047 4411 2406 4480 EPISCOPI

1031 4587 1304 4732 DE
1396 4581 1812 4735 NOE
1895 4581 2140 4728 ET
2221 4582 2780 4734 ARCA.

1531 4810 1868 4886 LIBER
1929 4809 2080 4886 UN
2092 4808 2287 4889 US.ll

250 4009 3561 4047 ,__________....______________.___._._.____....______

1338 4961 2477 4998 ω.

720 5101 880 5176 227
909 5095 1140 5157 CAPUT
1168 5093 1214 5154 Ῐο
1886 5091 1937 5151 Α
1967 5087 2251 5144 titudinem
2297 5103 2518 5158 quoque
2565 5089 2762 5148 mentis
2804 5091 3136 5166 explanare,
3164 5097 3209 5152 si
3253 5111 3562 5168 possumus.

255 5199 374 5256 Noe
403 5198 570 5254 uirum
589 5196 813 5269 justum,
831 5195 916 5264 qui
939 5195 1007 5247 ad
1027 5189 1377 5246 renouandum
1400 5184 1857 5243 semenhominum
1960 5179 2094 5237 Nam
2124 5196 2249 5238 cum
2309 5180 2427 5249 ipsa
2472 5180 2501 5222 δ
2538 5187 2820 5256 pr0phetia
2878 5187 3054 5261 (Hier.
3115 5206 3249 5257 xvn,
3301 5193 3359 5265 9)
3411 5196 3570 5252 dixe-

327 5292 539 5348 relictus
571 5289 705 5359 fuit,
739 5287 967 5342 omnium
993 5285 1272 5340 imitationi
1302 5280 1696 5356 proponendum
1717 5293 1858 5345 esse;
1963 5273 2036 5330 rit
2073 5273 2221 5329 nihil
2248 5273 2526 5332 diflicilius
2569 5293 2730 5349 quam
2773 5279 3007 5334 hominis
3037 5283 3291 5338 interiora
3318 5299 3568 5355 compre-

328 5393 385 5437 ut
428 5392 476 5436 et
513 5396 607 5435 nos
647 5381 711 5434 ab
753 5383 888 5434 omni
921 5380 1073 5433 istius
1101 5378 1282 5432 mundi
1307 5373 1677 5443 sollicitudine,
1711 5381 1862 5444 atque
1965 5365 2238 5452 heodere,
2291 5377 2495 5438 quanto
2545 5373 2717 5443 magis
2756 5370 2980 5428 difﬁcile
3026 5373 3124 5428 viri
3161 5375 3296 5445 justi
3330 5388 3568 5435 mentem

328 5478 569 5548 operibus
593 5473 875 5543 iniquitatis
901 5472 1301 5542 requiescamus.
1966 5464 2341 5534 cognoscere?
2371 5464 2586 5521 Etenim
2623 5481 2784 5538 quem
2830 5467 3093 5523 Dominus
3141 5468 3283 5523 Deus
3310 5476 3376 5524 ad
3415 5487 3576 5529 reno-

327 5572 381 5628 1.
423 5568 540 5626 Noe
578 5567 755 5624 sancti
785 5567 1066 5624 adorimur
1104 5565 1305 5634 vitam,
1345 5578 1560 5632 mores,
1588 5570 1760 5636 gesta,
1789 5560 1868 5618 ει·
1967 5558 2203 5616 vandum
2235 5574 2422 5618 semen
2462 5559 2744 5618 hominum
2782 5561 3116 5628 reservavit,
3145 5570 3204 5617 ut
3231 5574 3379 5620 esset
3405 5563 3574 5636 justi-

332 5747 360 5809 ρ
387 5736 635 5809 Scriptus
659 5735 793 5809 circ:
821 5749 890 5809 an
915 5734 1049 5809 379Σ
1183 5803 1196 5809 _
1338 5803 1352 5809 _
1524 5800 1586 5809 __
1609 5802 1643 5809 __
1783 5801 1796 5809 -
1816 5802 1828 5809 _
1967 5737 2054 5787 est
2081 5729 2396 5809 Prophetiie
2414 5730 2634 5809 nomine
2673 5727 3009 5809 Scripturam
3049 5729 3222 5809 citare
3246 5751 3258 5788 :
3291 5735 3469 5806 potuit
3496 5744 3578 5793 ta-

329 5808 359 5849 b
387 5800 527 5865 Cod:
568 5808 716 5872 Vat.,
746 5806 912 5862 Corb.
945 5815 1000 5862 et
1027 5803 1482 5874 Longipontinus.
1516 5800 1864 5871 Philosophia
1970 5816 2098 5859 men
2135 5803 2266 5858 illud
2306 5800 2512 5858 imitari
2543 5817 2610 5859 ex
2639 5816 2726 5872 ep.
2758 5801 2801 5857 tl
2835 5801 2951 5858 Pet.
2985 5817 3024 5870 ι,
3056 5802 3150 5860 2t.

263 5879 475 5939 dixerit.
503 5880 616 5937 Nec
651 5880 832 5936 forsan
863 5879 1037 5945 male;
1071 5892 1180 5934 non
1209 5875 1355 5934 enim
1381 5876 1677 5934 Ambrosio
1700 5875 1868 5931 moris

511 5927 1037 6041 statim?
1216 5927 1355 5934 π
1381 5927 1541 5934 ”””“

2893 5927 2895 5934 “
2981 5958 3059 6026 12
