4150 6358
600 371 714 442 363

1953 355 2202 421 SANCTI
2239 345 2571 420 AMBROSIl

3810 360 3914 422 564

600 501 692 555 tia:
731 490 1082 552 seminarium
1108 504 1122 555 ;
1153 487 1373 558 dignum
1401 486 1514 552 est,
1540 487 1600 538 ut
1629 492 1728 536 nos
1753 493 1970 552 quoque
1993 475 2201 535 descri-
2227 480 2277 542 Α
2305 487 2419 534 ιιιιη
2460 477 2765 534 ordinatam
2800 477 2855 534 in
2903 475 3147 551 praelium
3174 496 3189 548 ;
3237 486 3298 538 ut
3333 478 3623 538 inferiores
3649 478 3705 536 in
3734 482 3915 540 medio

606 590 799 646 bamus
839 599 962 639 eum
1006 581 1075 638 ad
1121 578 1477 636 imitationem
1518 575 1789 653 omnium,
1818 571 2206 644 ctrequiesca-

607 695 729 739 mus
777 680 830 735 in
873 691 940 734 eo
975 675 1044 731 ab
1071 673 1218 730 omni
1245 671 1400 728 istius
1430 667 1614 724 mundi
1634 664 2020 733 sollicitudine,
2044 677 2205 736 quam

606 772 850 847 quotidie
895 767 1126 826 diversis
1163 762 1613 837 exagitationibus
1647 761 1999 818 sustinemus.
2033 757 2208 815 Pudet

604 867 732 923 filiis
758 864 1125 936 supervivere,
1157 861 1321 918 laedet
1341 875 1463 916 cum
1499 867 1578 914 tot
1613 856 1838 913 adversa
1867 855 2152 910 audiamus
2179 863 2205 891 ει

601 956 1066 1022 charissimorum,
1097 957 1274 1012 lucem
1299 955 1436 1010 hanc
1456 966 1721 1021 carpere:
1749 951 1989 1022 ipsarum
2019 945 2210 1003 Eccle-

600 1058 805 1115 slarum
850 1053 1102 1111 diversos
1139 1051 1334 1106 ﬂuctus
1367 1056 1825 1119 tempestatesque
1854 1042 1939 1099 vel
1975 1055 2208 1114 prasen-

603 1159 687 1208 tes
718 1150 925 1216 subire,
949 1149 1033 1204 vel
1063 1148 1246 1203 animo
1271 1143 1538 1216 recipere,
1572 1143 1693 1213 quis
1725 1149 1832 1196 tum
1864 1137 2017 1194 fortis
2038 1143 2208 1206 utpa-

601 1244 802 1301 tienter
851 1242 1030 1299 ferat?
1071 1240 1140 1296 Et
1169 1239 1292 1295 ideo
1334 1236 1493 1293 nobis
1521 1247 1734 1304 quoque
1761 1229 2057 1288 aﬁ‘ectanda
2090 1227 2209 1286 haec

602 1337 824 1410 requies
859 1336 989 1402 fuit;
1017 1343 1080 1389 ut
1105 1333 1234 1388 dum
1265 1330 1377 1387 Noe
1405 1338 1650 1384 sanctum
1681 1326 1888 1397 majore
1907 1324 2208 1380 intentione

601 1430 1022 1486 consideramus
1045 1467 1059 1494 ,
1095 1423 1411 1482 reﬁciamur
1446 1431 1502 1477 et
1531 1433 1651 1484 nos,
1679 1420 1820 1475 sicut
1848 1429 2010 1471 omne
2035 1427 2208 1485 genus

604 1522 660 1577 in
692 1521 788 1578 illo
814 1518 1083 1591 requievit
1107 1518 1176 1572 ab
1204 1516 1462 1588 operibus
1482 1513 1596 1569 suis
1627 1521 1789 1582 atque
1817 1507 2096 1565 mmstitia.

677 1615 736 1670 2.
768 1613 926 1671 Unde
955 1624 1010 1668 ct
1038 1612 1150 1668 Noe
1181 1611 1400 1678 dicitur,
1427 1607 1570 1680 quod
1600 1606 1788 1661 Latine
1815 1603 2012 1658 dicitur
2027 1602 2207 1672 justus

604 1708 690 1765 vel
734 1706 976 1778 requies.
1027 1704 1271 1775 Denique
1318 1713 1374 1759 et
1417 1708 1673 1773 parentes
1714 1699 1834 1769 eius
1885 1696 2137 1752 dixerunt
2187 1707 2202 1748 :

600 1801 743 1871 Quia
774 1803 857 1856 hic
887 1801 1040 1872 faciet
1068 1816 1162 1854 nos
1185 1798 1498 1865 requiescere
1521 1798 1588 1851 ab
1616 1793 1876 1866 operibus,
1908 1800 1956 1847 et
1983 1807 2014 1846 α
2044 1787 2206 1844 tristi-

2309 571 2450 640 sint,
2479 570 2698 627 dextera
2747 572 2988 643 laevaque
3037 574 3185 631 velut
3215 574 3267 630 in
3299 574 3556 632 cornibus
3583 574 3912 644 validiores,

2308 679 2406 736 per
2438 680 2574 736 quos
2613 673 2720 721 tota
2756 665 2902 722 acies
2932 665 3101 722 robur
3129 667 3401 735 accipiat?
3429 667 3582 726 Unde
3610 677 3669 724 et
3692 667 3914 739 quidam

2311 767 2466 828 poeta
2484 755 2706 815 Graecus
2737 757 2812 814 ait
2845 776 2857 813 :
2894 760 3080 822 κακούς
3110 755 3156 817 δ’
3183 759 3233 823 ἐς
3460 759 3657 836 μέσσον
3698 760 3919 820 ἔλασσεν

2309 850 2580 923 (ﬂamen,
2616 851 2777 908 Iliad.
2809 852 2893 925 A),
2918 854 3020 908 hoc
3050 863 3154 924 est,
3186 862 3354 910 malos
3383 869 3563 914 autem
3594 855 3650 912 in
3677 857 3914 912 medium

2309 943 2558 1002 inseruit.
2579 943 2653 1001 Ita
2672 961 2801 1017 ergo
2820 957 2872 1002 et
2889 958 3082 1004 natura
3099 950 3250 1019 quasi
3271 944 3444 1005 bonus
3461 949 3592 1015 dux,
3613 949 3917 1021 imperante

2311 1035 2442 1100 Deo.
2470 1053 2590 1110 qua:
2622 1053 2719 1094 nos
2743 1039 2808 1094 ad
2841 1036 3002 1110 hujus
3025 1040 3210 1096 mundi
3242 1042 3429 1113 praelia
3457 1059 3729 1115 generare
3755 1058 3917 1102 nove-

2308 1130 2407 1200 rit;
2437 1147 2558 1203 qum
2594 1131 2734 1186 bona
2780 1130 2965 1197 habet,
3004 1131 3180 1206 primo
3218 1135 3406 1191 ordine
3451 1135 3772 1201 constituit;
3796 1152 3914 1208 quc

2308 1224 2587 1292 ofﬁciant,
2632 1225 2910 1294 secundo;
2960 1215 3084 1298 quae
3125 1227 3404 1298 adjuvent,
3435 1229 3601 1285 tertio
3631 1247 3646 1286 :
3677 1237 3740 1286 ut
3777 1239 3916 1287 tam-

2310 1334 2469 1390 quam
2511 1319 2564 1375 in
2597 1319 2778 1375 medio
2819 1319 3060 1376 inclusus
3090 1320 3296 1386 hostis,
3330 1321 3620 1395 geminatis
3657 1341 3916 1398 quocum-

2309 1428 2415 1486 que
2448 1428 2508 1470 se
2545 1415 2865 1481 contulerit,
2895 1416 3232 1487 Opprimatur
3257 1416 3496 1485 viribus;
3531 1433 3600 1476 ne
3630 1417 3660 1458 δ
3690 1421 3917 1493 singula

2309 1503 2496 1567 eorum
2525 1511 2672 1566 velut
2698 1512 2922 1582 aequatis
2955 1510 3249 1584 fatigentur
3298 1513 3523 1584 praeliis,
3565 1526 3620 1572 et
3648 1516 3918 1574 evadendi

2311 1605 2378 1661 de
2424 1606 2684 1677 angustiis
2717 1605 3079 1674 naturalibus,
3112 1622 3175 1664 ac
3204 1604 3457 1680 serpendi
3504 1607 3669 1664 latius
3697 1609 3918 1668 faculta-

2311 1708 2418 1754 tem
2451 1698 2696 1756 haberet.

2383 1793 2437 1850 5.
2476 1791 2586 1849 Sed
2637 1794 2762 1865 quia
2806 1793 2897 1851 ubi
2949 1805 3307 1867 generantur,
3333 1793 3423 1854 hic
3465 1793 3603 1856 ordo
3649 1808 3780 1858 est:
3823 1801 3911 1860 ubi

598 1897 708 1964 tie.
757 1905 806 1951 et
843 1909 880 1950 α
921 1904 1056 1950 terra
1084 1893 1170 1948 cui
1199 1891 1467 1946 maledixit
1496 1888 1750 1944 Dominus
1791 1884 1934 1940 Deus
1958 1882 2118 1958 (Gen.
2148 1895 2201 1951 ν,
2234 1887 2283 1949 Β
2310 1895 2488 1942 autem
2516 1898 2780 1958 generant
2801 1931 2815 1956 ,
2848 1887 3080 1961 Japhetii
3117 1889 3292 1958 primo
3327 1891 3446 1948 loco
3491 1891 3784 1959 scribitur.
3809 1903 3915 1951 ter-

600 1987 718 2060 29).
751 1986 907 2055 Quod
937 1992 1124 2058 utique
1148 1985 1194 2040 si
1219 1982 1287 2038 ad
1313 1995 1376 2038 ea
1406 1997 1524 2051 qum
1546 1980 1687 2035 facta
1713 1987 1839 2034 sunt
1863 1974 2204 2033 referendum

598 2091 773 2154 putes,
804 2098 928 2139 cum
955 2081 1219 2146 diluvium
1253 2078 1356 2134 sub
1384 2091 1452 2134 eo
1479 2075 1676 2131 factum
1705 2076 1810 2142 sit,
1839 2088 1947 2128 non
1986 2072 2205 2142 requies

597 2177 931 2236 hominibus.
957 2176 1054 2231 sed
1090 2174 1342 2231 interitus
1367 2172 1616 2227 videatur
1641 2169 1860 2234 illatus;
1887 2180 1990 2222 nec
2016 2166 2207 2220 remis-

594 2273 680 2330 sio
719 2275 982 2328 malorum
1008 2312 1023 2336 ,
1069 2269 1166 2326 sed
1213 2267 1464 2325 cumulus
1507 2265 1874 2320 miseriarum.
1921 2257 2124 2315 Verum
2156 2258 2203 2314 si

588 2365 721 2438 justi
752 2366 852 2421 viri
891 2374 1133 2420 mentem
1163 2361 1477 2418 consideres
1496 2400 1509 2420 ,
1540 2355 1794 2412 advertas
1815 2352 2081 2424 justitiam
2114 2362 2205 2406 so-

592 2461 701 2517 lam
724 2475 868 2526 esse,
893 2473 1016 2529 qum
1043 2457 1166 2511 aliis
1197 2453 1376 2525 potius
1401 2452 1568 2525 228
1592 2456 1715 2503 nata
1744 2456 1844 2514 est,
1867 2460 2030 2519 quam
2059 2444 2160 2501 sibi
2184 2457 2201 2511 ;

593 2568 706 2609 non
727 2551 869 2623 quod
888 2551 990 2606 sibi
1005 2550 1140 2605 utile
1157 2556 1241 2603 est
1255 2557 1483 2618 qni-rat.
1501 2545 1598 2599 sed
1621 2542 1763 2614 quod
1789 2541 2070 2596 omnibus:
2088 2539 2203 2594 huic

599 2660 703 2700 nos
743 2643 1088 2714 requiescere
1114 2640 1238 2695 facit
1255 2638 1327 2696 ab
1345 2637 1601 2706 cperibus
1625 2633 1944 2705 iniquitatis,
1971 2631 2086 2686 haec
2113 2645 2200 2686 re-

595 2748 758 2795 vocat
796 2753 826 2792 a
856 2736 1112 2800 tristitia;
1146 2731 1271 2805 quia
1311 2733 1440 2787 dum
1475 2745 1536 2787 ea
1579 2745 1701 2798 qum
1729 2729 1874 2800 justa
1910 2736 2037 2782 sunt
2063 2725 2204 2798 geri-

591 2845 750 2897 mus,
803 2830 938 2887 nihil
988 2831 1242 2886 timemus
1290 2840 1440 2899 purae
1482 2823 1834 2880 conscientiae
1884 2822 2200 2888 securitate,

594 2940 706 2982 non
741 2925 996 2981 dolemus
1029 2935 1250 2995 gravem
1295 2920 1565 2976 dolorem.
1597 2915 1740 2973 Nihil
1769 2915 1913 2971 enim
1946 2923 2030 2969 est
2051 2911 2202 2985 quod

591 3017 815 3089 majoris
851 3017 1061 3073 doloris
1095 3018 1198 3082 sit,
1229 3028 1390 3086 quam
1427 3012 1602 3080 culpae
1641 3021 1842 3066 reatus.
1874 3006 2203 3080 Requiesca-

587 3125 712 3170 mus
754 3110 918 3172 etiam
963 3110 1033 3167 ab
1071 3109 1219 3166 omni
1260 3121 1395 3165 cura
1445 3115 1680 3163 terrenae
1727 3101 2197 3169 conversationis,

589 3221 713 3279 qua:
741 3218 941 3278 corpus
977 3214 1224 3262 nostrum
1257 3213 1416 3274 atque
1442 3201 1682 3256 animum
1707 3195 2084 3270 frequentibus
2104 3209 2200 3252 ve-

546 3322 554 3330 κ
588 3311 682 3355 sat
709 3297 1014 3366 doloribus,
1048 3298 1324 3367 vitamque
1351 3292 1557 3350 atterit.

1218 3427 1452 3488 CAPUT
1491 3426 1560 3486 Il.

608 3548 750 3620 Quid
779 3548 986 3606 nomine
1007 3549 1237 3622 ﬁliorum
1265 3549 1313 3602 Ν
1321 3563 1382 3602 oe
1407 3545 1696 3616 signiﬁcent
1716 3560 1738 3612 ;
1756 3542 1942 3616 quidse
1956 3541 2083 3598 ordo
2102 3556 2204 3610 quo

665 3645 762 3700 illa
803 3641 1168 3700 recensentur?
1194 3641 1264 3698 Id
1297 3641 1532 3711 exemplo
1562 3639 1825 3695 instructas
1845 3638 2000 3703 aciei,
2027 3653 2091 3692 ac
2108 3654 2205 3692 ne-

669 3749 802 3794 turtz
845 3738 1011 3804 ipsius
1056 3737 1295 3792 instituto
1335 3732 1633 3803 exponitur.
1661 3730 1895 3802 Denique
1918 3746 2012 3785 cur
2036 3730 2090 3784 in
2115 3729 2205 3786 ds-

671 3831 936 3888 clarandis
967 3845 1146 3886 eorum
1165 3827 1580 3900 generationibus
1605 3827 1892 3881 invertatur
1913 3823 2063 3888 ordo,
2091 3825 2206 3895 fuse

666 3926 986 3982 declaratur.

667 4039 721 4097 3.
773 4039 909 4095 Huic
935 4054 1067 4096 vero
1112 4046 1225 4095 tres
1255 4036 1350 4093 ﬁlii
1390 4035 1500 4093 nati
1523 4079 1536 4106 ,
1572 4035 1724 4103 Sem,
1754 4035 1956 4101 Cham,
1982 4031 2198 4104 Japhet.

596 4135 732 4204 Quae
765 4133 982 4190 nomina
1018 4134 1330 4204 signiﬁcant
1361 4133 1592 4194 bonum,
1615 4141 1676 4188 et
1699 4131 1924 4198 malum,
1959 4136 2013 4185 et
2043 4125 2206 4184 indif-

599 4228 814 4290 ferens;
843 4237 902 4280 ut
941 4235 998 4282 et
1034 4235 1244 4284 natura
1287 4222 1460 4298 gratia
1491 4223 1790 4280 bonitatem
1831 4219 2124 4283 habuisse,
2149 4228 2206 4274 et

599 4321 864 4376 malorum
913 4325 1245 4374 tentameuta
1285 4319 1333 4372 ei
1367 4331 1705 4386 nequaquam
1741 4315 2008 4379 defuisse,
2038 4321 2091 4368 et
2123 4311 2205 4365 in-

595 4412 1003 4478 dilierentibus,
1053 4412 1154 4467 hoc
1194 4422 1316 4477 est,
1359 4412 1508 4466 velut
1566 4409 1894 4480 supellectili
1940 4404 2216 4464 virtutum

601 4506 911 4562 abundasse
955 4503 1223 4560 videatur.
1263 4503 1377 4571 Qua
1424 4502 1635 4558 ratione
1687 4510 1866 4557 autem
1913 4502 2116 4556 malum
2150 4501 2204 4555 in

605 4600 786 4656 medio
833 4599 1096 4670 posuerit,
1131 4598 1268 4654 ratio
1294 4597 1516 4654 evidens
1554 4605 1678 4665 est;
1711 4593 1836 4670 quia
1873 4605 2082 4652 naturae
2109 4593 2208 4652 bo-

601 4709 734 4750 num
774 4669 1025 4748 omnibus
1059 4692 1200 4748 inest
1232 4711 1245 4746 :
1291 4706 1391 4749 nec
1423 4688 1579 4761 quasi
1617 4669 1909 4763 naufragos
1937 4693 1991 4746 in
2023 4690 2198 4747 lucem
2228 4669 2284 4733 Β

602 4783 842 4856 projicit,
866 4785 960 4840 sed
993 4783 1225 4839 suﬁ'ulsit
1255 4792 1310 4838 et
1337 4783 1571 4849 viribus;
1601 4793 1658 4840 ut
1689 4799 1794 4840 non
1826 4783 2203 4856 Opprimantttr

604 4877 952 4933 tentamentis
989 4876 1208 4930 malitiae
1231 4917 1244 4942 ,
1273 4891 1373 4932 nec
1410 4885 1680 4947 tamquam
1713 4877 1930 4932 invalidi
1955 4893 2205 4933 succum-

603 4968 734 5024 bant
768 4987 779 5022 :
812 4968 906 5024 sed
937 4969 1113 5024 munit
1142 4977 1197 5024 et
1227 4970 1386 5024 vestit
1412 4971 1560 5026 velut
1580 4967 1898 5040 quibusdam
1925 4980 2206 5042 tegumen-

600 5061 669 5116 tis
713 5059 1181 5126 indiﬁ‘ereutibus,
1216 5077 1335 5131 qua:
1367 5070 1494 5116 sunt
1517 5063 1703 5131 salus,
1744 5064 1997 5121 valetudo
2040 5065 2204 5135 bona,

601 5151 974 5226 pulchritudo,
1007 5153 1301 5224 impigritia
1325 5195 1338 5218 ,
1372 5153 1597 5223 divitiae,
1628 5155 1823 5228 gloria,
1855 5161 2070 5229 generis
2096 5160 2211 5216 cla-

607 5247 809 5315 ritudo;
837 5257 895 5302 ut
918 5263 981 5304 ea
1010 5248 1138 5303 dote
1166 5249 1353 5304 muniti
1379 5259 1628 5306 tueantur
1656 5250 1952 5309 bonitatem
1977 5262 2205 5322 naturae,

595 5350 650 5396 et
679 5343 878 5397 malum
907 5339 1039 5396 illud
1076 5340 1358 5400 includant
1376 5383 1392 5412 ,
1432 5357 1501 5399 ue
1528 5342 1700 5414 possit
1724 5361 1946 5414 nocere,
1972 5354 2027 5403 et
2048 5346 2206 5418 quasi

597 5435 838 5492 clausum
869 5437 1223 5510 strangulent.

666 5529 722 5586 4.
773 5529 962 5588 Nonne
1009 5533 1284 5620 cernimus
1321 5532 1469 5591 velut
1505 5532 1677 5592 aciem
1704 5533 1992 5606 quamdam
2030 5535 2201 5594 virtu-

671 5698 697 5761 ξι
729 5690 887 5745 Rom.
918 5693 1074 5761 odit.,
1097 5697 1555 5753 clarissimorum'

664 5758 692 5799 1³
723 5762 864 5841 Edit.
898 5758 1080 5841 item,
1109 5769 1336 5841 singulm
1369 5785 1572 5841 earum.
1594 5763 1784 5826 Melius
1807 5776 1916 5826 vet.
1947 5779 2004 5829 et
2029 5786 2189 5840 mss.,

595 5832 1076 5909 eorumLRefertur
1106 5832 1249 5909 euﬁu
1276 5840 1342 5894 ad
1366 5882 1380 5906 ,
1411 5855 1526 5909 qua:
1553 5840 1687 5896 bona
1715 5843 1886 5898 habet.
1931 5885 1946 5899 .
1991 5882 2006 5897 .
2052 5886 2065 5898 .
2113 5885 2126 5899 .
2171 5832 2189 5903 ξ

593 5917 707 5974 qua:
730 5902 998 5972 adjuvent.
1021 5903 1227 5967 Eodem
1249 5902 1376 5968 loco
1399 5902 1490 5970 ubi
1515 5911 1671 5984 edit.,
1696 5914 1998 5986 fatigentur,
2023 5902 2190 5974 Corb.

2307 1984 2385 2038 tio
2410 1980 2613 2050 Citam;
2648 1983 2772 2039 ideo
2806 1998 2875 2040 ne
2921 1985 3196 2040 contraria
3241 2001 3340 2040 nos
3395 1985 3795 2057 posterioribus
3839 1985 3918 2044 die

2307 2076 2450 2133 xisse
2489 2078 2611 2150 quis
2659 2077 2983 2146 arbitretur,
3013 2081 3177 2135 etiam
3225 2079 3370 2136 illius
3416 2079 3522 2135 loci
3570 2080 3911 2150 esplananda

2305 2172 2446 2227 ratio
2477 2181 2580 2227 est.
2617 2171 2822 2227 Bonum
2851 2172 3071 2243 quidem
3102 2173 3243 2242 quod
3273 2173 3424 2230 velut
3452 2175 3506 2230 in
3544 2176 3782 2244 quadam
3816 2191 3912 2231 na-

2306 2272 2444 2319 turae
2470 2265 2752 2320 nobilitate
2780 2272 2892 2331 est,
2928 2264 3187 2337 praecedit
3219 2285 3231 2320 :
3263 2265 3465 2322 malum
3505 2278 3688 2324 autem
3743 2268 3917 2342 sequi-

2305 2365 2424 2426 tur;
2456 2369 2583 2415 sunt
2626 2361 2772 2416 enim
2819 2361 3176 2434 cogitationes
3207 2363 3403 2418 mentis
3440 2365 3769 2433 contrarize,
3799 2381 3914 2437 que

2305 2454 2493 2526 utique
2538 2456 2786 2510 oriuntur
2832 2464 3039 2526 postea.
3091 2455 3218 2512 Hec
3265 2457 3528 2529 quamdiu
3576 2458 3727 2516 velut
3777 2461 3915 2516 intus

2305 2547 2489 2602 clausa
2523 2555 2668 2610 sunt,
2694 2564 2791 2604 nec
2819 2557 3092 2621 tamquam
3122 2548 3174 2603 in
3210 2549 3392 2604 herbis
3414 2551 3745 2622 germinant.
3777 2566 3912 2622 quo-

2306 2640 2429 2697 dam
2461 2640 2580 2696 sinu
2605 2640 2766 2698 bona
2798 2643 2997 2698 mentis
3025 2640 3310 2712 iuventur,
3343 2658 3412 2699 ne
3457 2643 3746 2713 prodeant.
3781 2643 3912 2700 Nam

2308 2736 2562 2808 quamdiu
2596 2736 2650 2792 in
2682 2733 2967 2793 Voluntate
2996 2747 3082 2794 est
3112 2737 3311 2792 nmium
3336 2780 3353 2808 ,
3386 2753 3493 2793 non
3521 2737 3573 2794 in
3604 2739 3914 2816 ἐντελεχείᾳ,

2304 2825 2409 2884 hoc
2435 2838 2554 2897 est,
2588 2829 2638 2884 iu
2671 2846 2834 2901 opere
2865 2839 3026 2901 atque
3056 2829 3251 2886 effectu
3273 2873 3288 2899 ,
3331 2831 3545 2888 bonitas
3585 2833 3791 2887 mentis
3825 2847 3916 2904 gu-

2302 2917 2612 2978 bernatoris
2653 2924 2802 2979 velut
2848 2923 3050 2995 aurigas
3084 2924 3246 2980 modo
3291 2924 3513 2980 cohibet
3541 2925 3628 2981 vel
3682 2923 3916 2984 refrenat

2307 3015 2563 3071 malitiam
2617 3026 2914 3073 tentantem
2961 3032 3322 3089 prorumpere
3357 3035 3371 3074 :
3402 3032 3527 3074 cum
3579 3031 3708 3072 vero
3757 3014 3911 3074 effer-

2302 3097 2518 3173 buerit,
2570 3118 2732 3180 atque
2777 3108 2833 3165 in
2885 3109 3038 3166 ulcus
3076 3111 3354 3181 eruperit,
3417 3125 3487 3166 ne
3539 3109 3714 3180 possit
3761 3109 3912 3165 latius

2283 3214 2560 3272 serpere,
2588 3212 2643 3256 et
2682 3201 2908 3258 ﬁnitima
2939 3205 3346 3270 contaminare;
3379 3210 3509 3256 tunc
3549 3202 3697 3274 justa
3734 3215 3912 3258 succe-

2223 3273 2271 3338 (ἶ
2305 3295 2380 3353 dit
2410 3295 2782 3369 providentia,
2818 3313 2886 3353 ne
2911 3296 3045 3353 illud
3073 3293 3390 3354 indiﬁ‘ereus
3435 3273 3581 3367 quod
3636 3295 3799 3368 vulgo
3825 3310 3910 3352 se-

2302 3390 2541 3447 cundum
2568 3390 2769 3446 bonum
2799 3390 3022 3457 dicunt,
3056 3388 3206 3446 velut
3250 3389 3370 3446 loco
3401 3389 3590 3456 cedat,
3635 3404 3761 3446 cum
3807 3389 3913 3459 jam

2304 3483 2536 3540 ferventi
2583 3486 2728 3538 malo
2759 3498 2864 3538 non
2895 3481 3064 3554 possit
3108 3483 3388 3538 resistere.
3419 3479 3605 3555 Itaque
3636 3497 3706 3538 ne
3750 3478 3908 3537 latius

2304 3577 2501 3637 fundat
2532 3583 2684 3637 virus
2712 3581 2968 3647 noxium,
2998 3591 3052 3636 et
3085 3581 3346 3652 plurimas
3373 3579 3579 3637 iuﬁciat
3606 3580 3914 3654 generando

2305 3673 2714 3746 corruptiones,
2752 3674 2886 3729 illud
2915 3675 3149 3744 primum
3178 3673 3377 3729 bonutn
3405 3671 3551 3745 quod
3586 3685 3782 3729 natura
3813 3668 3908 3727 bo-

2307 3785 2435 3824 num
2487 3777 2602 3832 est,
2649 3767 2776 3822 dtttn
2833 3768 3012 3823 locum
3071 3775 3275 3830 mutat,
3323 3763 3572 3821 ordinem
3620 3775 3822 3831 mutat;
3859 3775 3916 3824 ut

2306 3863 2457 3934 quasi
2511 3861 2778 3916 laboranti
2826 3858 3019 3916 coruui
3063 3875 3219 3931 opem
3263 3857 3441 3927 ferat,
3475 3869 3530 3914 et
3555 3873 3676 3914 eam
3711 3867 3913 3929 partem

2303 3959 2442 4015 aciei
2473 3957 2737 4028 suscipiat
2765 3972 2890 4029 quae
2932 3959 3053 4028 plus
3084 3957 3327 4023 laborat;
3359 3957 3531 4013 virtus
3555 3958 3707 4014 enim
3751 3956 3916 4011 bella-

2314 4054 2448 4110 toris
2475 4052 2870 4107 difliciliorihus
2901 4051 3036 4106 locis
3065 4061 3151 4106 est
3178 4049 3487 4106 necessaria
3513 4064 3530 4117 ;
3568 4052 3713 4105 sicut
3757 4050 3913 4104 etiam

2305 4146 2434 4202 boni
2485 4145 2725 4201 custodis
2769 4144 3061 4218 praesentia
3105 4143 3178 4202 ibi
3228 4143 3612 4216 frequentior,
3647 4141 3738 4198 ubi
3783 4141 3914 4196 muri

2306 4237 2634 4310 fragiliorcs.
2667 4239 2746 4294 Ac
2771 4251 2842 4294 ne
2882 4251 2985 4309 qua
3020 4251 3145 4309 pars
3181 4239 3305 4294 sine
3327 4237 3620 4294 defensore
3647 4235 3757 4303 sit,
3787 4236 3910 4292 dum

2308 4333 2438 4392 illud
2471 4333 2669 4388 bonum
2696 4333 3036 4388 iuclinatiora
3057 4341 3352 4400 sustentat,
3386 4343 3513 4387 tunc
3540 4331 3674 4386 illud
3714 4330 3918 4387 indili'e-

2303 4438 2437 4482 rens
2465 4425 2645 4482 lucum
2689 4428 3026 4498 Superiorem
3053 4427 3300 4498 suscipit,
3321 4427 3469 4482 velut
3489 4427 3792 4495 deputante
3818 4422 3916 4479 sibi

2307 4535 2425 4576 eam
2473 4531 2684 4590 partem
2743 4518 3059 4588 perfectiori
3113 4520 3291 4585 bono;
3327 4517 3458 4573 nihil
3514 4517 3660 4572 enim
3718 4518 3917 4571 virtute

2314 4609 2631 4681 perfectius.
2675 4608 3049 4667 Indil'ferentis
3105 4617 3285 4666 autem
3341 4623 3448 4666 neu
3503 4608 3711 4687 habent
3757 4607 3918 4664 robur

2309 4703 2498 4760 validae
2528 4703 2746 4760 virtutis
2771 4748 2785 4770 ,
2817 4705 2912 4761 sed
2957 4705 3076 4776 ejus
3122 4713 3323 4775 augent
3358 4714 3414 4760 et
3444 4703 3761 4760 diffundunt
3795 4718 3916 4775 gra-

2303 4798 2454 4856 tiam.
2485 4796 2642 4855 Unde
2670 4797 2908 4870 Japbetlt
2937 4799 3114 4856 dictus
3140 4808 3224 4856 est
3244 4840 3260 4867 ,
3291 4797 3438 4870 quod
3464 4797 3696 4856 latitudo
3721 4797 3920 4872 signiﬁ-

2303 4902 2458 4949 catur
2484 4890 2693 4952 Latine.

2942 5027 3174 5087 CAPUT
3200 5027 3293 5086 Ill.

2319 5143 2575 5201 Secutum
2604 5141 2798 5198 diluuia
2836 5143 3133 5197 universam
3170 5139 3554 5216 generationem
3584 5141 3705 5200 ideo
3747 5141 3917 5198 eiun-

2387 5239 2536 5294 dasse
2557 5238 2786 5308 ﬁliorum
2809 5239 3211 5311 procreatione;
3240 5246 3296 5292 ut
3325 5237 3462 5293 bona
3496 5253 3745 5294 concessa
3792 5235 3918 5292 disi-

2383 5348 2466 5389 naz
2493 5332 2831 5406 benignitati,
2861 5331 3041 5387 eadem
3071 5341 3309 5387 reuocata
3337 5348 3399 5387 ac
3438 5347 3620 5402 pressas
3662 5331 3918 5404 irrogata

2385 5437 2574 5480 nostra:
2601 5425 2858 5496 iniquitati
2879 5426 3210 5496 imputemus.
3249 5446 3265 5462 ι

2377 5538 2432 5595 ϐ.
2475 5539 2585 5597 Nec
2631 5539 2808 5596 solum
2865 5549 3086 5597 sanctus
3142 5539 3259 5596 Noe
3326 5536 3628 5596 abundavit
3683 5539 3918 5596 ﬁliorum

2300 5711 2355 5779 et
2383 5699 2555 5779 Long.
2587 5703 2916 5779 praeferunt,
2947 5704 3189 5779 fatigare.
3215 5698 3914 5779 Nongaspanange’iectim

2303 5771 2728 5919 stisin'guhe
2752 5819 2766 5846 ,
2797 5792 2922 5850 qua:
2947 5771 3070 5835 ’τοί
3097 5777 3304 5850 ubique
3343 5771 3578 5832 habetur
3603 5815 3619 5844 ,
3635 5771 3891 5848 legerem
