4150 6358
209 345 318 407 365

1315 341 1406 400 DE
1444 338 1580 400 NOE
1617 334 1708 398 ΕΤ
1745 331 1933 398 ARCA
1973 332 2178 394 LIBER
2213 335 2417 397 UNUS.

3407 338 3516 398 366

209 459 605 536 generatione;
652 457 747 516 sed
781 455 944 515 etiam
993 455 1248 514 universa
1292 435 1373 514 se.
1403 456 1592 514 en‘udit
1650 471 1810 528 quam
1838 452 2018 520 Alios
2056 453 2173 509 vult
2215 454 2383 510 videri
2427 451 2625 510 divina:
2653 451 2948 525 Scriptura:
2994 453 3285 512 conditor:
3319 455 3415 512 sed
3445 473 3512 514 ex

209 557 451 612 maxime
479 569 546 609 eo
579 565 821 623 tempore
860 551 1159 621 generatio.
1212 550 1368 617 Quod
1413 567 1519 606 non
1568 551 1802 606 otiosum

209 650 441 706 videtur.
469 648 737 706 Secuturo
767 645 913 703 enim
940 645 1146 701 diluvio
1178 659 1282 701 non
1315 643 1502 701 debuit
1548 643 1806 700 mSIimari

209 742 448 799 defuisse
476 743 704 813 gratiam
753 738 1096 795 fecunditatis
1141 737 1216 794 illi
1247 738 1582 810 generationi
1602 779 1615 801 ,
1645 753 1804 806 quam

209 835 410 891 diluvia
439 834 838 890 absorhueruut
867 850 880 888 :
913 841 971 886 ut
999 830 1142 903 quod
1175 827 1277 884 fuit
1321 829 1541 886 ltumani
1589 829 1807 901 generis

211 926 566 994 abundantia,
590 926 786 982 divinae
804 924 1094 996 deputetur
1119 926 1345 996 gratim;
1381 924 1524 996 quod
1545 923 1809 979 diluvium

211 1023 376 1097 230
401 1034 642 1077 secutum
669 1029 756 1076 est
775 1064 788 1089 ,
823 1022 1021 1077 nostris
1051 1020 1356 1076 ascribatur
1403 1019 1807 1092 iniquitatibus,

209 1118 303 1182 qui
354 1115 588 1186 peccatis
634 1114 835 1170 nostris
875 1115 1176 1169 aVertitnus
1239 1111 1454 1168 Domini
1504 1112 1812 1167 misericor-

208 1209 373 1264 diam.
401 1209 492 1266 Sic
529 1219 585 1264 et
615 1208 667 1263 in
713 1207 1109 1278 posterioribus
1139 1207 1414 1269 invenies,
1471 1204 1615 1278 quod
1651 1220 1811 1261 secu-

207 1315 382 1361 turam
431 1301 644 1377 Egypti
677 1303 1023 1360 sterilitatem
1053 1303 1330 1374 praecessit
1367 1301 1593 1358 totidem
1641 1316 1815 1356 auuo-

204 1415 326 1457 rtttn
360 1399 662 1455 fecunditas
691 1399 709 1472 (
735 1397 862 1454 Gen.
887 1415 974 1454 xu
995 1440 1010 1465 ,
1038 1398 1108 1453 26
1140 1407 1194 1453 et
1224 1397 1293 1452 “27
1317 1396 1358 1468 ).
1387 1395 1697 1465 Principale
1731 1403 1816 1451 est

205 1496 352 1553 enim
385 1494 606 1550 virtutis
652 1495 914 1550 inchoare
951 1509 980 1548 a
1009 1491 1320 1556 beneﬁciis,
1346 1499 1400 1546 et
1432 1490 1816 1562 praeseminare

205 1588 460 1662 gratiam.
492 1587 647 1646 Unde
687 1596 743 1643 el.
782 1587 950 1644 David
995 1588 1070 1642 ait
1099 1604 1112 1639 :
1156 1585 1569 1642 Misericordia»:
1599 1593 1647 1638 et
1667 1584 1817 1658 judi-

207 1683 349 1738 cium
377 1680 593 1736 cantabo
618 1680 736 1744 tibi,
768 1676 991 1734 Domine
1018 1680 1039 1752 (
1062 1676 1155 1735 Ps.
1187 1693 1218 1734 c
1241 1719 1256 1744 ,
1291 1678 1314 1732 1
1415 1676 1681 1733 Pra-cetlit
1723 1676 1817 1732 be-

207 1773 391 1829 nelicli
441 1774 650 1845 gratia,
680 1773 926 1843 sequitur
971 1786 1199 1828 censura
1252 1769 1448 1825 sobria:
1489 1767 1812 1838 disciplinas.

1907 546 2116 618 angelis
2162 555 2217 601 et
2259 545 2915 619 mulieribusvgeneratos
2960 551 3186 619 asserit,
3219 565 3360 622 quos
3409 551 3514 608 hoc

1907 639 2146 709 appellat
2172 638 2457 707 vocabulo,
2487 642 2677 696 volens
2706 657 2897 699 eorum
2925 644 3233 715 exprimere
3261 645 3510 715 corporis

1909 731 2358 802 magnitudinem.
2395 731 2464 787 Et
2486 733 2900 793 consideremus
2924 779 2939 804 ,
2973 753 3042 795 ne
3068 737 3206 795 forte
3235 740 3511 811 gigantum

1908 830 2017 886 sint
2057 829 2264 886 similes
2305 829 2552 886 homines
2601 831 2772 888 cultui
2822 832 3104 890 studentes
3133 837 3314 891 carnis
3361 851 3511 903 suae,

1911 924 2106 980 animte
2132 934 2310 981 autem
2345 923 2547 978 nullam
2567 940 2752 980 curam
2787 927 3087 984 habentes:
3116 929 3255 985 sicut
3301 928 3379 984 illi
3421 929 3517 1001 qui

1911 1020 1980 1076 de
2023 1031 2163 1077 terra
2211 1021 2506 1078 secundum
2559 1023 2827 1090 poeticam
2879 1023 3117 1079 fabulam
3168 1025 3317 1091 orti,
3373 1025 3516 1082 mole

1913 1115 2160 1185 corporis
2187 1114 2271 1170 sui
2314 1113 2440 1171 freti
2462 1159 2476 1178 ,
2509 1112 2760 1170 feruntur
2806 1115 3061 1172 habuisse
3091 1127 3116 1155 α
3143 1127 3549 1187 centemptum.

1914 1223 2257 1278 superorum.
2297 1211 2377 1264 An
2425 1209 2670 1280 dispares
2697 1210 3004 1274 aestimandi
3029 1221 3156 1268 sunt
3183 1214 3272 1284 qui
3303 1229 3422 1270 cum
3451 1228 3522 1270 ex

1915 1300 2092 1356 anima
2141 1310 2398 1357 constent
2444 1310 2498 1357 et
2542 1317 2810 1371 corpore,
2860 1306 3066 1360 mentis
3115 1306 3356 1376 vigorem
3412 1319 3524 1377 quo

1919 1391 2051 1447 nihil
2082 1393 2246 1449 habet
2268 1394 2444 1448 anima
2473 1393 2781 1463 pretiosius,
2808 1403 3151 1460 aversantur,
3178 1407 3231 1452 et
3258 1413 3318 1454 se
3342 1398 3524 1453 carnis

1919 1486 2078 1558 hujus
2110 1487 2408 1543 imitatores
2436 1488 2588 1544 velut
2633 1496 2895 1545 materna:
2921 1489 3185 1547 exhibent
3210 1491 3526 1547 stoliditatis

1923 1579 2211 1638 haeredes?
2259 1581 2448 1654 Itaque
2496 1581 2549 1638 in
2588 1599 2785 1638 vanum
2825 1583 3115 1650 laborant,
3145 1584 3342 1642 coelum
3385 1586 3528 1641 votis

1919 1684 2246 1742 usurpantes
2293 1677 2540 1748 superbis
2563 1721 2577 1746 ,
2609 1688 2665 1736 et
2691 1678 2925 1736 terrenis
2953 1680 3213 1754 operibus
3259 1680 3525 1736 incuban-

1922 1777 2032 1836 tes,
2065 1769 2157 1840 qui
2181 1769 2446 1826 electione
2473 1770 2768 1840 inl'erioris,
2803 1779 2861 1830 et
2886 1782 3204 1844 contemptu
3229 1774 3529 1844 superioris

206 1870 461 1925 Divinum
489 1879 574 1926 est
604 1869 764 1940 igitur
782 1867 926 1940 quod
951 1868 1089 1924 bona
1116 1867 1538 1939 praemittuntur,
1570 1875 1819 1921 nostrum
1851 1859 1898 1922 Β
1925 1863 2206 1928 consortii,
2238 1871 2509 1936 tamquam
2532 1865 2852 1922 voluntariis
2882 1867 3104 1924 obnoxii
3138 1867 3376 1940 peccatis
3404 1884 3530 1943 gra-

202 1964 352 2035 quod
379 1971 680 2017 mutantur.

279 2057 335 2114 7.
375 2056 495 2125 Ipse
522 2053 626 2110 hoc
656 2054 897 2110 declarat
923 2053 1065 2110 Deus
1086 2053 1274 2112 dicens
1306 2071 1318 2107 :
1348 2049 1470 2108 Non
1492 2050 1815 2126 permanebit

203 2147 428 2220 spiritus
464 2164 608 2202 meus
656 2149 710 2203 in
752 2148 1072 2217 hominibus,
1107 2148 1232 2219 quia
1271 2163 1452 2202 carnes
1481 2159 1599 2203 sunt
1636 2145 1812 2222 (Gen.

214 2257 273 2295 vt
297 2283 310 2305 ,
343 2241 380 2296 5
403 2247 444 2311 ).
476 2240 708 2310 Spiritus
734 2251 956 2297 Sanctus
989 2242 1212 2312 spiritus
1239 2241 1520 2313 sapientiae
1547 2249 1662 2308 est,
1705 2238 1817 2308 spi-

205 2333 351 2389 ritus
397 2334 742 2404 cognitionis.
783 2333 955 2390 llabet
995 2349 1126 2404 ergo
1173 2335 1526 2403 sapientiam,
1558 2332 1723 2387 habet
1763 2339 1819 2386 et

210 2412 601 2497 disciplinam,
630 2426 772 2480 sicut
797 2436 851 2482 et
880 2426 949 2481 de
995 2425 1237 2482 Beseleel
1267 2427 1356 2498 qui
1385 2440 1597 2480 sacrum
1633 2425 1816 2480 taber-

205 2520 466 2574 naculum
494 2517 677 2574 divino
705 2517 931 2574 oraculo
956 2517 1143 2586 jussus
1173 2527 1257 2573 est
1285 2520 1464 2574 l‘acere
1484 2559 1498 2584 ,
1531 2520 1606 2571 ait
1634 2516 1822 2586 Scrip-

212 2621 337 2668 tura
373 2630 384 2664 :
418 2612 552 2680 Quia
584 2613 807 2684 repletus
837 2623 911 2667 est
943 2613 1127 2682 spiritu
1158 2613 1442 2682 prudentia:
1459 2623 1505 2665 et
1531 2611 1825 2683 disciplina:

205 2705 434 2779 (Exod.
466 2722 614 2772 aut,
649 2707 683 2762 5
702 2707 743 2778 ).
769 2706 870 2761 Hic
893 2721 1024 2778 ergo
1048 2706 1274 2776 Spiritus
1301 2706 1459 2760 datur
1486 2705 1817 2772 hominibus,

206 2800 309 2857 sed
347 2816 454 2856 non
485 2809 784 2870 permanet.
813 2799 929 2867 Qua
957 2807 1135 2854 autem
1160 2800 1368 2854 ratione
1392 2814 1496 2852 non
1524 2808 1821 2868 permanet,

206 2909 383 2950 causa
419 2894 666 2964 proditur
693 2935 706 2954 .
755 2889 878 2966 qui'a
909 2907 1036 2947 caro
1056 2903 1201 2947 sunt.
1237 2893 1430 2948 Carnis
1459 2895 1603 2949 enim
1635 2904 1825 2948 natura

207 2985 529 3056 disciplina:
557 2993 849 3057 repugnat,
881 2985 1006 3053 quia
1040 2983 1300 3052 Voluptati
1330 2985 1688 3054 obtemperat.
1722 2985 1826 3039 De-

208 3079 384 3150 nique
414 3075 482 3134 de
503 3077 624 3133 stilo
651 3077 882 3132 Domino
901 3076 1027 3132 Jesu
1052 3077 1313 3148 scriptum
1337 3083 1421 3132 est
1444 3094 1456 3130 :
1491 3077 1660 3147 Super
1679 3092 1830 3146 quem

207 3171 455 3228 videritis
494 3169 749 3243 Spiritum
771 3169 1164 3223 descendentem
1192 3169 1254 3222 de
1281 3171 1407 3224 caelo
1427 3211 1439 3233 ,
1473 3181 1518 3223 et
1542 3180 1830 3222 manentem

1917 1955 2055 2012 viori
2093 1957 2537 2018 condemnentur
2557 1956 2586 1996 δ
2610 1959 2923 2018 severitate.

1987 2049 2043 2106 9.
2089 2049 2416 2122 Plerumque
2446 2051 2856 2124 Angeloslilios
2887 2051 2982 2107 Dei
3014 2063 3174 2110 vocat
3203 2052 3519 2128 Scriptura;

1919 2140 2078 2216 231
2122 2141 2246 2214 quia
2293 2159 2358 2198 ex
2408 2145 2556 2198 nullo
2604 2144 2821 2199 homine
2868 2157 3203 2218 generantur
3235 2157 3258 2187 ο
3305 2151 3524 2204 anima}.

1916 2237 2104 2314 Itaque
2152 2237 2298 2294 viros
2345 2239 2533 2294 ﬁdeles
2564 2238 2709 2296 ﬁlios
2741 2255 2870 2296 suos
2889 2241 3072 2298 dicere
3097 2257 3204 2297 non
3227 2253 3310 2298 est
3344 2259 3534 2310 asper-

1921 2345 2079 2387 natus
2104 2330 2270 2387 Deus.
2303 2332 2456 2389 Sieut
2480 2348 2612 2404 ergo
2654 2335 2754 2388 viri
2797 2333 3095 2407 probabilis
3139 2336 3261 2390 vitae
3298 2334 3390 2391 lilii
3436 2335 3536 2394 Dei

1919 2435 2185 2480 vocantur
2213 2428 2230 2494 (
2259 2423 2360 2480 Job
2386 2441 2425 2490 t,
2452 2426 2484 2480 6
2510 2427 2527 2495 )
2560 2443 2572 2478 :
2601 2426 2672 2480 ita
2703 2443 2933 2498 quorum
2959 2426 3202 2484 carnalia
3237 2438 3363 2483 sunt
3398 2445 3535 2500 ope-

1923 2533 2019 2586 ra,
2048 2517 2149 2574 hos
2177 2518 2316 2572 lilios
2361 2518 2594 2575 dicimus
2620 2521 2798 2576 carnis
2843 2519 3249 2589 Scripturarum
3296 2523 3536 2579 auctori-

1925 2619 2036 2666 tate
2076 2609 2217 2681 (Ps.
2249 2627 2434 2675 ιηκι.
2465 2611 2565 2684 6).
2601 2613 2741 2668 Dicit
2778 2614 2924 2672 enim
2971 2613 3251 2676 Iohannes
3292 2614 3541 2688 Evange—

1927 2705 2050 2761 lista
2084 2705 2255 2772 :Quia
2287 2717 2536 2778 quotquot
2561 2707 2842 2772 Dominum
2884 2707 3070 2764 leuam
3093 2717 3424 2780 receperunt,
3445 2709 3540 2767 de-

1928 2799 2003 2852 dit
2027 2799 2100 2854 eis
2149 2809 2450 2870 potestatem
2494 2801 2634 2869 ﬁlios
2676 2800 2770 2855 Dei
2792 2802 2946 2869 ﬁeri,
2977 2799 3060 2856 his
3087 2802 3177 2873 qui
3223 2802 3442 2858 credunt
3484 2803 3542 2857 in

1931 2891 2136 2946 nomine
2177 2895 2314 2964 ejus.
2335 2893 2420 2959 qui
2452 2909 2555 2948 non
2592 2909 2654 2950 ex
2679 2895 3050 2965 sanguinilms,
3083 2912 3244 2967 neque
3264 2913 3329 2951 ex
3355 2895 3540 2952 uolun-

1930 2990 2034 3036 tate
2063 2986 2266 3048 carnis,
2293 3001 2455 3055 neque
2495 3001 2558 3040 ea:
2611 2986 2874 3042 voluntate
2909 2987 3032 3054 uiri,
3062 2987 3154 3041 sed
3179 3005 3243 3044 ea:
3276 2987 3383 3046 Deo
3426 2989 3538 3046 nati

1930 3085 2047 3129 sunt
2071 3075 2089 3146 (
2111 3073 2271 3130 Joan.
2297 3091 2336 3142 ι,
2369 3076 2434 3130 l2
2463 3085 2516 3129 et
2546 3078 2611 3132 15
2634 3074 2673 3147 ).
2707 3077 2834 3131 Ideo
2865 3089 3052 3150 postea
3078 3079 3243 3133 habes
3269 3079 3394 3152 quia
3430 3082 3535 3135 ira-

1934 3175 2020 3223 ttts
2037 3167 2299 3222 Dominus
2315 3174 2415 3234 est,
2441 3168 2696 3239 quoniam
2724 3169 2968 3242 quamvis
2999 3170 3297 3240 cogitaret,
3325 3171 3427 3226 hoc
3453 3179 3542 3228 est

207 3281 376 3338 super
400 3279 541 3326 eum,
567 3265 650 3318 hic
678 3273 753 3318 est
781 3265 868 3337 qui
895 3262 1121 3333 baptizat
1151 3262 1356 3334 Spiritu
1386 3273 1563 3317 sancto
1588 3261 1762 3336 (Joan.
1788 3279 1826 3331 ι,
1854 3261 1900 3325 C
1935 3262 2250 3331 sciret,quia
2267 3263 2430 3315 homo
2450 3261 2659 3332 positus
2681 3261 2733 3316 itt
2755 3272 2912 3316 teme
2932 3263 3542 3334 regione,carnempur-

208 3359 331 3432 55).
364 3359 426 3416 ltt
457 3375 521 3414 eo
539 3363 684 3414 enim
713 3359 987 3423 manebat,
1015 3374 1174 3429 quem
1199 3357 1342 3413 nulla
1368 3360 1692 3428 corruptelae
1715 3373 1834 3412 car-

210 3452 362 3509 nalis
397 3453 781 3522 impedimeuta
809 3435 1159 3517 revocabant,
1193 3453 1483 3523 quominus
1506 3453 1833 3522 incorrupta:

208 3556 270 3603 et
318 3546 686 3618 itnpermixttc
739 3545 987 3602 ordinem
1036 3543 1340 3617 disciplinae
1389 3555 1632 3612 teneret,
1675 3544 1831 3617 cujus

209 3656 349 3698 caro
378 3656 492 3697 non
519 3639 656 3696 vidit
678 3638 1113 3710 corruptionem.

852 3779 1082 3838 CAPUT
1121 3779 1210 3838 IV.

211 3901 540 3979 Gigantibus
568 3901 658 3970 qui
687 3899 916 3956 vixerunt
947 3909 1097 3954 wtate
1130 3897 1246 3952 Noe
1267 3938 1281 3962 ,
1313 3896 1504 3951 similes
1527 3910 1636 3951 esse
1660 3894 1832 3949 homi-

291 4015 388 4054 nes
433 3997 599 4052 cultui
647 3995 819 4050 carnis
865 4011 971 4050 sua:
999 3993 1279 4048 studentes.
1316 3992 1414 4058 Qui
1469 3992 1710 4045 dicantur
1738 3988 1836 4060 filii

287 4090 446 4159 Dei;
475 4101 520 4146 et
549 4107 652 4162 quo
690 4099 840 4160 pacto
890 4087 1032 4142 Deus
1059 4088 1262 4140 dicatur
1285 4085 1441 4139 irasci
1479 4095 1569 4139 aut
1596 4084 1784 4138 moveri
1817 4099 1836 4137 .'

287 4202 466 4262 quare
503 4186 664 4240 etiam
690 4180 1132 4238 irrationabilibus
1159 4189 1367 4250 prapter
1397 4178 1621 4232 hominis
1659 4192 1839 4248 pecca-

286 4291 405 4337 tum
431 4279 637 4344 deletis,
669 4273 719 4331 Ν
725 4293 784 4331 oe
808 4271 1030 4350 gratiam
1054 4274 1198 4344 apud
1225 4271 1393 4328 Deum
1419 4272 1689 4327 invenerit.

288 4397 347 4453 8.
395 4394 650 4466 Gigantes
670 4402 840 4446 autem
862 4400 1006 4446 erant
1033 4391 1085 4445 in
1115 4400 1252 4446 terra
1274 4390 1325 4444 in
1348 4388 1530 4444 diebus
1553 4388 1660 4442 illis
1680 4386 1838 4462 (Gen.

212 4507 292 4547 vt.
319 4492 430 4564 4).
467 4487 581 4546 Non
613 4496 896 4560 poetarum
938 4500 1089 4540 more
1113 4483 1361 4557 gigantes
1402 4483 1525 4540 illos
1574 4490 1739 4538 terra:
1780 4481 1842 4538 li-

1938 3365 2080 3420 tans,
2103 3357 2222 3411 sine
2252 3365 2474 3426 peccato
2506 3372 2628 3412 esse
2673 3371 2778 3411 non
2821 3357 2994 3428 possit
3018 3355 3036 3429 (
3061 3363 3201 3412 terra
3226 3357 3370 3413 enim
3399 3360 3549 3414 velut

1937 3447 2152 3520 quidam
2199 3449 2558 3504 tentationuut
2593 3449 2746 3510 locus
2790 3459 2912 3516 est,
2945 3464 3179 3522 caroque
3218 3451 3546 3521 Corruptela:

1937 3540 2218 3616 illecebra)
2244 3553 2421 3598 tamen
2445 3558 2566 3598 cum
2591 3542 2854 3602 haberent
2877 3551 3115 3599 mentem
3141 3544 3362 3598 rationis
3386 3559 3548 3616 capa-

1934 3655 2054 3696 cem
2079 3641 2448 3714 virtutemque
2477 3641 2673 3698 animae
2705 3641 2938 3699 infusam
2968 3643 3221 3715 corpori,
3254 3641 3374 3698 sine
3416 3656 3548 3696 con-

1927 3733 2257 3792 sideratione
2288 3735 2466 3809 aliqua
2504 3737 2555 3791 itt
2597 3736 2807 3808 lapsum
2842 3748 3098 3814 ruerunt,
3133 3746 3202 3793 ex
3234 3753 3340 3805 quo
3383 3749 3545 3820 remn-

1934 3845 2058 3894 Care
2090 3845 2150 3886 se
2181 3829 2410 3886 nollent.
2449 3829 2635 3903 Neque
2666 3832 2813 3887 enim
2840 3830 2985 3887 Deus
3031 3830 3234 3902 cogitat
3280 3831 3420 3885 sicut
3451 3828 3550 3883 ho-

1937 3923 2143 3988 mines,
2176 3932 2234 3976 ut
2261 3923 2439 3992 aliqua
2470 3925 2517 3976 ei
2569 3938 2705 3977 nova
2748 3921 3006 3980 succedat
3034 3923 3338 3987 sententia;
3370 3934 3550 3990 neque

1938 4015 2194 4071 irascitur
2235 4015 2388 4085 quasi
2439 4015 2714 4070 mutabilis
2751 4034 2763 4068 :
2797 4015 2890 4070 sed
2936 4014 3061 4074 ideo
3094 4015 3208 4070 haec
3254 4014 3547 4084 leguntur,

1940 4120 1999 4164 ut
2026 4109 2362 4179 exprimatur
2388 4122 2734 4178 peccatorum
2760 4122 3068 4174 nostrorum
3098 4109 3395 4174 acerbitas.
3425 4126 3550 4182 qua:

1943 4200 2178 4257 divinam
2227 4203 2490 4257 meruerit
2537 4202 2834 4270 olTeusam;
2864 4212 3134 4272 tamquam
3167 4219 3234 4259 eo
3262 4219 3430 4276 usque
3459 4202 3550 4260 itt-

1943 4297 2177 4353 creverit
2217 4297 2406 4367 culpa,
2441 4307 2501 4352 ut
2531 4299 2692 4352 etiam
2747 4298 2890 4354 Deus
2921 4297 3013 4368 qui
3061 4297 3382 4354 naturaliter
3428 4315 3547 4364 non

1944 4397 2198 4446 movetur
2250 4399 2343 4444 aut
2370 4391 2447 4446 ira
2469 4431 2484 4458 ,
2519 4402 2611 4446 aut
2637 4390 2796 4459 odio,
2829 4403 2923 4446 aut
2972 4391 3225 4464 passione
3255 4393 3395 4466 ulla,
3423 4407 3556 4474 pro-

1943 4493 2168 4540 vocatus
2200 4482 2444 4540 videatur
2473 4484 2540 4540 ad
2571 4483 2927 4542 iracundiam.

293 4705 321 4734 ιι
349 4691 434 4774 Ita
463 4687 1470 4774 edit.’§tmss.Cnrh.,VatLetLong.,
1492 4698 1838 4774 contemptura
1865 4696 1918 4758 ι)
1945 4706 2090 4774 mur,
2119 4691 2360 4774 {fulcite}
2389 4703 2572 4774 verum
2621 4703 2690 4744 ex
2723 4687 2848 4774 ﬁliis
2887 4688 3017 4745 Setb
3041 4730 3056 4754 ,
3085 4688 3343 4774 nimirum
3385 4690 3554 4762 justi:

213 4766 587 4839 superiorum.
616 4763 680 4839 Et
731 4772 850 4833 post
895 4777 1057 4832 panea
1109 4762 1242 4816 edit.
1275 4779 1501 4839 omnes,
1529 4764 1713 4817 mentis
1762 4764 1837 4815 vi-

211 4835 421 4910 goris:
480 4851 530 4902 .;
564 4837 775 4910 priscze,
807 4844 1131 4910 aversantur;
1163 4835 1490 4889 recentiores
1513 4876 1525 4899 ,
1558 4842 1835 4888 adversan-

213 4907 324 4965 tur.
361 4907 486 4964 Nos
515 4922 643 4961 vero
674 4907 850 4961 locum
880 4907 1210 4962 restituitnus
1241 4921 1307 4959 ex
1341 4921 1471 4960 mss.

291 4981 321 5020 b
364 4980 495 5036 νει.
522 4977 654 5034 edit.
685 4979 970 5036 securitate.
1003 4980 1134 5044 Quae
1159 4976 1376 5048 quidem
1418 4977 1577 5032 lectio
1609 4976 1833 5032 minime

214 5052 475 5110 absttrda
500 5060 618 5114 est,
663 5065 782 5104 cum
828 5050 972 5104 nulla
1021 5065 1176 5119 plana
1201 5052 1270 5103 sit
1307 5049 1548 5117 gravior,
1590 5064 1750 5118 quam
1781 5049 1833 5102 in

214 5122 477 5196 peccatis
519 5123 838 5196 voluntariis
862 5126 1172 5196 securitas:
1203 5130 1461 5196 illlam—QII“
1482 5121 1837 5196 tuss.__leg_ttnt

214 5188 535 5255 severitate,
567 5193 707 5261 quod
735 5195 904 5262 magis
925 5194 1167 5260 congruit
1194 5207 1316 5246 eum
1349 5192 1572 5245 Philone
1602 5191 1695 5245 lib.
1720 5188 1838 5245 Ὀτι

217 5267 498 5346 ἄτρεπτον
517 5265 574 5319 τὸ
599 5273 747 5319 Θιῐον
772 5305 784 5329 ,
812 5265 951 5318 unde
981 5265 1159 5321 locum
1186 5263 1330 5318 hunc
1356 5265 1594 5317 imitatus
1635 5263 1844 5317 videtur

219 5342 586 5398 Atithrnsius.

256 5405 258 5407 ’
301 5423 328 5451 α
355 5408 566 5464 Vncrtu
591 5405 777 5461 animo:
801 5405 932 5460 edit.
957 5403 1116 5462 Rom.
1147 5406 1382 5470 sustulit,
1413 5406 1636 5460 forsitan
1667 5415 1721 5458 ttt
1752 5419 1846 5458 su-

219 5484 508 5556 perlluam
559 5478 743 5556 Sixtu‘s
759 5488 936 5556 autem
958 5481 1088 5533 Sen.
1112 5477 1315 5556 Bthhl.
1341 5494 1394 5556 v,
1415 5493 1548 5556 _atttt.
1576 5479 1668 5537 77,
1691 5477 1850 5548 paulo

221 5551 393 5610 aliter
431 5557 577 5604 hunc
609 5551 872 5604 ambrosii
905 5553 1076 5604 locum
1117 5553 1319 5608 retulit,
1375 5552 1458 5602 his
1489 5565 1683 5615 nempe
1732 5563 1851 5600 ver-

225 5630 317 5681 bis
345 5643 358 5677 :
399 5623 716 5693 Merumque
757 5621 894 5693 ﬁlios
926 5620 1021 5675 Dei
1039 5638 1170 5693 ,sen
1193 5622 1331 5674 uiros
1362 5619 1538 5690 ﬁdeles
1571 5620 1850 5693 Scriptura

225 5697 476 5765 Angelos
505 5691 646 5747 vacat
664 5733 680 5760 ,
707 5703 814 5746 etc.
841 5692 948 5749 Sed
971 5692 1113 5747 unde
1137 5693 1237 5746 hoc
1259 5705 1531 5765 sumptum
1566 5691 1698 5762 quis
1715 5691 1852 5746 divi-

224 5763 366 5826 net?
397 5766 582 5822 Voluit
613 5765 751 5820 haud
771 5765 932 5820 dubie
960 5765 1048 5818 Vir
1077 5763 1428 5818 doctissimus
1457 5765 1536 5817 sic
1562 5769 1854 5818 ostendero

226 5841 382 5896 hanc
418 5851 528 5890 non
559 5837 721 5892 luisse
747 5836 1021 5892 Ambrosii
1053 5837 1368 5905 Opinionem
1407 5842 1464 5888 ut
1510 5850 1579 5888 ex
1613 5833 1852 5903 Angelis,

225 5910 457 5968 naturis
485 5908 693 5966 scilicet
717 5908 1074 5980 spiritalibus,
1103 5913 1160 5964 et
1184 5917 1244 5963 ut
1270 5921 1394 5963 cum
1417 5905 1644 5962 Philone
1671 5907 1856 5976 loqua-

1946 4762 2254 4818 houtinibns
2300 4762 2546 4833 gigantes
2582 4772 2868 4831 generatos
2895 4765 3292 4834 essecrederet
3313 4803 3329 4828 ,
3361 4779 3553 4834 quem-

1943 4837 2232 4889 admodum
2262 4831 2646 4899 interpretatur
2678 4831 3098 4896 Attgttstinus'de
3117 4832 3239 4889 Ctv.
3266 4835 3356 4887 Dei
3380 4831 3422 4889 i.
3452 4852 3546 4902 xv,

1941 4922 1991 4963 c.
2023 4907 2112 4962 23.
2147 4905 2268 4960 Veri
2298 4917 2475 4958 tamen
2521 4903 2753 4958 similius
2780 4915 2864 4958 est
2908 4906 3256 4960 Ambrosium
3301 4906 3548 4963 Philanis

1944 4979 2270 5034 sententiam
2301 4991 2365 5033 ac
2395 4976 2562 5032 verba
2610 4977 2714 5030 hoc
2755 4975 2878 5032 loco
2905 4987 3207 5032 mutuatum
3237 4977 3309 5031 de
3344 4981 3554 5048 angelis

1944 5052 2132 5109 malis.
2171 5064 2306 5117 quos
2357 5049 2408 5102 in
2463 5062 2587 5102 aere
2637 5048 2840 5103 versari
2873 5048 3029 5102 docet
3054 5089 3068 5114 ,
3101 5049 3336 5103 locutum
3381 5065 3505 5104 esse
3531 5090 3549 5116 ,

1945 5125 2084 5178 sicut
2137 5121 2189 5176 id
2239 5121 2436 5176 clarius
2481 5119 2729 5188 exposuit
2773 5117 2827 5173 in
2878 5119 3022 5174 Psal.
3057 5135 3240 5183 cxvnt,
3277 5120 3454 5178 Serm.
3487 5119 3546 5187 2,

1947 5209 2104 5248 versu
2171 5194 2297 5258 ult.,
2329 5191 2471 5264 qlttld
2518 5189 2736 5260 quidem
2789 5205 2888 5247 nec
2940 5195 3168 5261 ipsemet
3218 5194 3553 5264 Augustinus

1948 5267 2152 5334 Qutest.
2202 5264 2237 5318 5
2287 5265 2340 5320 in
2385 5262 2522 5319 Gen.
2579 5264 2801 5316 omnino
2855 5276 3018 5317 ausus
3082 5272 3168 5318 est
3216 5262 3548 5330 improbare.

1949 5333 2283 5406 Quamquam
2355 5333 2900 5406 ingenttefaleamur
2959 5335 3243 5406 Ductorem
3305 5345 3552 5406 nostrum

1952 5404 2186 5477 antiquis
2215 5406 2458 5461 Patribus
2487 5405 2577 5473 qui
2605 5404 2722 5457 lure
2743 5407 2940 5477 (eadem
2979 5404 3136 5458 bonis
3166 5405 3372 5477 angelis
3399 5405 3554 5459 attri-

1952 5475 2143 5543 buunt,
2178 5481 2284 5544 hic,
2310 5490 2366 5532 et
2393 5480 2443 5530 in
2475 5478 2572 5530 lin.
2607 5477 2644 5530 l.
2675 5491 2693 5530 ι
2723 5475 2790 5529 de
2823 5475 3026 5544 Virgiu.
3056 5476 3401 5530 subscribere
3453 5491 3551 5545 po-

1958 5558 2146 5606 tuisse.
2178 5552 2404 5615 linrutn,
2432 5551 2475 5604 si
2506 5559 2680 5613 vacat,
2705 5545 2901 5601 seriem
2935 5553 3150 5618 longam
3180 5546 3388 5618 νὴἀῲὶη
3411 5548 3555 5618 apud

1955 5623 2204 5677 etttndem
2227 5622 2365 5677 Sin.
2398 5624 2514 5674 loc»
2537 5622 2660 5682 rit.,
2710 5618 2916 5672 Patttel.
2953 5617 3143 5671 Parad.
3193 5631 3245 5682 l,
3279 5617 3459 5685 Tert.,’
3499 5632 3556 5677 et

1955 5695 2245 5764 Coquaruut
2281 5694 2335 5747 in
2364 5708 2413 5747 c.
2443 5691 2515 5745 23
2545 5693 2578 5742 l.
2612 5703 2678 5764 av
2704 5690 2772 5742 de
2820 5687 2941 5764 Div.
2978 5689 3093 5743 Dei.
3121 5691 3388 5745 Caeterum
3417 5692 3560 5748 idem

1958 5761 2072 5834 ipse
2094 5766 2282 5820 Ambr.
2313 5766 2500 5818 mults
2523 5761 2660 5815 locis
2685 5761 2908 5834 angelos
2934 5771 3098 5832 atque
3127 5771 3559 5822 antmas’natura

1958 5829 2081 5895 esse
2103 5837 2429 5907 incorporea
2457 5834 2602 5890 clare
2632 5829 2936 5902 proﬁtetur.
