4150 6358
642 320 745 377 567

2019 311 2269 369 SANCTI
2306 307 2635 367 AMBROSII

3852 318 3949 378 568

720 435 808 490 10.
851 432 1130 489 Minitatus
1151 434 1232 484 est
1255 433 1516 498 praeterea
1537 425 1678 496 quod
1703 425 1910 482 deleret
1931 424 2205 481 hominem
2233 443 2244 478 :
2275 430 2330 488 Α
2354 437 2459 494 quo
2496 423 2676 478 carnis
2705 420 2956 478 illccebra
2983 421 3121 478 viam
3149 422 3270 494 ejus
3304 426 3628 495 corruperit.
3660 425 3766 496 Qui
3797 429 3840 482 si
3875 431 3944 484 in-

651 529 728 584 Ab
777 529 1012 588 homine,
1042 523 1243 594 inquit,
1274 537 1432 592 usque
1477 519 1544 574 ad
1593 538 1777 588 pecus,
1809 531 1855 576 et
1903 537 1934 573 a
1977 519 2244 586 reptilibus

649 637 808 689 usque
834 620 902 672 ad
931 619 1155 672 volatilia
1179 618 1291 672 caeli
1334 615 1511 670 delebo
1547 613 1718 686 (Gen.
1742 628 1818 678 Vl,
1855 613 1883 666 7
1913 612 1954 682 ).
1983 611 2120 679 Quid
2153 611 2246 665 lac—

647 724 835 770 serant
882 709 1314 767 irrationabilia?
1361 709 1470 765 Sed
1527 709 1653 778 quia
1706 713 1928 778 pr0pter
1972 705 2244 759 hominem

647 805 739 860 illa
775 804 913 858 facta
939 813 1115 870 erant,
1148 818 1216 858 eo
1245 802 1428 872 utique
1458 800 1638 856 deleto
1670 805 1892 869 propter
1919 812 2078 866 quem
2109 795 2245 851 facta

644 913 794 964 sunt,
824 910 1167 968 consequens
1192 904 1308 950 erat
1335 904 1394 949 ut
1421 897 1584 950 etiam
1628 892 1717 946 illa
1749 890 2093 954 delerentur;
2122 888 2247 956 quia

643 1009 756 1049 non
785 1002 902 1048 erat
945 992 1035 1062 qui
1070 991 1154 1046 his
1181 997 1442 1046 uteretur.
1476 989 1650 1042 Sensu
1679 994 1858 1040 autem
1889 986 2081 1039 altiore
2116 981 2246 1036 illud

643 1088 1024 1156 manifestatur
1044 1127 1059 1152 ,
1091 1086 1216 1154 quia
1248 1085 1413 1139 homo
1444 1098 1597 1137 mens
1627 1090 1714 1137 est
1756 1093 1878 1150 quas
1913 1088 1995 1134 est
2025 1076 2249 1132 rationis

640 1195 813 1251 capax
837 1196 852 1246 ;
886 1179 1053 1233 immo
1078 1179 1223 1233 enim
1253 1175 1512 1231 delinitur
1541 1174 1743 1228 animal
1773 1173 1976 1235 vivum,
1999 1168 2244 1234 mortale,

637 1274 927 1328 rationale.
960 1268 1246 1339 Principali
1295 1269 1464 1338 igitur.
1502 1266 1773 1322 exstincto
1797 1303 1814 1328 ,
1864 1263 2026 1317 etiam
2055 1273 2248 1316 sensus

639 1365 824 1420 omnis
848 1361 1241 1430 exstinguitur;
1274 1375 1340 1414 eo
1368 1357 1510 1430 quod
1540 1357 1670 1411 nihil
1702 1356 1893 1426 reliqui
1923 1354 1987 1409 ad
2018 1354 2248 1408 salutem

641 1456 917 1527 supersit,
947 1470 1070 1509 cum
1099 1452 1288 1530 salutis
1317 1450 1724 1506 lttudamentum
1767 1449 1936 1502 virtus
1963 1445 2247 1500 delecvrit.

641 1551 726 1605 Ad
756 1548 1264 1604 condemnationem
1289 1557 1468 1600 autem
1501 1553 1840 1605 cancrorum,
1866 1550 1920 1596 et
1941 1539 2008 1594 ad
2029 1554 2249 1609 expres-

639 1645 850 1700 sionem
893 1643 1111 1713 pietatis
1148 1641 1344 1696 divina:
1369 1639 1570 1694 dicitur
1615 1635 1729 1692 Noe
1757 1636 1894 1705 apud
1931 1635 2095 1688 Deum
2124 1647 2250 1703 gra-

638 1739 770 1795 tiam
824 1737 1122 1793 invenisse.
1174 1735 1346 1792 Simul
1407 1732 1711 1788 ostenditur
1769 1729 1911 1801 quod
1969 1728 2246 1783 hominem

2349 518 2647 573 tellexisset
2674 518 2814 589 quod
2841 536 3033 574 munus
3063 521 3366 588 accepisset
3392 538 3420 574 a
3452 522 3596 590 Deo,
3628 540 3737 578 non
3770 526 3943 592 utique

2348 624 2537 678 passus
2563 620 2732 674 esset,
2761 620 2820 664 ut
2850 625 2977 665 caro
3007 611 3243 666 obstaret
3280 611 3475 667 anima:
3506 614 3822 670 virtutibus.
3850 615 3944 669 Ita-

2345 717 2454 772 que
2474 716 2601 757 caro
2621 718 2779 756 eausa
2807 702 2902 756 fuit
2927 703 3343 768 corrumpendae
3371 706 3534 759 ctiam
3559 706 3899 778 animaque;
3923 721 3940 747 ε

2347 795 2496 849 velut
2538 796 2690 866 origo
2717 805 2770 850 et
2800 795 2948 850 locus
2991 805 3077 852 est
3115 797 3331 867 quidam
3377 799 3706 868 voluptatis,
3737 817 3801 855 ex
3850 817 3940 870 qua

2348 888 2498 943 velut
2526 907 2552 940 a
2585 888 2731 945 fonte
2775 902 3132 960 prorumpunt
3179 894 3741 961 concupiscentiarum
3791 898 3941 951 mala-

2349 999 2576 1053 rumque
2619 985 2928 1053 passionum
2957 985 3174 1040 ﬂumina
3197 1025 3211 1046 .
3247 985 3462 1056 lateque
3500 988 3802 1043 exundant.
3827 989 3940 1055 Qui-

2350 1075 2451 1130 bus
2490 1075 2820 1145 demergitur
2862 1079 3057 1134 animae
3100 1079 3366 1150 quoddam
3405 1096 3638 1137 excusso
3680 1083 3938 1152 guberna-

2350 1180 2472 1226 tore
2533 1173 2853 1242 remigium,
2895 1187 3015 1227 cum
3064 1172 3179 1243 ipsa
3231 1189 3384 1228 mens
3429 1176 3575 1229 velut
3632 1176 3937 1246 quibusdam

2351 1267 2762 1335 tempestatibus
2789 1277 2846 1322 et
2889 1268 3146 1336 procellis
3190 1269 3328 1323 victa
3357 1268 3476 1324 loco
3505 1285 3606 1325 suo
3633 1272 3800 1326 cedit.
3834 1272 3940 1326 Pni-

2350 1360 2481 1415 chre
2507 1372 2684 1414 autem
2702 1361 2939 1431 ait.quia
2969 1360 3130 1415 homo
3157 1363 3295 1415 viam
3321 1374 3528 1417 natura:
3546 1377 3662 1418 sua:
3687 1367 3935 1434 corrupit.

2350 1453 2482 1508 Nam
2525 1455 2606 1508 via
2636 1471 2730 1508 sua
2775 1454 2827 1508 in
2875 1455 3124 1524 paradiso
3149 1466 3300 1522 erat,
3329 1455 3381 1509 in
3416 1455 3507 1510 illo
3552 1456 3937 1512 beatitudinum

2352 1545 2600 1606 tramite.
2630 1546 2680 1600 in
2705 1546 2798 1600 illo
2829 1549 3084 1600 virtutum
3116 1545 3248 1601 [lore
3277 1588 3291 1612 ,
3315 1558 3370 1602 et
3398 1547 3452 1602 in
3492 1548 3580 1602 illa
3627 1549 3938 1620 incorrupti-

2351 1635 2445 1691 bili
2473 1637 2643 1708 gratia
2665 1680 2678 1703 ,
2705 1656 2862 1710 quant
2896 1639 3034 1694 viam
3081 1641 3311 1696 terrenis
3340 1641 3641 1712 inquinavit
3683 1645 3934 1714 vestigiis.

2352 1728 2459 1784 Alii
2509 1729 2708 1785 habent
2741 1748 2754 1784 :
2797 1729 2941 1786 Viam
2984 1733 3183 1801 ipsius,
3215 1734 3318 1790 hoc
3359 1747 3442 1791 est
3464 1775 3482 1804 ,
3515 1735 3636 1792 Dei.
3671 1737 3791 1792 lloc
3820 1738 3936 1793 solet

635 1832 844 1903 justum
873 1845 978 1885 non
1010 1829 1300 1885 obumbret
1327 1829 1556 1883 aliorum
1588 1826 1817 1880 ollensio
1839 1866 1853 1887 ,
1890 1823 2105 1895 quando
2128 1821 2242 1894 ipse
2271 1815 2320 1876 B
2353 1823 2520 1878 verbo
2544 1819 2571 1859 ά
2606 1823 2814 1879 Domini
2842 1823 3140 1882 declarare.

632 1923 705 1979 ad
758 1923 919 1978 totius
948 1921 1164 1992 generis
1211 1930 1520 1976 reservatur
1567 1916 1960 1982 seminarium,
2001 1915 2091 1985 qui
2139 1929 2244 1970 non

639 2015 1014 2088 generationis
1043 2013 1357 2078 nobilitate,
1387 2012 1482 2067 sed
1529 2011 1755 2082 iustitiae
1792 2021 1848 2065 et
1897 2007 2246 2077 perfectionis

632 2109 836 2164 merito
868 2107 1135 2162 laudatur.
1159 2104 1376 2160 Prohati
1400 2103 1545 2158 enim
1569 2103 1668 2156 viri
1690 2117 1862 2172 genus
1883 2100 2101 2178 virtutis
2125 2115 2247 2170 pro-

628 2202 780 2272 sapia
812 2211 930 2265 est;
961 2198 1087 2270 quia
1134 2196 1273 2254 sicut
1303 2197 1583 2252 hominum
1622 2211 1793 2265 genus
1846 2193 2096 2248 homines
2119 2234 2134 2257 ,
2169 2192 2243 2248 ita

625 2294 930 2349 animarum
975 2307 1147 2363 genus
1191 2291 1424 2345 virtutes
1462 2297 1606 2343 sunt.
1644 2287 1862 2343 Etenim
1893 2285 2114 2341 familiae
2139 2287 2242 2341 ho-

630 2389 840 2444 minum
887 2385 1178 2454 splendore
1217 2383 1435 2455 generis
1479 2381 1834 2436 nobilitantur
1875 2397 1889 2433 :
1938 2379 2238 2434 animarum

628 2492 814 2538 autem
843 2478 1173 2535 clariﬁcatur
1199 2479 1368 2548 gratia
1402 2474 1695 2546 splendore
1724 2473 1960 2529 virtutis.

1179 2618 1340 2690 232
1376 2614 1604 2672 CAPUT
1641 2614 1708 2670 ν.

625 2737 841 2794 Terram
879 2733 1148 2804 iniquitate
1194 2731 1460 2786 hominum
1527 2729 1686 2803 fuisse
1732 2736 2070 2797 corruptam;
2116 2727 2237 2782 item

701 2831 868 2887 omnis
912 2828 1132 2883 hominis
1179 2836 1377 2897 tempus
1428 2836 1546 2880 ante
1593 2824 1875 2879 Dominum
1912 2840 2020 2880 esse
2041 2823 2238 2895 duplici

691 2925 847 2978 modo
893 2921 1115 2990 intelligi
1148 2936 1166 2974 :
1198 2919 1416 2990 denique
1470 2935 1566 2989 pro
1619 2928 1726 2973 toto
1766 2919 1981 2994 homine
2027 2933 2237 2971 carnem

694 3018 829 3075 sumi
848 3059 863 3079 ,
893 3016 1043 3079 cuius
1069 3013 1321 3070 illecebris
1350 3014 1524 3067 anima
1554 3022 1731 3068 nostra
1756 3012 2123 3081 corrumpitur.

696 3132 787 3188 ll.
822 3129 1083 3199 Corrupto
1112 3139 1184 3184 est
1207 3140 1376 3184 autem
1405 3139 1541 3184 terra
1568 3146 1740 3184 coram
1769 3128 1878 3183 Deo
1899 3171 1912 3193 ,
1943 3137 1989 3182 et
2021 3127 2236 3195 impleta

2969 1964 3198 2023 CAPUT
3237 1967 3326 2023 Vl.

2351 2076 2428 2133 De
2450 2081 2828 2137 constructione
2855 2098 2990 2137 arcw
3011 2125 3024 2146 ,
3057 2085 3110 2138 in
3141 2101 3243 2150 qua
3265 2084 3478 2139 humani
3525 2087 3766 2155 corporis
3789 2087 3934 2158 ﬁgura

2419 2171 2747 2240 describitur;
2775 2185 2820 2228 et
2847 2180 3000 2249 cujus
3028 2177 3140 2230 nidi
3167 2179 3398 2248 singulas
3433 2179 3670 2243 eiusdem
3723 2181 3934 2250 corporis

2417 2267 2631 2320 humani
2659 2277 2829 2336 partes
2857 2271 3176 2340 signiﬁcant.
3215 2270 3485 2336 Quomodo
3525 2273 3635 2327 illm
3663 2273 3932 2340 bitumine,

2415 2367 2470 2410 ut
2499 2358 2718 2428 ﬁrmiter
2743 2360 2839 2414 sibi
2865 2362 3178 2428 conterebat,
3207 2367 3307 2416 sint
3336 2364 3597 2418 liniendte.

2416 2473 2506 2527 15.
2549 2473 2656 2530 Sed
2700 2476 2811 2544 jam
2857 2476 2926 2531 de
2959 2478 3070 2548 ipsa
3103 2477 3217 2532 Noe
3263 2494 3388 2533 arca
3435 2478 3764 2547 dicendum,
3790 2496 3931 2552 quam

2342 2568 2388 2624 si
2419 2570 2540 2640 quis
2571 2571 2696 2625 velit
2729 2570 3024 2642 impensius
3055 2572 3430 2642 ciinsiderare,
3462 2573 3706 2630 inveniet
3737 2575 3788 2628 in
3834 2576 3931 2645 ejus

2343 2661 2704 2719 aedificatione
2753 2664 3081 2734 descriptam
3115 2665 3336 2720 humani
3368 2666 3529 2738 233
3565 2669 3793 2737 tiguram
3824 2682 3929 2723 coro

2343 2757 2511 2825 poris.
2544 2755 2680 2824 Quid
2710 2767 2796 2812 est
2850 2758 2993 2812 cnim
3026 2758 3170 2828 quod
3203 2759 3277 2813 ait
3310 2759 3448 2832 Deus
3484 2777 3496 2811 :
3527 2757 3640 2811 Fac
3665 2758 3822 2830 igitur
3858 2758 3930 2811 tibi

2340 2865 2516 2903 arcam
2538 2850 2600 2902 de
2626 2851 2779 2922 lignis
2823 2850 3088 2919 quadratis
3115 2852 3132 2921 (
3157 2849 3290 2906 Gen.
3320 2866 3391 2918 v1,
3431 2850 3498 2906 H
3522 2851 3584 2922 )?
3609 2850 3926 2918 Quadratum

2341 2954 2490 2996 certe
2522 2941 2625 2996 hoc
2653 2944 3015 3013 appellamus,
3045 2943 3187 3014 quod
3219 2943 3471 2997 omnibus
3514 2944 3655 2998 bene
3686 2943 3928 2998 Consistat

2341 3035 2620 3105 partibus,
2651 3045 2701 3090 et
2753 3037 3044 3092 cnnveniat
3083 3035 3208 3090 sibi.
3239 3035 3422 3105 Itaque
3465 3046 3516 3090 et
3563 3035 3710 3091 Dens
3759 3046 3926 3090 auctor

2339 3129 2513 3183 nostri
2544 3129 2810 3200 corporis,
2843 3141 3160 3200 natumque
3203 3129 3499 3185 fabricator
3554 3132 3854 3196 astruitnr,
3882 3139 3926 3186 et

617 3237 734 3307 est,
769 3226 983 3298 inquit,
1015 3225 1288 3296 iniquitate
1313 3225 1332 3298 (
1357 3223 1484 3280 Gen.
1519 3241 1608 3292 v1,
1643 3225 1703 3280 ll
1734 3224 1773 3294 ).
1798 3223 1970 3279 Causa
2001 3233 2236 3277 terrenae
2262 3207 2307 3270 C
2341 3235 2477 3290 Opus
2519 3222 2691 3292 ipsum
2743 3221 3043 3292 perfectum
3081 3239 3203 3278 esse
3245 3224 3310 3277 iis
3345 3224 3695 3279 sermonibus
3735 3223 3922 3294 signiﬁ-

619 3324 952 3390 corruptelte
999 3321 1284 3377 manifesta
1328 3335 1452 3391 est,
1483 3338 1552 3378 eo
1598 3319 1742 3391 quod
1777 3319 2030 3391 iniquitas
2058 3315 2233 3372 homi-

619 3432 752 3471 num
788 3423 988 3469 terram
1019 3414 1343 3483 corruperit.
1372 3413 1528 3470 Unde
1549 3425 1604 3470 et
1634 3413 1894 3468 Dominus
1927 3413 2068 3468 Deus
2113 3412 2228 3466 ait:

618 3515 647 3542 λ
671 3503 898 3570 Tempus
941 3506 1106 3558 omnis
1132 3505 1355 3558 hominis
1391 3505 1526 3559 venit
1563 3514 1683 3559 ante
1727 3521 1838 3569 me,
1869 3505 1993 3575 quia
2035 3508 2232 3572 repleta

618 3605 696 3651 est
722 3605 861 3649 terra
904 3595 1266 3666 iniquitatibus
1306 3597 1414 3650 suis
1445 3595 1648 3668 (Ibid.,
1685 3595 1814 3663 15).
1849 3595 2086 3666 Tempus
2115 3599 2235 3666 qui-

615 3688 742 3744 dem
773 3686 1014 3742 omnimn
1041 3689 1321 3741 hominum
1351 3687 1404 3741 in
1430 3697 1726 3758 conspectu
1759 3688 1884 3754 Dei,
1913 3698 1970 3743 et
2011 3689 2064 3742 in
2106 3687 2224 3756 ejus

616 3779 900 3836 voluntate
941 3787 1046 3834 est.
1070 3777 1188 3834 Non
1235 3778 1410 3844 enim,
1439 3791 1493 3834 ut
1523 3781 1682 3852 vulgo
1705 3781 1889 3848 aiunt,
1923 3780 2086 3835 fatale
2130 3782 2225 3836 de-

616 3881 828 3928 cretum
856 3871 1109 3943 alligatur
1137 3889 1150 3927 :
1178 3871 1272 3927 sed
1305 3882 1481 3928 tamen
1503 3870 1533 3912 δ
1565 3873 1874 3942 Specialiter
1903 3873 1988 3928 hic
2016 3873 2220 3929 dictum

609 3976 771 4036 puto;
806 3968 932 4037 quia
955 3966 1008 4020 in
1043 3965 1336 4037 Evangelio
1361 3967 1616 4023 Dominus
1643 3969 2018 4039 redempturus
2049 3969 2223 4024 homi-

610 4076 742 4116 num
792 4075 964 4130 genus
1009 4062 1262 4131 passione
1307 4062 1390 4116 sui
1439 4063 1716 4133 corporis,
1747 4072 1803 4118 et
1828 4063 2222 4118 emundaturus

608 4152 872 4221 sanguine
901 4167 1021 4213 suo.
1047 4162 1495 4226 sacramentoque
1517 4155 1881 4224 baptismatis,
1906 4155 2009 4209 ait:
2038 4155 2219 4222 Pater,

608 4245 746 4299 venit
795 4253 922 4298 hora
947 4285 962 4309 ,
995 4245 1227 4310 clari/ica
1271 4247 1319 4300 F
1322 4248 1467 4301 ilium
1495 4259 1641 4303 tuum
1665 4290 1679 4314 ,
1710 4261 1764 4303 ut
1794 4261 1840 4302 et
1881 4246 1931 4300 F
1934 4250 2052 4304 ilius
2101 4261 2219 4304 tuus

610 4339 861 4409 clariﬁcet
910 4349 956 4394 te
997 4338 1198 4412 (Joan.
1242 4357 1381 4406 xvu,
1419 4341 1518 4413 1).
1547 4342 1694 4412 Ergo
1738 4343 1860 4413 quia
1912 4342 1968 4398 in
2015 4344 2218 4400 diluvio

610 4451 712 4508 per
739 4450 918 4490 arcam
948 4435 1062 4491 Noe
1086 4445 1316 4492 servata:
1347 4446 1475 4490 sunt
1497 4437 1737 4507 reliquia'
1758 4441 1974 4507 generis
1996 4441 2217 4496 humani

611 4528 682 4584 ad
710 4528 1060 4583 seminarium
1091 4528 1452 4597 reparationis
1495 4539 1551 4583 et
1582 4529 1948 4587 renovatiOnis
1988 4532 2211 4599 luturte,

2337 3327 2512 3372 catur.
2545 3316 2818 3383 Quadrato
2867 3325 3044 3370 autent
3096 3315 3330 3370 hominis
3381 3317 3621 3372 membra
3657 3331 3781 3373 esse
3828 3316 3923 3372 evi-

2337 3407 2472 3464 dens
2501 3410 2661 3474 ratio,
2693 3411 2736 3464 si
2763 3409 3076 3464 consideres
3107 3417 3293 3477 pectus
3335 3407 3596 3474 hominis,
3623 3410 3921 3465 consideres

2335 3512 2582 3557 ventrem
2597 3501 2714 3571 pati
2743 3516 2997 3558 mensura
3020 3500 3371 3573 longitudinis
3388 3513 3441 3556 et
3468 3502 3798 3567 latitudinis,
3834 3502 3921 3555 nisi

2335 3610 2457 3651 cum
2497 3596 2863 3664 voluptatibus
2897 3607 2950 3651 et
2973 3595 3148 3662 epulis
3179 3606 3367 3650 ventre
3407 3595 3920 3651 distentomensura

2336 3687 2600 3742 naturalis
2635 3687 2940 3741 exceditur.
2975 3686 3092 3740 Jam
3122 3685 3310 3758 pedes,
3343 3696 3398 3741 et
3423 3702 3641 3752 manus,
3681 3688 3918 3753 brachia,

2331 3779 2563 3844 femora,
2578 3789 2631 3832 et
2647 3795 2694 3834 Ct
2711 3793 2802 3833 ura
2821 3778 3211 3849 quadripartita
3227 3776 3351 3848 quis
3374 3793 3480 3832 non
3507 3794 3626 3850 lpSO
3651 3789 3675 3816 ο
3700 3782 3815 3835 visu
3833 3779 3916 3834 atl-

2327 3883 2507 3927 vertat
2525 3873 2547 3925 ?
2564 3872 2700 3929 Sunt
2716 3883 2898 3927 autem
2917 3873 3169 3941 pleraque
3193 3888 3404 3936 eorum,
3420 3883 3475 3928 et
3493 3873 3537 3927 si
3559 3888 3668 3928 non
3687 3874 3915 3944 eiusdem

2329 3966 2702 4036 longitudinis,
2721 3977 2812 4020 aut
2833 3966 3161 4032 latitudinis;
3184 3977 3360 4023 tamen
3385 3982 3507 4038 quas
3528 3969 3832 4038 analogiam
3852 3968 3911 4020 ita

2327 4069 2582 4128 servent,
2608 4071 2664 4114 ut
2696 4063 2746 4115 in
2796 4061 2863 4116 iis
2889 4076 3104 4132 qucque
3133 4076 3367 4132 congrua
3398 4077 3654 4117 mensura
3684 4064 3916 4132 ratioque

2327 4163 2618 4210 cnncnrrat
2648 4172 2661 4209 :
2696 4154 2993 4226 longitudo
3023 4154 3286 4225 prolixmr
3339 4171 3499 4226 quam
3543 4155 3776 4210 latitudo
3824 4156 3914 4218 sit,

2325 4248 2552 4304 latitudo
2595 4265 2754 4319 quam
2787 4248 3036 4303 altitudo.
3068 4249 3128 4303 Et
3157 4249 3298 4302 sicut
3327 4249 3454 4319 ligni
3481 4263 3628 4304 arcas
3660 4251 3801 4304 trina
3845 4247 3917 4303 di-

2322 4345 2521 4397 stantia
2543 4353 2654 4407 est;
2684 4341 2948 4412 siquidem
2983 4352 3348 4398 trecentorum
3399 4343 3708 4398 cubitorum
3758 4342 3917 4414 longi-

2322 4436 2560 4489 tudinem
2581 4477 2595 4499 ,
2625 4443 2679 4489 et
2707 4434 3094 4506 quinquaginta
3123 4435 3428 4490 cubitorum
3459 4435 3808 4490 altitudinem
3828 4477 3843 4502 ,
3870 4442 3918 4488 et

2318 4528 2534 4598 triginta
2563 4528 2868 4583 cubitorum
2893 4529 3231 4584 altitudinem
3256 4532 3578 4584 servandam
3605 4515 3730 4586 esse
3788 4545 3918 4600 pra:-

4063 3353 4065 3486 ἱ

607 4621 735 4678 ideo
804 4621 1062 4689 pr'emisit
1108 4620 1193 4675 hic
1228 4639 1240 4675 :
1279 4620 1500 4690 Tempus
1548 4624 1717 4677 omnis
1763 4623 1985 4679 hominis
2042 4627 2213 4692 venit;
2238 4651 2291 4712 D
2317 4621 2536 4689 scripsit
2565 4637 2577 4674 :
2604 4621 2674 4674 ita
2703 4630 2758 4676 et
2788 4623 2839 4674 in
2871 4631 3057 4676 nostro
3085 4636 3312 4690 corpore
3335 4638 3546 4677 summa
3585 4629 3700 4685 est.
3730 4630 3785 4677 et
3813 4636 3916 4677 me-

604 4715 728 4786 quia
774 4715 970 4782 repleta
995 4724 1069 4769 est
1095 4723 1233 4768 terra
1253 4714 1610 4781 iniquitatibus
1629 4716 1758 4770 suis.
1789 4717 1900 4772 iloe
1926 4717 1978 4771 in
2009 4717 2208 4788 ﬁgura;
2315 4712 2430 4778 dia,
2457 4723 2510 4768 et
2538 4713 2757 4767 minima
2789 4713 3063 4767 distantia.
3096 4712 3318 4768 Summa
3350 4715 3650 4769 secundum
3684 4714 3915 4785 longitu-

604 4811 662 4866 in
711 4808 941 4864 veritate
967 4815 1144 4859 autem
1159 4805 1249 4860 ~ait
1281 4823 1293 4860 :
1332 4806 1581 4876 Reliquias
1611 4826 1701 4877 per
1730 4809 2053 4874 dilectionem
2090 4827 2213 4881 gra-
2315 4807 2519 4869 dinem,
2551 4806 2728 4862 media
2760 4806 3056 4863 secundum
3085 4807 3450 4871 latitudinem,
3475 4807 3698 4863 minima
3727 4825 3915 4864 secuti.

604 4902 693 4957 tite
734 4899 890 4953 salute
915 4898 1069 4962 [actae
1109 4906 1226 4950 sunt
1275 4895 1471 4970 (Rom.
1501 4915 1587 4965 χι,
1619 4901 1719 4972 5).
1756 4901 1992 4971 Ideoque
2032 4903 2212 4958 excla-
2315 4899 2443 4955 dum
2473 4900 2853 4956 altitudinem:
2885 4908 3058 4955 tctum
3102 4912 3280 4955 tamen
3320 4916 3521 4969 corpus
3547 4910 3817 4959 attextum
3849 4919 3913 4958 ex

599 5002 713 5046 mat
748 4988 1040 5056 Apostolus
1066 4988 1254 5044 dicens
1280 5007 1293 5042 :
1324 4991 1777 5060 Superabundavit
1819 5005 2081 5066 peccatum
2103 5039 2118 5064 ,
2152 5006 2210 5051 ut
2313 4994 2538 5066 singulis
2571 4992 2830 5048 membris
2859 4993 3182 5064 quadratum
3226 4993 3459 5048 videtur.
3489 4994 3624 5049 Nam
3651 5010 3708 5050 et
3735 4997 3790 5051 in
3818 5011 3910 5050 usu

599 5083 1043 5156 superabundaret
1065 5092 1115 5137 et
1141 5083 1308 5153 gratia
1331 5081 1351 5156 (
1375 5084 1527 5140 Rom.
1555 5103 1610 5153 v,
1641 5086 1717 5143 20
1738 5085 1778 5158 ).
2310 5088 2382 5144 ita
2413 5097 2517 5156 est,
2547 5096 2604 5142 ut
2624 5103 2718 5143 eos
2747 5087 3037 5158 quadratos
3069 5087 3338 5153 dicamus,
3365 5105 3501 5159 quos
3533 5105 3635 5146 nec
3662 5105 3912 5147 enormes

664 5177 754 5232 12.
799 5173 1071 5244 Corrupit,
1103 5174 1307 5244 inquit,
1332 5178 1497 5230 omnis
1527 5194 1647 5232 caro
1677 5178 1811 5232 viam
1835 5197 1985 5235 suam
2015 5181 2194 5256 (Gen.
2310 5182 2639 5254 proceritate
2665 5223 2680 5250 ,
2733 5190 2789 5236 et
2833 5179 3043 5237 validos
3095 5180 3306 5236 robusti
3358 5180 3622 5252 qualitate
3669 5185 3912 5256 corporis

593 5285 670 5337 vi,
704 5266 771 5324 12
795 5267 839 5340 ).
868 5268 1098 5324 Carnem
1146 5267 1234 5323 hic
1260 5268 1440 5337 posuit
1484 5285 1581 5340 pro
1615 5270 1832 5327 homine
1855 5282 2107 5343 terreno,
2140 5278 2194 5332 in
2302 5276 2656 5333 instituamus.

2377 5397 2404 5438 «1
2440 5400 2580 5454 Edit.
2612 5413 2836 5458 omnes.
2875 5399 3081 5455 Domini
3109 5401 3388 5456 declarari.
3423 5387 3616 5459 Meliits
3637 5417 3773 5459 is.
3807 5402 3909 5457 Do-

2297 5473 2427 5526 mini
2472 5471 2760 5544 declarare.
2817 5471 3340 5544 Subintelligendum
3387 5476 3577 5540 enim,
3632 5475 3909 5542 Scriptura

2295 5559 2453 5618 vtam.
2487 5543 2692 5618 Pendet
2736 5553 2914 5618 autem
2970 5543 3131 5618 hujus
3150 5617 3153 5618 ν
3176 5545 3288 5618 loci
3323 5558 3546 5618 sensus
3568 5562 3635 5600 ex
3667 5563 3734 5602 eo
3762 5543 3907 5618 quod

2294 5616 2506 5683 legatur
2554 5614 2694 5680 apud
2748 5613 2921 5677 LXX.
2950 5621 3040 5675 τὴν
3081 5614 3193 5671 ὁδὸν
3232 5617 3416 5670 αὐτοῦ.
3452 5615 3665 5672 Videsis
3705 5613 3905 5673 Nobilii

2291 5698 2451 5742 notas
2483 5686 2546 5764 ad
2580 5686 2731 5740 illum
2759 5701 2971 5741 versum
2999 5703 3014 5753 ;
3046 5700 3101 5742 et
3128 5687 3412 5743 Philonem
3460 5688 3557 5744 lib.
3587 5686 3708 5746 Ὀτι
3743 5688 3903 5764 ἄτρε-

2292 5780 2420 5817 πτον
2445 5759 2505 5812 τὸ
2531 5767 2681 5814 Θεῐον

2368 5840 2391 5867 ο
2413 5829 2490 5884 lta
2521 5829 2686 5886 Corb.
2715 5836 2772 5886 et
2797 5827 2970 5902 Long.
3001 5828 3150 5887 Edit.
3187 5844 3324 5888 vero
3354 5845 3368 5885 :
3395 5831 3510 5904 ipso
3533 5848 3653 5888 usu.

667 5403 692 5428 ⁸
721 5391 888 5448 Etlitt.
917 5391 1097 5456 Rom.,
1129 5400 1329 5459 tempus
1367 5392 1597 5446 omnium
1624 5392 1893 5449 hominum
1936 5401 2069 5453 venit
2112 5417 2197 5455 co-

590 5479 706 5517 ram
754 5481 861 5530 me,
893 5465 1016 5533 quia
1045 5463 1238 5534 repleta
1283 5473 1358 5516 est
1405 5473 1542 5517 terra
1579 5466 1850 5534 iniquitate
1879 5469 1940 5520 ob
1990 5474 2083 5526 eis.
2113 5473 2190 5528 lta

587 5534 751 5604 etiam
795 5535 966 5600 intra,
994 5533 1107 5589 sed
1139 5543 1368 5604 utroque
1413 5535 1534 5590 loco
1580 5533 1773 5594 contra
1819 5554 1952 5595 mss.
1983 5551 2038 5597 et
2080 5553 2186 5599 vet.

587 5603 718 5658 edit.
751 5606 1150 5660 auctoritatem.

658 5673 686 5711 h
717 5675 1037 5750 [toriuediu
1062 5678 1202 5746 sola,
1229 5681 1552 5750 spiritaliter.

660 5757 682 5782 ε
717 5744 806 5800 Sic
831 5747 961 5825 edit.
995 5748 1119 5825 Mss.
1155 5744 1356 5822 autem,
1385 5755 1519 5809 velut
1547 5751 1691 5825 regio
1714 5752 1953 5825 quwdnm
1973 5796 1989 5823 ,
2017 5765 2068 5812 et
2105 5757 2186 5813 lo-

571 5829 664 5870 cus
694 5825 766 5871 est
795 5817 1091 5886 voluptatis.
