4150 6358
260 363 364 419 369

1350 364 1438 420 DE
1475 363 1612 421 NOE
1652 363 1744 420 ET
1783 363 1988 423 ΑΒΕΔ.
2029 366 2234 424 LIBER
2273 368 2477 428 UNUS.

3469 379 3576 437 370

332 478 420 534 14.
463 476 603 546 Quid
634 476 799 534 etiam
829 475 932 530 sibi
958 476 1069 530 vult
1103 474 1244 545 quod
1271 475 1347 530 ait
1376 491 1390 528 :
1418 473 1586 531 Nidos
1614 475 1778 546 facies
1806 475 1859 528 in
1886 479 1939 540 Α
2031 477 2108 532 ris
2146 489 2315 550 partes
2349 480 2417 534 ad
2455 497 2607 537 usum
2627 481 2854 552 aliquem
2893 492 2939 539 et
2961 484 3194 542 decorem
3217 501 3328 544 esse
3352 503 3572 562 compo-

255 589 380 628 arca
425 571 644 646 (lbid._),
677 586 1015 643 nequaquam
1044 569 1308 625 silendum
1344 568 1579 624 videtur.
1627 569 1861 624 Natura-

259 665 387 722 litcr
430 668 576 722 enim
625 666 828 720 dictum
878 665 1134 726 arbitror.
1160 680 1226 719 eo
1270 663 1411 732 quod
1460 678 1621 718 omne
1667 677 1868 729 corpus

258 770 507 813 nostrum
540 767 803 824 attextnm
843 767 926 813 est
956 757 1092 811 sicut
1124 755 1282 812 nidus
1307 773 1321 821 ;
1347 765 1405 809 tit
1432 758 1654 826 spiritus
1685 755 1866 811 vitalis

258 868 452 908 omnes
483 860 660 923 partes
689 851 951 906 viscerum
981 860 1222 920 penetret
1250 892 1263 914 ,
1292 858 1455 919 atque
1478 852 1544 901 de
1571 849 1857 919 principali

261 959 452 1000 nnStro
497 945 683 998 fundat
721 961 780 997 se
827 959 920 1012 per
969 952 1118 996 artus
1163 944 1423 1013 singulos.
1477 941 1595 996 Nidi
1643 943 1862 1012 quidam

259 1049 387 1091 sunt
415 1039 554 1090 oculi
589 1037 782 1101 nostri,
815 1036 1012 1107 quibus
1051 1052 1109 1090 se
1137 1037 1282 1090 visus
1316 1037 1523 1090 inserit.
1570 1034 1689 1090 Nidi
1737 1044 1864 1090 sunt

259 1141 567 1185 nostrarum
599 1131 750 1183 sinus
779 1134 1022 1196 aurium,
1059 1145 1152 1199 per
1181 1145 1321 1200 quos
1351 1129 1566 1182 auditus
1591 1143 1650 1184 se
1680 1129 1861 1182 inlun-

256 1223 374 1287 dit,
402 1232 457 1278 et
489 1224 635 1280 velut
674 1223 725 1277 in
759 1222 967 1278 foveam
1001 1224 1163 1278 altam
1203 1223 1407 1292 dejicit.
1439 1221 1607 1276 Nidus
1644 1233 1727 1277 est
1761 1238 1863 1278 na-

253 1315 417 1381 rium,
445 1319 534 1385 qui
565 1315 632 1370 ad
672 1332 731 1372 se
776 1315 998 1371 odorem
1031 1317 1276 1371 attrahit.
1309 1315 1477 1371 Nidus
1511 1328 1598 1371 est
1635 1326 1862 1386 quartus

255 1409 430 1479 major
477 1409 693 1464 caeteris
735 1411 911 1464 hiatus
958 1411 1071 1465 oris
1097 1452 1111 1476 ,
1145 1410 1198 1464 iu
1243 1427 1350 1480 quo
1389 1409 1663 1474 nutritur,
1687 1410 1862 1466 donec

257 1502 537 1558 adolescat
563 1518 765 1573 sapor;
794 1512 850 1559 et
873 1504 1014 1559 unde
1039 1520 1138 1558 \‘ox
1163 1505 1362 1560 evolat.
1385 1504 1440 1558 lu
1469 1521 1576 1574 quo
1607 1505 1736 1560 latet
1761 1506 1861 1558 lin-

259 1611 361 1668 gua
383 1612 505 1667 qua:
523 1597 945 1668 velutorganum
979 1601 1147 1665 vocis,
1178 1613 1342 1653 sonos
1367 1601 1484 1668 ejus
1513 1599 1705 1655 artifici
1734 1615 1861 1656 sua-

258 1689 430 1744 vitate
461 1691 796 1757 modulatur;
829 1702 883 1748 et
913 1709 1033 1747 cum
1067 1693 1134 1747 sit
1170 1693 1283 1763 ipsa
1317 1694 1736 1758 irrationabilis,
1772 1709 1859 1749 ra-

254 1780 567 1836 tionabilem
600 1799 786 1838 vocem
817 1785 1088 1854 exprimit.
1123 1784 1290 1840 Nidus
1319 1795 1403 1839 est
1435 1785 1853 1841 hemicranium.

2046 574 2191 627 sitas.

2045 665 2130 720 l6.
2158 665 2303 721 Alibi
2330 678 2533 734 autem,
2560 670 2661 727 hoc
2688 681 2803 738 est,
2831 673 2884 727 in
2915 673 3105 730 Exodo
3133 676 3297 732 etiam
3339 675 3571 732 deaura-

1968 765 2059 811 tttr
2092 755 2223 812 foris
2263 771 2315 811 et
2355 760 2500 814 intus
2531 777 2653 816 arra
2686 764 2772 817 illa
2811 763 3008 828 (Exod.
3041 782 3169 831 xxv,
3199 766 3316 839 it),
3349 785 3469 839 qua:
3515 768 3571 824 in

1966 851 2169 904 sanctis
2193 861 2276 906 est
2301 854 2482 907 mundi
2511 855 2864 926 itttelligibilts
2887 857 3141 914 imitatrix
3176 862 3372 932 imago.
3407 861 3566 918 Sicut

1965 944 2108 998 enim
2135 945 2421 1012 pretiosius
2453 963 2638 1001 aurum
2665 950 2925 1006 bitumine
2951 969 2962 1002 :
2987 951 3057 1006 ita
3079 953 3168 1006 illa
3211 970 3333 1024 qua:
3365 956 3415 1008 in
3448 970 3575 1010 san-

1967 1035 2069 1090 ctis
2098 1044 2180 1090 est
2199 1051 2517 1106 arca,quam
2539 1037 2638 1092 ista
2668 1044 3032 1108 prmstautior.
3053 1043 3292 1113 Denique
3323 1045 3410 1101 hic
3440 1045 3574 1100 sim-

1965 1127 2176 1196 pliciter
2212 1130 2354 1199 ligna
2405 1130 2582 1199 posuit
2627 1149 2642 1187 :
2683 1132 2754 1186 ibi
2787 1143 2967 1188 autem
3012 1134 3157 1205 ligna
3207 1137 3447 1207 quidem,
3479 1137 3576 1194 sed

1966 1220 2316 1292 imputribilia
2345 1223 2758 1293 comprehemlit
2781 1266 2796 1288 ,
2821 1226 3109 1282 declarans
3139 1233 3327 1284 merita
3359 1242 3577 1286 sancto-

1967 1330 2109 1369 rum.
2129 1314 2355 1370 Addidit
2379 1317 2539 1371 etiam
2562 1317 2673 1373 illic
2693 1323 3094 1388 supportatoria
3111 1323 3402 1378 immobilia
3423 1341 3575 1392 esse,

1967 1411 2108 1482 quod
2143 1424 2454 1468 sanctorum
2485 1414 2650 1467 statio
2671 1413 2882 1470 stabilis
2903 1427 2957 1469 et
2989 1416 3138 1470 firma
3168 1418 3265 1482 sit;
3299 1421 3422 1489 quia
3449 1422 3574 1474 vita:

1965 1502 2262 1571 probabilis
2296 1505 2564 1560 tramitem
2611 1505 2830 1561 virtutis
2860 1507 3024 1561 ductu
3057 1510 3226 1563 secuti
3258 1520 3419 1577 sunt,
3450 1526 3579 1566 cor-

1964 1597 2194 1665 ruptela:
2231 1597 2564 1653 declinantes
2591 1602 2884 1654 consortia.
2917 1599 3046 1655 Htec
3080 1615 3262 1657 autem
3298 1616 3456 1668 arca,
3487 1612 3572 1657 ut-

1964 1700 2092 1760 pote
2134 1691 2186 1743 in
2221 1690 2459 1757 diluvio,
2502 1691 2606 1746 huc
2635 1701 2797 1762 atque
2837 1693 2964 1747 illuc
2997 1704 3145 1747 motu
3192 1693 3578 1764 impellebatur

1961 1783 2206 1849 incerto;
2249 1800 2315 1839 eo
2352 1785 2494 1856 quod
2535 1797 2881 1856 peccatorum
2915 1796 3088 1843 status
3118 1789 3334 1844 mobilis
3379 1789 3485 1856 sit,
3515 1799 3574 1846 et

254 1871 424 1926 Nidus
467 1883 549 1927 est
601 1875 915 1929 membrana
965 1876 1054 1930 illa
1104 1893 1224 1947 qua:
1263 1878 1547 1932 cerebrum
1602 1877 1768 1944 fovet,
1800 1891 1856 1934 et
1885 1875 1932 1936 B
1963 1879 2085 1933 vita:
2110 1893 2299 1934 eorum
2332 1879 2563 1950 quodam
2588 1880 3006 1937 redundautium
3035 1882 3346 1952 passionum
3371 1882 3575 1940 diluvio

253 1964 398 2018 intra
423 1963 662 2020 cohibet.
711 1965 830 2019 Nidi
855 1977 983 2020 sunt
1009 1965 1217 2021 viscera
1246 1967 1520 2037 pulmonis
1558 1976 1613 2023 et
1647 1968 1850 2024 cordis.

255 2054 492 2126 Spiritus
519 2055 734 2126 quidem
763 2059 955 2122 nostri,
974 2055 1074 2112 hoc
1100 2066 1206 2124 est,
1229 2057 1346 2129 ejus
1364 2073 1523 2130 quem
1553 2061 1856 2129 carpimus,

255 2158 310 2203 et
337 2165 445 2218 quo
473 2147 669 2202 alimur
694 2149 748 2203 in
779 2148 879 2204 bac
907 2149 1034 2216 vita,
1064 2151 1224 2206 nidus
1255 2162 1339 2206 est
1367 2153 1555 2221 pulmo
1587 2169 1600 2206 :
1635 2155 1856 2226 sangui-

257 2241 343 2295 nis
374 2249 552 2295 autem
581 2251 638 2296 et
673 2241 896 2311 spiritus
932 2242 1090 2297 nidus
1120 2254 1204 2299 est
1231 2260 1346 2300 cor.
1383 2245 1499 2300 Duo
1537 2257 1663 2300 sunt
1711 2247 1854 2302 enim

255 2333 374 2404 ejus
409 2335 546 2389 uteri
573 2353 586 2388 :
622 2350 758 2388 unus
787 2351 892 2406 quo
932 2337 1248 2405 sanguinem
1277 2338 1426 2392 velut
1455 2339 1689 2407 quodam
1734 2338 1857 2393 sinu

257 2427 504 2497 suscipit,
534 2437 590 2482 et
632 2427 958 2482 transfundit
993 2430 1045 2482 in
1078 2445 1244 2484 venas
1274 2449 1288 2482 :
1326 2431 1468 2484 alter
1501 2447 1611 2501 quo
1651 2430 1858 2502 rigatus

255 2536 322 2576 ex
360 2523 453 2576 illo
480 2524 747 2593 superiori
774 2523 994 2579 deducit
1022 2524 1074 2578 in
1100 2526 1459 2596 arteriasjngi
1494 2539 1695 2581 meatu.
1722 2527 1856 2582 Ossa

252 2632 468 2687 quoque
495 2618 754 2673 validiora
791 2619 949 2673 nidos
981 2619 1201 2674 habent.
1228 2620 1370 2674 Sunt
1406 2620 1550 2674 enim
1589 2621 1734 2674 intus
1761 2635 1856 2676 ca-

251 2720 398 2776 vata,
419 2710 470 2763 in
491 2711 686 2780 quibus
712 2709 1068 2766 foraminibus
1089 2721 1173 2767 est
1193 2713 1446 2768 medulla.
1479 2713 1535 2768 ln
1560 2713 1860 2768 visceribus

253 2802 386 2872 ipsis
418 2803 756 2858 mollioribus
789 2803 898 2858 uidi
931 2805 1244 2875 cupiditatis
1266 2817 1358 2859 aut
1387 2805 1591 2860 doloris
1611 2817 1758 2861 sunt.
1790 2807 1854 2861 Et

254 2895 363 2948 alia
402 2896 446 2947 si
483 2896 604 2963 quis
637 2895 982 2960 consideret,
1011 2897 1174 2950 etiam
1207 2897 1388 2966 plures
1425 2897 1581 2952 nidos
1617 2897 1858 2953 inveniet

255 2988 310 3043 in
342 2987 446 3042 bac
477 2986 676 3043 fabrica
715 2991 935 3043 humani
962 2990 1228 3060 corporis.
1266 2990 1422 3046 Unde
1455 3000 1586 3062 puto
1613 3001 1669 3046 et
1702 2993 1858 3047 illum

255 3082 309 3137 in
345 3081 561 3136 Psalmo
591 3096 696 3136 non
719 3083 894 3137 Solum
928 3084 1186 3155 mystice,
1211 3083 1306 3138 sed
1338 3085 1502 3139 etiam
1543 3085 1862 3141 uaturalita-

253 3183 340 3230 ter
380 3174 584 3230 dixisse
632 3192 648 3229 :
703 3174 917 3230 Etenim
961 3193 1138 3246 passer
1186 3178 1378 3230 invenit
1415 3177 1511 3230 sibi
1547 3177 1862 3244 domum,et

1961 1975 2300 2044 corruptioni
2326 1975 2577 2030 obnoxiae
2607 1991 2796 2032 errore
2825 1980 3152 2033 iuconstanti
3189 1989 3484 2049 vagentur.

2036 2067 2123 2122 17.
2153 2066 2265 2122 Nec
2312 2067 2442 2121 illud
2485 2069 2924 2139 prmtereundutn
2969 2069 3110 2140 quod
3147 2085 3269 2126 cum
3299 2069 3572 2126 dixisset:

1962 2158 2031 2212 Et
2058 2161 2215 2229 facies
2242 2177 2417 2213 arcam
2447 2169 2787 2215 trecentorum
2825 2163 3111 2216 cubitorum
3136 2163 3493 2233 longitudine,
3529 2173 3580 2220 et

1959 2253 2329 2324 quinquaginta
2355 2253 2646 2306 cubitorum
2693 2253 2998 2320 latitudine,
3043 2265 3090 2308 et
3122 2255 3336 2327 triginta
3379 2256 3581 2312 cubito-

1960 2361 2075 2398 rum
2107 2346 2402 2409 altitudine,
2429 2346 2640 2402 addidit
2671 2365 2682 2400 :
2719 2345 2979 2418 Cotligens
3004 2349 3162 2419 facies
3191 2364 3399 2414 arcam,
3433 2359 3481 2404 et
3522 2351 3580 2405 in

1962 2436 2132 2492 cubito
2156 2437 2535 2492 consummabis
2554 2455 2670 2493 eam
2695 2457 2726 2493 a
2747 2456 2946 2493 summa
2973 2439 3126 2511 (Gen.
3151 2457 3229 2506 Vl,
3262 2439 3329 2496 15
3356 2451 3403 2496 et
3434 2439 3526 2513 16)
3557 2457 3572 2496 :

1962 2540 2020 2584 ut
2051 2531 2260 2601 reliquo
2287 2530 2503 2601 corpori
2538 2547 2808 2587 mensura:
2831 2532 2930 2586 sibi
2961 2533 3342 2588 convenientis
3362 2533 3428 2587 ad
3453 2548 3576 2604 gra-

1963 2624 2092 2678 tiam
2127 2624 2328 2680 decore
2368 2625 2658 2694 quadraret
2698 2632 2863 2693 caput
2902 2625 3164 2691 hominis,
3195 2637 3250 2681 et
3297 2636 3574 2697 tamquam

1962 2717 2142 2786 regale
2187 2731 2328 2771 arca:
2358 2717 2710 2789 adjuugeret,
2739 2733 2808 2772 ex
2849 2732 2954 2787 quo
2993 2732 3117 2772 cum
3160 2732 3356 2774 sensus
3385 2733 3579 2776 omnes

1963 2807 2029 2862 ad
2069 2818 2296 2862 caeteras
2336 2819 2519 2880 partes
2561 2809 2809 2878 corporis
2858 2808 3411 2874 transfundereutur;
3459 2817 3577 2865 tum

1964 2899 2200 2954 maxime
2231 2901 2397 2964 oculi,
2430 2900 2576 2955 velut
2604 2901 2974 2972 speculatores
3005 2910 3060 2954 et
3090 2901 3343 2957 custodes
3369 2911 3578 2958 naturae

1962 2993 2193 3064 appositi
2225 2993 2578 3060 providentia.
2608 3009 2774 3061 prope
2798 3001 2969 3047 totum
2997 2994 3147 3048 orbis
3169 2996 3342 3049 nostri
3373 3004 3575 3050 statum

1965 3083 2200 3151 desuper
2223 3093 2631 3138 contueremur.
2675 3084 2903 3154 Ipsaque
2945 3100 3100 3140 mens
3129 3085 3243 3140 illic
3274 3087 3453 3141 locata
3489 3102 3583 3144 se-

1964 3176 2200 3232 cundum
2233 3177 2588 3246 plurimorum
2614 3178 2964 3242 sententiam,
2986 3187 3040 3232 et
3062 3178 3300 3233 maxime
3326 3179 3577 3234 Salomo-

258 3279 429 3325 turtur
445 3267 747 3334 nidum,ubi
773 3278 986 3338 reponat
1007 3267 1852 3342 pullosg3asuos(Ps.uxxtn,
1883 3280 1928 3342 ρ
1963 3270 2046 3324 nis
2075 3269 2169 3340 qui
2203 3270 2277 3322 ait
2309 3287 2322 3323 :
2354 3267 2507 3323 Oculi
2535 3268 2787 3334 sapientis
2816 3269 2871 3322 in
2903 3271 3072 3337 capite
3097 3271 3209 3340 ejus
3234 3269 3461 3339 (Eccles.
3493 3287 3532 3326 tt
3559 3313 3575 3339 ,

254 3359 335 3432 4).
377 3361 471 3416 Est
493 3361 637 3416 enim
664 3363 774 3431 jam
805 3363 854 3416 in
881 3361 984 3417 hoc
1012 3377 1240 3433 corpore
1274 3365 1432 3417 nidus
1465 3363 1768 3432 pudicitiae,
1801 3363 1856 3418 in

253 3470 361 3524 quo
387 3464 504 3510 erat
533 3454 691 3509 nidus
718 3454 1105 3510 irrationabilis
1125 3455 1599 3524 concupiscentize.
1634 3455 1742 3511 Sed
1765 3456 1854 3511 ubi

251 3559 381 3604 ante
423 3558 606 3619 partus
632 3548 906 3603 deformes
937 3549 1217 3603 nutriebat
1246 3549 1414 3604 libido
1440 3587 1457 3615 ,
1483 3548 1556 3603 ibi
1589 3563 1732 3604 nunc
1759 3548 1855 3605 de-

135 3681 152 3686 -
250 3655 396 3696 coras
423 3641 690 3696 castitatis
720 3642 981 3696 adolescit
1007 3641 1317 3696 btet-editas.

321 3737 409 3792 15.
437 3734 661 3800 Illinies,
692 3737 884 3806 inquit,
909 3752 1023 3790 eam
1054 3737 1299 3790 bitumine
1333 3735 1486 3806 (Gen.
1519 3751 1595 3804 Vl,
1631 3736 1746 3808 14).
1774 3737 1851 3792 Ex

246 3826 433 3882 multis
481 3827 736 3893 ossibus,
770 3827 1095 3896 nervisque,
1119 3835 1174 3882 et
1211 3828 1423 3881 casteris
1466 3827 1592 3881 aliis
1635 3835 1855 3883 Constat

247 3919 546 3974 humanum
577 3933 796 3988 corpus.
830 3919 897 3973 Et
927 3919 1056 3973 foris
1099 3920 1260 3988 igitur
1287 3929 1340 3973 et
1381 3920 1528 3974 intus
1550 3929 1676 3988 apta
1702 3935 1854 3974 com-

250 4028 387 4083 page
421 4027 730 4067 connexum
758 4011 858 4068 sibi
888 4011 1160 4075 adhaeret,
1189 4023 1242 4066 et
1284 4011 1599 4066 habitudine
1637 4013 1851 4082 propria

245 4122 408 4178 quam
449 4109 576 4179 ἁφήν
617 4104 791 4160 Grarci
830 4105 1050 4172 dicunt,
1082 4115 1325 4169 tenetur;
1359 4115 1416 4159 ut
1451 4107 1592 4159 intus
1637 4107 1854 4161 clausus

245 4203 474 4273 spiritus
507 4203 595 4272 qui
626 4202 954 4268 infunditur,
985 4203 1069 4258 vel
1102 4203 1363 4272 spiritalis
1393 4203 1689 4256 substantia
1730 4217 1852 4273 quae

246 4297 389 4352 intus
416 4309 700 4366 operatur,
721 4296 886 4350 veluti
917 4295 1148 4365 geminis
1169 4295 1463 4350 constricta
1481 4295 1710 4349 vinculis
1741 4309 1851 4349 non

246 4403 505 4463 evagetur
539 4410 552 4447 :
582 4392 676 4447 sed
710 4393 775 4445 ad
803 4393 1064 4446 unitatem
1098 4401 1124 4428 ιι
1150 4402 1328 4462 aptam
1351 4402 1406 4448 et
1433 4393 1803 4446 continentem
1832 4433 1847 4458 ,

247 4486 756 4555 connexionemque
791 4484 1022 4538 validam
1058 4485 1362 4540 eohihetur.
1414 4485 1541 4540 ldeo
1583 4485 1848 4540 bitumine

246 4580 544 4648 c0nstringi
575 4594 698 4633 arca
728 4579 976 4646 jubetur;
1001 4588 1083 4631 est
1117 4579 1258 4633 enim
1285 4579 1526 4633 bitumen
1558 4577 1847 4634 vehemen-

1963 3360 2056 3433 M)
2083 3379 2096 3414 :
2123 3361 2278 3430 quasi
2308 3363 2361 3414 in
2389 3360 2510 3414 aula
2546 3360 2815 3430 imperiali
2849 3362 3107 3415 virtutum
3137 3363 3426 3417 concilium
3461 3362 3570 3419 sibi

1960 3451 2280 3518 contrahat,
2305 3467 2413 3522 quo
2433 3452 2632 3520 stipata
2661 3452 2922 3508 comitatu
2952 3466 3005 3508 et
3029 3453 3145 3523 ipsa
3173 3453 3434 3508 munitior
3458 3454 3530 3509 sit
3555 3495 3572 3522 ,

1958 3556 2014 3602 et
2042 3557 2314 3616 tamquam
2346 3559 2409 3598 ex
2442 3544 2592 3600 edito
2620 3545 2857 3616 quodam
2889 3544 3011 3600 loco
3038 3545 3224 3600 tuendi
3255 3545 3418 3600 tutius
3443 3560 3576 3601 cor-

1957 3638 2106 3710 poris
2133 3635 2161 3675 δ
2185 3637 2426 3708 regimen
2474 3637 2778 3706 impertiat,
2809 3651 3068 3707 responsa
3099 3637 3371 3708 proferat,
3402 3637 3568 3711 235

1956 3745 2055 3802 per
2081 3746 2241 3802 quem
2269 3731 2538 3800 possimus
2564 3747 2662 3786 nos
2693 3733 2840 3803 ipsos
2873 3747 2980 3786 non
3008 3732 3186 3787 solum
3212 3741 3360 3788 retro
3391 3733 3573 3801 respi-

1955 3839 2114 3890 cere,
2147 3841 2248 3880 nec
2295 3826 2471 3882 solum
2513 3825 2656 3896 quod
2697 3835 2823 3881 ante
2868 3825 3035 3895 pedes
3083 3833 3166 3880 est
3205 3825 3430 3893 videre,
3463 3826 3564 3882 sed

1954 3922 2116 3975 etiam
2159 3922 2281 3976 οωιί
2329 3921 2499 3991 ipsius
2528 3930 2738 3976 secreta
2772 3919 3043 3992 profundo
3076 3921 3269 3977 obtutu
3313 3928 3571 3989 spectare

1955 4016 2257 4085 sapientiae.
2288 4015 2366 4069 lbi
2396 4015 2556 4086 igitur
2577 4030 2787 4070 summa
2808 4024 3008 4069 nostra:
3033 4015 3246 4080 salutis,
3271 4014 3346 4069 ibi
3370 4017 3571 4082 gratia.

1955 4109 2087 4164 lode
2134 4108 2415 4169 custodia.
2460 4107 2584 4162 inde
2622 4108 2787 4162 etiam
2836 4106 3181 4178 pulchritudo
3215 4107 3315 4162 ιοιί
3349 4107 3573 4175 corpori

1955 4202 2272 4272 acquiritur,
2302 4217 2423 4271 quae
2454 4202 2687 4270 printqu
2719 4202 2771 4255 in
2795 4201 2948 4255 vultu
2979 4210 3191 4255 vernat.
3225 4200 3391 4256 Decet
3413 4200 3563 4255 enim

1956 4296 2388 4366 praestantiorem
2407 4310 2531 4350 esse
2557 4296 2696 4350 aulae
2728 4295 2924 4364 regalis
2953 4296 3208 4359 nitorem,
3241 4295 3294 4349 in
3321 4310 3428 4366 qua
3458 4295 3569 4351 sic-

1953 4399 2011 4444 ut
2041 4389 2189 4442 visus
2219 4388 2413 4458 major,
2436 4387 2508 4443 ita
2539 4387 2796 4457 splendor
2825 4397 2928 4442 est.

2027 4483 2112 4539 18.
2154 4482 2398 4552 Namque
2439 4483 2488 4538 si
2535 4490 2750 4551 snectes
2797 4482 3008 4554 singula
3053 4495 3176 4551 quae
3213 4481 3267 4538 in
3316 4481 3564 4540 hominis

1950 4576 2121 4632 forma
2147 4576 2212 4631 ad
2239 4592 2392 4632 usum
2417 4576 2652 4646 aliquem
2685 4578 2985 4644 composita
3015 4574 3297 4640 videntur,
3321 4583 3381 4630 ut
3407 4576 3556 4631 oculi

248 4675 316 4726 tis
352 4673 416 4726 ad
448 4673 926 4741 ctmstriugeudmu
961 4681 1187 4726 natura).
1238 4671 1389 4727 Unde
1425 4687 1604 4742 gnece
1648 4672 1847 4728 dicitur
1871 4683 1927 4744 Ῑ)
1951 4670 2018 4724 ad
2045 4669 2354 4733 videndum,
2376 4684 2536 4724 aures
2560 4668 2628 4722 ad
2657 4667 3010 4733 audiendum,
3042 4683 3199 4723 nares
3225 4667 3291 4722 ad
3319 4668 3567 4723 odoran-

244 4766 426 4840 νάφθα,
458 4767 601 4842 παρὰ
626 4773 718 4820 τοῦ
749 4767 1047 4829 συνάπτειν,
1077 4765 1220 4835 quod
1247 4765 1514 4835 disjnncta
1542 4773 1852 4834 connectat,

247 4873 498 4928 nexuque
545 4860 880 4928 constringat
928 4858 1326 4924 indi~$olubili,
1372 4859 1442 4912 ita
1502 4868 1559 4913 ιιι
1621 4861 1854 4914 naturali

249 4949 454 5004 unitate
481 4949 582 5003 sibi
613 4949 803 5005 credas
829 4950 1146 5003 convenire.
1177 4949 1258 5003 0b
1295 4949 1437 5003 banc
1463 4963 1683 5004 causam
1707 4949 1856 5004 intus

248 5053 305 5098 et
333 5043 464 5098 foris
498 5042 758 5098 bitumine
783 5058 904 5098 arca
936 5041 1350 5113 constringitur,
1374 5055 1442 5097 ne
1465 5042 1732 5096 connexio
1761 5041 1854 5097 illa

254 5137 410 5194 facile
438 5145 738 5208 rumpatur.

858 5229 1086 5286 CAPUT
1127 5228 1242 5286 VII.

249 5324 387 5377 Area
418 5319 540 5376 Noe
563 5337 676 5376 cum
705 5338 827 5376 arca
855 5322 1063 5392 [aderis
1086 5331 1454 5393 comparatur;
1479 5325 1630 5391 cuius
1656 5323 1853 5378 dimen-

322 5417 550 5473 sionibus
581 5415 813 5470 denotari
845 5416 1130 5470 ostenditur
1159 5419 1393 5491 singulas
1415 5419 1629 5472 humani
1662 5433 1852 5487 corpo-

328 5574 352 5602 α
376 5564 546 5632 Edit.,
579 5574 757 5634 aptam
786 5573 834 5618 et
869 5565 1242 5630 continentem;
1265 5578 1424 5631 mss.,
1455 5572 1628 5634 aptam
1655 5570 1701 5613 et
1725 5575 1846 5613 con-

253 5639 521 5692 cinentem.

324 5708 352 5747 ιι
379 5706 499 5764 Vet.
545 5708 704 5769 edit.,
733 5705 960 5777 'regnum
993 5708 1282 5777 impertiat,
1310 5723 1554 5778 responsa
1591 5704 1845 5775 proferre.

256 5780 421 5852 Mss.,
455 5782 680 5850 regimen
724 5780 1004 5852 impertiat,
1037 5795 1285 5852 responsa
1329 5779 1578 5849 proferre.
1624 5778 1850 5852 Domum

260 5851 417 5910 Rom.
433 5847 589 5920 edi—L,
605 5847 832 5922 regimen
855 5847 1141 5922 impertiat,
1157 5847 1402 5920 responsa
1425 5852 1674 5921 proferat.
1702 5847 1854 5901 Hanc

1956 4764 2110 4828 dum,
2137 4776 2199 4817 os
2220 4761 2286 4816 ad
2319 4761 2671 4831 loquendum,
2703 4761 2770 4814 ita
2804 4775 2931 4814 usus
2955 4759 3302 4825 ministrant,
3335 4768 3392 4813 ut
3423 4773 3566 4826 prae-

1957 4866 2104 4912 stent
2147 4856 2423 4909 decorem.
2467 4853 2640 4920 Quam
2671 4852 2950 4908 deformes
2995 4862 3121 4907 sunt
3173 4850 3352 4906 vultus
3386 4863 3567 4906 caeco-

1959 4964 2078 5003 rutn
2106 4948 2119 5001 l
2155 4947 2220 5001 Et
2240 4945 2368 5017 quid
2401 4945 2596 5002 mirum
2627 4945 2672 5000 si
2703 4947 2882 5000 vultus
2914 4944 3152 4999 hominis
3195 4943 3403 5013 absque
3432 4955 3566 4998 ocu-

1959 5044 2027 5097 lis
2061 5039 2326 5097 deformis
2347 5050 2452 5108 est,
2487 5040 2705 5111 quando
2729 5041 2902 5110 ipsum
2927 5039 3124 5095 caelum
3155 5037 3277 5093 sine
3303 5037 3418 5092 sole
3450 5050 3560 5091 non

1963 5137 2128 5193 habet
2152 5117 2310 5191 suum
2331 5136 2584 5192 decorem
2599 5136 2624 5186 ‘t
2645 5135 2854 5192 Tristes
2879 5135 2998 5189 sine
3018 5133 3131 5188 sole
3151 5131 3269 5186 dies
3290 5129 3563 5197 ducimus,

1962 5241 2152 5286 noctes
2182 5230 2301 5286 sine
2328 5230 2451 5285 luna
2476 5244 2584 5283 non
2613 5227 2856 5299 placent;
2888 5227 2988 5297 ipsi
3015 5226 3162 5282 enim
3183 5231 3312 5279 sunt
3339 5221 3564 5292 quidam

1962 5323 2151 5379 mundi
2184 5323 2346 5378 oculi.
2376 5321 2614 5378 Detrahe
2647 5322 2926 5380 stellarum
2960 5319 3197 5383 lumina,
3233 5324 3290 5369 et
3311 5311 3564 5384 quaedam

1960 5426 2049 5474 est
2085 5418 2138 5473 in
2182 5417 2325 5475 cmlo
2363 5420 2484 5489 ipso
2521 5415 2786 5472 caecitatis
2813 5414 3150 5470 deformitas.
3193 5407 3296 5464 Pili
3333 5407 3434 5478 ipsi
3465 5407 3571 5478 qui

1961 5574 2124 5629 porro
2149 5559 2434 5614 lectionem
2468 5558 2640 5614 secuti
2670 5571 2856 5629 sumus
2877 5595 2892 5619 ,
2919 5551 3064 5629 quod
3098 5565 3206 5606 non
3240 5548 3341 5604 alia
3372 5563 3568 5629 occur-

1960 5624 2106 5685 reret
2133 5631 2494 5685 emendatior.
2545 5630 2655 5684 Nisi
2697 5628 2816 5698 quis
2863 5625 3023 5698 malit
3046 5638 3289 5698 responsa
3329 5624 3565 5693 proferre

1959 5719 2141 5773 graaco
2171 5719 2320 5756 more
2346 5703 2548 5757 dictum
2583 5717 2679 5770 pro
2702 5695 2986 5766 responsa,
3018 5695 3067 5748 id
3091 5695 3358 5773 est,ju-;~_a
3385 5698 3567 5763 prole-

1961 5766 2153 5829 renda.
2203 5773 2402 5829 Confer
2447 5766 2598 5828 hunc
2630 5773 2806 5826 locum
2847 5783 2970 5825 cum
3005 5781 3056 5822 c.
3088 5767 3122 5823 9
3152 5766 3187 5821 I.
3218 5781 3270 5821 vt
3295 5766 3556 5822 flexaetn.

1964 5862 2019 5900 n.
2049 5845 2120 5902 ΒΞ
2145 5857 2197 5901 et
2224 5859 2338 5917 loq.
