4150 6358
631 326 737 384 571
1548 393 1597 432 υ

1961 317 2210 377 SANGTI
2245 318 2572 378 AIBROSII

3889 326 4000 381 57‘]

629 442 828 500 orbem
873 439 1152 498 oculorum
1199 447 1529 511 praetexunt,
1583 446 1641 494 et
1691 436 1842 494 velut
1879 446 1905 476 α
1947 438 2234 508 quamdam
2262 444 2313 505 Α
2341 447 2612 494 cretorum
2652 437 2866 506 capitis,
2891 439 3399 511 compassionisque
3447 452 3714 504 consors,
3752 440 3854 494 cui
3898 455 3994 498 sua

634 533 812 590 aciem
845 533 1207 600 praitentlunt,
1241 546 1308 586 ne
1337 530 1497 585 sorde
1525 529 1706 600 aliqua
1725 530 1804 585 vel
1836 517 2072 598 pulveris
2099 531 2232 586 cali-

635 629 764 700 gine
797 627 998 698 pupilla
1027 624 1280 691 la'datur;
1311 634 1361 680 et
1399 624 1500 695 ipsi
1531 625 1810 692 excipiunt
1838 624 1886 678 si
1918 623 2044 695 quid
2077 625 2238 680 luerit

632 723 841 780 illatum
878 721 1019 793 quod
1057 722 1272 777 oculum
1315 721 1486 790 p0ssit
1527 721 1748 778 la-dere.
1812 711 1870 776 Si
1916 720 2238 790 lippitudine

629 816 990 884 intercidant,
1036 832 1196 889 quam
1238 815 1488 882 dedecet,
1514 817 1558 872 si
1606 815 1860 888 palpebra
1905 815 2240 871 contractior

625 910 870 973 luerit.si
899 913 1160 968 radantur
1187 911 1479 982 supercilia
1499 925 1620 982 qum
1649 909 2031 982 practiosorum
2063 907 2240 966 moui-

626 1003 759 1062 liutn
789 1005 971 1076 specie
1000 1006 1150 1062 velut
1177 1009 1383 1062 intexta
1413 1005 1646 1076 gemmis
1677 1004 1983 1074 relulgeutl

701 1097 791 1156 l9.
830 1098 1060 1156 Aut-ium
1091 1115 1308 1170 quoque
1350 1108 1408 1154 ut
1445 1099 1792 1155 necessarius
1832 1111 1999 1164 usus,
2032 1096 2104 1153 ita
2143 1094 2240 1154 de-

624 1207 755 1250 cora
780 1195 993 1262 species
1026 1211 1040 1248 :
1070 1207 1204 1263 quas
1230 1193 1274 1250 si
1297 1191 1418 1262 quis
1445 1191 1797 1257 truncaverit,
1833 1190 1932 1245 toti
1964 1190 2135 1246 vultui
2161 1189 2241 1246 in-

623 1285 732 1343 fert
757 1285 1183 1343 deformitatem.
1208 1284 1264 1340 lu
1292 1284 1491 1354 quibus
1514 1285 1584 1340 ita
1608 1283 1905 1339 elaboravit
1921 1299 2055 1354 opus
2081 1299 2238 1340 suum

622 1387 818 1436 natura
843 1395 859 1444 ;
894 1386 952 1433 ut
977 1379 1078 1448 ipsi
1102 1376 1380 1432 anfractus
1399 1391 1752 1432 cavernarum
1777 1377 1913 1432 mira
1945 1375 2240 1448 providen-

625 1470 702 1525 tia
740 1470 976 1534 sinuati,
1008 1470 1302 1539 plurimum
1337 1468 1584 1524 utilitatis
1613 1467 1875 1534 aderant,
1907 1484 1974 1524 ne
2016 1476 2240 1538 repente

626 1563 791 1619 feriat
831 1573 1048 1618 secreta
1083 1561 1276 1633 rapitis
1326 1576 1515 1617 sonus.
1570 1561 1812 1632 Denique
1851 1576 1995 1632 saepe
2041 1561 2240 1616 multos

627 1646 930 1725 improviso
953 1655 1209 1721 clangore
1233 1655 1573 1712 consternari
1599 1653 1842 1710 videmus
1860 1696 1876 1721 ,
1902 1663 1957 1710 et
1979 1654 2241 1710 attotiitos

629 1758 727 1803 aut
754 1748 905 1803 vocis
941 1747 1174 1818 alicujus
1221 1756 1316 1803 aut
1357 1747 1622 1804 tumultus
1669 1762 1806 1802 souo
1848 1761 2236 1816 expavescere.

2341 532 2524 586 omnia
2553 532 2637 584 vel
2660 530 2921 599 salubria,
2953 531 3037 588 vel
3057 532 3285 588 adversa
3310 532 3692 588 transfundat.
3725 531 3949 588 latera
3976 577 3991 600 ,

2343 625 2570 688 italicae,
2597 623 2832 691 leniora,
2863 639 2916 680 et
2949 639 3106 680 crura
3149 641 3423 682 mensura:
3454 626 3828 681 latitudinem
3876 627 3991 695 ipsa

2342 717 2525 786 specie
2554 716 2891 788 signiﬁcant;
2922 718 3225 788 pedumque
3255 734 3478 789 gressus
3505 718 3598 790 qui
3631 720 3749 774 etsi
3778 720 3987 775 exilio-

2343 825 2434 868 res
2459 809 2745 880 videntur,
2773 809 2908 866 ﬁunt
2933 822 3116 868 tamen
3151 811 3376 867 latiores
3404 826 3531 868 cum
3556 810 3915 869 incedimus.

2940 945 3170 1006 CAPUT
3211 947 3348 1004 VIII.

2346 1064 2452 1123 Per
2482 1068 2670 1122 ostium
2710 1084 2738 1122 e
2776 1077 3066 1123 transverso
3095 1070 3148 1122 in
3189 1085 3310 1124 area
3342 1069 3570 1137 positum
3603 1069 3870 1124 decenter
3898 1087 3982 1126 es-

2418 1163 2574 1232 primi
2606 1170 2805 1232 partem
2831 1162 3062 1231 corporis
3090 1160 3472 1233 ignobiliorem;
3501 1162 3584 1214 cui
3614 1179 3679 1216 ea:
3714 1161 3761 1216 Α
3773 1165 3977 1230 postulo

2415 1252 2667 1308 honorem
2706 1251 3134 1307 abundantiorem
3178 1251 3585 1307 circumdamus.
3625 1251 3752 1308 Hoc
3804 1255 3976 1322 ipsum

2413 1364 2532 1402 cum
2579 1341 2824 1402 Ecclesia:
2847 1345 3105 1413 membris,
3139 1356 3245 1401 tum
3269 1346 3439 1403 eidem
3460 1344 3718 1403 Ecclesia:
3735 1363 3807 1403 ac
3836 1347 3972 1420 Syn-

2417 1459 2597 1516 agogte
2623 1443 3063 1498 accommodatur.

2418 1559 2511 1616 ΩΑ.
2556 1559 2789 1618 Pulchre
2824 1569 3003 1618 autem
3045 1559 3252 1617 addidit
3285 1577 3300 1615 :
3335 1558 3543 1616 Ostium
3570 1576 3636 1616 ex
3676 1570 3699 1599 ε
3751 1559 3969 1615 adverso

2346 1656 2509 1730 [acies
2537 1654 2694 1719 (Gen.
2725 1671 2804 1722 v1,
2839 1657 2956 1727 16),
2987 1672 3106 1713 eam
3146 1668 3354 1728 partem
3383 1656 3674 1714 declarans
3711 1658 3965 1726 corporis

2350 1765 2448 1821 per
2467 1766 2627 1821 quam
2655 1750 2807 1806 cibos
2851 1764 3074 1820 egerere
3103 1750 3516 1816 consuevimus;
3550 1760 3607 1805 ut
3634 1765 3769 1822 quas
3820 1759 3964 1820 puta-

631 1841 841 1900 Sordes
876 1842 1008 1913 ipsa:
1038 1857 1158 1912 qu:e
1187 1844 1329 1897 inter
1353 1842 1574 1897 easdem
1603 1842 1898 1913 gignuntur
1926 1843 2238 1908 anfractus,
2274 1854 2323 1916 Β
2349 1858 2470 1899 mus
2513 1843 2830 1914 ignobiliora
2875 1858 2998 1899 esse
3039 1845 3315 1913 corporis,
3351 1844 3435 1898 his
3475 1846 3748 1900 honorem
3798 1843 3963 1897 aban-

632 1936 784 1992 velut
809 1935 1042 2007 quodam
1073 1934 1281 2001 glutino
1304 1935 1545 1990 auditum
1587 1935 1772 2006 ligant.
1803 1934 1975 1990 Simul
2003 1934 2049 1990 si
2080 1935 2242 1990 vehe-

634 2031 871 2086 mentior
911 2028 1097 2100 pulsus
1140 2026 1304 2082 fuerit
1331 2027 1564 2098 alicujus
1588 2043 1795 2092 sonus,
1824 2026 2135 2098 infringitur
2177 2042 2242 2084 ac

631 2125 943 2183 retardatur
967 2163 983 2192 ,
1011 2133 1068 2180 ut
1115 2125 1512 2195 praenuntiatus
1557 2124 1736 2194 potius
1775 2123 2046 2189 mulceat,
2079 2137 2239 2191 quam

630 2218 964 2288 improvisus
1010 2217 1220 2273 interna
1259 2216 1554 2271 concutiat.
1588 2214 1880 2271 Vermiculi
1931 2229 2146 2285 quoque
2195 2213 2241 2268 si

631 2327 819 2368 aurem
845 2324 1134 2382 penetrare
1166 2308 1513 2377 tentaveriut,
1545 2306 1779 2380 quodam
1817 2306 2059 2364 sordium
2091 2306 2241 2362 visco

633 2413 911 2462 tenentur.

701 2497 795 2554 20.
838 2497 1008 2557 Nares
1043 2498 1198 2556 sinite
1226 2504 1413 2554 contra
1443 2503 1694 2552 naturam
1723 2493 1978 2550 videntur
2001 2493 2146 2564 :jam
2194 2495 2242 2551 si

635 2591 824 2648 incise:
853 2590 1076 2658 fuerint,
1109 2593 1384 2663 quomodo
1411 2601 1594 2663 potest
1623 2590 1729 2644 vita
1758 2588 2078 2651 subsistere.
2115 2589 2245 2645 sub-

633 2684 746 2740 lato
794 2684 1034 2756 spirandi
1083 2694 1300 2752 meatu;
1325 2681 1783 2757 quemadmodum
1812 2682 2037 2752 pecudis
2071 2682 2244 2754 magis

637 2775 836 2844 facies,
867 2794 1030 2849 quant
1062 2778 1242 2834 vultus
1267 2777 1506 2834 hominis
1531 2776 1876 2832 aestimatur?

705 2871 800 2928 21.
841 2870 1034 2943 Capilli
1071 2872 1266 2944 capitis
1295 2887 1458 2943 quam
1514 2879 1671 2941 grato
1705 2870 1906 2926 amictu
1952 2878 2115 2940 caput
2154 2885 2246 2927 ve-

637 2968 834 3035 stiunt,
853 2967 1000 3022 velut
1029 2967 1247 3039 quidam
1277 2967 1414 3021 aula:
1444 2965 1606 3036 regiae
1649 2966 1972 3036 Stipatores;
2000 2980 2066 3019 ue
2093 2979 2245 3020 cete-

634 3062 794 3118 brutn
826 3077 957 3116 aura
1003 3061 1162 3115 laedat
1186 3102 1203 3125 ,
1227 3069 1319 3115 aut
1367 3061 1542 3114 imber
1571 3059 1764 3124 feriat,
1793 3069 1887 3115 aut
1917 3057 1999 3114 sol
2027 3059 2242 3115 adurat.

634 3154 786 3225 Quos
813 3157 884 3210 ita
917 3164 1094 3211 tamen
1126 3153 1275 3211 dedit
1305 3163 1529 3221 natura,
1558 3161 1619 3208 ut
1647 3168 1746 3224 pro
1783 3168 1916 3209 sexu
1956 3166 2049 3208 aut
2079 3153 2247 3224 proli-

2346 1938 2652 1994 daotioreto
2694 1935 3079 1993 circumdaret.
3112 1937 3266 2004 Quod
3313 1937 3482 1992 multo
3521 1938 3730 2007 gratius
3774 1935 3955 2006 Scrip-

2349 2040 2468 2087 tura
2511 2029 2777 2097 expressit
2816 2045 2978 2100 quam
3017 2030 3268 2086 Socrates
3303 2029 3358 2085 in
3393 2029 3531 2086 libro
3575 2028 3839 2084 Platonis
3881 2027 3959 2083 di-

2348 2128 2496 2182 xisse
2527 2127 2740 2197 legitur.
2775 2123 2910 2180 Nam
2952 2141 3073 2181 cum
3107 2123 3247 2181 istud
3289 2125 3341 2178 iu
3374 2122 3547 2195 Moysi
3577 2122 3815 2193 scriptis
3854 2124 3957 2177 sive

2349 2222 2466 2293 ipse
2492 2221 2768 2288 Set-rates,
2799 2219 2916 2277 sive
2941 2220 3095 2275 Plato
3119 2219 3214 2290 qui
3252 2219 3304 2274 in
3336 2218 3574 2291 Egypto
3599 2219 3706 2274 fuit
3728 2261 3743 2283 ,
3775 2230 3955 2289 intue-

2348 2316 2442 2382 rit,
2474 2316 2558 2372 vel
2586 2315 2785 2385 legere,
2819 2314 2904 2370 vel
2949 2313 3018 2368 ab
3062 2313 3183 2369 aliis
3226 2314 3506 2383 percipere
3545 2312 3638 2382 qui
3668 2314 3950 2382 legerant;

2347 2406 2552 2463 decoro
2579 2416 2762 2462 motus
2799 2407 3022 2462 invento
3051 2406 3246 2460 ostium
3287 2403 3391 2460 sibi
3419 2412 3669 2474 apertum
3705 2405 3944 2476 putavit,

2347 2509 2410 2557 ut
2449 2501 2757 2571 operatoris
2782 2500 2953 2554 nostri
2995 2499 3284 2554 consilium
3331 2497 3653 2568 pra-dicaret
3684 2515 3700 2553 :
3730 2497 3948 2553 laudans

2347 2610 2416 2652 eo
2441 2593 2584 2666 quod
2628 2593 2679 2648 id
2711 2592 3051 2664 potissimum
3081 2591 3265 2647 decori
3290 2591 3630 2654 convenerit,
3663 2600 3723 2645 ut
3760 2590 3946 2646 ductus

2348 2687 2611 2760 quosdam
2649 2687 2736 2741 vel
2771 2684 2950 2742 exitus
2972 2684 3347 2740 cuniculorum
3376 2692 3690 2739 nostrorum
3735 2698 3764 2737 a
3804 2693 3944 2752 tergo

2347 2789 2650 2846 averteret;
2695 2796 2764 2835 ne
2820 2780 2874 2835 in
2921 2777 3326 2850 purgationibus
3368 2777 3576 2833 ventris
3623 2787 3939 2849 conspectus

2350 2885 2535 2930 noster
2561 2872 2949 2928 oll‘enderetur.
2983 2876 3054 2927 At
3076 2886 3204 2927 vero
3232 2869 3530 2942 Apostolus
3566 2889 3580 2926 :
3618 2872 3752 2937 Osce
3781 2874 3942 2928 videti-

2348 2979 2467 3034 tttr,
2499 2967 2692 3038 inquit,
2740 2965 2968 3020 membra
2996 2965 3228 3035 corporis
3270 2964 3562 3034 infirmiora
3599 2979 3710 3020 esse
3733 3000 3751 3030 ,
3784 2979 3943 3020 neces-

2348 3063 2491 3118 saria
2524 3071 2664 3128 sunt,
2695 3075 2802 3115 uno
2828 3074 2892 3114 ac
2927 3059 3157 3129 simplici
3191 3058 3356 3114 verbo
3388 3057 3790 3128 descriptiones
3830 3057 3940 3114 Plii-

2351 3155 2614 3224 l030pbiae
2653 3166 3075 3223 supergressus;
3110 3159 3158 3206 et
3196 3167 3310 3223 qua:
3354 3159 3597 3223 putamus
3647 3151 3938 3220 ignobiliora

633 3251 818 3307 xiores
840 3250 1109 3323 placeant,
1138 3259 1231 3304 aut
1260 3248 1454 3315 recisi;
1482 3256 1538 3304 et
1563 3265 1661 3319 pro
1683 3257 1864 3315 aetate,
1886 3258 1978 3304 aut
2008 3251 2243 3320 plerutn-
2271 3260 2317 3324 ρ
2347 3265 2457 3306 esse
2513 3247 2738 3302 membra
2791 3247 3025 3310 corporis
3047 3287 3061 3313 ,
3109 3245 3191 3300 Itis
3237 3247 3482 3300 honorent
3527 3243 3935 3299 abundantiorem

634 3360 742 3416 que
771 3361 869 3413 pro
909 3345 1171 3414 temporis
1204 3353 1259 3399 et
1284 3344 1413 3398 anni
1442 3345 1721 3411 qualitate.
1753 3342 1812 3397 In
1845 3344 2066 3398 senibus
2091 3351 2242 3414 grata

637 3438 906 3501 canities,
958 3437 1012 3491 in
1062 3437 1244 3506 pueris
1291 3435 1594 3508 prodigiosa
1646 3453 1660 3490 :
1713 3434 2002 3491 delectatb
2034 3436 2244 3492 tonderi

638 3537 828 3582 aestate
857 3528 1120 3596 pressius,
1145 3527 1342 3599 hyeme
1365 3526 1734 3598 indulgentius
1770 3545 1783 3581 :
1813 3528 2133 3584 mulieribus
2157 3544 2243 3584 or-

638 3621 900 3674 namento
921 3617 1004 3674 est
1032 3633 1185 3674 coma
1202 3659 1216 3684 ,
1241 3618 1499 3674 dedecori
1519 3630 1604 3674 est
1625 3621 1778 3675 viris.
1807 3621 2052 3689 Denique
2099 3624 2244 3693 Apo-

642 3710 818 3767 stolus
845 3711 1152 3766 evidentius
1177 3710 1768 3780 expresslthocdiccns
1800 3729 1813 3766 :
1846 3711 1988 3767 Nam
2007 3714 2120 3784 ipse
2151 3731 2247 3770 ua-

638 3815 760 3859 tura
785 3805 934 3860 docst
958 3819 1046 3859 vos
1069 3805 1206 3875 quod
1225 3805 1305 3859 vir
1323 3804 1527 3875 quidem
1555 3805 1598 3858 si
1622 3820 1822 3859 comam
1843 3806 2060 3872 nutriat,
2093 3808 2245 3878 igno-

638 3900 800 3954 minia
835 3909 912 3956 est
959 3898 1040 3954 illi
1073 3914 1094 3954 :
1123 3899 1311 3953 mulier
1342 3913 1460 3954 vero
1496 3899 1541 3954 si
1569 3899 1784 3971 capillos
1823 3899 2004 3956 habent
2027 3944 2042 3971 ,
2079 3902 2249 3974 gloria

636 4004 716 4051 est
736 3994 815 4049 illi
845 3993 887 4063 (Ι
911 3991 1031 4049 Cor.
1059 4007 1132 4058 st,
1163 3991 1252 4059 14,
1285 3992 1398 4066 15).

717 4087 882 4160 236
901 4086 993 4141 32.
1017 4087 1158 4156 Quid
1187 4086 1257 4143 de
1288 4087 1402 4159 ipsa
1429 4087 1577 4160 regia
1601 4087 1814 4160 loquar,
1841 4104 1937 4160 per
1964 4106 2124 4163 quam
2152 4101 2250 4147 au-

640 4182 732 4239 lici
763 4189 1051 4238 sermoties
1083 4182 1384 4253 prodeunt,
1412 4183 1634 4254 quidam
1661 4185 1860 4240 mentis
1887 4197 2086 4243 nostra:
2111 4187 2250 4243 indi-

643 4291 770 4344 ces,
821 4279 1097 4349 animique
1146 4278 1514 4335 internuntii?
1542 4280 1680 4346 Quid
1721 4280 1791 4335 de
1841 4281 1960 4351 ipso
2003 4281 2248 4337 dentium

645 4371 861 4441 ordine,
888 4374 978 4444 qui
1011 4388 1135 4429 cum
1163 4389 1265 4429 suo
1289 4388 1456 4444 opere
1479 4373 1575 4427 toti
1611 4371 1830 4442 quidem
1860 4376 2076 4442 corpori
2105 4376 2251 4432 vires

645 4463 980 4524 ministrent.
1009 4474 1123 4520 tum
1150 4467 1316 4521 etiam
1336 4464 1705 4519 modulatores
1723 4475 1854 4520 sunt
1877 4467 2026 4522 vocis
2046 4466 2252 4538 ipsius?

645 4557 726 4615 De
755 4560 957 4631 quibus
985 4559 1032 4614 si
1065 4558 1156 4627 qui
1185 4558 1508 4625 ceciderint,
1539 4573 1643 4612 vox
1673 4557 1960 4614 claudicat.

2352 3344 2849 3406 circumdamus;et
2875 3357 2991 3412 quae
3031 3342 3302 3396 inhonesta
3341 3350 3459 3394 sunt
3484 3349 3691 3404 nostra,
3721 3342 3934 3394 honesta.

2350 3444 2452 3491 tem
2483 3434 2911 3490 abundantiorem
2958 3433 3140 3489 habent
3180 3434 3223 3503 (l
3247 3432 3368 3488 Cor.
3397 3448 3496 3499 xu,
3525 3432 3598 3488 Β
3625 3441 3675 3487 et
3699 3431 3812 3503 25).
3845 3431 3936 3488 So—

2349 3530 2596 3586 brietatis
2627 3529 2772 3584 enim
2803 3539 3004 3583 nostrae
3033 3544 3082 3582 et
3109 3529 3483 3596 temperantiae
3523 3527 3780 3584 indicium
3810 3543 3932 3598 pra:-

2349 3625 2508 3694 cipue
2555 3624 2665 3678 illic
2695 3624 3062 3692 cognoscitur.
3100 3623 3396 3678 Helluooes
3420 3623 3567 3678 enim
3611 3635 3706 3676 aut
3745 3622 3929 3678 disten-

2351 3717 2550 3772 duntur
2574 3716 2844 3772 cruditate
2873 3731 3042 3786 usque
3073 3715 3139 3770 ad
3169 3715 3489 3786 periculum,
3513 3723 3610 3770 aut
3636 3715 3930 3786 plerumque

2351 3810 2635 3865 solvuntur
2662 3808 2963 3865 visceribus
2994 3809 3304 3865 exinanitis.

2422 3903 2516 3958 25.
2574 3901 2730 3970 Quod
2779 3900 3003 3972 pulchre
3057 3903 3219 3956 etiam
3275 3903 3342 3956 ad
3397 3900 3660 3956 Ecclesia!
3711 3899 3926 3956 membra

2353 3998 2646 4069 Apostolus
2671 3997 2857 4053 retulit
2881 3995 3071 4064 Ubid.,
3094 3994 3163 4051 27
3203 4004 3250 4050 et
3279 4010 3366 4066 seq
3394 3994 3433 4068 ).
3465 3995 3598 4063 Qute
3620 3994 3763 4050 enim
3795 3992 3930 4049 inbu-

2354 4103 2508 4149 nesta
2535 4100 2660 4146 sunt
2686 4101 2872 4146 nostra
2899 4105 2964 4145 ac
2989 4090 3281 4158 superﬂua,
3310 4089 3411 4144 uisi
3441 4089 3689 4156 luxuria,
3718 4089 3813 4144 nisi
3839 4090 3926 4143 las-

2353 4186 2526 4244 civia?
2553 4185 2760 4254 Quibus
2789 4184 2838 4241 si
2865 4185 3239 4256 quisjuventze
3262 4183 3504 4240 irretitus
3534 4193 3799 4254 tempore,
3821 4197 3926 4239 cum

2353 4279 2423 4334 ad
2465 4279 2816 4334 maturiorem
2847 4288 3067 4334 aetatem
3098 4279 3471 4346 processerit,
3505 4277 3691 4331 veniat
3719 4277 3782 4332 ad
3819 4276 3928 4347 bap-

2357 4371 2614 4436 tismum,
2647 4370 2924 4426 renuntiet
2968 4369 3380 4441 superioribus,
3417 4383 3707 4438 moresque
3747 4368 3928 4437 priores

2356 4471 2555 4530 exuat,
2591 4472 2814 4533 peccata
2871 4463 3140 4538 deponat,
3171 4461 3576 4533 cousvpeliatur
3620 4478 3742 4518 cum
3791 4461 3926 4534 237

2360 4559 2588 4614 Domino
2631 4559 2764 4616 Jesu
2808 4557 3068 4626 Christo,
3115 4557 3465 4628 cruciligatur
3508 4560 3560 4615 ei
3606 4557 3858 4620 mundus,
3885 4564 3930 4610 et

716 4651 809 4708 25.
842 4653 968 4707 llaec
994 4650 1065 4706 de
1107 4653 1286 4721 capite
1315 4650 1578 4722 prolixius
1607 4649 1849 4707 diximus
1875 4670 1889 4717 ;
1921 4652 2042 4722 quia
2085 4668 2253 4726 opor-
2275 4666 2329 4728 ι)
2357 4656 2474 4727 ipse
2499 4657 2737 4722 mundo;
2771 4671 2950 4710 nonne
2976 4655 3022 4709 is
3051 4665 3402 4725 peccatorum
3433 4653 3757 4708 remissione
3777 4651 3929 4706 dotta-

645 4747 753 4803 tuit
773 4759 968 4801 sensus
993 4757 1187 4800 omnes
1209 4744 1262 4799 iu
1295 4759 1509 4800 summo
1533 4745 1702 4801 locari
1728 4787 1744 4814 ,
1779 4746 1924 4803 unde
1949 4749 2130 4803 omnia
2160 4767 2255 4820 per

647 4840 890 4910 reliquas
937 4848 1122 4910 partes
1166 4837 1343 4894 ofﬁcia
1409 4839 1798 4898 dividerentur.
1849 4841 2025 4915 Capiti
2071 4855 2251 4902 autem

651 4939 844 4989 nostro
869 4946 901 4986 a
931 4937 1086 5002 tergo
1107 4932 1289 4986 cervix
1319 4934 1588 5002 proxima,
1618 4935 1837 4992 dextera
1865 4937 2106 5008 lmvaqtte
2131 4939 2254 4996 bra-1

649 5023 774 5082 cbia
819 5032 946 5079 sunt
974 5061 989 5090 ,
1036 5035 1156 5094 qum
1203 5037 1386 5080 arcem
1433 5024 1769 5097 imperialem
1825 5039 2097 5100 tamquam
2148 5030 2256 5088 lida

650 5126 877 5179 tuentur
915 5116 1187 5173 custodia.
1236 5117 1476 5188 Denique
1532 5119 1648 5173 hinc
1691 5119 1746 5174 in
1789 5121 1945 5177 nobis
1995 5123 2255 5180 validiora

648 5227 771 5289 qtae
795 5214 1046 5285 propiora
1068 5211 1255 5282 capiti,
1273 5209 1388 5266 hinc
1412 5213 2023 5281 praestantiora.Pectus
2041 5233 2257 5289 quoque

648 5310 798 5364 Velut
849 5304 1122 5377 quoddam
1163 5303 1464 5360 sacrarium
1508 5305 1824 5374 sapientiae,
1853 5313 1911 5362 et
1943 5311 2258 5366 stomachus

653 5402 808 5458 Velut
830 5395 1049 5473 quidam
1081 5397 1259 5466 testis,
1289 5405 1350 5454 ut
1373 5396 1571 5455 medici
1601 5397 1754 5454 aiunt
1776 5437 1791 5462 ,
1819 5407 1874 5454 et
1897 5401 2148 5458 conscius
2173 5417 2288 5490 se:

724 5594 750 5652 τι
774 5583 876 5638 Ms.
907 5580 1071 5637 Corb.
1102 5590 1156 5637 et
1181 5571 1383 5651 Long.,
1406 5585 1544 5636 velut
1569 5580 1796 5652 quatiant
1814 5581 1947 5638 acie.

723 5651 1131 5726 bilie~ideratur
1172 5654 1225 5706 io
1257 5660 1367 5726 vet.
1410 5653 1544 5709 edit.
1583 5651 1650 5709 et
1676 5653 1796 5726 Vat.
1840 5669 1940 5708 tus.
1975 5671 2113 5726 vox,
2147 5667 2262 5713 tou-

661 5725 801 5797 deri1
817 5739 973 5791 quam
1006 5741 1102 5797 tios
1135 5739 1166 5797 e
1195 5724 1382 5797 codice
1412 5726 1577 5781 Corb.
1607 5740 1662 5781 et
1689 5724 1859 5796 Long.
1887 5724 2258 5797 reposuin'tus.

661 5798 747 5873 Αι-
772 5792 928 5873 lieni.
959 5795 1126 5873 edit._
1140 5794 1322 5862 habet,
1353 5796 1554 5854 desecta
1594 5792 1843 5870 pressius.
1877 5792 1990 5859 non
2014 5801 2187 5870 male,
2210 5802 2258 5861 si

661 5867 781 5937 quis
805 5864 857 5920 ei
883 5877 985 5922 ms.
1019 5864 1424 5936 stitit-ageretur.

2353 4757 2443 4806 tus
2468 4789 2485 4818 ,
2517 4747 2969 4804 abundantiorem
2995 4744 3020 4784 ·¹
3050 4747 3394 4802 honestatem
3424 4790 3436 4812 ,
3471 4761 3633 4816 quam
3679 4747 3767 4800 ille
3799 4751 3927 4799 cate-

2356 4843 2656 4899 chumeuus
2679 4883 2695 4909 ,
2724 4840 2882 4912 cujus
2926 4841 3032 4895 vita
3077 4839 3455 4906 inum-eutior,
3487 4837 3690 4895 habere
3726 4840 3930 4893 nstitua-

2359 4935 2481 4992 tur?
2510 4937 2576 4992 Et
2606 4945 2666 4992 ut
2693 4935 2938 5007 Apostoli
2983 4935 3154 5007 ipsius
3179 4935 3430 5003 exemplo
3473 4945 3713 4999 utamur,
3738 4933 3928 4989 Judaius

2359 5042 2499 5098 erat,
2534 5041 2854 5103 persecutor
2897 5038 3056 5085 erat:
3090 5039 3312 5085 vocatus
3339 5028 3406 5085 ad
3447 5029 3675 5100 gratiam
3709 5026 3925 5094 Christi,

2359 5129 2525 5200 coepit
2553 5143 2677 5185 esse
2709 5126 3023 5198 Apostolus.
3047 5124 3115 5180 Et
3142 5126 3267 5195 quia
3295 5126 3417 5195 plus
3447 5124 3497 5179 ei
3525 5123 3798 5176 dimissum
3818 5128 3890 5176 est
3909 5159 3924 5186 ,

2361 5221 2480 5290 plus
2526 5221 2691 5290 coepit
2740 5219 2966 5290 diligere
2989 5260 3004 5284 ,
3034 5216 3401 5272 abundantius
3430 5213 3646 5268 caneris
3695 5211 3927 5281 apostolis

2359 5312 2612 5368 laborare
2629 5351 2645 5380 ,
2674 5327 2770 5368 vas
2798 5310 3086 5367 electionis
3111 5308 3308 5374 lactus,
3333 5306 3529 5361 doctor
3551 5305 3788 5375 gentium
3810 5304 3923 5359 niis-

2353 5420 2472 5463 sus.
2498 5404 2692 5462 Nonne
2716 5404 2879 5461 etiam
2901 5401 3276 5474 apostolorum
3301 5399 3543 5471 ipsorum
3563 5395 3798 5469 plurimis
3817 5393 3928 5452 ube-

2438 5602 2460 5630 ο
2483 5589 2647 5645 Corb.
2680 5605 2784 5645 ms.
2826 5599 2880 5644 et
2907 5590 3078 5661 Long.
3098 5633 3113 5660 ,
3150 5607 3212 5646 ea:
3247 5598 3538 5645 transverso
3565 5588 3821 5662 facies.....
3850 5605 3924 5644 stt-

2363 5664 2564 5734 pcrﬂtta
2589 5664 2816 5718 ciborum
2844 5679 3063 5734 egerere.

2433 5731 2459 5771 ά
2494 5734 2615 5787 Miss
2651 5734 2813 5790 Corb.
2845 5731 2897 5789 e't
2933 5735 3126 5804 L0ng.,
3151 5737 3472 5793 honestatem
3497 5732 3668 5801 habet,
3713 5749 3919 5805 quam...

2365 5805 2687 5863 innocentior
2711 5807 3083 5864 wstinmbatttr.
