4150 6358
280 305 394 363 375

1361 296 1450 353 DE
1488 294 1625 353 NOE
1663 294 1755 359 ET
1792 293 1979 355 ARCA
2016 296 2220 360 LIBER
2259 299 2463 363 UNUS.

3490 309 3601 367 δτι

282 419 489 476 riorem
518 425 575 475 et
622 416 993 479 honesﬁorem
1031 422 1359 473 consecutus
1387 423 1473 469 est
1507 412 1734 489 gloriam
1756 453 1772 483 ,
1796 411 1889 484 qui
1916 418 1969 481 Α
1994 418 2291 489 epulasque
2322 424 2633 491 permixta?
2659 424 2945 495 Quomodo
2966 428 3109 485 enim
3125 430 3597 500 poterantdiutius

283 519 411 567 ante
440 520 496 566 et
517 511 835 567 inhonestus
857 521 911 567 et
937 509 1265 583 ingloriosus
1296 505 1414 575 fuit,
1439 522 1561 561 cum
1596 519 1889 576 perseque-

284 614 435 662 retur
464 604 765 660 Ecclesium
795 604 933 661 Dei?
963 603 1173 677 Pauper
1200 603 1302 660 iste
1331 599 1527 657 debilis
1561 600 1613 657 itt
1643 599 1890 658 Ecclesia

284 697 403 771 ipse
425 704 480 753 te
511 698 743 754 redemit
771 700 885 755 suis
908 698 1067 753 Votis.

352 791 449 848 26.
483 793 547 847 Et
570 802 627 848 ut
656 792 856 863 majora
908 790 1212 863 aperiamus
1255 789 1550 861 mysteria,
1604 786 1732 861 quid
1774 795 1883 843 tam

285 885 525 958 ignobile
553 900 713 957 quam
741 886 959 957 gentilis
984 884 1253 956 potiulus?
1278 884 1491 953 Pauper
1508 925 1522 949 ,
1558 891 1616 939 ut
1647 894 1769 954 pote
1792 881 1887 953 qtti

286 984 432 1039 nulla
458 982 678 1038 haberet
707 983 922 1055 eloquia
968 980 1103 1049 Dei,
1132 980 1328 1036 debilis
1367 990 1422 1036 et
1469 990 1703 1048 utroque
1745 978 1881 1047 pede

284 1074 511 1131 claudus
530 1117 544 1138 ,
572 1079 664 1147 qui
696 1089 795 1130 nec
823 1074 873 1129 iu
894 1074 1068 1147 legem
1093 1117 1108 1143 ,
1163 1088 1264 1129 nec
1293 1076 1346 1128 in
1380 1071 1735 1144 Evangelium
1764 1080 1885 1127 ere-’-

282 1167 543 1235 didisset,
591 1178 818 1224 voeatus
848 1178 1026 1223 tamen
1050 1167 1278 1223 credidit
1302 1166 1351 1222 ei
1375 1210 1390 1235 ,
1416 1166 1722 1237 baptizatus
1738 1180 1886 1221 acce-

280 1262 359 1334 pit
381 1264 631 1334 gratiam.
664 1262 850 1334 Itaque
876 1264 1000 1334 quia
1048 1263 1169 1334 plus
1195 1262 1245 1318 ei
1287 1261 1571 1318 dimissum
1603 1268 1718 1327 est,
1763 1260 1885 1333 plus

278 1355 474 1427 diligit.
546 1355 830 1412 Remansit
875 1356 1183 1412 Judteorum
1249 1355 1515 1427 populus,
1579 1355 1706 1409 licet
1777 1368 1885 1408 uno

277 1448 421 1520 pede
441 1448 664 1504 claudus
686 1468 699 1504 :
719 1466 1045 1522 quamquam
1072 1449 1192 1504 etin
1214 1451 1327 1521 ipsa
1345 1446 1462 1520 lege
1474 1447 1759 1502 claudicet.
1780 1446 1884 1501 Ita-

274 1557 379 1613 que
409 1542 501 1597 ille
522 1547 613 1613 qui
635 1542 1063 1613 gloriosissimus
1103 1542 1403 1597 habebatur
1429 1583 1443 1608 ,
1474 1540 1653 1595 amisit
1673 1539 1880 1607 omnia,

275 1636 581 1692 mirabilem
606 1636 997 1701 Cuttsiliarinm,
1032 1645 1084 1691 et
1110 1635 1429 1706 prudentem
1471 1632 1827 1688 architectum
1861 1674 1878 1702 ,

275 1735 333 1785 et
378 1729 677 1797 sapientem
720 1727 1043 1783 auditorem.
1091 1725 1196 1783 Iste
1226 1726 1317 1799 qui
1367 1734 1393 1763 α
1424 1724 1672 1797 ignobilis
1703 1734 1853 1789 erat,

271 1823 503 1893 adeptus
528 1822 711 1877 omnia
738 1821 859 1877 ﬁdei
912 1822 1067 1877 titulo
1092 1863 1108 1888 ,
1128 1828 1346 1891 _tr0pa-o
1374 1828 1671 1892 martyrum
1702 1859 1716 1885 ,
1768 1816 1879 1875 An-

268 1916 513 1987 gelorum
542 1914 805 1985 gloriatur
826 1913 1122 1971 consortio.
1162 1913 1301 1984 Ergo
1326 1911 1477 1967 Plato
1506 1910 1647 1982 quod
1676 1910 1873 1983 potuit,

268 2010 540 2066 sermonis
557 2011 789 2065 nitorem
813 2006 1058 2064 adhibuit
1082 2022 1096 2060 :
1132 2006 1419 2078 Apostolus
1448 2014 1627 2061 autem
1656 2007 1743 2075 qui
1782 2006 1877 2061 lia-

268 2100 435 2156 bebat
463 2101 556 2156 Dei
582 2102 830 2172 Spiritum
854 2143 869 2167 ,
922 2098 1180 2157 revelavit
1209 2099 1546 2172 mysterium.
1580 2098 1720 2154 Satis
1760 2098 1875 2153 dic-

272 2202 384 2247 tum
410 2202 495 2249 est
543 2194 610 2251 de
632 2193 811 2264 ostio;
862 2195 1119 2268 quoniam
1150 2193 1242 2267 qui
1268 2202 1415 2250 retro
1445 2202 1634 2262 erant,
1666 2193 1877 2265 priores

271 2282 403 2341 facti
426 2295 573 2342 sunt.

893 2377 1122 2436 CAPUT
1167 2378 1257 2435 1X.

272 2489 377 2549 Per
398 2492 645 2563 inferiora
670 2474 807 2549 arcae
828 2510 919 2551 nos
943 2494 1143 2550 edoceri
1170 2493 1401 2549 ciborum
1428 2494 1751 2567 receptacula
1777 2495 1875 2549 mi-

340 2589 465 2642 nimi
492 2604 601 2643 esse
628 2587 907 2660 facienda;
933 2599 979 2643 ct
1001 2590 1096 2642 Itac
1124 2590 1392 2642 occasione
1418 2588 1481 2643 de
1512 2588 1875 2644 intestinorum

342 2679 743 2749 conformatione
768 2697 827 2734 ac
856 2697 949 2735 usu
990 2682 1303 2752 disputatur.
1359 2678 1568 2735 Exoriri
1600 2696 1661 2734 ex
1699 2680 1874 2737 intent-

344 2777 578 2847 perantia
606 2776 894 2843 diluvium,
922 2782 1118 2848 quodve
1138 2774 1488 2831 adhibendum
1519 2776 1564 2831 ei
1592 2774 1875 2832 remedium

345 2869 411 2924 sit
436 2909 451 2934 ,
490 2870 795 2924 ostenditur.

343 2961 434 3017 27.
460 2960 613 3018 Nunc
639 2961 769 3017 illud
798 2977 1105 3034 quaeremus
1125 3004 1142 3031 ,
1174 2962 1300 3037 quid
1328 2961 1559 3035 sitquod
1580 2963 1656 3017 ait
1684 2961 1873 3018 Domi-

244 3052 409 3113 nus:
457 3055 719 3129 Inferiora
746 3072 882 3112 arca:
924 3058 1230 3113 bicamcrata
1271 3073 1316 3112 et
1346 3059 1670 3113 tricamerata
1718 3057 1875 3129 facies

276 3148 429 3222 (Gen.
452 3167 523 3217 vr,
556 3149 667 3223 ib‘).
692 3150 953 3207 lnferiora
985 3152 1201 3221 quidem
1227 3151 1460 3207 dicendo
1489 3194 1503 3217 ,
1545 3150 1875 3209 advertimus

271 3244 414 3313 quod
445 3245 671 3316 pulchre
697 3260 796 3299 nos
823 3247 1025 3302 sentire
1048 3246 1283 3302 voluerit
1308 3246 1550 3302 inferiori
1580 3248 1701 3302 loco
1721 3248 1872 3303 mStio
1898 3271 1944 3336 ρ

270 3336 470 3392 manda
498 3339 742 3394 ciborum
769 3338 1127 3407 raecptacula,
1158 3340 1259 3394 hoc
1287 3348 1391 3404 est,
1428 3354 1490 3394 ea
1519 3340 1725 3395 viscera
1752 3355 1872 3410 quae

271 3441 552 3502 acceptum
594 3431 890 3487 conﬁciunt
926 3431 1129 3487 cibum.
1177 3431 1554 3502 Corruptibilis
1581 3432 1723 3488 enim
1747 3447 1872 3491 esca

273 3535 355 3581 est
381 3542 394 3579 :
427 3525 569 3597 quod
614 3537 793 3581 autem
822 3524 1177 3595 corruptibile
1199 3540 1304 3581 non
1333 3525 1744 3597 superioribus,
1774 3528 1870 3584 sed

272 3618 616 3677 inferioribus
633 3620 1079 3691 comparandum.
1094 3622 1263 3678 Simul
1304 3623 1428 3695 quia
1441 3622 1590 3678 cibus
1605 3622 1861 3678 deorsum

273 3711 468 3780 fertur,
492 3715 646 3784 cujus
658 3715 849 3784 exigua
868 3716 1043 3785 portio
1056 3714 1257 3770 viribus
1276 3717 1548 3786 corporis,
1570 3715 1873 3771 alimonia:-

273 3821 379 3877 que
393 3805 606 3877 proﬁcit
630 3823 644 3860 :
674 3807 879 3877 reliqua
907 3823 1032 3862 vero
1063 3822 1188 3879 pars
1214 3809 1341 3862 alvo
1365 3809 1637 3879 purganda
1652 3809 1871 3864 deduci-

276 3906 362 3953 tur
384 3900 540 3967 ;quia
573 3899 825 3956 intestina
849 3908 974 3956 sunt
1000 3915 1095 3972 per
1116 3916 1236 3973 quae
1261 3900 1598 3959 descendunt
1624 3902 1867 3960 ciborum

274 3989 569 4062 superﬂua.

346 4083 547 4141 28.1w
594 4094 850 4156 operator
876 4094 1060 4142 noster
1088 4085 1358 4155 instituit,
1407 4097 1466 4143 ut
1517 4103 1624 4143 non
1651 4099 1868 4146 extenta

274 4194 305 4236 a
331 4187 575 4236 stomaco
600 4180 667 4237 ad
698 4183 883 4249 imum,
908 4181 1004 4237 sed
1033 4180 1244 4237 sinuata
1273 4181 1378 4237 sint
1406 4197 1470 4238 ac
1494 4181 1732 4247 reﬂexa;
1764 4200 1869 4255 quo

274 4276 398 4331 vita:
422 4286 623 4332 nostrae
637 4294 767 4334 usus
791 4291 1194 4350 propagaretur.
1214 4276 1347 4333 Nam
1379 4278 1425 4333 si
1449 4278 1869 4338 extenderentur

275 4370 527 4426 intestina
558 4370 794 4427 hominis
819 4389 937 4442 quae
953 4373 1257 4443 suscipiunt
1283 4381 1335 4427 et
1363 4371 1636 4428 deducunt
1666 4373 1865 4443 cibum,

273 4464 456 4519 statim
486 4464 603 4521 sine
631 4465 739 4520 ulla
772 4465 1128 4536 pertransiret
1157 4481 1344 4533 mora;
1379 4475 1435 4523 et
1475 4481 1697 4522 necesse
1724 4478 1869 4525 esset

270 4544 470 4627 jtigiter
490 4558 700 4615 esurire
730 4572 849 4623 nos,
879 4558 1081 4630 jugiter
1107 4558 1432 4631 epulari,aut
1456 4559 1741 4616 deﬁciente
1768 4560 1869 4615 ali-

1993 510 2154 564 vitam
2189 517 2501 587 procedere,
2533 520 2699 577 simul
2724 521 2971 589 edentes,
2994 537 3043 579 et
3075 526 3401 592 esurientes,
3432 534 3487 581 et
3517 526 3595 579 bi-

1991 601 2179 659 bentes
2200 644 2216 671 ,
2249 608 2623 683 sitientesque,
2651 624 2705 669 et
2750 616 3065 688 priusquam
3106 618 3451 689 replerentur
3476 618 3594 673 exi-

1989 697 2276 755 nanientes
2324 715 2488 760 omne
2529 708 2672 777 quod
2717 722 3080 781 sumpserant,
3134 714 3423 784 statimque
3461 728 3590 768 esu-

1989 789 2239 847 riemes?
2282 792 2435 851 Nunc
2464 808 2642 855 autem
2668 802 2796 857 dum
2828 804 3082 873 paulatim
3115 806 3395 862 descendit
3416 821 3541 863 esca
3570 850 3584 874 ,

1989 884 2183 941 famem
2208 900 2262 944 et
2288 890 2606 950 cruditatem
2636 900 2897 956 naturalis
2928 910 3194 974 temperat
3223 904 3581 974 providentia.

1988 979 2226 1038 Primum
2258 984 2401 1040 enim
2432 987 2485 1043 in
2536 992 2819 1048 stomacho
2863 1010 3021 1067 quem
3053 996 3296 1067 plerique
3339 1005 3587 1053 ventrem

1986 1074 2261 1143 appellant
2302 1078 2675 1151 superiorem,
2705 1085 2860 1139 cibus
2903 1086 3223 1145 conﬁcitur:
3266 1088 3466 1147 deinde
3496 1102 3593 1145 co-

1986 1165 2167 1237 quitur
2208 1168 2259 1223 in
2286 1169 2469 1239 jecore
2493 1214 2508 1238 ,
2538 1181 2700 1247 atque
2726 1191 2791 1232 eo
2818 1178 3081 1249 digeritur
3109 1196 3333 1250 vapore.
3381 1182 3589 1239 Soccus

1987 1260 2104 1332 ejus
2134 1262 2389 1320 dividitur
2414 1270 2579 1325 certis
2623 1270 2891 1328 viseerum
2938 1276 3318 1343 portionibus.
3363 1294 3428 1333 ex
3482 1293 3592 1347 quo

1988 1368 2147 1412 omne
2166 1371 2365 1428 corpus
2389 1361 2628 1419 valescit.
2652 1364 2806 1433 Quod
2833 1367 2966 1421 satis
2983 1367 3257 1437 juniorum
3282 1368 3584 1425 incremen-

1989 1454 2039 1501 ta
2064 1487 2079 1509 ,
2111 1463 2302 1506 senum
2336 1454 2651 1513 testiﬁcatur
2673 1462 3094 1527 perseverantia.
3142 1462 3432 1535 Reliquum
3480 1465 3588 1520 cibi

1984 1537 2037 1594 in
2071 1552 2317 1599 ventrem
2345 1545 2550 1612 deﬂuit,
2574 1564 2733 1620 quem
2756 1567 2946 1608 omnes
2968 1564 3209 1611 ventrem
3240 1556 3584 1627 appellamus

1983 1634 2101 1689 sine
2122 1634 2446 1708 adjectione,
2475 1641 2716 1714 plerique
2738 1645 2922 1703 dicunt
2945 1658 3190 1707 ventrem
3216 1648 3531 1709 inferiorem
3566 1668 3583 1717 ;

1984 1740 2050 1782 ex
2080 1744 2185 1798 quo
2240 1733 2398 1787 limus
2428 1749 2648 1793 necesse
2677 1746 2758 1795 est
2786 1741 2877 1812 qui
2904 1740 3097 1811 plenus
3139 1742 3253 1813 jam
3282 1744 3590 1815 corruptio-

1910 1865 1957 1925 Β
1986 1821 2069 1925 nis
2088 1821 2467 1895 descenderat,
2490 1844 2739 1902 egeratur
2766 1848 2861 1906 per
2886 1835 3019 1894 illud
3046 1852 3113 1895 ex
3152 1847 3467 1899 transverso
3493 1856 3584 1899 os-

1988 1916 2145 1975 tium.

2052 2012 2143 2068 29.
2186 2013 2317 2072 llaec
2345 2031 2469 2073 cum
2521 2019 2594 2076 ita
2626 2020 2831 2081 aﬁ‘abre
2878 2026 3109 2085 naturali
3139 2028 3477 2087 institutione
3516 2030 3586 2089 ad

1980 2105 2076 2163 Dei
2106 2112 2525 2181 praeceptionem
2552 2116 2847 2187 composita
2869 2118 3155 2179 videantur
3177 2140 3192 2189 ;
3212 2133 3388 2181 tamen
3409 2124 3580 2182 sinon

1978 2201 2172 2257 edendi
2194 2218 2225 2258 a
2255 2205 2431 2271 nobis.
2456 2209 2755 2280 agendique
2781 2214 2977 2271 modus
2991 2224 3265 2280 servetur,
3297 2227 3570 2285 tamquam

1976 2297 2394 2357 exuberantibus
2444 2304 2787 2372 passimiibus
2823 2318 3113 2378 generatur
3163 2308 3424 2366 diluvium
3454 2352 3469 2376 ,
3524 2320 3583 2368 et

1978 2391 2224 2461 quaedam
2264 2395 2429 2449 totius
2470 2396 2620 2453 labes
2648 2399 2914 2468 corporis.
2966 2400 3388 2473 luternporantia
3433 2404 3579 2460 enim

1977 2485 2225 2541 accendit
2246 2486 2566 2558 libidinem,
2598 2491 2925 2548 cruditatem
2972 2504 3235 2564 generat,
3289 2505 3580 2567 corrupte.

1977 2579 2083 2635 lam
2110 2590 2274 2637 creat.
2292 2581 2475 2653 Itaque
2489 2584 3014 2647 autduritiainterna
3030 2587 3341 2654 tenduntur.
3366 2598 3423 2646 et
3444 2604 3579 2661 qua-

1978 2677 2181 2735 tiuntur
2206 2679 2505 2747 doloribus,
2534 2692 2627 2741 aut
2650 2683 2861 2739 incocto
2887 2685 3130 2742 ciborum
3153 2685 3382 2742 humore
3419 2696 3473 2740 et
3497 2686 3581 2741 in-

1976 2771 2290 2843 digestiunis
2345 2774 2641 2845 asperitate
2689 2777 2918 2837 interior
2944 2778 3161 2847 quidam
3195 2780 3579 2837 intestinorum

1976 2865 2206 2921 amictus
2237 2865 2482 2933 raditur;
2512 2867 2635 2937 quia
2668 2869 2813 2925 velut
2855 2868 3062 2926 chartae
3111 2872 3293 2941 specie
3320 2876 3570 2943 geminus

1978 2972 2166 3012 eorum
2196 2958 2425 3016 amictus
2452 2960 2749 3017 asset-itur:
2782 2978 2921 3017 unus
2948 2964 3186 3019 exterior
3213 2979 3372 3035 quem
3400 2966 3576 3022 couti-

1980 3065 2145 3105 nuum
2170 3050 2321 3106 aiunt
2350 3051 2545 3120 periti,
2578 3053 2663 3107 vel
2695 3053 2787 3121 qui
2808 3055 3075 3109 curiosius
3101 3058 3321 3111 scrutati
3352 3066 3476 3113 sunt
3500 3097 3515 3122 ,
3542 3073 3575 3116 ε

1977 3158 2192 3200 summo
2218 3145 2285 3199 ad
2329 3146 2493 3201 imum
2538 3146 2819 3203 directus:
2870 3147 3011 3203 alius
3038 3149 3265 3205 interior
3294 3158 3573 3220 tamquam

1979 3240 2240 3296 lateribus
2264 3250 2536 3308 attextus;
2580 3242 2722 3298 unde
2740 3242 2891 3297 aiunt
2934 3258 3040 3297 non
3085 3250 3253 3297 totum
3284 3241 3422 3298 solvi
3448 3257 3572 3303 cum

1977 3335 2206 3393 raditur.
2236 3336 2366 3391 Nam
2398 3336 2443 3391 si
2464 3337 2749 3391 continuus
2774 3346 2921 3393 esset
2948 3336 3173 3392 interior
3199 3374 3216 3399 .
3264 3335 3576 3393 immedica-

1975 3428 2101 3487 bilis
2131 3430 2247 3501 ejus
2293 3429 2524 3487 sc‘lssura
2560 3429 2697 3485 l‘uret
2716 3471 2731 3497 ,
2759 3429 2874 3486 illic
2905 3445 2999 3497 per
3029 3445 3237 3485 moram
3268 3429 3576 3500 adiunctio-

1974 3538 2103 3579 num
2135 3522 2415 3579 adhmrere
2442 3522 2687 3579 ciborum
2730 3524 3009 3593 reliquias.
3040 3522 3169 3589 Quae
3196 3522 3242 3577 si
3269 3521 3575 3593 adjunctio-

1974 3634 2073 3675 nes
2090 3618 2367 3673 solvantur
2395 3659 2411 3684 ,
2446 3616 2679 3674 transire
2708 3631 2953 3674 semesos
2998 3616 3172 3684 cibos,
3201 3624 3259 3673 et
3288 3627 3445 3688 potus
3477 3618 3573 3677 de-

1971 3713 2142 3779 ﬂuos,
2175 3711 2280 3767 hoc
2297 3722 2379 3767 est
2406 3710 2640 3777 hominis
2667 3711 2951 3767 diluvium.

2044 3808 2133 3865 50.
2179 3807 2332 3864 Unde
2354 3808 2484 3863 mihi
2512 3808 2723 3865 videtur
2752 3823 2847 3879 per
2876 3822 3017 3864 arcas
3047 3809 3207 3879 hujus
3228 3809 3453 3881 ﬁguram
3476 3823 3570 3865 vo-

1973 3902 2143 3960 luisse
2189 3903 2357 3957 Deum
2386 3916 2486 3957 nos
2510 3902 2745 3958 edocere
2764 3943 2778 3964 .
2810 3902 3265 3972 quemadmodum
3311 3905 3381 3958 ab
3412 3904 3515 3958 hoc
3542 3904 3571 3944 ιι

1971 3994 2192 4067 speciali
2242 3994 2343 4049 tutl
2374 3993 2545 4048 simus
2587 3994 2813 4050 diluvio.
2867 3990 3180 4064 Corruptela
3207 3994 3351 4050 enim
3382 3994 3573 4053 diluvii

1971 4103 2130 4147 causa
2157 4098 2239 4145 est
2271 4106 2284 4143 :
2317 4102 2380 4143 ea
2410 4087 2499 4143 ubi
2534 4088 2837 4158 irrepserit,
2868 4089 3188 4158 aperiuntur
3211 4104 3391 4161 aquae,
3417 4090 3570 4146 ebul-

1971 4184 2111 4239 liunt
2133 4196 2325 4239 omnes
2344 4183 2520 4237 fontes
2531 4180 2885 4251 cupiditatum
2906 4198 2921 4249 ;
2944 4190 3002 4238 ttt
3022 4189 3191 4239 totum
3204 4198 3400 4255 corpus
3420 4192 3571 4242 tanto

1972 4286 2026 4334 et
2048 4285 2156 4334 tam
2214 4275 2477 4346 profundo
2520 4275 2773 4334 vitiorum
2821 4274 2986 4331 ﬂuvio
3013 4287 3303 4347 mergatur.
3327 4277 3467 4335 Niltil
3488 4287 3573 4337 est

1971 4370 2114 4427 enim
2137 4369 2280 4441 quod
2304 4379 2410 4425 tam
2444 4369 2658 4425 miserae
2699 4368 2947 4426 servituti
2974 4370 3225 4441 subjiciat
3248 4372 3523 4429 hominem
3549 4412 3568 4439 ,

1971 4480 2131 4535 quam
2166 4463 2353 4531 libido,
2382 4476 2544 4535 atque
2591 4464 2858 4536 ejusmodi
2904 4464 3229 4534 cupiditates
3268 4482 3392 4538 quas
3435 4467 3569 4539 ,ἰυεο

1971 4559 2205 4630 quodam
2222 4558 2508 4615 criminum
2526 4561 2671 4629 gravi
2692 4558 3004 4629 deprimunt
3022 4558 3275 4617 miseram
3290 4561 3572 4618 conscien-

276 4661 578 4708 mentorum
608 4653 905 4710 substantia
935 4653 1165 4709 deﬁcere
1210 4654 1375 4709 illico.
1409 4654 1562 4709 Nunc
1602 4666 1781 4709 autem
1814 4655 1865 4710 in
1894 4679 1948 4741 Β
1976 4654 2125 4715 tiam.
2158 4662 2215 4707 ut
2242 4666 2304 4707 se
2331 4662 2559 4723 nequeat
2580 4651 2835 4708 attollere
2856 4692 2874 4718 ,
2905 4661 3093 4723 utpote
3113 4668 3235 4723 qua:
3261 4652 3570 4715 libertatem

277 4743 363 4800 illa
388 4745 763 4801 intestinorum
788 4746 1078 4801 reﬂexione
1117 4761 1180 4801 ac
1210 4746 1510 4801 sinuatione
1531 4748 1778 4815 bipartita
1804 4762 1868 4803 ac

278 4838 343 4893 tri
352 4838 540 4908 partita
557 4838 959 4895 adhaeretcibns
974 4852 1021 4895 et
1043 4840 1421 4895 descendendo
1436 4841 1598 4913 238
1618 4840 1868 4911 paulatim

278 4932 419 4987 vires
444 4933 732 4997 ministrat.
761 4948 982 4990 succum
1005 4933 1234 4989 infundit
1260 4938 1493 5005 θοι-βοή,
1526 4947 1669 4991 tenet
1706 4936 1871 4991 salie-

277 5036 464 5094 tatem,
494 5028 673 5085 diﬂ‘ert
694 5028 888 5086 edendi
911 5029 1271 5101 appetentiam
1300 5050 1313 5086 :
1342 5046 1442 5085 nec
1458 5031 1632 5089 subita
1654 5029 1869 5097 effusio,

277 5136 378 5177 nec
390 5122 667 5192 repentina
682 5123 961 5178 evacuatio
973 5133 1079 5191 est,
1095 5138 1194 5179 nec
1208 5122 1547 5190 ineXplebilis
1562 5124 1870 5192 appetentia

277 5227 397 5283 est,
432 5232 535 5272 nec
564 5218 883 5275 insatiabilis
913 5220 1167 5287 epulandi
1220 5218 1403 5273 libido.
1454 5219 1693 5272 Primum
1739 5233 1873 5289 ergo

276 5311 576 5382 indigentia
604 5322 709 5380 est,
756 5321 812 5367 et
840 5314 1048 5368 fames:
1098 5313 1296 5370 deinde
1324 5328 1392 5369 ex
1436 5313 1517 5368 his
1553 5324 1873 5383 sequeretur

279 5406 475 5463 edendi
508 5408 626 5463 sine
666 5407 1067 5464 intermissione
1115 5412 1466 5466 continuatio.
1498 5410 1638 5478 Quid
1689 5420 1870 5465 autem

276 5500 601 5568 deformius,
624 5516 786 5572 quam
813 5515 1028 5570 semper
1056 5508 1227 5559 ventri
1253 5502 1491 5571 studere,
1519 5504 1609 5575 qui
1636 5517 1758 5558 cum
1787 5517 1875 5557 re-

282 5594 497 5666 pletur,
530 5594 844 5650 vacuandus
890 5604 1016 5659 est;
1056 5610 1179 5653 eum
1216 5608 1507 5661 vacuatur,
1539 5580 1899 5664 replendus?

282 5684 522 5743 Tertium
569 5686 696 5759 quid
736 5696 991 5757 superat,
1043 5687 1146 5743 nisi
1176 5704 1323 5746 mors
1360 5690 1499 5747 inter
1529 5691 1675 5762 ipsos
1725 5688 1877 5744 cibos

359 5812 385 5879 ξι
413 5804 539 5879 Yet.
568 5803 1057 5879 edit.,_im_mobi_lis.
1089 5803 1334 5879 Romam
1358 5822 1516 5872 mss.,
1547 5806 1808 5879 ignobilis.

1974 4746 2303 4803 innocenth
2327 4745 2589 4800 amiserit.
2620 4744 2909 4799 Maximum
2974 4760 3107 4817 ergo
3156 4745 3211 4801 in
3239 4745 3341 4803 hoc
3366 4745 3573 4809 diluvio

1972 4851 2056 4897 est
2072 4838 2454 4904 remedium,ut
2462 4836 2663 4907 justum
2678 4837 2842 4910 239
2859 4837 3138 4907 praeferas,
3158 4853 3390 4910 euntque
3417 4853 3572 4895 matt-

1971 4934 2082 4990 dati
2100 4931 2338 4988 cmlesﬁs
2359 4940 2727 4985 exsecutorem
2754 4930 2940 5001 eligas.
2964 4930 3096 4999 Quis
3114 4941 3193 4986 est
3198 4932 3388 5003 justus
3403 4931 3454 4985 in
3473 4945 3571 4986 no-

1975 5029 2079 5095 bis,
2112 5027 2215 5081 nisi
2244 5026 2440 5081 mentis
2470 5026 2621 5095 vigor
2643 5025 2733 5095 qui
2767 5026 2906 5080 intra
2933 5024 3093 5081 istam
3121 5039 3301 5081 aream
3325 5023 3568 5080 includat

1973 5135 2136 5176 omne
2182 5119 2532 5173 animantium
2580 5133 2789 5188 genus,
2836 5119 3085 5188 quodest
3115 5133 3276 5186 super
3322 5116 3571 5171 terram?

1976 5215 2182 5272 Cohibe
2201 5229 2332 5285 orgo
2362 5222 2415 5269 et
2441 5224 2495 5268 tu
2518 5229 2704 5268 omnes
2718 5212 3114 5269 irrationabiles
3126 5212 3405 5281 passiones
3422 5220 3569 5283 tuas,

1975 5320 2274 5379 omnesque
2297 5320 2489 5363 sensus
2520 5316 2639 5362 tuus
2666 5306 2830 5359 menti
2857 5303 3093 5373 subjice,
3136 5302 3426 5368 animique
3467 5300 3575 5356 im-

1976 5402 2140 5475 periis
2163 5415 2438 5459 assuesce.
2464 5399 2698 5454 Evolare
2732 5398 2876 5452 foras
2903 5412 3008 5451 non
3058 5398 3205 5450 sinas
3248 5391 3577 5463 cupiditates

1977 5508 2121 5564 tuas.
2151 5499 2302 5556 exire
2328 5499 2379 5553 in
2410 5496 2601 5567 vulgus
2632 5492 2909 5549 libidinem
2937 5507 2952 5557 ;
2986 5498 3041 5545 et
3068 5504 3163 5560 per
3192 5485 3577 5546 rationabilem

1978 5601 2214 5651 mentem
2244 5590 2447 5662 poteris
2472 5589 2633 5644 etiam
2666 5582 3047 5640 irrationabilia
3077 5591 3189 5648 tua,
3220 5589 3277 5637 et
3301 5579 3581 5641 immunda

1978 5695 2197 5759 peccata
2225 5686 2293 5742 ab
2318 5683 2464 5739 omni
2492 5680 2736 5753 periculo
2765 5676 2950 5732 diluvii
2983 5675 3238 5733 liberare.

362 5873 391 5917 ιν
429 5858 908 5948 tentarem,
955 5858 2016 5951 Long};“Catelli-faui.Atedit.
2043 5870 2204 5932 Rom.
2232 5877 2287 5931 et
2313 5867 2387 5931 al.
2418 5863 2566 5937 Vat,
2592 5858 2839 5935 spiritali.
