4150 6358
544 291 657 351 578

1219 398 1445 459 CAPUT
1484 398 1554 458 Χ.

550 547 633 608 De
660 548 826 604 tribus
849 546 1019 602 causis
1047 543 1109 599 ob
1136 560 1263 613 quas
1313 551 1458 596 muta
1495 536 1841 595 inanimantia
1885 548 1976 607 per
2006 532 2147 587 dilu-

625 646 765 699 vium
800 642 1027 713 subjecta
1056 639 1157 692 sint
1189 651 1349 707 preme
1370 678 1387 701 ,
1422 646 1469 690 et
1495 631 1931 706 quemadmodum
1974 642 2155 683 sensus

627 738 793 795 nostri
839 743 1045 808 peccato
1099 733 1430 795 moriantur;
1478 745 1540 783 ac
1608 726 1749 781 Deus
1801 731 2156 781 testamentum

625 847 777 887 suum
799 846 915 884 cum
928 831 1074 902 justo
1102 826 1357 883 statuerit.

625 970 716 1027 31.
768 968 1154 1037 Qurrcumque,
1189 964 1385 1036 inquit,
1432 968 1550 1016 sunt
1592 960 1647 1013 in
1671 968 1831 1024 terra,
1882 956 2161 1009 morientur

560 1061 715 1138 (Gen.
756 1078 839 1130 vt,
875 1061 987 1131 17).
1017 1058 1155 1126 Quid
1184 1056 1369 1129 utique
1392 1063 1537 1111 muta
1559 1049 2163 1119 deliquerantauiman-

558 1157 675 1211 tia?
702 1171 806 1226 qua
834 1168 995 1210 causa
1025 1152 1264 1221 subjecta
1316 1160 1443 1204 sunt
1488 1162 1662 1218 paenae
1689 1186 1704 1211 ,
1746 1160 1864 1213 qua:
1907 1139 2162 1212 peccandi

558 1265 776 1307 sensum
810 1262 918 1302 non
943 1244 1182 1300 habent?
1215 1242 1319 1298 Sed
1343 1238 1763 1314 quemamodum
1794 1237 1846 1291 in
1873 1235 2014 1290 bello
2041 1248 2161 1288 cum

556 1343 860 1409 imperator
884 1340 951 1393 ab
975 1338 1129 1391 hoste
1150 1335 1419 1391 occiditur
1440 1377 1455 1397 ,
1490 1332 1850 1389 commoritur
1871 1330 1989 1398 ejus
2010 1343 2167 1383 exer-

561 1438 734 1503 citus,
766 1444 931 1505 atque
954 1432 1131 1488 omnis
1163 1430 1552 1486 comminuitur
1580 1428 1755 1482 virtus
1779 1424 2063 1481 militaris:
2090 1422 2169 1477 sic

563 1544 671 1585 non
720 1528 1045 1595 di~crepare
1073 1541 1105 1579 a
1153 1526 1365 1594 justitia
1393 1528 1567 1578 visum
1599 1530 1683 1576 est
1705 1562 1721 1587 ,
1763 1535 1885 1575 cum
1920 1518 2169 1573 interiret

569 1621 736 1675 homo
767 1620 853 1675 cui
885 1618 1124 1687 regalem
1148 1620 1435 1687 quamdam
1466 1615 1727 1668 Dominus
1759 1612 1901 1666 Deus
1925 1610 1979 1666 in
2006 1624 2169 1666 omne

569 1712 925 1769 animantium
941 1727 1114 1782 genus
1132 1708 1452 1777 potestatem
1472 1708 1643 1774 dedit,
1667 1716 1723 1763 ut
1740 1692 2169 1762 omtiibus'vola-

1868 276 2121 337 SANCTI
2153 275 2486 338 Ακυιιθβιι

2176 397 2231 458 Α
2256 391 2577 464 impunitate
2602 392 2841 449 nutritur
2860 391 3109 449 audacia.
3140 391 3375 451 Recedit
3405 393 3593 466 itaque
3623 391 3712 449 ab
3743 394 3931 450 omni

3798 279 3936 339 376

2258 498 2508 557 respectu
2534 485 2856 552 honestatis,
2879 495 2934 541 et
2957 487 3010 541 in
3034 501 3103 543 eo
3121 495 3338 543 terrena
3357 488 3548 543 omnia
3565 486 3929 543 moriuntur

2259 580 2475 637 letbalis
2521 582 2725 652 peccati
2778 580 3113 645 acerbitate,
3164 598 3285 653 qua:
3313 598 3442 639 vera
3492 593 3549 639 et
3597 594 3920 654 perpetua

2260 690 2437 734 morte
2487 686 2831 750 peccatorem
2860 678 3059 733 deleat.
3094 678 3265 734 Nemo
3294 680 3441 734 enim
3493 680 3741 751 gravius
3780 694 3922 734 mo-

2262 772 2401 828 ritur
2425 814 2440 839 ,
2466 787 2627 843 quam
2660 776 2751 844 qui
2778 783 2999 841 peccato
3030 771 3183 829 vivit.
3213 772 3519 828 Moriuntur
3542 775 3595 825 in
3621 779 3654 807 ι
3684 786 3764 826 eo
3792 771 3923 825 sin-

2262 865 2403 936 gula:
2430 865 2748 934 pa~siones:
2781 866 3011 919 moritur
3037 866 3185 921 visus
3211 866 3300 934 qui
3346 878 3632 936 peccatum
3666 879 3922 919 annun-

2265 958 2382 1018 tiat.
2408 959 2501 1029 qui
2527 958 2746 1014 mulieri
2773 956 2955 1013 fallaci
2988 958 3258 1024 intendit,
3288 959 3378 1030 qui
3431 957 3657 1029 capitur
3730 956 3919 1014 alieni

2266 1054 2448 1108 vultus
2489 1052 2727 1119 dooere,
2780 1068 2943 1123 quem
2988 1055 3130 1108 oculi
3185 1053 3494 1108 meretricis
3542 1052 3912 1123 ligaverint,

2268 1165 2426 1221 quem
2444 1154 2703 1217 ‘aSpectus
2730 1149 3100 1220 illaqueaverit
3136 1149 3459 1205 fornicarite.
3483 1147 3691 1204 Annon
3734 1148 3909 1203 vide-

2272 1252 2357 1297 tur
2388 1242 2546 1303 mori,
2590 1242 2683 1312 qui
2717 1240 2823 1296 sibi
2871 1241 3111 1296 libidinis
3162 1242 3327 1297 telum
3378 1242 3738 1313 impresserit
3766 1284 3781 1301 ,
3818 1240 3915 1311 qui

2271 1345 2606 1405 Spoutaueus
2634 1335 2687 1389 in
2719 1335 2928 1390 foveam
2955 1336 3145 1390 mortis
3175 1335 3431 1390 irruerit?
3463 1335 3699 1389 Moritur
3730 1344 3794 1389 et
3816 1349 3916 1387 au-

2272 1429 2436 1497 ditus,
2470 1446 2592 1484 cum
2623 1428 2793 1484 refert
2822 1428 3074 1492 crimina,
3107 1443 3230 1483 cum
3262 1428 3613 1484 s-dlicitantis
3642 1426 3913 1483 adulteri

2274 1537 2581 1578 sermonem
2629 1522 2935 1584 annuntiat,
2966 1537 3089 1576 cum
3123 1522 3311 1577 inserit
3345 1522 3543 1576 animis
3568 1521 3759 1576 verba
3793 1535 3912 1575 me-

2273 1614 2485 1671 retricis
2530 1630 2651 1685 qua:
2710 1614 2920 1670 seducit
2964 1614 3223 1684 juvenem
3270 1615 3444 1669 multo
3496 1614 3908 1669 blandimento

2276 1709 2543 1765 sermonis
2560 1726 2573 1775 ;
2592 1708 2801 1778 laqueis
2817 1717 3001 1763 autem
3034 1708 3297 1763 labiorum
3315 1723 3537 1762 suorum
3554 1709 3734 1778 illigat
3754 1724 3903 1764 eum.

566 1807 775 1871 tilibns,
803 1803 955 1867 feris,
990 1803 1180 1858 bestiis
1220 1800 1492 1872 imperiali
1527 1811 1789 1870 praeesset
1818 1799 2170 1858 anetoritate.
2202 1806 2250 1867 B
2278 1800 2307 1841 ι)
2334 1802 2564 1857 Moritur
2589 1817 2692 1855 vox
2720 1800 2961 1867 silentio,
2991 1800 3038 1856 si
3065 1815 3171 1855 non
3195 1799 3519 1857 conﬁteatur
3556 1800 3696 1855 Deo.
3739 1801 3908 1855 Mori-

492 1967 501 1972 _
572 1898 718 1970 quod
747 1902 911 1953 etiam
941 1894 1205 1968 pecudes,
1234 1904 1661 1965 etquaecumqne
1691 1902 1852 1948 erant
1874 1893 2171 1947 irrationa-

574 1992 704 2048 bilia
740 2000 1213 2047 commorerentur
1261 1988 1542 2044 animalia.
1593 1985 1841 2057 Denique
1870 1987 1914 2040 si
1961 1984 2181 2055 quando

570 2096 653 2142 est
678 2085 993 2155 pestilentia
1020 2126 1036 2149 ,
1069 2094 1329 2152 corrupto
1372 2083 1498 2137 cmli
1529 2092 1710 2136 tractu
1741 2122 1756 2144 ,
1787 2079 1942 2151 prius
1970 2094 2032 2134 ea
2057 2095 2183 2149 qua:

579 2189 707 2233 sunt
730 2177 1125 2232 irrationabilia
1150 2175 1269 2230 lues
1296 2175 1413 2229 dira
1438 2174 1813 2239 contaminat,
1849 2180 1905 2227 et
1947 2176 2183 2227 maxime

580 2287 770 2337 canes,
804 2286 995 2340 equos.
1028 2270 1231 2332 boves;
1255 2280 1419 2339 atque
1449 2282 1511 2321 ea
1531 2265 1701 2321 inficit
1724 2281 1846 2337 qua:
1867 2280 1989 2320 cum
2011 2265 2188 2319 homi-

582 2366 745 2420 nibus
766 2364 1082 2421 conversari
1116 2362 1372 2416 videntur
1402 2379 1418 2416 :
1469 2361 1549 2414 sic
1577 2360 1749 2413 morbi
1796 2359 1877 2412 vis
1903 2360 2067 2413 etiam
2095 2373 2188 2429 ge-

581 2473 682 2513 nus
712 2462 1005 2512 Immanum
1041 2457 1307 2527 implicat.
1338 2453 1464 2509 Haec
1496 2451 1661 2524 igitur
1690 2452 1867 2523 prima
1897 2467 2061 2507 causa
2087 2493 2104 2521 ,
2132 2458 2193 2507 ut

582 2550 823 2606 arbitror
844 2590 862 2617 ,
886 2550 1048 2620 just-.e
1078 2544 1419 2604 assertionis.

662 2641 751 2698 52.
786 2641 1037 2697 Secunda
1069 2642 1181 2708 illa,
1215 2643 1341 2712 quia
1370 2656 1533 2696 nemo
1556 2647 1775 2695 accusat
1796 2649 2070 2707 naturam,
2095 2653 2195 2694 cur

595 2737 804 2806 reliqua
834 2733 1080 2805 corporis
1108 2736 1280 2789 nostri
1325 2734 1567 2790 membra
1600 2734 1903 2788 moriantur
1934 2734 2052 2789 solo
2100 2746 2192 2788 ca-

594 2829 709 2901 pite
733 2828 969 2891 sublato,
1003 2844 1126 2882 cum
1160 2828 1358 2882 multos
1389 2828 1670 2882 videamus
1697 2827 1995 2897 amputatis
2025 2826 2197 2881 maui-

594 2925 698 2980 bus
715 2934 770 2980 et
788 2924 1014 2995 pedibus
1035 2926 1408 2994 supervivere.
1426 2923 1534 2979 Sed
1552 2938 1657 2978 non
1672 2922 1862 2979 eadem
1876 2932 2198 2979 cancrorum

601 3020 978 3075 membrorum
1024 3030 1107 3074 eSt
1140 3018 1496 3090 praerogativa
1519 3061 1531 3081 .
1563 3034 1683 3090 qua:
1712 3020 1943 3097 capitis;
1973 3020 2202 3091 ideoque

600 3114 848 3170 abscisso
876 3130 943 3170 eo
966 3156 982 3182 ,
1018 3113 1164 3169 unde
1189 3129 1381 3169 sensus
1410 3114 1585 3169 nostri
1613 3114 1665 3169 in
1710 3115 1975 3187 reliquum
2005 3130 2204 3186 corpus

2278 1905 2366 1952 tur
2402 1895 2778 1966 multiloquio;
2811 1893 2933 1965 quia
2974 1890 3382 1965 scriptum‘est:
3438 1891 3525 1949 Ea:
3570 1894 3906 1965 multiloquio

2281 2009 2387 2046 non
2421 1990 2633 2065 eﬂ'ugies
2654 2000 2923 2063 peccatum
2946 1988 3130 2057 (Prov.
3163 2006 3191 2043 χ
3216 2031 3232 2055 ,
3268 1989 3381 2058 l9).
3409 1988 3643 2043 Moritur
3671 2003 3782 2059 per
3805 1989 3905 2042 ira-

2283 2084 2534 2140 cundiam
2562 2124 2577 2149 ,
2626 2099 2750 2139 cum
2796 2081 3241 2154 praetergreditur
3288 2096 3603 2137 mensuram
3647 2081 3900 2136 ultionis.

2285 2179 2476 2235 Omnis
2503 2194 2735 2249 namque
2764 2186 3047 2250 postremo
3076 2191 3270 2233 sensus
3287 2178 3537 2243 moritur,
3566 2177 3613 2231 si
3644 2175 3900 2233 minister

2289 2272 2363 2329 sit
2389 2273 2715 2344 iniquitatis.

2361 2367 2450 2422 55.
2484 2364 2551 2419 Et
2580 2365 2702 2420 ideo
2729 2365 2853 2436 quia
2889 2373 3106 2420 terrena
3125 2364 3305 2419 omnia
3338 2363 3649 2419 moriuntur
3672 2362 3897 2429 diluvio,

2291 2457 2441 2512 solus
2471 2465 2655 2512 autem
2677 2457 2856 2527 justus
2896 2457 2948 2512 in
2972 2466 3235 2513 aeternum
3264 2466 3488 2525 manet,
3518 2456 3586 2511 ad
3618 2456 3802 2525 ipsum
3826 2457 3901 2510 di-

2294 2550 2470 2607 citur:
2504 2550 2747 2606 Statuam
2781 2560 3137 2605 testamentum
3172 2567 3339 2605 meum
3364 2550 3434 2604 ad
3467 2546 3896 2621 te(Gen.VI,18);

2297 2645 2424 2715 quia
2458 2644 2577 2715 ipse
2602 2645 2800 2699 divina:
2828 2656 2914 2700 est
2944 2645 3123 2701 hmres
3152 2646 3358 2716 gratiae,
3380 2646 3495 2713 ipse
3509 2646 3753 2701 caelestis
3786 2660 3898 2716 pos-

2299 2754 2483 2795 sessor
2516 2738 2865 2805 haereditatis,
2894 2741 3331 2796 beatissimorum
3356 2755 3588 2797 consors
3613 2742 3893 2796 bonorum.
3935 2759 3945 2767 ε

2304 2835 2372 2891 Et
2399 2834 2644 2891 homines
2669 2834 2885 2901 quidem
2938 2853 3063 2893 cum
3111 2838 3422 2893 moriuntur
3450 2879 3465 2903 ,
3498 2832 3895 2908 patrimonium

2304 2943 2459 2982 suum
2489 2936 2816 2983 testamento
2843 2930 3209 2985 transcribere
3237 2930 3419 2986 solent
3445 2946 3459 2995 ;
3494 2945 3595 2986 nec
3622 2931 3769 2986 cedit
3797 2929 3896 2985 har.

2306 3023 2529 3089 reditas,
2562 3022 2737 3078 donec
2787 3022 2916 3077 vivit
2956 3032 3220 3078 testator:
3270 3023 3413 3078 Deus
3441 3033 3622 3079 autem
3668 3040 3791 3079 cum
3837 3026 3897 3079 sit

2310 3117 2694 3187 sempiternus,
2754 3115 3079 3172 transfundit
3118 3116 3279 3187 justis
3308 3117 3507 3172 divinze
3531 3117 3891 3173 hereditatem

600 3209 870 3281 prodeunt
893 3253 906 3275 ,
933 3206 1370 3263 commoriuntur
1399 3207 1565 3262 etiam
1586 3208 1770 3261 omnia
1795 3208 2035 3263 membra
2065 3225 2078 3262 :
2108 3223 2207 3264 nec
2232 3202 2279 3266 C
2312 3210 2662 3275 substantiae;
2692 3218 2748 3266 et
2770 3209 2885 3279 ipse
2910 3225 3015 3264 non
3048 3210 3300 3280 indigens
3329 3210 3497 3265 donat
3528 3226 3632 3265 sua
3660 3211 3777 3267 sine
3798 3210 3893 3265 ullo

603 3302 660 3356 in
691 3318 757 3356 eo
788 3310 881 3356 aut
906 3300 1211 3373 operatoris
1245 3298 1583 3370 providentia
1632 3301 1941 3368 deseritur,
1963 3313 2056 3357 aut
2079 3301 2209 3357 sub-

607 3399 822 3453 stantia:
851 3396 1103 3451 humana:
1127 3396 1389 3468 fragilitas
1408 3396 1776 3466 redarguitur.
1796 3396 2060 3451 Similiter
2083 3411 2213 3467 ergo

612 3504 773 3545 nemo
793 3506 935 3543 nunc
961 3498 1173 3559 arguat,
1205 3489 1329 3559 quia
1355 3499 1511 3558 caput
1542 3495 1598 3542 et
1621 3488 1919 3558 principale
1943 3488 2215 3555 quoddam

615 3594 940 3639 creternrum
987 3581 1302 3637 animalium
1337 3583 1499 3636 homo
1527 3589 1654 3647 est,
1687 3595 1795 3651 quo
1817 3583 2087 3637 moriente
2107 3598 2216 3636 non

615 3678 779 3733 debet
796 3679 988 3732 mirum
1007 3676 1201 3745 videri,
1222 3678 1267 3731 si
1284 3687 1479 3732 c:rtera
1497 3676 1928 3730 commoriantur
1940 3676 2215 3731 animalia.

688 3774 777 3827 55.
819 3771 1062 3827 Tertium
1093 3771 1225 3827 illud
1253 3782 1354 3838 est,
1388 3771 1516 3841 quia
1561 3769 1794 3823 rationis
1838 3769 2087 3839 expertia
2111 3784 2217 3825 non

614 3876 840 3939 propter
865 3882 946 3932 se,
971 3865 1067 3922 sed
1108 3874 1331 3937 propter
1355 3865 1633 3919 hominem
1659 3873 1913 3934 generata
1942 3874 2069 3917 sunt
2098 3862 2217 3917 ani-

618 3963 817 4027 malia;
852 3962 1086 4016 hominis
1111 3960 1256 4015 enim
1296 3973 1458 4013 causa
1490 3970 1612 4012 esse
1644 3965 1915 4027 prmeepta
1946 3964 2115 4023 sunt,
2164 3944 2222 4009 ut

618 4072 808 4112 eorum
839 4054 1185 4123 subiectione
1216 4051 1453 4105 lnnnaua
1498 4059 1781 4117 priestaret
1824 4047 2087 4104 conditio.
2118 4047 2223 4101 De-

621 4154 787 4222 nique
806 4154 992 4218 gratia:
1022 4146 1259 4202 hominis
1290 4145 1541 4200 attribuit
1558 4144 1830 4214 Propheta
1853 4142 2070 4198 dicens:
2094 4140 2225 4195 0m-

624 4247 711 4301 nia
758 4244 1019 4313 subjecisti
1055 4244 1146 4297 sub
1203 4244 1454 4314 pedibus,
1510 4256 1624 4293 oves
1667 4250 1711 4293 et
1739 4239 1889 4292 boves
1916 4240 2181 4292 universas
2206 4279 2221 4303 ,

624 4342 836 4407 insuper
863 4348 909 4390 et
937 4353 1118 4403 perora
1163 4337 1356 4405 campi,
1389 4335 1622 4389 uolucres
1648 4333 1761 4386 caeli
1791 4343 1837 4385 et
1877 4333 2040 4404 pisces
2070 4329 2226 4386 maris

630 4432 755 4507 (Ps.
783 4446 898 4495 vtn,
919 4429 997 4502 8);
1017 4430 1143 4500 quia
1176 4439 1396 4498 propter
1428 4428 1602 4496 ipsum
1634 4426 1721 4478 illa
1735 4426 1949 4479 omnia:
1979 4424 2081 4479 alia
2107 4439 2228 4493 pro-

626 4539 748 4599 pter
777 4524 1070 4580 utilitatem
1099 4565 1115 4591 ,
1147 4523 1252 4578 alia
1280 4519 1659 4576 delectationis
1688 4522 1857 4588 gratia
1884 4559 1900 4583 ,
1938 4518 2040 4573 alia
2074 4517 2227 4573 volu-

2315 3301 2622 3357 donationis
2678 3301 3001 3372 dispendio,
3060 3318 3221 3374 quem
3267 3318 3372 3358 non
3421 3315 3647 3375 gravant
3692 3320 3892 3360 suorum

2315 3406 2598 3451 consortes
2622 3397 2915 3460 bonorum,
2971 3397 3250 3469 magisque
3306 3396 3511 3451 fruitur
3540 3412 3608 3452 eo
3661 3413 3764 3469 quo
3809 3412 3893 3453 nos

2318 3490 2538 3544 utimur.
2574 3489 2811 3559 Denique
2839 3489 3099 3544 Dominus
3135 3491 3293 3545 Jesus
3342 3505 3547 3560 panper
3578 3487 3753 3547 factus
3780 3500 3888 3558 est,

2318 3601 2443 3643 cum
2468 3585 2621 3641 dives
2647 3594 2815 3649 esset,
2849 3597 2905 3639 ut
2930 3588 3031 3639 nos
3056 3584 3199 3639 illius
3226 3584 3409 3655 inopia
3435 3585 3734 3640 ditaremur
3772 3627 3785 3639 .
3815 3586 3893 3656 qui

2320 3678 2724 3735 Testamentum
2764 3689 3051 3749 utrumque
3073 3693 3171 3733 suo
3193 3680 3588 3734 consummavit
3620 3678 3889 3751 sanguine;

2322 3780 2383 3827 ut
2409 3786 2509 3826 nos
2535 3772 2660 3826 vitae
2687 3786 2798 3827 sua:
2818 3770 3133 3827 cohaeredes
3160 3814 3174 3839 ,
3208 3780 3264 3827 et
3290 3773 3482 3827 mortis
3511 3771 3713 3829 faceret
3740 3774 3890 3828 lucre-

2323 3866 2422 3921 des
2443 3908 2458 3932 ,
2487 3881 2593 3936 quo
2622 3874 2679 3921 et
2726 3867 2855 3919 vitae
2884 3865 3209 3921 haberemus
3234 3866 3571 3920 consortium
3594 3907 3609 3932 ,
3636 3875 3689 3921 et
3728 3864 3891 3921 mortis

2326 3958 2664 4015 beneﬁcium.
2717 3958 2940 4014 Multum
2972 3967 3152 4013 autem
3199 3958 3385 4013 tribuit
3427 3958 3614 4029 justo,
3655 3958 3889 4013 dicendo:

2328 4052 2569 4109 Statuam
2600 4062 2961 4106 testamentum
2984 4068 3152 4106 meum
3178 4053 3246 4105 ad
3278 4063 3367 4119 te;
3397 4067 3465 4107 eo
3490 4052 3635 4123 quod
3682 4054 3889 4107 rationa-

2327 4148 2452 4204 bilis
2483 4158 2537 4203 et
2568 4146 2745 4203 fidelis
2770 4147 2853 4202 vir
2884 4149 2953 4202 sit
2984 4156 3363 4203 testamentum
3389 4147 3509 4201 Dei.
3535 4147 3659 4217 Ipse
3683 4147 3888 4202 esteuim

2330 4240 2641 4305 haereditas,
2672 4241 2789 4311 ipse
2817 4240 3110 4310 possessio,
3136 4241 3187 4294 in
3220 4256 3327 4309 quo
3367 4242 3539 4294 virtus
3566 4240 3727 4295 divini
3757 4249 3891 4295 testa-

2331 4336 2502 4390 menti
2528 4344 2647 4399 est,
2679 4335 2732 4389 in
2784 4351 2891 4405 quo
2923 4332 3130 4389 fructus
3157 4334 3346 4404 judicii
3374 4377 3388 4398 ,
3420 4335 3471 4389 in
3505 4351 3613 4405 quo
3647 4335 3891 4391 lncredilas

2335 4428 2730 4501 promissionis.
2755 4428 2825 4483 de
2851 4444 2959 4498 quo
2988 4428 3153 4482 David
3180 4427 3341 4482 dicit:
3366 4426 3499 4481 Ecce
3522 4428 3781 4482 hereditas
3800 4427 3890 4482 Do-

2335 4521 2462 4575 mini
2469 4564 2480 4580 .
2499 4521 2597 4589 [itii
2618 4536 2811 4574 merces
2829 4523 3029 4583 fructus
3042 4519 3233 4573 ventris
3246 4516 3362 4590 (Ps.
3390 4533 3575 4584 cxxvn,
3601 4520 3679 4591 5).
3697 4518 3788 4574 Sed
3800 4520 3889 4588 jam

626 4598 813 4690 piatis.
842 4616 1197 4685 Consequens
1218 4629 1350 4685 ergo
1377 4622 1515 4678 erat,
1546 4622 1603 4667 ut
1631 4627 1755 4667 cum
1782 4610 2232 4668 delereturbomo
2257 4598 2312 4660 D
2336 4614 2481 4669 salva
2521 4614 2867 4683 expositione
2894 4611 3265 4684 profundioris
3311 4611 3560 4685 mysterii
3612 4612 3679 4668 ad
3722 4611 3890 4685 reliqua

630 4726 662 4767 a
689 4711 825 4767 facie
851 4707 1187 4782 terram
1218 4718 1609 4780 pronterquem
1627 4705 1768 4762 facta
1788 4717 1936 4774 sunt,
1965 4711 2128 4762 etiam
2152 4708 2232 4779 ip-
2336 4722 2641 4781 pergamus.

633 4822 691 4861 sa
722 4806 834 4871 pari
873 4804 1186 4859 delerentur
1205 4817 1425 4857 occasu.
1452 4800 1578 4857 Haec
1596 4802 1895 4858 secundum
1930 4802 2231 4873 simplicem

634 4899 893 4956 lectionis
922 4896 1344 4967 expositionem.

704 4992 797 5049 54.
830 4990 1013 5047 Altior
1034 5000 1213 5045 autem
1242 4998 1298 5045 et
1328 4987 1649 5057 profundior
1676 4988 2052 5059 interpretatio
2102 4988 2231 5045 illud

633 5090 865 5152 attexit,
899 5087 1041 5157 quod
1072 5084 1163 5139 ubi
1208 5085 1387 5138 anima
1437 5082 1581 5138 mole
1625 5084 1934 5153 passionum
1978 5092 2235 5139 curvatur

637 5182 830 5252 gravi,
883 5189 937 5234 et
979 5178 1131 5249 quasi
1181 5177 1517 5232 diversarum
1564 5176 1922 5247 cupiditatum
1977 5178 2238 5248 mergitur

637 5286 771 5330 aestu
790 5315 805 5341 ,
837 5282 1071 5328 terrena:
1095 5285 1289 5327 omnes
1321 5269 1682 5339 cogitationes
1704 5279 1759 5324 et
1782 5269 2237 5339 concupiscentia:

639 5367 693 5421 in
724 5382 973 5438 praeceps
1015 5375 1217 5429 ruunt;
1249 5362 1371 5434 quia
1421 5370 1676 5433 peceator
1718 5364 2087 5432 unusquisque
2130 5377 2237 5432 quo

640 5464 888 5531 graviora
907 5460 1107 5531 ﬂagitia
1133 5458 1497 5520 commiserit,
1526 5471 1593 5513 eo
1625 5456 1682 5511 fit
1704 5454 2042 5510 insolentior.
2072 5453 2237 5510 Nam-

640 5567 746 5622 que
778 5571 877 5610 usu
919 5562 1079 5626 atque
1106 5552 1494 5611 exercitatione
1538 5548 1858 5621 improbitas
1888 5558 2113 5621 augetur
2136 5591 2152 5619 ,
2181 5559 2238 5607 et

2766 4846 2926 4919 251
2962 4844 3191 4902 CAPUT
3228 4844 3323 4900 χι.

2348 4960 2529 5016 Virum
2547 4964 2753 5033 justum
2786 4960 2885 5013 sibi
2922 4975 2983 5013 ac
3012 4959 3121 5012 suis
3150 4957 3309 5014 saluti
3335 4973 3486 5023 esse;
3533 4959 3653 5014 licet
3677 4975 3892 5015 nonnum-

2412 5071 2567 5127 quam
2601 5056 2828 5107 studium
2857 5052 3111 5107 relaxanti
3144 5051 3350 5119 obrepat
3385 5068 3551 5107 error.
3588 5052 3706 5107 Non
3730 5068 3892 5125 «nuper

2405 5154 2607 5223 justum
2632 5164 2739 5203 esse
2768 5146 2911 5216 apud
2934 5144 3099 5199 Dmm
3125 5146 3213 5215 qui
3232 5146 3406 5215 justus
3431 5145 3497 5200 sit
3520 5146 3661 5217 apud
3682 5148 3888 5201 homines.

2412 5240 2647 5313 Denique
2688 5251 2907 5296 mentem
2940 5239 3079 5294 inter
3107 5238 3369 5311 passiones
3427 5239 3576 5309 quasi
3617 5240 3893 5311 patrisfami-

2414 5339 2513 5394 lias
2540 5338 2679 5393 obire
2700 5336 2958 5407 ofﬁcium.

2412 5454 2504 5510 56.
2549 5452 2723 5517 Intra,
2764 5451 2958 5524 inquit,
2983 5460 3037 5505 tu
3059 5458 3105 5505 et
3136 5452 3302 5505 omnis
3321 5452 3504 5506 domus
3534 5459 3623 5504 tua
3643 5451 3693 5505 in
3716 5467 3887 5517 arcam;

2340 5536 2462 5623 quia
2488 5560 2536 5605 te
2559 5548 2668 5603 vidi
2683 5549 2888 5620 justum
2918 5561 3096 5601 coram
3125 5561 3205 5599 me
3230 5545 3284 5599 in
3312 5546 3638 5615 generatione
3657 5546 3740 5600 ista
3762 5544 3884 5619 (Gen.

2412 5691 2439 5728 ι»
2480 5690 2627 5745 Edit.
2657 5697 2796 5749 ant..
2832 5686 3062 5743 Moritur
3092 5703 3156 5742 ea:
3194 5687 3431 5742 silentio:
3456 5687 3648 5743 melius
3674 5687 3804 5747 Rom.
3841 5698 3883 5747 et

717 5700 742 5727 α
774 5692 912 5745 Edil.
938 5692 1123 5757 Rom.,
1151 5692 1373 5745 actiones
1395 5690 1633 5763 singulae.
1661 5689 1819 5763 Aliae.
1847 5698 1901 5744 et
1932 5705 2100 5763 impss.,
2118 5706 2238 5760 pas-

2335 5763 2459 5819 cod.
2488 5762 2651 5818 Corb.
2682 5775 2744 5817 ac
2772 5759 2967 5832 Long.,
2993 5757 3216 5815 Moritur
3242 5774 3340 5815 vos;
3366 5760 3588 5817 silentio.

644 5763 829 5835 siones.
860 5764 951 5835 Sic
974 5766 1135 5835 etiam
1158 5763 1293 5816 infra
1325 5761 1515 5816 eadem
1550 5763 1706 5835 Rom.
1735 5761 1861 5835 edit.
1885 5801 1901 5831 ,
1923 5761 2080 5835 infert
2124 5766 2230 5819 cri-

646 5834 810 5904 mina,
839 5832 927 5888 ubi
956 5831 1072 5889 alite
1096 5871 1111 5899 ,
1143 5842 1199 5889 et
1229 5847 1386 5901 mss,
1416 5836 1574 5907 refert
1600 5832 1837 5888 crimina.
