4150 6358
270 350 378 410 577

276 566 382 624 hoc
418 565 682 620 astruitur
705 563 850 628 loco,
881 561 1004 634 quia
1045 559 1246 616 stultus
1273 557 1376 613 sibi
1406 556 1508 612 soli
1538 555 1734 612 stultus
1764 563 1874 621 est,

277 662 499 732 sapiens
519 668 699 715 autem
731 657 836 714 sibi
857 667 913 712 et
943 653 1190 728 plurimis
1215 651 1400 725 sapit(
1428 651 1584 708 Prov.
1616 665 1697 717 tx,
1732 648 1798 703 12
1826 646 1873 720 ).

278 755 466 826 Itaque
502 753 617 810 Noe
641 753 773 824 justi
804 750 999 806 merito
1026 753 1188 805 etiam
1216 748 1410 803 domus
1435 746 1554 818 ejus
1581 748 1632 801 in
1666 744 1875 799 diluvio

280 860 548 905 servatur.
589 847 680 904 Sic
710 848 761 902 in
795 849 928 901 mari
968 844 1303 911 navigantes,
1343 852 1398 897 et
1439 842 1493 897 in
1543 842 1684 896 bello
1720 855 1876 895 exer—

280 946 445 1009 citus,
470 944 513 998 si
543 943 650 998 illis
677 957 784 997 non
814 938 955 996 desit
976 939 1353 1011 gubernatoris
1381 935 1596 1008 peritia,
1630 935 1748 990 istis
1779 936 1876 989 im-

281 1038 552 1111 peratoris
591 1037 899 1109 prudentia,
932 1051 964 1090 a
993 1033 1234 1106 periculo
1265 1033 1362 1088 tuti
1390 1039 1520 1087 sunt
1546 1032 1722 1086 aliena
1753 1045 1875 1101 ope.

283 1132 393 1190 Sed
420 1132 544 1202 quia
574 1130 702 1186 boni
735 1129 1084 1200 imperatoris
1108 1127 1282 1184 bonus
1303 1127 1576 1183 exercitus
1599 1137 1713 1191 eSt;
1757 1123 1880 1179 ideo

282 1225 446 1281 etiam
483 1224 538 1280 in
563 1239 630 1280 eo
660 1223 877 1278 laudem
904 1223 1034 1291 justi
1077 1220 1429 1291 intelligimus
1458 1233 1565 1274 non
1593 1215 1879 1288 praeteriri,

280 1317 368 1388 qui
394 1316 556 1372 talem
592 1315 829 1371 insdtuit
853 1314 1076 1370 domum
1106 1328 1282 1378 suam,
1313 1323 1372 1366 ut
1400 1310 1618 1366 virtutis
1647 1307 1884 1381 fulgeret

280 1410 593 1474 consortio;
630 1407 938 1479 meritoque
971 1407 1182 1461 invenit
1212 1405 1440 1459 salutem
1469 1405 1741 1473 cognatio.
1773 1400 1884 1457 Nec

282 1512 579 1576 repugnat,
612 1502 738 1573 quia
772 1512 959 1573 postea
988 1511 1079 1555 aut
1124 1499 1287 1565 illius,
1334 1508 1425 1553 aut
1467 1512 1602 1552 uxor
1635 1494 1880 1551 oifendit.

286 1597 601 1661 Dormiebat
622 1595 825 1666 justus,
857 1609 981 1649 cum
1011 1599 1221 1648 erraret
1246 1589 1388 1646 ﬁlius
1432 1591 1451 1659 (
1476 1587 1604 1644 Gen.
1640 1603 1716 1653 1x,
1744 1586 1817 1641 εἰ
1834 1594 1885 1641 et

284 1707 393 1762 seq.
424 1689 466 1763 ).
492 1689 716 1744 Femina
747 1702 963 1756 quoque
994 1695 1179 1754 utpote
1225 1699 1389 1739 sexus
1418 1681 1714 1752 fragilioris
1743 1679 1885 1734 mole

288 1780 520 1854 periculi
569 1782 783 1835 turbata
813 1779 832 1852 (
858 1777 997 1832 Ibid.
1043 1777 1131 1839 l9.
1161 1775 1232 1831 26
1261 1773 1305 1848 ),
1335 1788 1458 1846 quae
1489 1782 1659 1827 totum
1691 1771 1880 1826 orbem

285 1877 470 1933 divino
502 1876 757 1932 incendio
795 1875 974 1946 perire
1015 1871 1284 1934 crederet,
1317 1870 1443 1941 quid
1479 1869 1694 1923 miraris
1723 1867 1767 1920 si
1806 1865 1888 1920 vi-
1917 1871 1965 1931 Β

284 1986 408 2026 rum
450 1986 557 2025 non
595 1968 988 2039 potuitsequi,
1029 1981 1152 2021 cum
1197 1966 1313 2034 ipse
1351 1963 1531 2034 justus
1572 1961 1640 2016 ab
1677 1958 1887 2031 angelis

287 2064 531 2120 monitus
560 2063 647 2118 vix
677 2062 951 2118 evaserit?
993 2058 1132 2129 Quid
1164 2066 1344 2114 antem
1376 2058 1570 2112 mirum
1599 2055 1644 2111 si
1679 2052 1886 2108 homini

293 2159 510 2230 obrepit
539 2173 716 2223 error,
765 2165 858 2211 aut
887 2171 947 2211 se
984 2156 1201 2211 relaxat
1241 2149 1503 2208 intentio?
1547 2149 1727 2222 Argue
1757 2163 1888 2219 ergo

292 2253 418 2323 quia
453 2263 508 2308 et
542 2252 722 2322 justus
752 2251 1048 2306 inebriatus
1083 2261 1188 2306 est.
1234 2247 1346 2304 Sed
1375 2247 1491 2302 haec
1521 2246 1643 2301 loco
1671 2260 1769 2302 suo
1803 2259 1892 2301 re-

293 2345 560 2404 servanda
588 2345 825 2400 arbitror
850 2349 868 2413 t
895 2342 1070 2416 Infra,
1104 2359 1152 2397 c.
1183 2342 1254 2398 29
1277 2341 1318 2415 ).

365 2441 456 2497 57.
493 2438 650 2495 Nunc
693 2437 838 2508 quod
885 2445 1136 2507 superest
1179 2435 1607 2490 consideremus.
1659 2431 1890 2486 Pulchre

295 2535 442 2593 enim
467 2533 647 2588 dixit:
679 2532 814 2600 Quia
842 2531 948 2586 vidi
979 2539 1024 2584 te
1039 2533 1246 2603 justum
1280 2545 1452 2583 coram
1481 2545 1562 2582 me
1589 2528 1644 2582 in
1673 2543 1889 2599 genera-

295 2629 434 2684 tione
482 2628 598 2681 ista.
650 2624 805 2682 Multi
859 2623 1171 2678 hominibus
1218 2623 1352 2691 justi
1395 2621 1679 2686 videntur,
1734 2618 1892 2690 pauci

297 2721 450 2777 Deo:
479 2719 638 2775 aliter
680 2718 1023 2784 hominibus,
1069 2717 1232 2771 aliter
1270 2716 1400 2770 Deo.
1447 2713 1767 2768 Hominibus
1809 2728 1895 2768 se-

300 2812 539 2868 cundum
588 2811 714 2866 vita:
760 2811 1050 2883 speciem;
1099 2809 1210 2863 Deo
1263 2806 1558 2863 secundum
1607 2806 1893 2877 puritatem

301 2905 511 2971 animi,
585 2903 800 2959 virtutis
867 2902 1198 2966 veritatem;
1274 2899 1522 2955 homines
1584 2913 1703 2970 quae
1769 2897 1898 2952 foris

302 3007 430 3054 sunt
488 2996 772 3068 probant:
821 2995 965 3050 Deus
1029 3007 1152 3064 quae
1214 2993 1359 3046 intus
1415 2992 1710 3045 examinat.
1766 2988 1898 3044 Per-

304 3105 475 3162 pense
512 3100 693 3144 autem
722 3087 930 3143 addidit
962 3105 975 3141 :
1010 3085 1077 3142 In
1119 3087 1446 3159 generatione
1475 3085 1608 3149 ista;
1641 3093 1698 3137 ut
1725 3097 1900 3151 neque

303 3183 615 3254 superiores
658 3181 1068 3249 condemnaret,
1121 3195 1296 3251 neque
1336 3182 1670 3250 posteriores
1715 3177 1902 3232 exclu-

305 3275 484 3341 deret,
532 3285 786 3347 recteque
831 3273 1094 3352 diluvium
1136 3273 1333 3328 factum
1371 3280 1642 3326 astrueret
1683 3269 1900 3325 interitu
1931 3267 1977 3330 C

305 3371 676 3442 generationis
705 3371 823 3441 ejus
850 3384 971 3440 quae
999 3384 1104 3424 non
1135 3367 1362 3424 haberet
1380 3366 1714 3424 consortium
1741 3364 1908 3436 a‘qui-

307 3465 457 3521 tatis.
492 3465 618 3520 Haec
643 3464 939 3520 secundum
971 3464 1228 3519 litteram.

379 3558 472 3616 58.
513 3558 691 3614 Altior
717 3566 897 3612 autem
927 3571 1120 3613 sensus
1150 3565 1407 3626 provocat
1434 3570 1555 3623 nos,
1589 3565 1647 3610 ut
1679 3556 1779 3611 hoc
1809 3569 1907 3626 pu-

309 3662 489 3710 temus
516 3653 752 3724 vigorem
784 3653 984 3708 mentis
1016 3656 1068 3707 in
1106 3653 1286 3707 anima
1324 3667 1468 3717 esse,
1501 3657 1558 3706 et
1586 3651 1824 3705 animum
1853 3651 1907 3706 in

311 3759 575 3816 corpore,
622 3747 766 3816 quod
797 3755 880 3800 est
905 3744 1371 3815 paterfamilias'in
1402 3745 1566 3800 domo
1591 3760 1710 3800 sua.
1753 3745 1906 3812 Quod

311 3841 461 3897 enim
490 3841 543 3894 in
565 3839 746 3893 anima
775 3854 949 3906 mens,
983 3839 1086 3895 hoc
1113 3841 1291 3894 auima
1315 3840 1368 3894 in
1400 3855 1649 3910 corpore.
1677 3841 1732 3896 Si
1760 3857 1914 3898 mens

313 3943 434 3989 tuta
477 3941 582 3997 est,
612 3939 726 3987 tuta
756 3935 1060 3988 estdomus
1081 3976 1096 4000 ,
1137 3942 1247 3988 tnta
1284 3935 1464 3989 anima
1497 3951 1512 3986 ε
1543 3936 1586 3989 si
1619 3936 1796 3988 anima
1831 3935 1914 3988 in-

315 4027 576 4089 columis.
617 4027 908 4083 incolumis
947 4042 1096 4082 caro.
1135 4027 1284 4082 Mens
1317 4027 1460 4082 enim
1494 4029 1674 4084 sobria
1711 4031 1919 4098 passio-

318 4135 423 4177 nes
455 4133 646 4175 omnes
675 4120 915 4183 cohibet,
949 4133 1143 4176 sensus
1171 4119 1460 4190 gubernat,
1492 4135 1800 4176 sermonem
1834 4137 1922 4176 re-

316 4213 420 4287 git.
454 4214 689 4285 Ideoque
717 4213 858 4270 bene
887 4212 1019 4268 dicit
1045 4212 1304 4267 Dominus
1326 4212 1495 4282 justo,
1531 4214 1668 4268 intra
1699 4224 1774 4279 tu,
1817 4213 1922 4270 hoc

319 4318 432 4377 est,
459 4311 514 4364 in
541 4308 772 4378 teipsum
794 4309 958 4372 intra,
986 4308 1037 4360 iu
1064 4317 1211 4361 tuam
1236 4317 1495 4371 mentem,
1527 4307 1578 4363 in
1601 4315 1706 4363 tua:
1728 4307 1923 4362 anima:

323 4402 658 4475 principale;
693 4401 764 4456 ibi
795 4401 940 4455 salus
969 4407 1075 4464 est,
1109 4400 1184 4456 ibi
1208 4400 1657 4470 gubernaculum;
1689 4401 1820 4457 loris
1845 4401 1926 4455 di-

265 4564 270 4570 .
325 4495 555 4562 luvium,
587 4492 718 4548 foris
741 4493 1064 4563 periculum.
1087 4491 1145 4548 Si
1173 4504 1352 4548 autem
1385 4493 1527 4549 intus
1551 4492 1739 4561 fueris,
1770 4504 1824 4549 et
1847 4493 1928 4549 fo-

329 4587 410 4644 ris
450 4596 596 4642 tutus
635 4602 730 4654 es;
773 4585 896 4656 quia
929 4585 1018 4640 ubi
1061 4601 1217 4641 mens
1259 4586 1345 4641 sui
1378 4587 1583 4642 arbitra
1621 4599 1723 4656 est,
1771 4589 1926 4643 bonae

331 4691 460 4739 sunt
496 4681 877 4752 cogitationes,
918 4679 1077 4736 bona:
1097 4683 1647 4737 suntexsecutiones.
1691 4681 1747 4737 Si
1784 4682 1928 4737 cnim
1955 4662 2008 4722 Ῑ)

335 4777 467 4834 nihil
512 4777 622 4832 vitii
668 4783 908 4831 mentem
952 4775 1257 4841 obumbret,
1305 4776 1535 4830 sincerae
1574 4775 1933 4846 cogitationes

335 4883 483 4932 sunt.
507 4873 562 4930 Si
581 4874 760 4929 studio
775 4872 1104 4935 sitcastitas,
1123 4871 1277 4926 cordi
1296 4870 1530 4943 silua
1552 4873 1931 4942 temperantia,

339 4972 484 5029 nulla
516 4970 812 5026 inardescit
849 4967 1068 5023 ﬂamma
1096 4967 1338 5022 libidinis
1360 5007 1374 5032 ,
1408 4967 1552 5021 nulla
1599 4967 1781 5022 ulcera
1812 4981 1937 5036 pro-

339 5073 566 5136 serpunt
599 5061 955 5134 aegritudinis.
998 5059 1280 5118 Sobrietas
1307 5059 1452 5115 enim
1496 5059 1729 5129 mentis,
1763 5057 1934 5116 medi-

339 5161 460 5216 cina
488 5168 572 5215 est
598 5159 865 5228 corporis.

420 5469 446 5497 τι
472 5457 601 5514 Mss.
632 5452 796 5510 Corb.
825 5456 881 5505 et
909 5447 1054 5512 Vat.,
1097 5447 1217 5517 quia
1253 5443 1415 5514 alpha
1442 5450 1518 5498 est
1548 5441 1618 5495 ad
1647 5441 1948 5517 similitudi-

348 5513 492 5593 nem,
537 5538 646 5584 etc.
688 5524 827 5580 Hinc
854 5519 1010 5593 nobis
1043 5513 1256 5573 videtur
1280 5531 1310 5570 a
1337 5531 1465 5593 vero
1496 5529 1617 5593 non
1648 5513 1949 5569 abhorrere

348 5585 551 5668 aliquid
598 5599 746 5669 prius
780 5595 848 5650 de
889 5592 1064 5669 primo
1102 5587 1530 5669 nuniero_luisse
1563 5585 1792 5669 dictum,
1825 5599 1949 5669 quo

351 5655 539 5748 postca
571 5655 808 5748 sublato
838 5655 945 5720 non
986 5661 1272 5716 minimum
1305 5657 1656 5715 obscuritatis
1688 5657 1784 5712 toti
1825 5655 1950 5711 huic

355 5746 477 5806 loco
503 5746 785 5800 subortum
817 5747 925 5794 est.
1054 5803 1072 5806 4
1263 5801 1305 5806 μ’
1422 5758 1424 5760 τ

424 5799 454 5858 ί)
486 5799 579 5873 lia
605 5830 736 5871 mss.
769 5808 934 5867 Corb.
967 5815 1022 5860 et
1053 5803 1223 5873 Long.
1263 5801 1384 5857 Vat.
1434 5812 1612 5858 autem
1642 5817 1766 5858 cum
1809 5799 1944 5855 edit.

356 5890 484 5949 δίη.
514 5904 578 5946 ac
599 5887 786 5954 Rom,
829 5893 938 5939 non
964 5887 1043 5936 ut
1070 5877 1284 5933 dubium
1309 5875 1432 5946 quin
1457 5873 1784 5930 rationabile.
1816 5873 1944 5926 Am.

1355 342 1446 400 DE
1482 339 1622 400 ΝΟΒ
1661 338 1750 398 ΕΤ
1789 337 1975 398 ARCA
2011 337 2219 397 LIBER
2255 334 2464 397 UNUS.

273 487 350 540 vr,
379 468 448 526 18
473 468 517 544 ).
549 468 833 526 Manifesta
858 465 994 524 ﬁdes
1030 461 1368 537 prophetica:
1399 463 1686 518 sententla:
1711 459 1876 516 etiam
1901 460 1957 521 Α

3466 337 3575 397 378

2579 455 2812 515 CAPUT
2848 454 2966 512 XII.

1980 572 2211 645 Septena
2239 573 2493 628 animalia
2530 572 2728 627 munda
2757 572 3026 643 utriusque
3055 587 3212 628 sexus
3251 582 3301 629 et
3338 574 3457 629 bina
3485 573 3585 628 int-

2048 666 2246 721 munda
2275 668 2330 721 in
2353 683 2528 721 arcam
2550 666 2748 728 induci,
2780 665 2919 734 quod
2937 666 3186 734 septimus
3210 682 3455 722 numerus
3486 680 3572 721 sa-

2049 775 2134 814 cer
2154 775 2214 812 ac
2239 758 2425 829 plenus
2453 759 2539 823 sit,
2566 774 2711 812 secus
2740 773 2855 812 vero
2886 759 3168 813 secundus.
3199 757 3268 812 In
3295 758 3437 812 nobis
3457 774 3580 827 sep-

2054 851 2306 906 tenarium
2342 849 2601 917 quoddam
2637 851 2920 921 femineum
2958 866 3100 918 esse,
3152 849 3244 904 sed
3281 850 3351 903 ad
3381 849 3580 904 virilem

2051 945 2401 1001 conditionem
2446 946 2510 998 ab
2556 943 2758 998 erudito
2796 944 2907 997 viro
2952 944 3259 1015 promoveri.
3305 941 3576 998 Postremo

2054 1043 2337 1096 humanam
2388 1049 2628 1095 naturam
2676 1038 2932 1110 designari
2987 1039 3367 1094 contrariorum
3422 1053 3582 1109 cupa-

2052 1152 2182 1192 cena

2056 1251 2145 1308 39.
2187 1249 2339 1306 Nunc
2368 1246 2779 1305 consideremus
2803 1261 2908 1318 qua
2939 1247 3151 1302 ratione
3178 1245 3358 1302 induci
3389 1245 3444 1301 in
3474 1259 3579 1300 ar-

1985 1361 2104 1403 cam
2124 1346 2277 1418 jubet
2298 1361 2327 1399 a
2348 1345 2606 1415 jumentis
2631 1341 2845 1398 mundis
2872 1349 3080 1412 septem
3102 1351 3157 1396 et
3179 1350 3413 1410 septem,
3444 1353 3586 1394 mas-

1986 1444 2166 1500 culum
2191 1452 2246 1497 et
2274 1441 2530 1496 feminam
2567 1437 2743 1512 (Gen.
2782 1452 2875 1499 vn,
2908 1435 2943 1490 2
2970 1437 2989 1505 )
3023 1452 3038 1489 :
3069 1435 3137 1490 ab
3165 1432 3461 1489 immundis
3490 1447 3587 1487 au-

1990 1548 2098 1595 tem
2139 1538 2248 1592 duo
2275 1546 2331 1592 et
2356 1535 2496 1599 duo,
2539 1542 2600 1589 ut
2625 1533 2898 1588 nutriatur
2925 1544 3112 1586 semen
3141 1529 3194 1584 in
3225 1543 3441 1582 omnem
3473 1534 3585 1582 ter-

1939 1662 1941 1664 -
1988 1647 2125 1688 ram.
2163 1630 2232 1686 Et
2259 1642 2312 1684 ut
2344 1645 2446 1698 ego
2475 1628 2734 1694 arbitror,
2767 1626 2906 1680 inire
2933 1623 3188 1679 mundam
3227 1621 3428 1676 asserit
3454 1619 3585 1675 heb-

1988 1725 2278 1781 domadam
2300 1739 2314 1788 ;
2339 1723 2461 1794 quia
2487 1725 2721 1777 mundus
2747 1727 2804 1775 et
2829 1732 2984 1774 sacer
3009 1717 3274 1787 septimus
3302 1727 3580 1770 numerus.

1989 1817 2136 1874 Nulli
2162 1817 2308 1874 enim
2339 1817 2620 1882 miscetur,
2653 1828 2754 1871 nec
2782 1813 2849 1867 ab
2876 1811 2985 1867 alio
3011 1819 3322 1883 generatur.
3354 1807 3590 1877 Ideoque

1995 1912 2145 1983 virgo
2187 1910 2410 1975 dicitur,
2455 1909 2577 1978 quia
2622 1906 2854 1963 nihilex
2884 1921 2943 1962 se
2976 1916 3232 1977 generat;
3288 1904 3591 1970 meritoque

1993 2014 2264 2074 tamquam
2294 2003 2527 2059 materni
2549 2016 2739 2057 exsors
2765 2002 3128 2071 immunisque
3158 2009 3365 2070 partus,
3396 2007 3448 2052 et
3472 2011 3592 2051 mu-

1991 2098 2180 2156 licbris
2221 2099 2451 2169 copulae,
2498 2095 2603 2154 etsi
2636 2095 2933 2152 hebdomas
2962 2093 3200 2151 femineo
3243 2101 3589 2161 nuncupetur

1991 2193 2278 2258 vocabulo,
2304 2191 2477 2246 virilis
2499 2190 2660 2245 habet
2687 2188 3134 2245 sanctiﬁcationis
3163 2187 3390 2256 gratiam
3417 2203 3430 2239 :
3461 2185 3588 2241 0m-

1993 2285 2075 2342 nis
2124 2285 2267 2341 enim
2309 2283 2572 2338 masculus
2615 2283 2925 2353 adaperiam
2974 2281 3177 2335 vulvam
3224 2288 3433 2335 sanctus
3483 2276 3596 2332 Do-

1994 2382 2135 2436 mino
2180 2380 2445 2435 vocabitur
2492 2378 2511 2449 (
2539 2377 2712 2432 Exod.
2746 2392 2936 2443 xxxiv,
2970 2374 3038 2430 l9
3060 2374 3102 2446 ).
3151 2375 3212 2429 Et
3246 2374 3297 2427 in
3333 2372 3596 2442 prapheta

1997 2475 2165 2529 habes
2195 2492 2207 2528 :
2235 2472 2462 2541 Eﬂ‘udit,
2493 2481 2539 2526 et
2559 2471 2756 2544 peperit
2784 2469 3070 2525 masculum
3096 2468 3116 2540 (
3142 2465 3288 2521 Esai.
3315 2480 3462 2531 vat,
3486 2465 3516 2517 7
3550 2464 3591 2533 ),

1997 2571 2052 2627 id
2081 2580 2184 2639 est,
2221 2579 2491 2628 sanctum.
2537 2569 2824 2626 Secundus
2855 2576 3034 2623 autem
3069 2579 3328 2621 numerus
3360 2578 3464 2618 non
3511 2571 3598 2618 est

1999 2664 2213 2736 plenus,
2259 2665 2382 2735 quia
2421 2662 2648 2718 divisus.
2690 2661 2844 2729 Quod
2879 2671 3060 2717 autem
3093 2672 3198 2714 non
3231 2667 3314 2713 est
3350 2657 3596 2728 plenum,

1999 2771 2229 2812 vacuum
2274 2755 2526 2812 habetur.
2569 2754 2848 2823 Septimus
2875 2762 3056 2808 autem
3091 2763 3350 2805 numerus
3380 2747 3609 2818 plenus,

1999 2847 2126 2918 quia
2161 2846 2479 2912 hebdomas,
2530 2853 2590 2900 ut
2619 2846 2812 2911 decas;
2857 2855 2914 2899 et
2944 2845 3137 2899 similis
3181 2841 3330 2897 illius
3359 2840 3538 2911 primi,
3571 2848 3596 2877 ει

2002 2940 2126 3010 quia
2157 2938 2295 2994 facta
2327 2949 2412 2992 est
2435 2937 2503 2992 ad
2523 2937 2936 2992 similitudinem
2969 2935 3113 2989 illius
3138 2934 3227 3004 qui
3253 2942 3337 2989 est
3357 2946 3598 3002 semper,

2001 3048 2031 3088 a
2060 3048 2169 3103 quo
2199 3032 2505 3102 proﬂuunt,
2539 3041 2594 3088 et
2622 3038 2904 3086 moventur
2932 3045 3051 3100 qua:
3091 3038 3212 3083 sunt
3243 3028 3295 3081 in
3324 3025 3473 3081 omni
3509 3042 3600 3096 ge—

2004 3144 2137 3184 nere
2164 3127 2415 3182 virtutes.
2435 3126 2563 3182 Haec
2585 3125 2869 3181 naturalia.

2078 3222 2172 3278 40.
2213 3222 2288 3277 De
2316 3221 2612 3276 moralibus
2639 3227 2818 3275 autem
2847 3217 3183 3281 utdicamus,
3214 3214 3241 3254 ι’
3267 3229 3373 3270 non
3395 3222 3479 3269 est
3499 3213 3601 3267 du-

2010 3315 2156 3372 bium
2197 3314 2342 3387 quod
2391 3313 2762 3370 irrationabile
2808 3311 3003 3366 anima:
3045 3319 3245 3366 nostra:
3276 3308 3328 3363 in
3370 3305 3608 3379 quinque

2009 3425 2206 3466 sensus
2249 3409 2542 3473 dividatur,
2591 3417 2646 3463 et
2675 3423 2883 3471 vocem,
2918 3414 2972 3462 et
3015 3404 3442 3477 generatorium,
3488 3417 3609 3471 qua:

2012 3516 2202 3559 natura
2229 3503 2477 3558 videntur
2500 3517 2622 3558 esse
2651 3501 2919 3566 feminea;
2966 3501 3089 3570 quia
3119 3512 3311 3553 sensus
3343 3495 3516 3551 nostri
3550 3496 3604 3549 in

2012 3598 2315 3654 materialia
2352 3605 2408 3651 et
2431 3595 2711 3650 smcularia
2742 3594 2851 3648 cito
2880 3600 3097 3662 rcpunt.
3127 3589 3282 3646 Unde
3309 3589 3481 3643 claret
3513 3601 3611 3642 eos

2013 3691 2280 3748 mollioris
2306 3698 2515 3745 natura:
2549 3687 2749 3743 habere
2780 3685 3164 3742 substantiam.
3189 3682 3294 3738 Sed
3321 3680 3537 3736 erudito
3558 3687 3614 3734 et

2015 3786 2286 3842 industrio
2317 3782 2435 3838 viro
2464 3781 2662 3838 munda
2695 3780 2912 3845 omnia;
2945 3779 3070 3848 quia
3111 3776 3374 3846 sapientia
3407 3773 3618 3828 exerci-

2017 3879 2114 3934 tati
2142 3877 2241 3932 viri
2270 3887 2326 3933 et
2350 3875 2526 3930 virtus
2564 3874 2961 3929 ﬁrmamentum
2992 3871 3076 3925 his
3104 3868 3246 3923 virili
3288 3864 3620 3920 trausl‘undit

2014 3969 2240 4041 judicio.
2293 3967 2436 4038 Ergo
2477 3967 2760 4037 prudentis
2797 3975 2852 4020 et
2884 3973 2907 4000 ο
2939 3961 3219 4031 proposito
3264 3955 3619 4030 gubernantis

2022 4079 2092 4120 ex
2119 4061 2435 4118 inlirmioris
2463 4075 2636 4116 sexus
2671 4059 2933 4130 qualitate
2964 4057 3016 4111 in
3045 4053 3326 4109 fortiorem
3367 4051 3623 4107 substan-

2026 4159 2154 4213 tiam
2211 4156 2628 4211 translcruntnr.
2676 4151 2864 4207 Valida
2911 4150 3057 4205 enim
3110 4146 3372 4218 sapientis
3415 4155 3468 4200 et
3514 4144 3623 4199 lixa

2027 4249 2294 4307 sententia
2328 4258 2409 4305 est
2435 4264 2449 4313 ;
2499 4263 2606 4302 non
2636 4243 2935 4308 mutabilis,
2966 4251 3022 4297 ut
3059 4241 3209 4296 stulti
3240 4250 3295 4294 et
3319 4236 3627 4308 insipientis

2027 4345 2119 4415 qui
2145 4343 2375 4399 consilio
2413 4349 2565 4396 nutat
2598 4340 2829 4403 incerto,
2869 4344 2926 4391 ut
2962 4335 3197 4406 improbi
3224 4333 3315 4403 qui
3342 4345 3446 4386 non
3473 4328 3622 4400 quod

2030 4453 2218 4493 verum
2242 4446 2295 4493 et
2314 4435 2520 4507 justum
2553 4434 2626 4489 sit
2650 4433 2819 4503 eligit,
2849 4430 2944 4487 sed
2973 4428 3115 4500 quod
3146 4425 3248 4481 sibi
3281 4422 3627 4480 commodum

2031 4532 2181 4594 velit,
2213 4528 2412 4586 scindit
2441 4544 2472 4583 a
2501 4542 2652 4594 vero,
2698 4525 2936 4581 secernit
2965 4540 2992 4578 a
3021 4523 3190 4594 justo.
3221 4519 3441 4575 .lustitia
3483 4517 3630 4572 enim

2034 4625 2310 4697 singulare
2337 4632 2422 4678 est
2448 4622 2672 4688 bonum,
2709 4636 2804 4691 per
2830 4633 2890 4675 se
2921 4619 3036 4688 ipsa
3063 4632 3163 4670 suo
3195 4613 3329 4668 tanti
3357 4620 3636 4683 spectatur

2036 4719 2233 4790 pretio.
2277 4717 2538 4789 lniquitas
2567 4730 2697 4772 vero
2723 4713 2873 4770 velut
2895 4711 3114 4768 dividua
3147 4709 3308 4779 parit,
3337 4721 3482 4762 nunc
3505 4704 3637 4758 odio

2035 4811 2255 4874 inﬂexa,
2285 4825 2430 4865 nunc
2457 4818 2693 4877 qnmstu,
2723 4815 2780 4863 et
2801 4822 2862 4862 ea
2890 4821 3011 4876 qua:
3040 4811 3169 4858 sunt
3188 4797 3478 4857 dividenda
3499 4811 3636 4850 cun-

1985 4917 1992 4923 '
2038 4903 2232 4959 fundit.
2261 4902 2469 4958 Stultus
2498 4901 2643 4956 enim
2686 4908 2745 4954 ut
2771 4899 2896 4954 luna
2939 4905 3200 4959 mutatur,
3239 4902 3294 4948 et
3313 4888 3637 4951 versicolor,

2041 5008 2136 5054 aut
2182 4997 2469 5052 humorum
2511 4994 2774 5050 varietate
2817 4991 3086 5056 dilformis
3129 4985 3364 5041 animam
3393 4995 3545 5038 suam
3583 4979 3638 5033 in

2044 5091 2244 5162 leprosi
2274 5088 2526 5159 corporis
2567 5088 2804 5160 speciem
2848 5086 2987 5156 turpi
3037 5080 3362 5150 contagione
3399 5087 3642 5130 comma-

2045 5189 2229 5255 culat,
2277 5187 2526 5244 salubres
2575 5183 2933 5256 cogitationes
3011 5175 3191 5236 noxiis
3240 5185 3387 5243 saepe
3439 5167 3640 5240 permi-

2047 5296 2232 5340 εςθηε.

2054 5449 2111 5498 et
2138 5441 2292 5505 Era.,
2317 5455 2420 5494 non
2447 5447 2520 5494 est
2542 5439 2773 5494 dubium.
2802 5434 2954 5503 Quod
2976 5433 3110 5505 enim
3133 5423 3464 5505 rationabile.

2130 5495 2329 5567 caEdit.
2381 5515 2500 5565 Am.
2534 5525 2596 5565 ac
2651 5495 3180 5576 l'lra.,wpropositunt
3224 5495 3565 5576 gubernantis
3589 5510 3654 5549 ex

2055 5584 2357 5652 inﬁrmioris
2407 5598 2532 5652 sexu
2585 5567 2834 5652 qualitate
2862 5567 2968 5630 ’ἔπ’
2999 5567 3262 5652 fortiorem
3316 5567 3655 5652 suit-stantiam

2056 5639 2459 5725 transferuntur.
2494 5639 2618 5707 Gill'.
2653 5663 2707 5706 et
2739 5649 2896 5725 Rom.
2919 5688 2933 5710 ,
2967 5639 3286 5725 propositum
3317 5639 3656 5725 pubenti-tntis

2160 5709 2479 5796 infirmioris
2523 5737 2672 5796 sexus
2717 5709 3109 5796 quolitalein....
3151 5709 3652 5796 _trans_]'erre:__Mss.

2054 5780 2495 5864 aurb.'etLong.
2525 5780 2810 5848 melius'ut
2830 5789 2884 5843 in
2914 5796 3082 5856 textu,
3115 5783 3207 5841 ubi
3232 5780 3650 5852 subintelligen-

2053 5870 2123 5928 da
2145 5884 2270 5938 vox,
2301 5877 2519 5924 sensus.
