4150 6358
569 304 675 366 379
1894 293 2145 356 SANCTI
2182 291 2208 354 Α

2311 294 2509 356 ιιιοειι
3783 294 3907 350 580

639 423 734 482 tl.
777 419 888 478 Sed
927 418 1160 477 fortasse
1187 419 1313 490 quia
1342 417 1540 480 munda
1574 425 1629 474 et
1659 415 1939 474 immunda
1979 415 2158 472 induci
2187 420 2242 488 Α
2266 425 2408 476 rent.
2446 413 2754 476 Secundum
2795 420 2900 480 est.
2936 423 2998 480 ut
3034 413 3161 476 hinc
3197 427 3416 487 quoque
3452 412 3673 472 Domini
3711 425 3902 484 supra

577 517 740 592 243
776 520 828 573 in
860 531 1039 572 arcam
1069 524 1095 552 ι
1121 512 1336 588 przecipi
1365 513 1544 569 cernis
1571 511 1883 572 animantia.
1909 511 2032 584 jure
2054 527 2169 570 mo-
2272 507 2492 564 modnm
2546 506 2918 568 misericordis
2955 505 3298 566 clementiam
3339 507 3697 578 colligamus;
3759 508 3898 577 quia

575 628 704 669 vere
734 611 903 680 possit
934 609 1054 680 quia
1089 609 1197 665 dixi
1230 608 1474 666 honestis
1499 609 1985 682 disceptationibus
2011 608 2167 665 inde.

2311 601 2567 656 tultnrum
2632 615 2900 658 annorum
2969 598 3326 656 oll‘eusionem
3381 614 3412 656 a
3479 599 3900 658 constitutione

575 719 731 761 coras
759 721 866 760 non
898 718 1020 760 esse
1049 702 1372 759 miscendas.
1404 701 1515 758 Nec
1541 718 1642 774 ego
1671 703 1849 757 abnuo
1885 702 2172 762 irrationa-
2274 692 2462 750 mundi
2490 692 2543 748 in
2569 691 2729 750 linem
2764 707 2933 764 usque
2957 701 3318 760 contractam,
3361 692 3548 761 paucis
3575 691 3810 757 diebus.
3842 694 3895 753 si

574 797 760 855 biliutn
803 796 1046 870 quidem,
1097 796 1422 852 mundorum
1475 804 1656 850 tamen
1699 805 1945 851 motuum
1991 794 2169 863 aliqua
2277 787 2618 864 pmtlituisset
2649 785 3414 862 Meosnoluitrelnxare.
3444 786 3708 842 Estenim
3741 790 3898 844 Deus

576 905 696 948 εεςθ
733 893 942 948 semina
980 904 1037 946 ει
1072 893 1223 964 quasi
1267 891 1528 963 principia
1568 889 1623 944 in
1663 890 1839 944 anima
1883 895 2085 952 nostra,
2121 899 2176 944 et
2278 882 2483 958 peccati
2530 882 2838 946 immemor,
2883 881 3098 940 virtutis
3135 891 3540 950 remunerator,
3584 883 3733 936 sicut
3773 881 3899 952 ipse

576 998 762 1041 eorum
804 986 894 1056 qui
939 984 1127 1041 mundi
1159 1000 1266 1040 non
1317 984 1444 1040 sint.
1496 982 1699 1038 Natura
1744 984 1890 1038 enim
1940 981 2178 1037 hominis
2277 976 2351 1030 ait
2375 975 2426 1030 in
2455 977 2715 1046 propheta
2748 993 2762 1030 :
2793 974 2905 1046 Ego
2928 993 3065 1042 sum,
3087 992 3179 1049 ego
3198 993 3312 1032 sum
3337 977 3426 1048 qui
3457 975 3604 1034 deleo
3633 977 3897 1048 iniquita-

569 1075 966 1134 contrariorum
995 1093 1165 1147 capax
1191 1089 1294 1141 est,
1322 1089 1377 1131 ut
1397 1087 1450 1132 et
1473 1077 1694 1132 malitia:
1724 1077 1776 1131 in
1803 1092 1866 1132 ea
1895 1077 1968 1132 sit
1997 1076 2097 1144 vis,
2124 1086 2179 1132 et

2311 1084 2376 1136 es,
2419 1078 2465 1123 et
2510 1085 2703 1122 memor
2732 1084 2834 1124 non
2864 1085 2951 1126 ero
2979 1085 2995 1124 :
3021 1079 3076 1123 tu
3107 1079 3279 1128 autem
3310 1085 3504 1124 memor
3544 1079 3679 1130 esto.
3711 1080 3768 1126 ιι
3791 1072 3896 1142 ju-

578 1171 790 1226 virtutis
821 1171 1134 1241 ingressus;
1168 1172 1471 1241 meritoque
1495 1170 1550 1225 in
1576 1170 1844 1240 principio
1865 1168 1990 1224 libri
2022 1168 2181 1240 hujus
2281 1161 2510 1218 dicemur
2537 1179 2557 1220 :
2584 1163 2668 1217 dic
2713 1163 3010 1234 iniquitates
3051 1172 3204 1232 tuas,
3251 1173 3307 1218 ut
3338 1163 3651 1238 justiﬁcm's
3682 1163 3704 1236 (
3735 1161 3894 1218 Esas'.

574 1263 668 1334 qui
692 1271 776 1317 est
801 1263 1058 1330 Genesis,
1091 1278 1190 1331 per
1217 1263 1431 1317 arboris
1459 1264 1696 1331 speciem
1725 1263 1775 1315 In
1807 1261 2038 1332 paradisi
2070 1277 2183 1318 me-
2282 1275 2408 1316 xutt
2430 1301 2444 1322 .
2476 1260 2545 1315 25
2565 1258 2610 1330 ).
2650 1259 2788 1318 Cum
2827 1260 2974 1320 enim
3018 1258 3315 1316 adverterit
3347 1273 3534 1316 veram
3567 1259 3776 1316 anima
3809 1273 3899 1315 re-

538 1353 549 1369 ‘
579 1353 672 1411 dio
714 1355 888 1425 legisti
921 1356 1046 1410 boni
1079 1364 1136 1411 et
1173 1355 1302 1410 mali
1344 1355 1626 1411 scientiam
1673 1353 1846 1426 (Gen.
1879 1370 1952 1420 tt,
1986 1354 2070 1426 9).
2104 1355 2182 1412 De
2283 1351 2457 1410 fusam
2496 1368 2618 1412 esse
2651 1355 2900 1412 virtutem
2926 1393 2942 1420 ,
2996 1363 3202 1412 tantum
3244 1354 3295 1410 ei
3341 1352 3567 1410 honoris
3596 1353 3895 1420 adtribuit,

580 1466 690 1522 quo
721 1450 870 1520 ligno
899 1451 1140 1506 scientiae
1171 1449 1298 1508 boni
1337 1459 1394 1506 et
1432 1449 1559 1505 mali
1600 1459 1927 1521 prmeepturu
1957 1457 2043 1505 est
2073 1463 2183 1505 non
2284 1460 2344 1506 ut
2375 1466 2480 1506 non
2519 1450 2700 1507 solum
2733 1452 2945 1510 veniam
2987 1454 3329 1523 superiorum
3375 1452 3659 1524 indulgeat
3689 1467 3894 1523 pecca-

578 1559 705 1600 esse
749 1544 1115 1614 gustandum;
1162 1558 1230 1600 eo
1271 1545 1414 1614 quod
1458 1559 1614 1600 mens
1654 1553 1836 1598 nostra
1868 1544 1922 1598 in
1952 1559 2059 1615 qua
2101 1553 2186 1598 est
2286 1551 2486 1609 torum,
2519 1560 2705 1600 verum
2751 1546 2914 1601 etiam
2944 1545 3175 1617 gratiam
3217 1556 3274 1602 et
3303 1547 3752 1616 iustiﬁcationem
3797 1548 3899 1601 im-

585 1637 830 1707 cognitio
857 1649 909 1693 et
939 1637 1252 1706 disciplina,
1282 1638 1408 1693 boni
1439 1649 1492 1694 et
1515 1637 1640 1693 mali
1663 1638 1854 1704 recipit
1882 1636 2181 1692 notionem.

589 1728 778 1800 Itaque
833 1739 1040 1785 natura:
1082 1729 1262 1801 opifex
1309 1730 1451 1786 sicut
1492 1730 1558 1784 ad
1609 1725 2046 1800 pr0pagandutn,
2100 1727 2188 1782 vel

2286 1638 2506 1710 pertiat.
2533 1639 2882 1710 Exspectavit
2902 1655 3033 1711 ergo
3057 1649 3113 1696 et
3137 1641 3370 1710 septimo
3393 1639 3505 1706 die,
3540 1640 3664 1709 ipso
3691 1654 3808 1710 quo
3832 1639 3897 1695 ab

2288 1734 2604 1802 operatione
2630 1733 2928 1804 requievit;
2963 1743 3021 1786 ut
3049 1731 3095 1788 si
3122 1734 3279 1787 venia
3313 1743 3659 1801 posceretur,
3694 1745 3896 1803 seque.

588 1823 754 1881 etiam
805 1824 1164 1895 reparandum
1210 1839 1380 1893 genus
1417 1824 1712 1880 animantia
1757 1821 2076 1891 reservavit,
2129 1831 2187 1878 ut
2217 1824 2266 1886 B
2293 1837 2442 1882 retur
2469 1827 2762 1893 cnrrectio,
2795 1837 2852 1882 et
2877 1826 2947 1880 ab
2974 1824 3348 1896 indignatione
3378 1825 3777 1893 requiesceret.

591 1918 862 1974 universas
893 1926 1052 1974 terrae
1073 1917 1431 1974 animantium
1461 1919 1670 1974 semine
1700 1919 2085 1989 replerentur:
2112 1917 2186 1973 ita

590 2011 756 2068 etiam
798 2011 1045 2081 corporis
1072 2012 1244 2066 nostri
1273 2019 1545 2067 terrenam
1578 2012 1932 2066 substantiam
1962 2023 2187 2064 vacuam

592 2120 703 2164 non
745 2106 947 2175 putavit
975 2105 1281 2172 passionum
1315 2105 1622 2176 bujusmodi
1647 2113 1920 2176 tamquam
1959 2104 2190 2158 immun-

591 2197 785 2255 dorum
823 2199 1140 2255 animalium
1187 2199 1622 2271 relinquendam,
1662 2215 1784 2270 qua:
1822 2214 1945 2254 cum
1984 2199 2192 2256 deliciis

589 2303 648 2350 et
675 2293 884 2350 luxurie
914 2304 1188 2362 tamquam
1213 2296 1331 2350 vico
1355 2295 1544 2350 diluvii
1574 2293 1956 2365 ingnrgitatur,
1984 2307 2194 2349 memo-

593 2391 729 2445 ratis
769 2388 996 2445 llnctuat
1040 2389 1406 2460 passionibus.
1457 2389 1556 2445 Ubi
1601 2398 1786 2444 autem
1819 2387 2111 2444 sobrietate
2139 2396 2195 2444 et

594 2482 928 2540 continentia
989 2484 1365 2557 unusquisque
1423 2482 1804 2539 inundantium
1851 2481 2197 2538 evacuaverit

595 2574 859 2630 diluvium
892 2575 1240 2647 passionum,
1281 2586 1336 2630 et
1371 2575 1660 2648 quamdam
1703 2577 1901 2631 animae
1941 2577 2197 2632 retexerit

597 2667 924 2735 siccitatem,
955 2668 1232 2723 viviﬁcare
1259 2667 1447 2740 incipit
1477 2683 1634 2724 suum
1669 2683 1888 2741 corpus,
1919 2678 1976 2727 et
2001 2669 2197 2728 animm

601 2761 916 2832 puritatem,
942 2758 972 2802 ι)
999 2759 1089 2818 cui
1120 2762 1359 2834 regimen
1390 2761 1657 2834 sapientia
1683 2771 1787 2820 est.

1196 2899 1424 2960 CAPUT
1462 2900 1602 2960 XIII.

601 3010 709 3070 Cur
734 3013 967 3088 ingresso
994 3015 1110 3072 Noe
1136 3019 1190 3074 in
1215 3035 1411 3086 arcam,
1444 3029 1560 3090 post
1584 3029 1779 3090 septem
1807 3020 1920 3076 diss
1947 3019 2200 3076 diluvium

674 3112 872 3182 factum
907 3113 973 3166 sit
993 3113 1021 3166 .9
1063 3110 1196 3170 Item
1227 3130 1320 3168 cur
1353 3113 1560 3186 Moyses
1588 3114 1775 3172 dixerit
1805 3113 1939 3171 illud
1967 3114 2202 3186 quadra-

2360 1921 2452 1976 45.
2483 1919 2628 1976 Istud
2661 1935 2880 1992 quoque
2906 1934 3054 1976 cura:
3081 1919 3182 1974 luit
3209 1934 3314 1974 non
3347 1909 3802 1990 praetermittere,
3833 1931 3894 1972 eo

2290 2012 2434 2086 quod
2476 2012 2741 2070 diluvium
2781 2012 2983 2068 lacttun
3023 2010 3257 2078 dixerit,
3303 2009 3652 2079 quadraginta
3693 2009 3893 2073 diebus,

2293 2115 2346 2162 et
2390 2105 2679 2167 addiderit.
2729 2105 3079 2178 quadraginta
3125 2102 3363 2158 noctibus
3397 2101 3573 2175 (Gen.
3604 2117 3680 2158 vn
3706 2142 3721 2162 .
3757 2100 3829 2157 12
3851 2101 3889 2172 ).

2296 2197 2506 2256 Scimus
2533 2197 2676 2254 enim
2707 2196 2851 2252 diem
2881 2195 2990 2252 dici
3023 2211 3184 2268 quem
3227 2196 3311 2252 sol
3342 2203 3543 2252 terram
3575 2195 3888 2252 illuminans

2295 2295 2506 2364 signat;
2562 2301 2772 2347 noctem
2805 2306 2966 2360 quam
3009 2290 3350 2350 circumlusa:
3388 2290 3633 2346 tenehra:
3671 2303 3706 2346 a
3737 2287 3892 2345 clari.

2297 2396 2405 2443 tate
2434 2385 2854 2450 disterminant;
2887 2395 2943 2440 et
2971 2385 3288 2454 plerumque
3317 2399 3345 2437 a
3370 2384 3528 2440 nobis
3555 2383 3632 2440 ita
3656 2382 3803 2438 diem
3823 2381 3894 2438 si-

2297 2478 2540 2551 gniﬁcari
2570 2489 2628 2536 ut
2653 2488 2868 2536 noctem
2901 2494 3013 2538 non
3049 2477 3610 2548 comprehendamus,
3662 2479 3892 2548 plerum-

2297 2589 2403 2646 que
2445 2581 2507 2628 ut
2533 2572 2979 2644 complectamur.
3029 2571 3414 2644 Signiﬁcantes
3456 2570 3602 2628 enim
3650 2584 3886 2627 mensem

2301 2669 2556 2738 tringinta
2584 2665 2794 2725 dierum
2817 2707 2832 2730 ,
2864 2665 3230 2735 signiﬁcamus
3256 2674 3312 2720 et
3342 2673 3554 2721 noctes.
3582 2663 3746 2721 Unde
3772 2677 3887 2719 cunt

2297 2761 2431 2820 satis
2462 2761 2652 2818 fuisset
2697 2761 2869 2833 Moysi
2905 2759 3111 2818 dixisse
3155 2759 3415 2816 diluvium
3463 2759 3634 2816 luisse
3663 2759 3887 2830 quadra-

2297 2855 2443 2928 ginta
2471 2853 2668 2920 diebus,
2719 2869 2817 2910 cur
2843 2853 3136 2920 addiderit,
3169 2863 3218 2909 et
3247 2853 3596 2925 quadraginta
3637 2854 3887 2919 noctibus,

2300 2949 2579 3017 qureritur.
2612 2947 2678 3003 Et
2717 2946 2887 3016 aliqui
2917 2948 2989 3004 ita
3021 2957 3352 3019 acceperunt
3378 2941 3470 3017 qui
3500 2954 3628 3003 ante
3657 2961 3760 3004 nos
3788 2949 3888 3002 lue

2301 3049 2448 3107 runt,
2480 3049 2539 3096 ut
2562 3050 2618 3096 et
2648 3040 2883 3096 virorum
2911 3048 2968 3096 et.
2998 3039 3289 3096 mulierum
3318 3037 3492 3096 factus
3518 3039 3732 3096 diluvio
3759 3041 3887 3096 inte-

2303 3135 2438 3192 ritus
2465 3133 2954 3203 demonstraretur,
2992 3132 3137 3189 diem
3165 3133 3232 3188 ad
3261 3134 3433 3188 virum
3472 3132 3778 3189 referentes
3808 3132 3888 3204 qui

672 3202 822 3276 ginta
866 3203 1060 3283 diebus
1106 3215 1161 3261 et
1199 3206 1554 3278 quadraginta
1602 3208 1853 3266 poetibus
1896 3210 2198 3273 duravisse;

2311 3228 2374 3286 sit
2413 3227 2621 3300 purior,
2667 3225 2864 3283 similis
2891 3227 3047 3290 locis.
3099 3236 3310 3284 noctem
3351 3226 3422 3282 ad
3463 3226 3754 3282 mulierem
3783 3239 3888 3296 qua

673 3311 835 3368 quave
861 3300 1060 3353 ratione
1087 3299 1436 3371 quadraginta
1464 3301 1574 3356 dies
1601 3303 1998 3370 perseuerauerit
2023 3300 2048 3354 .9
2083 3299 2198 3367 Quo

675 3398 827 3460 pacto
869 3393 923 3448 in
975 3390 1092 3461 ipsa
1127 3408 1290 3465 pcenw
1339 3394 1736 3449 comminatione
1777 3393 1956 3450 diuina
2001 3394 2203 3448 miseri-

678 3483 860 3540 cordia
897 3483 1107 3542 eluceat.
1163 3484 1293 3543 Post
1333 3503 1448 3559 quia
1487 3489 1716 3546 liberalis
1749 3486 1866 3548 Noe
1912 3489 2202 3545 obedientia

682 3576 1060 3632 consideratur.

682 3687 774 3744 ΑΞ.
816 3688 966 3765 ιιιυίι
994 3707 1212 3763 quoque
1239 3694 1423 3752 studio
1449 3705 1535 3754 est
1559 3711 1810 3767 quaerere
1829 3737 1846 3764 ,
1891 3711 2014 3765 qua:
2041 3710 2207 3753 causa

611 3792 696 3839 est
723 3799 820 3840 cur
853 3795 1038 3856 postea
1064 3804 1224 3858 quam
1263 3791 1538 3862 ingressus
1567 3802 1651 3848 est
1687 3791 1801 3848 Noe
1830 3791 1886 3847 in
1915 3806 2121 3858 arcam,
2154 3801 2210 3848 et

580 3919 588 3924 .
615 3877 826 3934 induxit
847 3881 1164 3950 animantia,
1196 3894 1321 3954 post
1341 3894 1547 3957 septem
1577 3885 1695 3941 dies
1721 3885 1982 3940 diluvium
2007 3886 2207 3940 laetum

613 3970 702 4026 sit.
729 3968 850 4026 Non
880 3972 1027 4027 enim
1049 3973 1282 4029 otiosum
1305 3975 1538 4044 videtur,
1567 3977 1710 4049 quod
1737 3995 1843 4033 non
1875 3989 1966 4033 aut
1993 3977 2205 4048 plures,

615 4074 706 4120 aut
746 4065 1033 4134 pauciores
1062 4066 1371 4135 interpositi
1414 4079 1541 4124 sunt
1575 4069 1726 4136 dies,
1767 4070 1861 4126 sed
1891 4078 1968 4124 tot
1997 4080 2130 4141 quot
2156 4069 2210 4125 in

615 4158 1008 4214 constitutioite
1039 4161 1225 4217 mundi
1259 4161 1501 4219 luerunt.
1549 4163 1653 4220 Sex
1685 4164 1830 4229 enim
1871 4163 2066 4219 diebus
2100 4161 2214 4218 fac-

617 4258 706 4306 tus
739 4259 823 4306 est
859 4253 1088 4308 mundus
1115 4256 1134 4327 (
1163 4254 1293 4310 Gen.
1324 4272 1384 4325 ιι,
1413 4256 1487 4330 2)
1513 4299 1527 4323 ,
1559 4261 1794 4327 septimo
1823 4258 1910 4314 die
1946 4257 2217 4329 requievit

620 4343 767 4400 Deus
789 4345 858 4400 ah
883 4347 1138 4417 operibus
1166 4350 1303 4407 suis.
1334 4352 1452 4420 Qun
1479 4351 1776 4406 declaravit
1805 4350 2009 4408 indicio
2040 4353 2214 4422 ipsum

620 4451 745 4494 esse
771 4450 1049 4496 auctorem
1077 4445 1288 4513 mundi,
1322 4455 1488 4516 atque
1514 4444 1726 4500 diluvii.
1762 4444 2018 4499 Mundam
2054 4460 2217 4516 prop-

622 4544 709 4592 ter
738 4536 1031 4594 bonitatem
1063 4554 1216 4598 suam
1243 4541 1506 4608 condidit,
1539 4540 1798 4596 diluvium
1840 4538 1967 4596 fecit
1996 4548 2216 4597 nostro-

2304 3325 2424 3379 viro
2453 3322 2755 3379 dormiente
2781 3333 2964 3378 creata
2989 3321 3316 3378 describitur
3345 3319 3512 3394 (Gen.
3548 3336 3610 3387 ιι,
3636 3321 3704 3376 il
3740 3323 3759 3392 )
3787 3340 3801 3376 :
3826 3319 3888 3376 si-

2306 3416 2530 3486 mulque
2577 3417 2702 3487 quia
2745 3416 2826 3471 vir
2866 3417 3014 3486 prior
3049 3415 3203 3488 quasi
3249 3423 3463 3480 auctor,
3509 3415 3602 3484 qui
3648 3414 3887 3469 virtutem

2307 3518 2522 3566 moveat
2565 3508 2830 3574 mulieris,
2875 3520 3040 3578 atque
3067 3507 3124 3563 in
3156 3518 3341 3577 partus
3376 3507 3625 3564 excitet:
3657 3517 3782 3562 actu
3808 3505 3888 3564 ille

2307 3602 2506 3658 clarior
2537 3601 2787 3672 publico;
2815 3601 2917 3657 ista
2943 3600 3247 3665 obscurior,
3276 3607 3552 3672 tamquam
3584 3599 3889 3658 domesticis

2308 3695 2491 3749 clausa
2540 3692 2839 3764 parietibus
2885 3701 2941 3748 et
2983 3691 3128 3748 nocti
3176 3694 3446 3762 proxima,
3494 3692 3740 3748 secundo
3786 3702 3888 3747 orta

2311 3789 2432 3845 loco
2452 3831 2467 3858 ,
2500 3797 2558 3846 et
2586 3788 2880 3845 creationis
2907 3801 3022 3843 sua:
3051 3803 3070 3824 ι’
3104 3785 3330 3844 formata
3356 3786 3470 3858 jam
3498 3795 3670 3842 costa:
3693 3788 3787 3842 viri
3811 3785 3891 3843 de-

2313 3885 2445 3941 bens
2472 3884 2724 3956 gratiam,
2755 3881 3021 3952 superiori
3050 3896 3262 3953 quoque
3287 3879 3513 3950 potioris
3541 3880 3773 3936 obnoxia
3800 3878 3892 3951 pri-

2313 3980 2529 4050 vilegio,
2577 3987 2631 4034 et
2671 3974 2918 4048 pariendi
2964 3987 3064 4030 usu
3106 3972 3478 4029 materialibus
3521 3972 3887 4044 comparanda.

2315 4071 2638 4130 Consonans
2663 4080 2844 4125 autem
2875 4070 2930 4125 in
2962 4077 3192 4140 utroque
3218 4081 3477 4123 numerus
3508 4067 3756 4139 periculi,
3786 4066 3891 4136 quia

2317 4177 2537 4243 peccata
2574 4165 2738 4224 etiam
2778 4163 3172 4230 consonantia;
3214 4163 3520 4234 meritoque
3561 4177 3672 4218 non
3711 4162 3894 4219 distant

2317 4261 2488 4334 spatia
2522 4273 2863 4334 temporum,
2907 4258 3034 4333 quia
3075 4273 3183 4314 non
3231 4257 3438 4316 distant
3466 4259 3660 4316 merita
3690 4257 3894 4315 delicto-

2318 4373 2458 4414 rum.

2390 4451 2479 4508 Η.
2505 4448 2531 4487 ί¹
2563 4448 2680 4506 Νοιι
2723 4447 3072 4505 mediocriter
3111 4447 3280 4504 etiam
3319 4455 3637 4504 scrutantur
3673 4447 3895 4516 plerique

2320 4559 2425 4617 qua
2472 4544 2686 4600 ratione
2732 4542 3083 4614 quadraginta
3131 4541 3252 4600 dies
3304 4541 3570 4598 diluvium
3619 4541 3797 4599 fuerit.
3841 4541 3896 4596 Et

623 4645 744 4686 rum
785 4633 982 4688 merito
1007 4634 1351 4691 delictorum.
1397 4636 1675 4692 Admoniti
1700 4645 1825 4691 sunt
1851 4635 2014 4707 igitur
2041 4635 2220 4690 bomi-
2244 4656 2297 4716 ι)
2326 4653 2612 4708 possumus
2651 4637 2832 4694 dicere
2860 4635 3198 4694 materialem
3237 4651 3522 4692 numerum
3566 4633 3894 4714 tristioribus,

627 4740 725 4781 nes
753 4727 837 4784 vel
863 4743 930 4784 ex
970 4745 1197 4785 numero
1227 4730 1438 4794 dierum
1482 4729 1679 4801 quibus
1702 4731 1941 4788 mundus
1971 4742 2051 4788 est
2091 4746 2223 4788 con-

625 4819 789 4888 ditus,
831 4823 975 4892 quod
1013 4825 1352 4881 conditorem
1397 4840 1556 4881 suum
1602 4839 1710 4881 non
1754 4827 2004 4900 lacrymis
2045 4829 2221 4884 solum

626 4923 682 4969 et
713 4917 1058 4984 precatione,
1105 4919 1202 4975 sed
1233 4920 1576 4975 correctione
1617 4935 1827 4976 morum
1871 4922 2225 4979 reconciliare

627 5005 954 5066 debuerant.
1000 5011 1143 5082 Ergo
1170 5014 1404 5082 spatium
1447 5012 1597 5068 dedit
1623 5013 1687 5068 ad
1712 5013 2087 5078 pmttitentiam
2117 5015 2227 5070 Do-

629 5104 829 5172 minus,
886 5106 1057 5177 magis
1101 5107 1290 5163 volens
1329 5107 1636 5178 ignoscere,
1687 5122 1846 5178 quam
1896 5109 2114 5180 punire;
2166 5118 2224 5164 ut

628 5197 964 5258 imminentis
991 5201 1182 5257 diluvii
1215 5212 1425 5258 terrore
1446 5217 1768 5272 suSpensus,
1799 5203 1867 5260 ad
1895 5205 2106 5259 veniam
2131 5217 2224 5260 co-

628 5304 779 5363 geret
807 5295 1219 5366 postulandam;
1247 5311 1354 5367 quo
1380 5296 1508 5352 dum
1534 5296 1832 5367 periculum
1862 5299 2052 5353 futurae
2079 5311 2226 5352 mor-

633 5388 701 5444 tis
733 5390 1057 5447 borrescunt
1083 5431 1097 5458 ,
1146 5392 1411 5463 impietati
1439 5401 1604 5466 atque
1636 5390 1912 5462 injustitizn
1945 5390 2228 5446 renuntia-

670 5577 682 5588 .
704 5511 736 5586 ἦ
757 5504 900 5589 Ειιίιἶ
927 5520 1140 5573 omnes,
1165 5507 1400 5580 prtecipit
1421 5507 1594 5563 carnis
1611 5504 1916 5560 animantia.
1943 5503 2069 5558 Mss.
2096 5517 2231 5573 prtu—

721 5591 734 5626 Ι
761 5593 950 5634 cernis.
983 5591 1089 5634 CIC.

635 5591 734 5648 ctpt
761 5593 950 5644 cernas,
983 5590 1089 5635 etc.

711 5648 739 5690 δ
767 5647 856 5726 Sic
881 5666 1009 5726 mss.
1046 5654 1186 5726 Edit.
1211 5668 1368 5715 vero,
1391 5653 1474 5707 cui
1499 5667 1712 5726 regnum
1740 5648 1996 5726 sapientia
2015 5655 2110 5703 est.

721 5732 743 5758 ο
779 5721 869 5776 Sic
901 5722 1032 5777 edit.
1061 5725 1188 5782 GiIl.
1219 5742 1282 5781 ac
1313 5726 1472 5784 Rom.
1501 5721 1622 5783 Edit
1643 5738 1773 5779 vero
1800 5721 1922 5777 Am.
1952 5735 2073 5775 cum
2103 5732 2235 5775 mss.

2326 4731 2433 4790 hoc
2460 4743 2542 4787 est
2567 4731 2814 4789 delendae
2840 4740 3102 4788 creatura:
3127 4731 3441 4800 deputatum
3472 4748 3485 4784 :
3519 4729 3896 4788 hebdomadam

2325 4837 2508 4881 autem
2537 4824 2914 4882 constitutioni
2947 4825 3112 4879 totius
3148 4823 3357 4890 mundi,
3405 4821 3510 4882 hoc
3539 4834 3658 4887 est,
3699 4823 3899 4878 laetiori-

2328 4919 2449 4976 bus.
2497 4918 2602 4977 Sed
2649 4919 2881 4976 fortasse
2917 4917 3217 4986 rel‘eratur’,
3264 4916 3394 4986 quid
3436 4916 3582 4986 quod
3621 4916 3780 4974 etiam
3820 4916 3896 4972 lex

2327 5013 2680 5086 quadraginta
2729 5012 2920 5070 diebus
2962 5012 3065 5067 lata
3105 5019 3190 5068 est
3219 5011 3238 5083 (
3264 5009 3435 5066 Exod.
3471 5026 3634 5079 xxiv,
3669 5011 3737 5068 18
3767 5012 3802 5082 ),
3833 5018 3899 5065 tot

2330 5107 2449 5163 dies
2476 5104 2790 5174 observavit
2832 5104 3047 5178 Moyses
3079 5104 3130 5158 in
3177 5103 3556 5178 monteSina,
3587 5114 3639 5160 et
3670 5103 3898 5160 demora-

2334 5213 2418 5257 tus
2447 5209 2550 5267 est,
2585 5215 2705 5254 cum
2735 5199 3045 5268 praescripta
3077 5198 3238 5268 Legis
3258 5197 3576 5268 acciperet?
3604 5198 3769 5255 Recte
3791 5215 3899 5271 ergo

2333 5293 2523 5350 eodem
2552 5306 2777 5346 numero
2803 5290 3247 5346 declinandorum
3275 5300 3624 5360 peccatorum
3659 5301 3898 5362 praecepta

2335 5389 2668 5454 tribuuntur,
2716 5399 2826 5457 quo
2865 5399 3043 5457 pmnte
3072 5385 3229 5457 culpa
3267 5395 3350 5442 est
3389 5386 3700 5458 persoluta;
3747 5398 3799 5443 ut
3819 5403 3898 5444 co-

2406 5499 2434 5539 ἀ
2459 5502 2542 5558 Ab
2571 5501 2657 5556 his
2682 5510 2890 5556 tantum
2932 5499 3114 5555 verbis
3153 5507 3438 5554 tractatum
3484 5502 3754 5570 incipiunt
3787 5518 3897 5560 mss.

2336 5574 2722 5639 Tomi-censis,
2772 5570 3195 5633 Valliclarensis,
3241 5570 3586 5630 Colbertinus
3616 5590 3680 5630 ac
3712 5576 3900 5632 Masuri-

2340 5664 2464 5705 nns.
2497 5647 2564 5702 Et
2592 5646 2733 5701 Bart.
2777 5645 3011 5702 Urbinas
3050 5647 3105 5701 in
3137 5644 3268 5706 Mill.
3306 5643 3668 5700 Ambrosiano
3709 5649 3816 5704 libri
3844 5648 3900 5704 de

2339 5721 2456 5777 Noe
2495 5730 2551 5774 ct
2581 5723 2710 5772 Area
2742 5723 2945 5789 primas
2966 5732 3128 5776 voces
3153 5717 3207 5774 in
3236 5715 3603 5783 mss..adserit
3635 5734 3761 5780 esse
3783 5722 3899 5790 illas,

657 5789 850 5871 garb,
889 5789 1058 5871 Long.
1100 5806 1156 5850 et
1184 5797 1302 5855 Vat.
1333 5803 1556 5871 formata
1595 5799 1649 5852 in
1688 5804 1882 5853 costam
1917 5794 2036 5850 uiri.
2084 5791 2241 5864 Ers.,
2340 5809 2446 5852 non
2472 5791 2820 5850 mediocriter.

657 5861 893 5935 denique
923 5861 1144 5932 formata
1162 5883 1190 5923 e
1211 5861 1350 5928 costa
1368 5871 1500 5940 uiro,
1529 5877 1634 5930 etc.

4065 3349 4067 3434 Ι
