4150 6358
280 337 389 394 581

1426 337 1517 395 DE
1555 335 1692 394 NOE
1729 335 1821 397 ΕΤ
1856 335 2043 396 ΑιιεΑ
2082 336 2283 395 LIBER
2320 337 2527 399 UNUS.

3506 332 3612 394 582

281 472 637 530 gunscamus
666 462 810 535 quod
837 462 905 518 de
948 459 1139 518 eodem
1168 458 1296 517 vita
1330 465 1577 528 tempore
1604 455 1802 513 debeat
1830 471 1901 515 ex
1927 456 1976 521 Δ
2003 455 2099 512 sed
2137 457 2330 527 spiritu
2370 454 2465 512 Dei
2499 455 2602 512 vivi
2638 451 2707 529 (ll
2732 454 2856 510 Cor.
2890 468 2971 520 nt,
3002 455 3037 511 2
3062 466 3110 511 et
3136 454 3218 523 5).
3250 463 3275 491 δ
3307 452 3350 508 0
3381 453 3605 508 sacrile-

288 554 654 611 correctione
702 556 815 610 laus
859 553 1197 624 comparari,
1253 565 1360 622 quo
1403 558 1579 621 potest
1630 549 1903 620 punienda

287 647 461 718 culpa
513 650 802 706 committi.
852 648 1006 706 Unde
1051 661 1195 705 nunc
1235 646 1348 715 jam
1392 659 1503 701 non
1544 658 1714 714 paena:
1764 656 1904 712 pra:—

288 742 491 811 scripti
538 751 669 798 sunt
697 744 815 798 dies
854 737 1225 810 quadraginta,
1258 736 1355 795 sed
1386 738 1536 801 vitae;
1566 746 1624 793 ut
1667 735 1771 791 hoc
1804 749 1903 790 nu-

286 847 451 889 mero
476 834 709 906 jejuniis
742 843 797 890 et
821 832 1161 888 orationibus
1188 829 1553 887 crebrioribus
1591 836 1901 884 nostrorum

287 925 555 983 levemus
584 926 847 999 supplicia
878 934 1246 997 peccatorum,
1288 934 1451 994 atque
1482 920 1551 976 ad
1585 920 1903 991 praescripta

283 1018 431 1091 legis
478 1022 714 1086 intenti,
745 1019 1036 1076 devonone
1082 1032 1147 1074 ac
1198 1016 1307 1073 tide
1363 1025 1606 1072 nostrum
1664 1012 1904 1083 corriga-

284 1129 417 1171 mus
472 1129 745 1171 errorem.
797 1112 981 1183 Itaque
1034 1127 1132 1182 per
1179 1110 1393 1167 Domini
1443 1109 1903 1165 resurrectionem

281 1209 749 1278 quadragesimus
771 1206 888 1262 dies
906 1205 1021 1277 jam
1050 1221 1157 1260 non
1173 1204 1399 1259 habetur
1429 1202 1777 1265 novissimus,
1809 1198 1905 1256 sed

280 1303 544 1371 primus;
589 1312 753 1369 atque
788 1300 917 1359 inde
951 1298 1240 1375 vitam
1269 1306 1617 1362 numeratur,
1659 1296 1747 1351 ubi
1778 1305 1907 1350 ante

280 1395 490 1453 mortis
529 1410 792 1453 numerus
828 1394 899 1450 ad
938 1393 1466 1450 consummationem
1497 1389 1684 1449 mundi
1724 1399 1778 1445 et
1807 1387 1907 1447 btt-

282 1489 438 1545 mani
466 1489 691 1559 generis
716 1488 988 1544 excidium
1013 1487 1449 1558 computabatur.

359 1582 461 1638 45.
496 1581 565 1636 Et
598 1582 797 1648 delebo,
830 1583 1004 1651 inquit
1034 1582 1316 1643 Dominus.
1348 1596 1549 1637 omnem
1574 1578 1908 1635 resurrectio-

284 1690 409 1729 nem
450 1676 631 1735 carnis
681 1694 713 1730 a
745 1676 879 1747 [acie
922 1686 1088 1731 teme.
1128 1678 1173 1732 0
1221 1676 1524 1731 cash-stium
1565 1671 1907 1744 pulchritudo

284 1768 592 1825 verborum
612 1810 627 1836 ,
673 1771 717 1825 si
747 1770 868 1841 quis
891 1787 951 1827 se
980 1786 1008 1824 a
1045 1771 1245 1827 decoro
1275 1769 1551 1826 intellccm
1578 1768 1679 1838 piae
1709 1769 1907 1823 mentis

2002 565 2126 621 gum
2156 549 2397 620 ineptum
2421 551 2676 621 populum
2700 548 3043 606 Judmorumi
3085 548 3257 604 llomo
3288 547 3479 617 spiritu
3509 542 3602 602 Del

2003 644 2212 712 scribit,
2237 656 2291 699 et
2320 644 2480 700 homo
2501 647 2601 700 sub
2623 648 2737 717 lege
2761 648 3012 711 nutritus,
3041 657 3095 701 et
3116 644 3195 700 illi
3222 649 3406 701 volunt
3437 644 3602 699 Deum

2002 749 2306 795 atramento
2333 741 2636 811 scripsisse,
2665 756 2770 795 non
2798 741 3010 811 spiritu.

2074 832 2162 888 I6.
2212 832 2356 902 Ergo
2396 842 2457 888 ut
2496 831 2564 887 ad
2606 834 2885 903 superiora
2930 834 3251 899 redeamus,
3282 830 3430 888 delet
3462 830 3604 885 Deus

2004 930 2458 984 resurrectionem
2480 927 2677 991 carnis,
2700 938 2970 997 tamquam
2993 928 3203 997 apicum
3220 925 3601 996 scriptionent:

2004 1038 2112 1093 quo
2140 1022 2447 1080 declaratur
2490 1020 2633 1091 qttod
2675 1020 2998 1090 superﬂuam
3028 1018 3304 1075 hominum
3343 1021 3596 1073 nativita-

2006 1124 2113 1172 tem
2150 1126 2367 1185 propter
2398 1114 2727 1182 impietatem
2756 1112 2873 1183 ejus
2896 1113 3156 1169 deleverit
3185 1113 3365 1182 specie
3397 1111 3605 1165 littera-

2006 1228 2126 1269 rum
2157 1230 2169 1265 ι
2202 1211 2561 1267 substantiam
2590 1219 2770 1264 autem
2806 1218 2858 1262 et
2884 1209 3350 1263 conversationem
3375 1204 3405 1245 ι)
3436 1218 3603 1275 gene-

2006 1308 2083 1363 ris
2111 1312 2353 1363 servaret
2376 1305 2595 1359 humani
2628 1304 2774 1359 velut
2799 1302 3156 1372 perpetuitate
3186 1300 3515 1363 tabularum,
3546 1303 3605 1351 ut

2006 1416 2072 1458 ex
2094 1416 2155 1457 ea
2184 1414 2367 1455 semen
2400 1398 2664 1466 reliquum
2700 1395 3005 1466 pullularet.
3037 1392 3133 1448 Cui
3165 1393 3447 1447 sententia:
3471 1405 3605 1447 eon-

2007 1495 2193 1551 veulre
2214 1505 2374 1549 etiam
2400 1489 2710 1566 Millud
2743 1488 2953 1544 \idetur
2973 1486 3115 1549 quod
3144 1485 3248 1541 ait:
3280 1484 3489 1550 Delebo,
3523 1486 3607 1539 in-

2008 1590 2142 1662 quit,
2158 1603 2359 1645 onmem
2371 1586 2788 1641 resurrectionem
2802 1582 2989 1636 curuis.
3008 1577 3411 1637 Resurrectioni
3424 1586 3603 1631 autem

2007 1683 2283 1741 communi
2330 1697 2429 1737 usu
2480 1690 2682 1736 naturai
2710 1677 2980 1734 contraria
3019 1676 3232 1730 videtur
3261 1689 3383 1730 esse
3414 1686 3607 1742 purga-

2009 1778 2116 1841 tio;
2151 1777 2271 1848 quia
2322 1775 2638 1846 purgatione
2676 1771 2956 1836 reciditur,
2990 1778 3042 1825 et
3074 1769 3387 1836 reprimitur
3418 1779 3601 1821 resur-

287 1864 612 1919 exatninet!
644 1862 957 1934 Indignatur
1000 1864 1142 1921 Deus
1169 1868 1400 1933 peccatis
1429 1862 1652 1927 nostris,
1680 1860 1775 1917 sed
1804 1874 1907 1914 non

2017 1870 2273 1925 rectionis
2317 1867 2547 1923 luxuria.
2594 1867 2769 1922 Omne
2809 1874 2987 1920 tamen
3010 1863 3151 1935 quod
3178 1870 3448 1932 purgatur,
3483 1872 3607 1927 spe.

285 1956 639 2012 obliviscitur
680 1957 916 2026 pietatis.
968 1958 1199 2013 Minatur
1249 1957 1604 2029 supplicium,
1646 1954 1743 2012 sed
1792 1970 1901 2011 non

285 2049 567 2120 permittit
611 2050 906 2107 excidium.
954 2051 1263 2108 Moderatur
1305 2051 1633 2114 vindictam,
1687 2056 1905 2105 revocat

286 2144 673 2201 severitatem.
718 2146 1029 2201 Deleturum
1060 2160 1119 2201 se
1147 2145 1276 2201 dicit
1301 2160 1517 2203 omnem
1547 2158 1765 2199 carnem
1798 2157 1905 2198 non

290 2252 325 2293 a
370 2249 521 2296 terra
541 2280 558 2306 ,
600 2239 693 2295 sed
723 2254 754 2295 a
795 2239 930 2297 facie
958 2252 1137 2299 terrae.
1170 2239 1384 2299 Florem
1413 2239 1640 2302 decutit,
1670 2238 1905 2294 radicem

292 2342 484 2387 servat
511 2350 525 2387 :
554 2332 682 2388 sinit
710 2341 766 2389 ut
788 2333 842 2391 in
872 2333 1135 2404 profundo
1155 2334 1470 2390 substantia:
1504 2334 1671 2388 virtus
1693 2341 1907 2388 maneat

294 2424 582 2493 humanm,
618 2442 739 2496 quae
768 2427 820 2484 in
848 2426 1131 2498 superﬁcie
1158 2426 1360 2484 laboret
1380 2467 1395 2489 .
1427 2427 1569 2481 intus
1600 2424 1908 2494 intpassibi-

294 2519 366 2575 lis
399 2531 738 2590 perseveret,
774 2522 1137 2593 immunisque
1168 2537 1321 2578 noxae
1344 2520 1412 2578 ad
1440 2536 1627 2577 eorum
1651 2520 1911 2576 substitu-

296 2614 507 2669 tionem
542 2615 633 2685 qui
665 2628 771 2670 non
800 2615 908 2670 sint
939 2615 1108 2670 reatui
1140 2614 1393 2679 obnoxii,
1425 2624 1753 2670 reservetur.
1785 2612 1910 2668 Pul-

295 2706 436 2764 cbre
464 2718 649 2763 autem
679 2707 894 2778 posuit,
928 2706 1147 2773 Delebo,
1175 2718 1448 2778 tamquam
1472 2708 1770 2764 litterarum
1798 2706 1913 2775 api-

300 2814 396 2855 ces
435 2800 531 2869 qui
562 2801 813 2856 delentur
841 2803 960 2857 sine
988 2800 1176 2857 fraude
1200 2800 1486 2865 librorum,
1511 2809 1565 2856 et
1585 2800 1704 2857 sine
1738 2797 1915 2856 immi-

293 2892 532 2949 natione
579 2895 904 2953 tabularum.
938 2897 1311 2952 Atramentum
1334 2896 1567 2960 deletur,
1589 2895 1683 2951 sed
1712 2896 1914 2965 lignum

289 2995 502 3044 manet.
565 2988 822 3045 Delentur
862 2990 1161 3055 elementa,
1186 3000 1244 3044 ut
1271 2990 1575 3047 scribantur
1601 2988 1917 3059 plerumque

298 3080 563 3137 meliora.
596 3082 976 3139 Atramentutn
1007 3084 1240 3149 tollitur,
1274 3084 1575 3139 substantia
1604 3098 1710 3137 non
1742 3092 1919 3137 exter-

304 3176 574 3231 minatur.
612 3176 832 3243 Delebo,
865 3177 1058 3247 inquit,
1089 3177 1455 3247 corruptelam
1477 3176 1674 3243 carnis,
1702 3184 1761 3229 ut
1786 3174 1919 3229 scri-

2009 1965 2146 2020 ciem
2177 1961 2407 2027 amittit,
2436 1961 2791 2016 substantiam
2821 1972 2971 2013 suam
3004 1964 3202 2017 servat.
3232 1966 3393 2026 atque
3420 1952 3609 2007 melio-

2009 2067 2113 2115 rat.
2164 2058 2443 2128 Repressit
2481 2057 2642 2127 igitur
2688 2066 2710 2095 ο
2754 2056 3008 2110 Dominus
3039 2054 3127 2122 qui
3154 2051 3262 2122 jam
3290 2049 3611 2120 purgatione

2009 2152 2194 2209 diluvii
2241 2162 2562 2222 corporeum
2604 2165 2791 2215 usum,
2824 2147 3401 2214 conversationemque
3442 2157 3608 2213 gene-

2011 2247 2237 2303 rationis
2266 2246 2385 2314 ejus
2419 2260 2539 2314 qua:
2576 2244 3005 2315 degenerarerat
3030 2254 3058 2293 a
3089 2239 3287 2293 decore
3319 2247 3525 2290 natura}
3557 2242 3612 2290 et

2010 2339 2217 2408 accepti
2256 2338 2515 2401 muneris,
2544 2345 2813 2391 venustat.
2859 2335 2983 2389 llaec
3020 2330 3316 2387 secundum
3349 2328 3606 2383 litteram.

2011 2434 2164 2503 Quod
2191 2440 2373 2487 autem
2405 2430 2470 2485 ad
2501 2430 2748 2484 altiorem
2771 2428 3007 2500 pertinet
3032 2440 3251 2480 sensum
3274 2422 3459 2477 diluvii
3490 2434 3612 2489 spe-

2010 2528 2125 2582 cies
2152 2534 2312 2597 typus
2332 2533 2415 2579 est
2446 2520 2780 2595 purgationis
2807 2520 3001 2575 anima:
3028 2526 3248 2573 nostrai.
3284 2515 3466 2583 Itaque
3489 2527 3613 2567 enm

2012 2633 2166 2674 meus
2199 2626 2379 2672 nostra
2412 2631 2470 2671 se
2500 2631 2529 2669 a
2555 2613 2926 2680 corporalibus
2952 2610 3136 2665 mundi
3162 2609 3317 2679 hujus
3339 2606 3612 2662 illecebris

2014 2712 2211 2780 quibus
2256 2720 2380 2765 ante
2428 2707 2831 2771 delectabatur,
2874 2702 3109 2759 abluerit
3136 2743 3150 2769 ,
3199 2701 3358 2757 bonis
3397 2708 3615 2769 quoque

2015 2805 2434 2878 cogitatiOnibus
2474 2804 2673 2860 veteris
2709 2801 2998 2857 colluviem
3046 2796 3360 2869 cupiditatis
3402 2793 3616 2848 abstan-

2015 2910 2135 2970 get,
2182 2910 2455 2969 tamquam
2500 2898 2808 2967 purioribus
2852 2894 3149 2949 absorbens
3178 2890 3335 2962 aquis
3375 2887 3618 2945 turbido-

2018 3009 2137 3048 rum
2171 2993 2319 3060 prius
2343 2989 2755 3045 amaritudinem
2780 2986 3130 3041 ﬂuentorum.

2091 3087 2182 3141 47.
2229 3084 2297 3138 Et
2339 3082 2494 3155 fecit,
2534 3080 2739 3151 inquit,
2783 3079 2953 3133 omnia
2994 3076 3109 3131 Noe
3142 3089 3257 3147 qua:
3285 3072 3618 3129 mandavitci

2024 3176 2279 3232 Dominus
2308 3175 2444 3229 Deus
2473 3174 2629 3244 (Gen.
2664 3189 2757 3233 vn,
2784 3172 2860 3241 Β).
2887 3170 3070 3226 Justus
3098 3168 3350 3224 mandata
3381 3167 3617 3233 accepit,

304 3267 433 3322 bam
466 3269 951 3337 incorruptionem.
984 3268 1180 3324 llelebo
1208 3268 1661 3325 resurrectionem
1686 3266 1865 3323 carnis
1887 3280 1915 3320 I
1946 3261 1992 3328 C
2024 3286 2213 3326 servus
2253 3270 2497 3339 imperia.
2533 3266 2629 3322 llic
2678 3266 2833 3321 atnici
2881 3271 3136 3319 censetur
3164 3263 3285 3317 loco
3307 3262 3396 3332 qui
3428 3260 3620 3316 fecerit

304 3360 445 3417 facie
488 3370 682 3425 terrae,
732 3370 790 3416 ιιι
831 3363 1062 3418 scribam
1106 3362 1159 3417 in
1202 3360 1514 3419 cmlestibus
1548 3368 1915 3429 resurgentes.

308 3452 520 3509 Delebo
549 3453 618 3508 de
646 3454 783 3509 libro
825 3462 1014 3521 terrae,
1047 3464 1105 3511 ut
1126 3455 1361 3509 scribam
1396 3456 1446 3507 in
1479 3452 1616 3508 libro
1646 3455 1787 3505 vitae.
1819 3451 1920 3506 De-

305 3545 549 3614 lcantur,
583 3547 810 3603 Domine
840 3561 993 3603 meus
1020 3587 1034 3612 ,
1080 3546 1325 3623 Domine,
1359 3544 1643 3601 deleantur
1671 3543 1780 3599 cito
1808 3544 1919 3600 ele-

304 3649 495 3695 menta
523 3638 673 3702 ferri.
708 3648 765 3694 ut
799 3640 1105 3695 scribantur
1132 3639 1405 3694 elementa
1434 3638 1654 3693 Christi.
1687 3635 1919 3691 Abolea-

303 3742 392 3788 tur
424 3734 753 3789 resurrectio
792 3743 1004 3789 terrena
1030 3773 1045 3801 ,
1077 3740 1134 3787 ut
1163 3730 1402 3789 cmlestis
1429 3731 1598 3801 gratia
1628 3728 1913 3786 redundet.

306 3826 473 3893 Veni,
500 3828 737 3900 Moyses,
772 3843 1012 3898 prtepara
1044 3828 1331 3897 gremium,
1360 3827 1533 3893 legem
1556 3826 1764 3895 accipe,
1793 3841 1917 3881 sus-

301 3921 427 3989 cipe
470 3922 654 3991 apices
688 3920 953 3991 quosjam
980 3919 1347 3975 misericordia
1376 3918 1554 3974 divina
1579 3933 1684 3973 non
1716 3918 1916 3975 deleat.

305 4016 544 4083 Suscipe
588 4014 800 4070 tabulas
839 4030 973 4085 quas
1022 4014 1285 4073 Dominus
1316 4024 1516 4070 statuat
1544 4013 1597 4069 in
1627 4022 1917 4069 a-ternum.

308 4109 533 4166 Utinam
579 4110 695 4180 ipse
741 4125 846 4163 non
890 4108 1123 4179 frangas.
1167 4107 1235 4165 Et
1267 4110 1407 4177 ipsas
1439 4107 1565 4161 mihi
1610 4122 1728 4161 mea
1761 4108 1919 4177 culpa

306 4202 631 4265 sustulerat,
686 4200 786 4256 nisi
838 4201 1099 4257 Dominus
1145 4199 1491 4255 reddidisset.
1544 4198 1668 4256 Iure
1703 4199 1920 4269 quidem

305 4298 528 4371 Moyses
574 4294 880 4368 indignatus
904 4305 1012 4362 est,
1036 4311 1102 4353 ne
1125 4294 1386 4352 haberent
1411 4294 1589 4350 divina
1620 4294 1918 4366 privilegia,

304 4395 396 4466 qui
430 4411 540 4451 non
570 4392 843 4450 deferrent
880 4392 1156 4462 obsequia.
1194 4391 1297 4448 Sed
1327 4400 1456 4463 puto
1481 4391 1623 4458 quod
1649 4407 1753 4447 non
1787 4392 1917 4447 mihi

305 4502 423 4556 eas,
472 4489 573 4546 sed
613 4486 815 4544 ludatis
863 4486 1104 4558 fregeris.
1140 4485 1370 4557 Fregistl
1411 4484 1636 4553 Judmis,
1666 4486 1919 4556 recepisti

311 4581 468 4636 mihi.
502 4580 715 4637 Fracta:
747 4590 872 4635 sunt
900 4579 1143 4650 priores,
1174 4590 1233 4633 ut
1259 4578 1588 4649 posteriores
1612 4587 1915 4634 manerent.

2020 3379 2378 3435 quaecumque
2419 3359 2759 3431 exsequenda
2803 3358 3104 3441 susceperit
3139 3376 3151 3411 :
3196 3353 3287 3411 ille
3329 3354 3420 3425 qui
3464 3362 3617 3408 nutat

2018 3458 2318 3525 obsequiis,
2345 3457 2495 3511 oneri
2526 3454 2805 3510 servitutis
2834 3449 3121 3507 addicitur.
3169 3450 3409 3519 Denique
3434 3456 3485 3503 et
3515 3446 3618 3501 do-

2018 3552 2199 3606 minus
2219 3550 2377 3605 Iesus
2408 3548 2537 3603 dicit
2565 3549 2616 3602 ill
2650 3545 2948 3617 Evangelio
2977 3561 2990 3599 :
3036 3542 3135 3597 Vos
3165 3542 3318 3595 amici
3346 3540 3443 3593 mei
3473 3541 3614 3606 estis,

2018 3646 2063 3700 si
2113 3644 2334 3716 feceritis
2366 3658 2479 3714 qua
2523 3641 2770 3711 principio
2804 3641 2962 3695 vobis.
3010 3636 3131 3693 lant
3174 3653 3277 3691 non
3315 3637 3485 3689 dicant
3531 3648 3618 3687 vos

2019 3755 2190 3793 servos
2211 3736 2390 3811 (Joan.
2416 3752 2508 3803 xv,
2545 3736 2611 3790 14
2640 3745 2687 3789 et
2718 3733 2831 3804 I5).
2860 3733 3143 3788 Mandatur
3171 3746 3300 3799 ergo
3330 3740 3386 3782 ut
3416 3728 3616 3791 amico,

2021 3833 2306 3889 mandatur
2347 3843 2405 3885 ut
2436 3832 2483 3885 ei
2524 3830 2612 3899 qui
2644 3828 2817 3883 valida
2848 3826 3113 3883 charitate
3134 3866 3148 3892 ,
3180 3824 3363 3878 sobrio
3390 3820 3621 3875 consilio

2021 3941 2083 3980 ea
2128 3940 2247 3995 qua:
2283 3922 2537 3978 mandata
2581 3930 2725 3986 sunt,
2774 3926 3132 3987 exsequatur.
3163 3914 3273 3969 Nec
3301 3913 3490 3968 fefellit
3519 3914 3621 3966 Do-

2022 4017 2228 4071 minum
2255 4015 2520 4085 judicium
2543 4028 2721 4077 suum,
2754 4012 2995 4081 implevit
3015 4009 3194 4079 justus
3216 4007 3491 4071 universa,
3513 4020 3620 4059 non

2024 4123 2254 4183 partem,
2302 4110 2395 4164 sed
2429 4109 2679 4164 universa
2710 4123 2829 4176 qua:
2857 4104 3107 4160 mandata
3137 4112 3264 4157 sunt
3293 4105 3375 4166 ei;
3418 4111 3471 4155 et
3503 4099 3623 4154 ideo

2023 4207 2322 4277 Scriptura:
2365 4203 2562 4259 divinze
2605 4199 2811 4270 accepit
2860 4196 3252 4254 testimonium.
3294 4193 3405 4249 Nec
3433 4206 3625 4263 super-

2022 4302 2191 4357 fluum
2233 4309 2387 4372 putes
2426 4299 2548 4369 quia
2594 4295 2752 4352 simul
2793 4293 2974 4367 posuit
3021 4291 3307 4347 Dominum
3336 4298 3390 4343 et
3417 4287 3622 4350 Deum;

2023 4414 2145 4454 nam
2177 4407 2231 4453 et
2264 4397 2403 4451 Deus
2431 4395 2484 4449 in
2520 4394 2768 4458 Domino,
2798 4399 2853 4445 et
2887 4387 3144 4443 Dominus
3175 4385 3228 4440 in
3257 4386 3367 4438 Deo
3396 4398 3410 4437 :
3440 4381 3534 4436 sed
3564 4388 3627 4435 ut

2025 4492 2200 4549 Patris
2238 4501 2294 4547 et
2332 4490 2453 4545 Filii
2503 4486 2780 4557 intelligas
2806 4496 3095 4539 commune
3135 4486 3486 4551 praeceptum.
3516 4473 3626 4529 Ali-

2018 4588 2111 4656 qui
2144 4593 2324 4639 tamen
2362 4589 2488 4637 ante
2533 4594 2631 4636 nos
2680 4580 2758 4635 sic
2793 4576 3130 4647 interpretati
3172 4581 3333 4638 sunt,
3375 4584 3443 4627 eo
3482 4567 3637 4656 quod.

309 4673 548 4746 Fregistl
573 4689 665 4729 eas
695 4675 746 4730 in
773 4672 1081 4745 pectoribus
1100 4670 1431 4729 Judzrorum.
1455 4674 1594 4743 Quid
1620 4673 1763 4730 enim
1790 4688 1916 4746 pro-
1941 4654 1995 4718 ί)
2028 4654 2313 4734 Dominum
2356 4685 2411 4731 et
2453 4677 2620 4731 Deum
2647 4673 2876 4729 dicendo
2909 4672 3010 4725 hoc
3036 4669 3190 4734 loco,
3220 4677 3273 4723 et
3303 4661 3627 4721 vindicaturi

311 4766 464 4824 derat
493 4779 556 4825 ut
583 4770 791 4825 tabulas
823 4778 1091 4829 tenerent,
1122 4782 1351 4841 quarum
1385 4768 1701 4839 praescripta
1730 4776 1917 4824 tenere

308 4878 418 4919 non
450 4863 861 4934 possentﬂicce
889 4860 1154 4918 secundas
1180 4859 1389 4917 tabulas
1415 4861 1601 4916 dicunt
1624 4877 1680 4917 Se
1708 4870 1917 4928 tenere,

310 4956 406 5013 sed
440 4975 548 5013 non
572 4965 774 5012 tenent.
804 4957 995 5012 Dicunt
1015 4971 1074 5011 se
1103 4954 1283 5026 legere
1310 4955 1493 5010 divina
1514 4956 1803 5020 elementa,
1824 4956 1918 5012 sed

311 5065 420 5106 non
464 5051 653 5120 legunt
697 5049 875 5121 (Deut.
919 5064 996 5116 ιι,
1036 5049 1143 5120 10).
1193 5048 1371 5120 Digito
1415 5049 1506 5104 Dei
1537 5049 1765 5119 scriptas
1795 5065 1918 5107 esse

313 5142 528 5198 tabulas
567 5143 778 5213 Moyses
819 5142 994 5198 dicit:
1034 5141 1111 5197 illi
1146 5141 1372 5212 digitum
1421 5142 1512 5197 Dei
1544 5156 1652 5197 non
1696 5142 1915 5214 legunt,

314 5233 525 5289 ferrum
551 5234 755 5304 legunt.
782 5232 1157 5291 Atramentum
1180 5234 1386 5298 vident,
1414 5235 1663 5304 spiritum
1690 5234 1781 5290 Dei
1810 5250 1917 5290 non

316 5324 526 5381 vident.
578 5326 684 5381 Sed
725 5327 960 5382 Ecclesia
1010 5326 1185 5382 nescit
1224 5336 1616 5394 atramentum,
1668 5328 1917 5398 spiritum

316 5420 489 5476 novit.
526 5418 761 5491 Ideoque
788 5419 986 5478 Paulus
1011 5423 1162 5477 novit
1190 5420 1429 5479 scribere
1456 5434 1564 5477 non
1588 5430 1917 5491 atramento,

393 5616 420 5647 ⁸
449 5608 527 5666 lta
561 5623 698 5665 mss.
721 5606 915 5671 Corb..
955 5606 1152 5677 Long..
1186 5607 1340 5665 Vale.
1384 5615 1437 5664 et
1465 5607 1624 5663 Colb.
1658 5624 1779 5664 cum
1808 5617 1921 5667 Vet.

320 5680 453 5737 edit.
502 5682 659 5738 Rom.
692 5690 907 5751 autem,
940 5695 970 5733 ο
997 5679 1325 5749 sacrilegum,
1352 5698 1385 5734 ο
1409 5681 1640 5751 ineptum
1672 5682 1927 5749 penatum

323 5752 652 5808 Judworum.
699 5752 838 5808 (Iud.
868 5750 1018 5820 ναι,
1049 5768 1077 5805 ο
1115 5752 1439 5825 sacrilegium
1465 5750 1693 5825 ineptum
1715 5752 1932 5825 Indico-

327 5826 641 5949 ;tgig;"$az.
679 5826 924 5895 tandem,
955 5840 985 5880 ο
1014 5823 1338 5897 sacrilegium
1364 5822 1598 5897 ineptum
1626 5825 1807 5900 populi
1831 5822 1934 5884 Ju-

366 5911 555 5959 eorum
563 5938 578 5958 ο

2021 4783 2075 4829 et
2122 4772 2439 4843 ignoscituri
2470 4769 2743 4841 geminam
2784 4763 3116 4837 expresserit
3153 4769 3477 4833 petestatom
3515 4776 3526 4809 :
3570 4762 3627 4810 et

2022 4868 2111 4938 qui
2161 4866 2249 4921 hic
2278 4864 2517 4918 vindicat
2554 4864 2703 4933 prius
2744 4861 2796 4916 in
2838 4870 3149 4931 peccatores
3170 4901 3183 4923 ,
3216 4855 3337 4909 ideo
3368 4863 3492 4908 ante
3523 4852 3627 4905 lio-

2022 4960 2226 5014 minum
2257 4956 2487 5021 dixerit;
2520 4954 2773 5027 quoniam
2806 4967 2934 5008 vero
2973 4960 3179 5022 postea,
3218 4959 3276 5001 ut
3302 4947 3435 5017 justi
3460 4944 3627 5000 semi-

2022 5053 2235 5106 narium
2282 5060 2608 5121 propagetur
2652 5046 2911 5117 indulget,
2941 5044 3063 5099 ideo
3107 5042 3273 5095 Deum
3306 5046 3493 5108 postea
3527 5052 3625 5089 no-

2023 5145 2328 5200 minaverit.
2365 5144 2604 5212 Denique
2626 5140 2873 5195 facturus
2904 5137 3163 5192 mundum
3195 5134 3338 5187 Deus
3368 5131 3567 5183 dicitur
3603 5143 3615 5181 :

2023 5238 2090 5294 In
2138 5240 2395 5310 principio
2440 5240 2559 5309 fecit
2605 5234 2749 5293 Deus
2793 5234 2979 5290 emittm
3022 5239 3071 5286 et
3116 5239 3322 5283 terram.
3371 5223 3439 5279 Et
3488 5222 3621 5276 dixit

2025 5334 2185 5404 Deus,
2214 5336 2306 5405 ﬁat
2334 5335 2442 5390 lux.

2098 5608 2127 5649 δ
2159 5609 2304 5667 Edit.
2340 5621 2555 5672 omnes,
2590 5602 2789 5677 generis
2818 5613 3021 5677 servare
3047 5591 3261 5677 humani
3289 5591 3467 5647 voluit.
3499 5589 3625 5647 Mss.

2030 5678 2208 5741 Colb..
2235 5680 2425 5743 Corb.,
2459 5671 2629 5748 Long.
2663 5686 2715 5730 et
2739 5675 2882 5748 Maz._
2901 5680 2953 5724 ut
2988 5671 3039 5722 in
3072 5672 3240 5748 testu.

2110 5734 2392 5811 ὲ1111⁷11]έέ
2414 5734 2649 5819 quattmr
2672 5744 2916 5819 melioris
2942 5750 3103 5797 natm.
3133 5736 3235 5819 Alii
3254 5751 3383 5797 vero
3404 5746 3461 5819 et
3479 5734 3637 5803 edit.,

2038 5824 2297 5885 Dominus
2335 5811 2642 5898 purpatione
2670 5816 2869 5881 diluvii.
2901 5857 2914 5872 .
2944 5852 2957 5870 .
2993 5855 3004 5869 .
3032 5811 3259 5869 muneris
3284 5818 3566 5870 venustate.
