4150 6358
540 308 653 371 383

1134 425 1363 487 CAPUT
1401 429 1540 487 XIV.

545 517 817 576 Diluvium
841 535 991 576 verno
1019 529 1242 594 tempore
1264 524 1536 592 accidisse,
1560 534 1617 581 ut
1653 527 1820 599 magis
1841 541 1900 582 eo
1930 528 2140 582 crucia-

610 627 793 670 rentur
823 616 1086 683 homines;
1114 626 1162 671 et
1185 620 1553 674 sexcentesimo
1574 639 1710 675 anno
1743 621 1877 686 Noe,
1901 632 1957 676 ut
1979 620 2143 676 banti-

615 725 742 773 num
764 709 996 764 interitus
1020 725 1134 763 cum
1162 727 1338 766 eorum
1369 713 1626 767 creatione
1655 724 1979 784 congrueret.
2010 713 2033 767 Ι
2043 726 2143 768 tem

615 817 708 872 per
737 801 961 873 fantium
989 802 1181 873 abyssi,
1209 812 1256 858 et
1299 814 1684 860 cataractarum
1714 807 1826 860 caeli
1853 806 2143 876 ruptionent

614 898 800 952 mentis
825 906 977 967 atque
1001 899 1230 969 corporis
1251 897 1506 954 diluvium
1526 901 1834 974 signiﬁcari.

614 990 708 1047 48.
749 988 848 1045 Est
888 989 1053 1046 etiim
1085 991 1175 1046 illa
1207 1008 1315 1047 non
1358 993 1720 1068 perfunctorie
1752 993 2146 1063 consideratio,

547 1085 690 1157 quod
728 1087 1124 1141 sexcentesimo
1157 1102 1302 1141 anno
1331 1087 1474 1154 Noe,
1504 1097 1530 1124 ο
1559 1103 1747 1144 mense
1776 1090 2037 1154 secundo,
2070 1093 2150 1145 vi-

1867 311 2116 371 SANCTI
2152 311 2474 373 AMBROSII

2163 438 2214 496 Α
2240 446 2462 489 suorum
2487 474 2502 500 ,
2554 441 2612 488 ut
2641 446 2745 488 non
2783 434 2997 506 penitus
3030 435 3211 494 deleat
3239 451 3431 496 eorum
3462 437 3876 506 substantiam,

2241 540 2378 597 quos
2408 526 2524 596 ipse
2550 525 2796 582 donavit.

3758 321 3881 378 384

2312 619 2404 675 49.
2447 618 2512 674 Et
2534 624 2674 689 rupti
2708 631 2826 676 sunt
2863 634 3036 678 omnes
3080 625 3244 696 fontes
3278 625 3474 696 abyssi,
3504 636 3552 679 et
3577 634 3878 680 cataraclce

2245 711 2358 766 ειειὶ
2400 723 2592 781 apertae
2629 724 2747 767 sunt
2790 712 2943 786 (Gen.
2984 731 3076 780 vn,
3124 716 3237 786 ll).
3277 717 3393 772 Vim
3436 717 3622 772 diluvii
3654 734 3879 774 conve-

2247 806 2458 860 nienter
2489 805 2766 876 Scriptura
2795 808 3086 875 eitpressit,
3115 808 3302 863 dicens
3333 813 3530 865 coelum
3569 823 3623 865 et
3654 821 3877 866 terram

2248 898 2450 970 pariter
2490 914 2610 955 esse
2657 913 2961 965 Commota,
3010 916 3041 956 e
3081 902 3277 971 quibus
3316 904 3607 958 eletuentis
3644 913 3880 958 Constat

2250 992 2407 1046 istius
2440 994 2624 1047 mundi
2655 1008 2813 1048 omne
2843 994 3182 1064 principium.
3209 994 3456 1066 Undique
3476 1011 3605 1065 ergo
3629 995 3881 1050 ittﬂtlcno

2253 1085 2394 1140 libus
2415 1101 2674 1156 aquarum
2707 1087 2939 1140 molibus
2967 1088 3281 1141 eonclusum
3313 1103 3484 1156 genus
3518 1087 3814 1141 hominum
3848 1087 3878 1124 1³

545 1176 756 1248 gesima
795 1186 851 1233 et
895 1178 1126 1246 septima
1170 1179 1370 1234 mensis
1413 1178 1474 1234 ﬁt
1511 1178 1793 1235 diluvium.
1842 1181 2148 1237 Secundum
2253 1189 2590 1249 perurgelur.
2627 1179 2751 1232 lla'c
2779 1181 3075 1233 secundum
3109 1179 3370 1234 litteram.
3401 1179 3556 1248 Quod
3580 1189 3770 1234 autem
3803 1177 3878 1232 ad

550 1285 797 1328 mensem
831 1272 984 1326 verni
1013 1287 1139 1328 esse
1169 1273 1432 1343 temporis
1464 1288 1572 1329 non
1599 1274 1908 1346 ambigitur,
1938 1276 2152 1346 quando

548 1377 816 1440 augentur
827 1368 1131 1434 nascentia,
1147 1385 1272 1439 ager
1294 1371 1539 1440 parturit,
1565 1380 1826 1425 terrarum
1852 1373 2052 1440 pariter
2073 1382 2156 1426 at-

549 1475 656 1533 que
704 1460 1061 1515 animantium
1108 1460 1278 1517 fetura
1322 1478 1382 1518 se
1430 1461 1624 1518 fundit.
1667 1463 1818 1519 Tunc
1867 1480 1998 1535 ergo
2029 1463 2156 1520 fecit

554 1552 856 1618 diluvium,
1114 1555 1328 1624 quando
1372 1556 1528 1611 tlolur
1551 1571 1737 1612 eorum
1771 1558 1944 1628 major
1983 1558 2152 1626 foret,

554 1645 651 1716 qui
697 1651 749 1700 in
779 1659 875 1700 sua
905 1645 1234 1701 abundantia
1264 1647 1655 1716 puniebantur,
1686 1658 1812 1704 tunc
1841 1649 1970 1704 ultio
2002 1651 2157 1706 terri-

562 1735 728 1792 bilior
756 1747 1024 1808 tamquam
1055 1737 1292 1794 dicentis
1317 1739 1413 1794 Dei
1441 1757 1454 1792 :
1483 1740 1623 1796 Ecce
1651 1742 1831 1796 omnia
1859 1743 2156 1798 secundum

2252 1273 2501 1328 altiorem
2555 1274 2790 1340 pertinet
2841 1288 3092 1338 sensum,
3143 1273 3267 1328 caeli
3308 1274 3560 1344 symbolo
3581 1287 3740 1327 mens
3774 1271 3880 1325 hu-

2256 1381 2412 1422 mana
2458 1368 2794 1438 signiﬁcatur
2817 1409 2831 1430 ,
2867 1378 3026 1421 terra:
3057 1375 3236 1421 autem
3270 1367 3637 1437 appellatione
3667 1381 3879 1436 corpus

2256 1471 2312 1516 et
2356 1476 2566 1516 sensus.
2619 1462 2805 1532 Magna
2848 1461 3011 1532 igitur
3054 1465 3365 1532 naufragia,
3397 1460 3618 1531 quando
3663 1460 3875 1514 mentis

2264 1557 2466 1624 pariter
2515 1563 2571 1609 et
2620 1556 2870 1625 corporis
2909 1570 3276 1624 sensuumque
3320 1556 3562 1609 omnium
3613 1553 3781 1608 turbo
3823 1562 3878 1608 et

2261 1648 2495 1716 procella
2543 1647 2859 1702 miscentur.
2906 1648 3201 1716 Diligenter
3225 1648 3364 1701 dicta
3398 1661 3714 1716 pensemus.
3751 1644 3878 1699 Ple-

2259 1757 2485 1812 rumque
2530 1740 2678 1795 l'raus
2715 1741 2913 1796 mentis
2952 1749 3001 1795 et
3032 1741 3188 1796 dolus
3227 1756 3381 1795 sumit
3411 1749 3672 1796 exercent
3698 1753 3874 1793 vene-

565 1829 910 1886 liberalitatis
931 1830 1130 1886 divina:
1161 1831 1507 1903 providentiae
1527 1837 1752 1904 gratiam
1791 1835 1944 1890 dives
1974 1843 2166 1891 natura
2196 1842 2244 1901 Β
2272 1852 2396 1890 num
2423 1877 2436 1900 ,
2472 1836 2566 1891 sed
2616 1845 2792 1890 tamen
2833 1836 3102 1890 sobrietas
3143 1835 3387 1904 corporis
3435 1845 3490 1889 et
3530 1833 3873 1889 continentia

557 1926 862 1995 generavit,
885 1925 1062 1979 omnia
1086 1925 1139 1980 itt
1173 1940 1327 1981 usum
1361 1928 1638 1982 hominum
1661 1928 1985 1999 germinavit
2014 1938 2159 1984 terra

559 2014 881 2083 fecundior,
934 2025 1146 2082 segetes
1195 2026 1548 2087 spectantur,
1607 2019 1784 2075 tritico
1833 2031 1890 2075 et
1956 2019 2161 2076 hordeo

558 2110 738 2181 Campi
794 2110 1105 2179 replentur,
1154 2126 1324 2168 coma:
1377 2113 1633 2168 arborum
1688 2115 1901 2170 venturi
1954 2113 2161 2172 fructus

559 2204 785 2261 ﬂoribus
824 2207 1129 2262 vestiuntur
1161 2224 1175 2261 :
1219 2223 1328 2263 non
1355 2207 1510 2264 deest
1553 2217 1695 2264 terra
1723 2209 1995 2280 obsequiis
2025 2211 2160 2276 suis,

560 2313 670 2353 non
695 2298 880 2353 bestia:
901 2298 1096 2354 desunt
1124 2300 1439 2356 muneribus
1461 2301 1595 2362 suis.
1619 2316 1740 2372 quae
1763 2303 2039 2357 solemnes
2063 2303 2165 2358 sol-

559 2401 763 2448 vunlur
805 2393 857 2447 in
886 2405 1094 2464 partus,
1122 2405 1179 2449 ut
1211 2394 1419 2450 homini
1448 2395 1580 2450 nihil
1612 2396 1753 2451 desit
1780 2415 1792 2449 :
1827 2396 1990 2453 homo
2017 2399 2165 2453 solus

565 2487 815 2558 partibus
859 2488 974 2544 suis
1015 2487 1193 2555 deest,
1223 2491 1396 2544 nescit
1438 2499 1716 2544 auctorem
1742 2506 1897 2544 suum
1925 2506 1954 2545 a
1984 2505 2093 2561 quo
2116 2492 2168 2548 ei

558 2581 741 2636 omnia
787 2581 1201 2648 ministrentur,
1245 2582 1468 2653 negligit
1514 2581 1876 2638 conditorem.
1929 2584 2168 2654 Despicit

559 2676 726 2732 homo
771 2687 1237 2733 remuneratorem
1269 2691 1426 2733 suum
1453 2719 1467 2744 ,
1509 2692 1631 2733 cum
1663 2678 1805 2733 Deus
1847 2693 1983 2748 opus
2011 2694 2165 2734 suum

556 2787 668 2827 non
695 2770 1028 2842 despexerit.
1061 2770 1296 2827 Pereant
1320 2786 1442 2827 eum
1475 2771 1693 2826 homine
1721 2773 1923 2841 omnia,
1950 2781 2167 2843 propter

558 2879 721 2934 quem
767 2874 891 2918 nata
929 2875 1054 2918 sunt
1077 2863 1281 2918 omnia.
1324 2861 1378 2916 ln
1421 2863 1535 2918 suis
1575 2863 1773 2918 divitiis
1819 2873 2170 2920 consumatur

561 2959 750 3028 homo,
796 2975 918 3016 cum
963 2974 1060 3015 sua
1099 2958 1227 3015 dote
1260 2960 1541 3015 moriatur.
1572 2960 1716 3016 Nihil
1741 2970 1866 3016 ante
1893 2960 2168 3018 hominem

557 3063 704 3110 terra
748 3053 1089 3124 deliquerat,
1134 3054 1300 3110 nullis
1337 3055 1542 3110 erravit
1570 3056 1621 3110 in
1652 3055 1915 3111 fructibus
1944 3073 1958 3112 :
1989 3056 2041 3111 in
2072 3055 2173 3110 ho-

562 3148 708 3206 mine
738 3149 857 3204 solo
877 3163 937 3205 se
959 3149 1316 3218 degenerasse
1343 3149 1641 3221 cognoscit,
1663 3151 1845 3220 spinas
1872 3159 1925 3205 et
1948 3149 2173 3205 tribulos

2264 1929 2590 1984 obumbrant
2619 1931 2818 1984 mentis
2849 1929 3271 1999 improbitatem.
3299 1927 3638 1998 Frequenter
3660 1927 3876 1980 incerto

2265 2024 2389 2079 liilei
2427 2032 2589 2094 atque
2636 2024 2908 2093 Opinionis
2951 2038 3063 2078 sua:
3106 2037 3258 2077 mens
3305 2021 3509 2075 lubrica
3556 2018 3724 2092 2&8
3752 2030 3872 2084 est,

2264 2119 2358 2174 sed
2391 2127 2570 2173 tamen
2602 2134 2730 2172 caro
2757 2117 2968 2172 deliciis
2994 2127 3048 2172 et
3080 2115 3292 2170 luxuria
3330 2125 3352 2152 ε
3386 2123 3577 2177 vacat,
3607 2126 3665 2168 ut
3696 2112 3876 2183 fruga-

2267 2213 2390 2267 litas
2412 2227 2655 2266 errorem
2697 2213 2895 2266 mentis
2923 2221 3166 2276 excuset,
3197 2210 3332 2263 sicut
3361 2207 3516 2261 multi
3545 2216 3674 2260 sunt
3701 2209 3876 2258 haere-

2268 2307 2496 2362 ticorum
2541 2305 2634 2376 qui
2681 2307 3019 2374 prmtendere
3066 2303 3259 2357 volunt
3293 2294 3539 2370 corporis
3584 2300 3873 2354 continen-

2269 2400 2437 2465 tiam,
2490 2408 2547 2452 ut
2594 2398 2916 2452 assertiouis
2961 2411 3073 2452 suae
3121 2395 3282 2450 ﬁdem
3333 2392 3642 2448 testimonio
3675 2389 3872 2444 sobria:

2269 2492 2450 2548 carnis
2475 2493 2760 2562 acquiraut
2791 2508 2805 2544 :
2850 2491 2951 2545 etsi
2978 2504 3141 2546 sensu
3175 2486 3398 2554 lubrici,
3429 2496 3609 2541 tamen
3641 2498 3751 2554 quo
3777 2483 3874 2535 mi-

2270 2603 2373 2642 nus
2417 2596 2625 2656 turpes,
2657 2586 2934 2655 aliquanto
2969 2582 3398 2638 excusabiliores
3428 2579 3713 2634 habentur.
3742 2575 3869 2631 Cum

2271 2692 2451 2737 autem
2477 2695 2682 2736 venena
2717 2681 2937 2744 mentis,
2968 2689 3023 2734 et
3044 2677 3292 2747 contagia
3321 2690 3598 2745 corporeae
3625 2671 3872 2727 obsceni—

2272 2777 2401 2830 tatis
2431 2790 2652 2830 sensum
2686 2789 2927 2839 omuem,
2962 2771 2989 2810 ά
3019 2773 3368 2842 vigoremque
3392 2769 3762 2830 confundunt;
3796 2776 3871 2819 at-

2273 2884 2378 2940 que
2430 2868 2648 2922 animus
2699 2868 2908 2922 incerto
2934 2865 3178 2921 lubricus
3220 2875 3368 2919 motu
3391 2906 3405 2930 ,
3431 2862 3650 2917 malitia:
3678 2859 3870 2915 fetidus

2274 2970 2598 3024 atramento,
2634 2959 2970 3014 crudelitatis
3000 2959 3182 3013 lurore
3210 2972 3525 3019 succensus,
3558 2957 3721 3009 etiam
3757 2968 3868 3008 cor-

2276 3056 2555 3130 poralibus
2601 3053 2822 3126 ﬂagitiis
2867 3055 3152 3119 incitatur,
3189 3067 3384 3106 avarus
3409 3065 3628 3121 quoque
3656 3047 3868 3103 affectus

2277 3149 2566 3218 impatiens
2611 3147 2963 3202 mediocrium
3011 3146 3322 3200 facultatum
3350 3187 3365 3209 ,
3411 3144 3648 3198 luxuria:
3673 3140 3862 3212 cupitli-

562 3257 664 3315 pro
692 3242 956 3298 fructibus
1011 3242 1214 3299 ferens.
1245 3243 1399 3311 Quod
1426 3243 1600 3298 solum
1629 3259 1822 3298 munus
1851 3241 2170 3297 admirabile
2198 3239 2243 3303 C
2275 3250 2386 3298 tate
2409 3283 2425 3307 ,
2469 3239 2891 3310 eﬁ’undendique
2933 3237 3153 3293 libidine
3189 3236 3560 3308 praecipitatur
3591 3235 3642 3288 in
3672 3233 3868 3288 facinus

562 3346 650 3394 est
670 3378 686 3402 ,
719 3337 1020 3411 principale
1049 3339 1244 3393 tuentis
1288 3338 1512 3393 interiit.
1543 3337 1650 3392 Cur
1679 3337 1844 3405 igitur
1869 3338 2045 3390 omnia
2079 3336 2168 3391 illa

565 3427 898 3488 servantur?
941 3430 1068 3486 Ideo
1111 3446 1216 3485 nou
1257 3441 1380 3500 post
1416 3431 1678 3486 collectos
1706 3429 1913 3484 fructus
1940 3429 2174 3484 infundi-

567 3532 658 3580 tur
681 3539 853 3592 aqua,
893 3538 963 3578 ne
996 3522 1314 3578 beneﬁcium
1353 3523 1522 3593 magis
1551 3537 1712 3592 quam
1741 3522 1997 3577 diluvium
2030 3531 2173 3578 terra

566 3615 817 3670 sentiret.
862 3614 1105 3684 Denique
1143 3629 1309 3669 verno
1349 3614 1490 3684 apud
1547 3612 1832 3686 Egyptios
1892 3622 2170 3683 tempore,

569 3706 668 3763 sed
707 3721 896 3762 mense
935 3706 1153 3761 diverso
1183 3707 1332 3762 Nilus
1358 3705 1614 3769 exundat,
1649 3716 1708 3761 ut
1729 3705 1996 3776 jaciendis
2015 3707 2178 3762 semi-

569 3801 729 3857 nibus
761 3810 903 3856 terra
935 3798 1242 3866 mollescat,
1275 3810 1327 3855 et
1349 3798 1632 3854 blandiore
1653 3799 1792 3863 sinu,
1825 3800 2177 3854 clementiore

573 3894 785 3967 gremio
812 3894 1018 3950 semina
1053 3893 1212 3948 missa
1240 3893 1624 3962 suscipiantur.
1657 3891 1813 3959 Quod
1841 3900 2020 3947 autem
2050 3906 2176 3947 sex-

2275 3333 2592 3405 appeteudie
2633 3332 2824 3387 salutis
2872 3332 3067 3387 alienae
3100 3348 3115 3397 ;
3160 3339 3285 3385 tunc
3329 3343 3584 3397 maguum
3615 3333 3701 3380 est
3736 3325 3866 3379 dilu-

2277 3429 2421 3483 vium
2472 3427 2727 3483 omnibus
2773 3428 2977 3496 pariter
3031 3424 3406 3496 ingruentibus
3462 3421 3802 3491 passiooibus
3850 3436 3862 3471 :

2278 3531 2404 3578 tunc
2434 3538 2494 3576 se
2523 3520 2856 3590 insipientia,
2889 3517 3173 3588 injusﬁtia,
3205 3517 3504 3580 temeritas,
3536 3512 3863 3583 improbitas,

2273 3616 2500 3691 perﬁdia
2529 3614 2597 3670 de
2621 3614 2884 3686 superiori
2914 3623 3066 3682 parte
3096 3621 3368 3679 tamquam
3403 3616 3695 3663 cataracta:
3726 3620 3865 3659 men-

2277 3709 2348 3763 tis
2375 3707 2628 3762 videntur
2667 3705 2966 3760 eﬁ'undere.
3013 3702 3147 3758 Inde
3193 3712 3482 3770 erumpunt
3517 3698 3588 3755 de
3633 3696 3864 3767 corporis

2277 3799 2431 3855 fonte
2478 3799 2680 3854 terreni
2726 3797 2913 3863 libido,
2945 3794 3286 3858 temulentia,
3317 3791 3558 3858 luxuria,
3605 3801 3862 3862 postremo

2279 3893 2616 3949 diversorum
2659 3892 2943 3946 criminum
2987 3886 3361 3959 prolapsioues
3385 3927 3400 3951 ,
3441 3901 3562 3952 quae
3589 3884 3799 3955 penitus
3818 3890 3866 3936 et

2280 3985 2528 4056 corporis
2555 3984 2720 4040 robur
2746 3994 2801 4039 et
2827 3984 3066 4054 vigorem
3089 3979 3285 4037 mentis
3312 3978 3648 4035 effeminant.

2874 4119 3100 4177 CAPUT
3144 4118 3258 4174 XV.

2285 4242 2390 4298 Per
2408 4257 2581 4296 arcam
2609 4256 2640 4292 a
2663 4238 2789 4311 foris
2819 4238 3050 4292 clausam
3076 4246 3121 4289 et
3142 4235 3195 4288 in
3217 4233 3364 4303 aquis
3394 4233 3748 4302 ﬂuctuantem,
3773 4243 3861 4281 cor-

2355 4353 2450 4408 pus
2479 4335 2703 4390 hominis
2731 4333 2871 4387 corio
2899 4340 3087 4385 tectum
3113 4338 3158 4383 et
3175 4328 3332 4382 variis
3353 4326 3576 4380 motibus
3593 4326 3861 4396 agitatum:

2357 4447 2447 4501 per
2489 4428 2778 4499 quindecim
2826 4441 2973 4495 aqua:
3015 4423 3210 4477 cubitos
3248 4421 3390 4491 queis
3427 4427 3622 4472 montes
3676 4431 3862 4484 supera-

2357 4524 2576 4587 bantur,
2615 4521 2870 4574 Itumanos
2918 4533 3100 4571 sensus
3131 4531 3150 4570 :
3176 4514 3390 4582 denique
3415 4527 3506 4580 per
3536 4520 3743 4564 mortem
3771 4523 3864 4560 om-

2209 4641 2264 4702 D
2356 4617 2438 4671 nis
2482 4615 2685 4678 carnis,
2725 4614 2915 4666 animte
2953 4608 3276 4682 passionibus
3324 4614 3582 4671 corrupta:
3628 4602 3864 4655 interitum

2359 4709 2660 4766 adumbrari
2685 4723 2704 4762 :
2731 4706 2976 4778 superbos
3003 4713 3173 4758 autem
3206 4703 3466 4771 praecipue
3495 4697 3740 4754 delendas
3766 4711 3863 4750 cum

2353 4809 2532 4879 justus
2573 4803 2778 4858 interim
2821 4801 3084 4856 exstinctis
3109 4799 3279 4868 pravis
3317 4796 3538 4851 motibus
3584 4796 3641 4850 in
3679 4807 3864 4864 corpore

2363 4899 2510 4970 quasi
2532 4898 2866 4967 incorporeus
2892 4903 3172 4950 remaneat.

2366 5011 2454 5068 50.
2490 5010 2560 5066 Et
2583 5011 2772 5065 clausit
2793 5011 3045 5064 Daminus
3067 5025 3099 5062 a
3124 5008 3249 5075 {oris
3269 5023 3446 5062 arcam
3476 5005 3628 5077 (Gen.
3658 5004 3860 5077 “1.16).

2293 5104 2487 5162 Sermo
2539 5104 2858 5160 manifestus
2913 5111 2997 5159 est
3053 5101 3354 5158 secundum
3412 5099 3669 5154 litteram.
3733 5098 3864 5153 Clau-

2291 5199 2470 5257 deuda
2518 5199 2620 5256 l‘uit
2663 5213 2820 5265 arca,
2866 5207 2920 5253 et
2966 5205 3082 5252 tuto
3135 5193 3396 5266 sepienda
3435 5191 3763 5257 munimine;
3806 5205 3863 5246 ne

572 3987 876 4043 centesimo
897 3986 1011 4043 Noe
1037 4001 1178 4042 anno
1207 3987 1261 4040 lit
1289 3985 1571 4052 diluvium,
1595 3986 1724 4041 illud
1757 3985 1969 4042 videtur
1990 3995 2177 4042 osten-

562 4081 700 4137 dere
723 4081 846 4151 quia
873 4088 1027 4137 sexto
1053 4081 1140 4136 die
1160 4081 1329 4135 Adam
1356 4091 1572 4136 creatus
1594 4091 1694 4136 est.
1722 4079 1867 4136 Idem
1893 4096 2174 4147 numerus,

573 4175 679 4228 hoc
707 4183 812 4240 est,
844 4173 935 4243 qui
985 4189 1083 4244 par
1108 4174 1326 4238 dicitur,
1360 4183 1416 4229 et
1447 4175 1497 4228 in
1529 4184 1751 4230 auctore
1795 4185 1849 4229 et
1879 4175 1934 4230 in
1962 4191 2180 4246 repara-

576 4274 694 4321 tore
719 4276 1006 4330 servatur;
1039 4268 1162 4334 quia
1206 4265 1328 4320 fons
1357 4266 1677 4334 sexagesimi
1705 4274 1761 4320 et
1799 4266 2177 4323 sexcentesimi

574 4366 760 4413 sextus
785 4367 870 4412 est
895 4372 1173 4413 numerus.
1202 4357 1347 4413 Idem
1385 4369 1566 4413 autem
1607 4371 1664 4413 et
1694 4357 1898 4426 primus
1926 4369 1981 4415 et
2015 4360 2182 4429 septi-

579 4467 702 4508 mus
753 4452 956 4507 mensis
996 4451 1216 4507 dicitur.
1253 4451 1362 4508 Sed
1399 4451 1569 4522 magis
1614 4453 1845 4520 primum
1891 4454 2183 4508 observare

579 4543 873 4609 debemus;
901 4543 1046 4612 quod
1092 4554 1212 4612 post
1235 4544 1496 4598 diluvium
1533 4559 1702 4600 verno
1731 4553 1974 4613 tempore
2000 4546 2184 4602 colen-

578 4633 772 4690 dorum
799 4649 928 4688 cura
954 4643 1236 4704 reparetur
1261 4650 1534 4704 agrorum,
1561 4647 1612 4690 et
1640 4636 1836 4707 placidi
1859 4645 2021 4708 atque
2049 4637 2179 4694 ube-

578 4725 658 4783 ris
702 4726 804 4781 soli
842 4726 1066 4796 incipiat
1111 4727 1282 4782 fetura
1333 4727 1646 4796 procedere.
1691 4728 1810 4797 Quo
1850 4730 2183 4802 signiﬁcatur

579 4834 880 4887 numquam
921 4819 1088 4874 Deum
1123 4833 1190 4874 eo
1220 4835 1449 4874 numero
1493 4820 1578 4876 vel
1619 4829 1861 4892 tempore
1907 4823 2180 4878 interitum

585 4912 868 4968 hominum
902 4912 1065 4967 fuisse
1103 4911 1366 4967 iacturum
1393 4953 1409 4976 ,
1437 4928 1544 4984 quo
1572 4915 1695 4972 fecit
1725 4916 2007 4971 exordium
2034 4933 2048 4983 ;
2083 4917 2185 4972 nisi

583 5006 915 5066 immanibus
943 4992 1322 5062 delictis'esset
1346 5005 1602 5063 oﬁ‘ensus.
1627 5008 1796 5064 Simul
1818 5011 2028 5066 veniam
2049 5020 2186 5066 tem-

585 5104 732 5175 poris
777 5114 834 5160 et
874 5102 1087 5158 numeri
1128 5101 1265 5157 ratio
1315 5102 1612 5170 promittit;
1641 5103 1785 5173 quod
1816 5105 1976 5159 etiam
2020 5106 2188 5162 iratus

580 5198 940 5255 admoneatur
978 5206 1084 5253 tam
1130 5193 1560 5267 praecedentibus
1589 5188 1770 5253 causis
1799 5195 2189 5254 beneﬁciorum

2362 5421 2384 5450 ο
2415 5411 2618 5468 Omnes
2648 5411 2870 5466 omnino
2899 5408 3028 5464 edit.
3056 5422 3180 5462 cum
3222 5419 3355 5460 mss.
3387 5402 3555 5458 Toru.
3580 5416 3642 5456 ac
3670 5401 3800 5465 Vat,
3823 5411 3862 5456 et

2291 5481 2516 5538 luxuriae
2552 5495 2696 5538 vacat
2717 5527 2730 5548 ,
2757 5494 2813 5538 ut
2855 5481 3134 5553 fragilitas.
3180 5480 3245 5553 At
3278 5491 3408 5553 mss.
3451 5473 3618 5528 Corb.
3649 5471 3793 5553 COLD.
3815 5483 3862 5553 et

2289 5553 2420 5609 Maz.
2457 5571 2578 5609 cum
2613 5542 2806 5610 Latinii
2839 5542 3170 5619 conjectura,
3205 5546 3414 5602 luxuria
3438 5555 3616 5609 vacat;
3647 5553 3700 5598 et
3724 5542 3857 5600 Corb.

2289 5639 2410 5700 eum
2426 5629 2630 5700 eodem
2657 5626 2949 5700 Latin.,iut
2979 5623 3271 5700 frugalitas.
3315 5685 3322 5691 ο
3651 5687 3672 5700 '
3732 5689 3758 5700 Δ,
3799 5687 3809 5699 ο

2363 5699 2390 5734 ά
2421 5698 2565 5753 Eilit.
2599 5714 2810 5769 omnes,
2837 5687 3087 5753 iurarem:
3114 5693 3240 5753 Mss.
3274 5687 3462 5750 contra
3490 5704 3613 5746 cum
3648 5687 3858 5754 Latinio,

2290 5773 2540 5844 uigorem.
2709 5814 2753 5846 ,η
2773 5817 2782 5843 ,

655 5421 682 5450 ιι
731 5409 898 5466 Abest
947 5408 1015 5464 ab
1059 5407 1310 5462 omnibus
1353 5414 1464 5460 tum
1515 5419 1648 5461 mss.
1689 5414 1801 5459 tum
1849 5405 1981 5460 edit.
2022 5414 2135 5461 ant.
2162 5449 2177 5474 ,

582 5499 753 5538 mense
790 5481 1037 5538 secundo.
1084 5479 1282 5548 Excipe
1327 5485 1506 5532 tamen
1538 5478 1663 5532 cod.
1702 5476 1835 5532 Maz.
1871 5477 1924 5530 in
1956 5493 2062 5546 quo
2090 5494 2175 5534 se-

583 5555 757 5610 cunda
789 5569 950 5608 manu
981 5554 1290 5608 reStitutum
1314 5558 1396 5602 est
1422 5567 1433 5602 :
1461 5551 1601 5604 sicut
1622 5557 1697 5614 et,
1729 5548 2011 5602 secundum
2041 5567 2180 5604 uten-

581 5642 725 5688 sem;
749 5625 834 5678 tibi
867 5625 1038 5695 prima
1052 5640 1212 5680 manu
1240 5623 1399 5679 habet
1428 5636 1548 5677 cum
1578 5621 1765 5688 Corb.,
1802 5619 1977 5687 γεω..
2009 5621 2181 5692 Long.

579 5706 636 5752 et
652 5695 847 5768 Colb.,
877 5700 1164 5768 septimum.

647 5766 853 5840 blEdit.
883 5766 1004 5832 Am.
1035 5779 1088 5824 et
1113 5767 1240 5825 Gill.
1272 5783 1394 5825 cum
1429 5783 1536 5824 ms.
1568 5767 1731 5838 Maz.,
1760 5774 2032 5840 purgetur;
2056 5766 2184 5824 Era.

571 5849 628 5896 et
659 5828 816 5896 Rom.
844 5828 970 5896 cuni
1000 5841 1123 5897 aliis
1150 5845 1304 5909 mss.,
1327 5845 1652 5912 perurgetur.
