4150 6358
279 286 386 343 385

1357 285 1449 341 DE
1484 283 1624 342 NOE
1661 281 1754 340 ΕΤ
1791 281 1978 340 ARCA
2015 281 2222 341 LIBER
2283 279 2486 341 UNUS.

3475 280 3585 342 386

279 418 398 458 eam
437 415 570 472 vaga
605 400 796 457 diluvii
836 400 1034 457 ﬂuenta
1081 407 1449 478 penetrarem.
1495 398 1718 454 Altioris
1747 412 1881 469 quo-
1907 403 1955 462 Α
1985 399 2199 478 modius
2243 409 2373 470 puto
2421 397 2573 461 illud,
2605 403 2665 453 ut
2708 410 2901 454 sensus
2932 396 3134 454 terreni
3163 396 3399 454 hominis
3423 406 3587 471 atque

282 512 387 566 quc
427 512 621 552 sensus
666 512 770 551 non
819 497 1114 565 incongrua
1155 495 1565 563 interpretatio,
1597 493 1642 547 si
1681 506 1884 560 corpus

285 590 582 644 humanum
629 592 713 646 cui
741 604 862 645 area
907 589 1023 643 htiL-c
1051 604 1170 657 qum
1199 587 1560 649 describitur,
1595 584 1880 655 ﬁguratur,

288 694 502 753 septum
551 683 702 738 corio
739 682 1046 753 iudicemus
1086 697 1116 735 a
1144 679 1344 751 frigore
1374 687 1616 746 mstuque
1641 675 1880 744 defendi,

295 776 438 846 quod
469 775 662 830 artifex
689 777 824 831 Deus
857 773 920 828 ad
944 774 1183 828 omnium
1203 772 1570 827 membrorum
1598 768 1890 839 protectio-

291 884 415 925 nem
456 868 786 923 naturalibus
811 868 1021 922 vestivit
1049 867 1259 924 exuviis
1281 907 1298 934 ,
1331 875 1385 922 et
1411 865 1643 935 quodam
1672 864 1884 918 circon-

291 958 413 1016 fuso
439 960 607 1016 induit
635 962 971 1030 operimento
987 1001 1003 1026 ,
1024 971 1080 1016 ut
1104 975 1278 1032 neque
1300 960 1497 1032 frigore
1518 957 1886 1028 congelascat,

299 1073 397 1113 nec
421 1057 608 1111 aestivo
628 1056 808 1112 calore
834 1055 1092 1112 solvatur.

364 1149 453 1206 5L
489 1149 791 1205 Exundavit
816 1148 978 1220 igitur
1006 1164 1166 1220 aqua,
1195 1157 1250 1204 et
1269 1148 1469 1204 levavit
1495 1161 1701 1212 arcam,
1725 1154 1782 1201 et
1810 1144 1890 1200 fe-

294 1243 514 1298 rebatur
561 1259 726 1312 super
779 1259 1050 1299 summum
1103 1258 1386 1314 aquarum.
1447 1242 1564 1298 Non
1621 1239 1896 1295 immerito

295 1335 593 1391 exundavit
619 1351 779 1405 aqua,
812 1335 1028 1406 quando
1059 1335 1183 1392 caeli
1211 1345 1497 1391 cataracta:
1520 1345 1726 1406 aperta:
1747 1341 1894 1400 sunt,

298 1440 355 1487 et
383 1431 450 1485 de
495 1440 638 1485 terra
676 1431 820 1500 rupti
867 1440 996 1485 sunt
1036 1431 1218 1486 fontes
1253 1446 1516 1500 aquarum
1559 1444 1613 1487 et
1653 1432 1896 1487 flumina.

300 1523 457 1592 Quod
489 1540 681 1592 magna
713 1524 959 1594 emphasi
992 1523 1197 1579 dictum
1221 1533 1324 1579 est.
1361 1524 1462 1580 Ubi
1491 1523 1636 1580 enim
1663 1524 1899 1594 eruptio,

307 1617 379 1672 ibi
426 1616 799 1672 irrevocabilis
828 1616 1019 1671 cflusio
1045 1617 1118 1672 sit
1145 1631 1368 1672 necesse
1392 1625 1512 1682 est;
1547 1631 1648 1670 nec
1677 1616 1904 1671 retineri

305 1708 482 1764 facilis
523 1709 821 1780 ingentium
870 1708 1144 1779 prolapsio
1176 1707 1525 1763 fluentorum.
1560 1707 1904 1761 Manifestum

1989 490 2240 546 animalis
2258 501 2308 547 et
2331 492 2589 562 spiritalis
2608 490 2895 563 accipiam,
2912 508 3048 564 quos
3068 492 3158 548 illa
3173 491 3360 549 diluvii
3385 491 3589 549 fluenta

1993 584 2449 640 transcenderint.

2063 678 2154 734 55.
2187 679 2380 734 Merito
2409 687 2620 736 mortua
2657 690 2739 737 est
2787 681 2966 737 omnis
3011 695 3141 738 caro
3183 697 3304 754 quae
3334 680 3592 738 moveba-

1995 779 2102 826 tur.
2130 771 2285 839 Quod
2314 779 2368 827 et
2399 773 2694 829 secundum
2728 773 2962 830 litteram
2991 775 3180 846 liquet.
3203 786 3258 832 et
3290 775 3507 847 pr0prie
3528 787 3592 830 ac

1997 864 2315 920 naturaliter
2366 867 2548 922 carnis
2594 868 2958 938 corruptelam
3014 868 3218 925 iudicio
3273 869 3594 940 procellosze

1994 958 2378 1015 comniotionis
2408 950 2700 1034 expressit.
2729 959 3035 1016 Commotio
3073 962 3220 1017 enim
3254 961 3447 1017 vitiosa
3480 976 3589 1016 non

1997 1064 2081 1111 est
2112 1054 2214 1109 nisi
2243 1069 2339 1124 per
2371 1054 2607 1110 affectus
2645 1057 3078 1125 corruptionem.
3121 1057 3300 1114 Movet
3325 1057 3468 1112 enim
3503 1071 3598 1110 vo-

2000 1146 2234 1216 luptates
2262 1162 2410 1213 caro,
2437 1156 2494 1204 et
2526 1150 2639 1218 ipsa
2664 1149 3031 1219 voluptatibus
3058 1161 3455 1206 commovetur.
3485 1149 3596 1206 Ta-

2001 1238 2068 1294 lis
2088 1249 2265 1294 autem
2297 1241 2591 1296 commotio
2636 1243 3005 1313 corruptelam
3055 1255 3225 1300 creat.
3256 1243 3432 1300 Causa
3465 1252 3599 1314 ergo

2002 1333 2322 1402 corruptelze
2366 1335 2661 1390 commotio
2702 1336 2858 1391 istius
2901 1335 3088 1392 mundi
3139 1347 3242 1404 est,
3295 1351 3393 1406 per
3436 1350 3601 1406 quam

2005 1427 2184 1481 anima
2216 1427 2640 1499 uniuscujusque
2666 1429 2981 1501 degenerat.
3029 1425 3179 1485 Cum'
3214 1429 3358 1485 enim
3392 1428 3604 1483 vitiosa:

2007 1519 2290 1590 passiones
2339 1532 2575 1577 mentem
2627 1534 2869 1589 moveut,
2919 1524 3227 1594 corruptela
3274 1531 3604 1595 generatur;

2007 1627 2129 1667 cum
2172 1615 2411 1669 excitant
2440 1615 2616 1670 studia
2661 1618 2952 1684 virtutum,
2996 1617 3300 1686 disciplina:
3329 1615 3609 1685 profectus

2009 1714 2112 1762 est.
2140 1706 2329 1761 Omnis
2361 1708 2523 1778 igitur
2544 1711 2635 1779 qui
2665 1719 2783 1765 erat
2811 1707 2868 1764 in
2895 1709 3068 1774 arida,
3101 1719 3345 1763 mortuus
3368 1715 3452 1763 est
3475 1719 3611 1762 :nec

307 1813 392 1859 est
416 1804 576 1874 igitur
598 1804 739 1875 quod
763 1804 1020 1870 scriptum
1053 1811 1156 1858 est.
1176 1802 1373 1858 Verum
1400 1802 1445 1856 si
1467 1801 1628 1858 altius
1657 1809 1906 1872 spectan-
1934 1819 1982 1880 Β
2011 1802 2156 1855 enim
2188 1810 2440 1870 poterant
2468 1817 2575 1856 non
2608 1803 2746 1858 mori
2777 1818 2914 1873 quos
2953 1804 3084 1858 tanti
3111 1802 3302 1857 diluvii
3335 1800 3478 1856 unda
3507 1799 3608 1855 de-

305 1897 431 1952 dum
453 1907 628 1967 putes,
646 1912 776 1952 earo
795 1906 978 1961 nostra
1001 1895 1235 1950 diversis
1256 1895 1490 1965 agitatur
1511 1905 1566 1949 et
1592 1895 1713 1949 freti
1745 1895 1907 1950 modo

306 1986 530 2044 ﬂuctuat
552 1987 916 2058 passionibus,
935 1987 1131 2055 quibus
1160 1985 1265 2040 huc
1292 1997 1454 2055 atque
1477 1986 1605 2042 illuc
1633 1997 1908 2056 tamquam

310 2096 474 2151 super
490 2081 662 2134 undas
677 2080 1044 2134 molestiarum
1065 2094 1288 2133 suarum
1304 2094 1445 2132 nunc
1459 2078 1620 2143 fame,
1642 2093 1784 2133 nunt:
1796 2078 1907 2145 siti,

313 2190 454 2230 nunc
483 2173 807 2239 cupiditate,
839 2188 979 2227 nunc
1003 2171 1197 2242 gaudio
1221 2213 1236 2237 ,
1271 2185 1414 2226 nunc
1439 2170 1626 2225 dolore
1653 2170 1906 2240 jactatur.

384 2267 480 2323 52.
512 2265 650 2320 Illud
696 2281 910 2336 quoque
941 2280 1046 2319 non
1086 2263 1610 2332 praetermittendum
1643 2263 1909 2327 arbitror,

311 2359 434 2431 quia
468 2358 747 2426 Scriptura
786 2374 895 2412 non
925 2357 1214 2428 praeteriit,
1246 2357 1462 2427 quantis
1489 2371 1720 2411 numero
1745 2354 1914 2428 249

312 2453 511 2516 Cubitis
554 2469 690 2523 aqua
726 2468 891 2523 super
934 2462 1132 2507 terram
1176 2449 1374 2516 fuerit;
1415 2450 1724 2520 quindecim
1766 2451 1911 2505 enim

313 2547 510 2604 cubitis
559 2561 723 2615 super
775 2545 1022 2601 excelsos
1078 2551 1290 2597 montes
1353 2556 1548 2612 aquam
1608 2542 1775 2596 fuisse
1827 2539 1914 2594 di-

314 2640 412 2694 xit.
464 2638 710 2708 Simplex
739 2637 921 2707 itaque
951 2635 1264 2691 intellectus
1301 2643 1468 2704 patet;
1511 2632 1782 2702 Allegoria
1816 2646 1915 2686 au-

316 2737 424 2787 tem
465 2731 706 2800 quinque
751 2744 945 2784 sensus
983 2727 1384 2798 complectitur,
1423 2726 1513 2796 qui
1554 2733 1682 2780 sunt
1710 2723 1765 2778 in
1797 2739 1921 2778 cor—

320 2838 455 2894 pore
491 2832 676 2877 nostro
713 2821 863 2876 velut
897 2821 1097 2875 excelsi
1134 2830 1385 2885 montes,
1414 2819 1503 2889 qui
1537 2817 1676 2872 hanc
1696 2831 1918 2871 carnem

320 2915 638 2988 passionum
686 2912 1078 2980 obrumbrant,
1122 2922 1180 2966 et
1224 2913 1545 2982 plerumque
1577 2911 1922 2964 iucursantur

321 3010 532 3076 bestiis,
580 3020 635 3065 et
674 3009 1014 3080 exagitantur
1060 3009 1335 3064 condensa
1382 3017 1438 3062 et
1489 3023 1657 3078 opaca
1705 3023 1920 3062 eorum.

322 3101 480 3161 Unde
517 3113 570 3159 et
613 3103 876 3157 Dominus
924 3117 1020 3173 per
1063 3102 1340 3156 nationum
1374 3098 1712 3156 credentium
1762 3098 1924 3154 fidem

323 3198 551 3253 veniens
585 3195 651 3251 ad
701 3196 1000 3252 Ecclesium
1035 3211 1210 3261 suam,
1241 3196 1392 3250 venit
1422 3210 1451 3248 a
1481 3193 1691 3249 Libano
1725 3203 1750 3230 τι
1785 3194 1923 3248 sicut

323 3292 397 3347 ait
431 3291 684 3346 llabacuc
714 3292 974 3361 propheta
1007 3289 1198 3345 dicens
1228 3305 1240 3341 :
1270 3287 1520 3342 Dominus
1555 3306 1587 3341 a
1616 3285 1816 3340 Libano
1838 3302 1919 3341 ve-

322 3386 426 3441 niet
452 3427 466 3451 ,
512 3403 543 3437 a
573 3395 741 3439 monte
785 3384 1019 3438 umbroso
1043 3394 1088 3438 et
1121 3400 1282 3454 opaco
1305 3381 1470 3456 (Ilab.
1522 3399 1598 3448 ιιι,
1637 3382 1715 3452 ὅ).
1743 3381 1925 3436 Eccle-

321 3480 399 3534 sia
433 3495 650 3550 quoque
673 3481 820 3535 venit
842 3497 868 3532 a
898 3479 1126 3543 Libano,
1147 3479 1288 3532 sicut
1312 3479 1512 3533 habent
1535 3475 1756 3534 Cantica
1785 3476 1924 3530 Can-

326 3574 578 3632 ticorum.
606 3575 683 3629 Ita
708 3576 854 3630 enim
887 3575 1118 3646 legimus
1143 3591 1156 3627 :
1181 3573 1316 3627 Ades
1338 3573 1438 3626 huc
1463 3590 1496 3627 a
1517 3571 1736 3634 Libano.
1767 3587 1926 3641 spon-

323 3687 402 3735 sa,
435 3670 556 3723 ades
589 3670 688 3723 huc
715 3686 746 3721 a
766 3667 985 3723 Libano.
1013 3667 1278 3721 Transibis
1300 3675 1346 3719 et
1371 3665 1706 3735 pertransibis
1727 3681 1758 3717 a
1781 3664 1926 3732 prin-

323 3763 459 3832 cipio
489 3763 635 3833 ﬁdei,
667 3780 700 3816 ιι
739 3761 992 3816 cubilibus
1030 3762 1256 3818 leonum.
1283 3769 1330 3814 et
1370 3759 1622 3814 montibus
1645 3757 1926 3828 pardorum

326 3855 502 3929 (Cant.
549 3870 620 3920 tv,
663 3853 742 3924 8),
787 3870 895 3924 quo
924 3854 1160 3922 gentiles
1186 3853 1395 3922 populi,
1422 3853 1512 3923 qui
1546 3852 1695 3906 velut
1722 3852 1929 3906 bestia-

325 3947 457 4001 lium
503 3946 815 4015 passionum
858 3961 1052 4014 graves
1099 3945 1445 4014 patiebantur
1485 3945 1754 4011 incursus,
1787 3958 1931 3998 nunc

326 4038 614 4094 altitudine
646 4038 793 4101 fidei,
822 4048 878 4093 et
903 4037 1239 4092 sublimitate
1263 4036 1572 4091 devotionis
1597 4048 1800 4091 meant.
1829 4036 1933 4090 Per

328 4131 432 4188 hos
479 4131 640 4201 igitur
686 4143 900 4186 montes
951 4123 1205 4186 Christus
1255 4129 1508 4196 advenit,
1569 4128 1933 4199 comprimens

327 4226 668 4298 Evnngelicis
720 4224 1176 4293 disputationibus
1221 4223 1433 4278 feroces
1487 4222 1645 4278 istius
1689 4221 1935 4292 corporis

329 4331 542 4384 metus,
588 4327 752 4388 atque
791 4317 936 4372 illam
964 4316 1304 4372 altitudinem
1335 4315 1546 4381 cordis,
1577 4325 1631 4370 et
1653 4330 1712 4372 se
1749 4314 1932 4369 extol-

329 4411 528 4467 lentem
562 4410 871 4481 superbiam
919 4408 1227 4466 obedientia
1277 4416 1332 4464 et
1381 4407 1688 4464 humilitate
1725 4408 1806 4462 sui
1839 4407 1937 4463 de-

331 4513 555 4561 struens
588 4521 601 4557 :
637 4503 1176 4570 meritoquefructus
1199 4501 1630 4556 mansuetudinis
1658 4500 1799 4557 ferre
1826 4514 1940 4556 θαι-

2009 1905 2296 1952 merserat.
2332 1896 2444 1951 Hoc
2472 1896 2767 1952 secundum
2793 1898 3056 1967 scriptum
3083 1898 3391 1967 seriemque.
3413 1894 3612 1950 verbo-

2011 1997 2162 2043 rum.
2182 1989 2451 2043 Caeterum
2473 1989 2520 2044 si
2539 1989 2853 2060 allegoriam
2874 2004 3108 2060 quaeras,
3137 2005 3247 2044 non
3276 1988 3500 2044 dubium
3525 1996 3613 2043 est

2012 2081 2134 2150 quia
2163 2080 2416 2150 exemplo
2456 2081 2585 2151 ligni
2617 2081 2871 2137 aridioris
2914 2081 3056 2151 quod
3091 2080 3249 2136 simul
3279 2089 3340 2135 ut
3366 2079 3613 2134 lambere

2013 2173 2264 2243 coeperit,
2295 2173 2436 2244 ignis
2459 2174 2641 2229 exurit
2668 2191 2682 2228 :
2708 2175 2781 2230 ita
2802 2174 2984 2229 anima
3011 2173 3116 2228 nisi
3142 2172 3483 2228 diversarum
3511 2168 3616 2224 hu-

2014 2275 2223 2322 mescat
2252 2283 2378 2322 rore
2424 2266 2711 2334 virtutum,
2757 2267 2953 2338 poculo
2995 2266 3226 2337 quodam
3259 2265 3483 2335 irrigata
3526 2277 3616 2318 sa-

2015 2359 2259 2432 pientiae,
2308 2369 2365 2416 et
2399 2360 2554 2417 fonte
2580 2360 2826 2431 iustitiae,
2873 2369 3037 2430 atque
3077 2360 3284 2430 irriguo
3321 2355 3610 2424 castitatis,

2017 2463 2294 2524 tamquam
2338 2452 2574 2509 arefacta
2607 2441 2787 2509 radice
2830 2452 3001 2520 vitali,
3057 2451 3410 2522 cupiditatum
3440 2448 3614 2505 defla-

2016 2557 2136 2618 grat
2166 2545 2438 2613 incendio,
2467 2547 2551 2602 vel
2600 2546 2864 2615 profluvio
2899 2543 3082 2600 carnis
3109 2543 3246 2599 illisa
3279 2540 3610 2612 procumbit.

2021 2639 2174 2696 Unde
2208 2655 2424 2708 semper
2470 2639 2681 2709 epulari
2709 2639 2872 2695 debet
2919 2638 3136 2692 animus
3166 2637 3434 2692 bonorum
3480 2648 3616 2702 ope-

2020 2749 2138 2788 rum
2186 2731 2565 2803 cogitationes,
2598 2733 2764 2805 250
2809 2740 2866 2786 ιιι
2909 2730 3211 2801 prudentia:
3255 2743 3421 2785 succo
3465 2741 3620 2783 meus

2022 2824 2285 2880 inebriata
2316 2826 2660 2896 pinguescat;
2687 2842 2796 2896 quo
2828 2840 2934 2880 non
2957 2824 3118 2880 facile
3146 2825 3336 2880 diluvii
3358 2837 3623 2892 corpora-

2024 2919 2091 2976 lis
2116 2921 2272 2974 cedat
2309 2920 2544 2989 injuriaa,
2589 2929 2749 2989 atque
2799 2931 2820 2958 ε
2845 2918 3000 2972 arido
3028 2917 3253 2973 incuria:
3283 2919 3392 2973 situ
3419 2916 3624 2972 evirata

2027 3013 2308 3068 moriatur.
2342 3012 2579 3082 Ideoque
2607 3027 2706 3066 nos
2736 3011 2992 3066 admonet
3022 3011 3280 3066 Dominus
3309 3025 3338 3063 a
3369 3010 3513 3063 fonte
3539 3022 3630 3064 sa-

2025 3105 2246 3176 pientia:
2294 3121 2402 3160 non
2456 3103 2734 3170 recedere,
2777 3104 2973 3174 pocula
3020 3103 3236 3158 virtutis
3265 3102 3520 3165 haurire;
3556 3115 3626 3156 ne

1951 3216 1996 3279 ρ
2029 3198 2150 3268 quis
2180 3197 2296 3253 sole
2324 3197 2624 3268 iniquitatis
2669 3208 2904 3273 arescat,
2948 3206 3004 3252 et
3045 3195 3340 3267 procellam
3369 3208 3628 3266 persecu—

2031 3290 2194 3346 tionis
2232 3292 2504 3345 sustinere
2552 3306 2657 3344 non
2689 3292 2859 3360 p0ssit
2889 3288 3146 3362 (Baruclt.
3175 3305 3256 3358 ιιι,
3284 3288 3357 3345 20
3383 3299 3431 3343 ct
3465 3289 3623 3359 seq.).

2025 3383 2297 3454 Scriptum
2331 3392 2416 3438 est
2440 3383 2586 3438 enim
2616 3400 2628 3436 :
2661 3383 2814 3449 Quod
2843 3384 2889 3437 si
2926 3383 2980 3437 in
3013 3381 3228 3438 humido
3277 3384 3373 3438 hoc
3401 3381 3624 3454 faciunt,

2024 3477 2080 3531 in
2105 3477 2253 3530 arido
2279 3475 2404 3548 quid
2431 3476 2518 3546 ﬁet
2549 3475 2702 3543 (Luc.
2749 3491 2913 3542 χχιιι,
2941 3475 3060 3548 51)?

2099 3570 2190 3626 δι.
2226 3569 2446 3633 Delevit,
2479 3571 2674 3641 inquit,
2706 3569 2848 3626 Deus
2881 3587 3031 3626 omne
3057 3571 3196 3642 quod
3227 3581 3338 3627 erat
3360 3586 3514 3642 super
3542 3569 3630 3640 fa-

2030 3663 2158 3718 ciem
2182 3673 2331 3718 terra:
2355 3663 2507 3733 (Gen.
2545 3680 2641 3729 vn,
2673 3664 2788 3735 25).
2821 3664 3016 3734 Scripti
3048 3665 3270 3720 evidens
3297 3663 3630 3734 explanatio.

2029 3755 2300 3826 Allcgoria
2318 3765 2497 3811 autem
2525 3759 2824 3827 expositam
2851 3757 3009 3812 nobis
3029 3757 3273 3812 declarat
3291 3757 3629 3827 superbiam,

2029 3863 2150 3918 qua:
2177 3861 2237 3902 se
2265 3848 2477 3902 extollit
2505 3848 2557 3902 in
2601 3847 2704 3902 hac
2735 3861 2948 3904 terrena
2978 3848 3261 3919 fragilique
3299 3849 3627 3917 substantia,

2030 3949 2083 3993 et
2115 3939 2400 3995 immemor
2429 3941 2758 4006 divinorum,
2807 3941 3038 3996 humana
3079 3941 3418 4011 despiciens,
3454 3942 3633 4012 ipsum

2033 4032 2342 4099 arrogantis
2397 4030 2500 4085 viri
2546 4031 2820 4097 habitum,
2885 4033 3266 4104 incessumque
3317 4032 3634 4089 deformat:

2033 4123 2224 4195 quales
2265 4124 2526 4180 describit
2574 4124 2764 4182 Esaias
2811 4125 3000 4184 Judete
3032 4127 3190 4195 filias,
3223 4129 3507 4184 oculorum
3535 4131 3640 4185 mi-

2034 4229 2222 4275 cantes
2249 4220 2487 4287 nutihus,
2521 4222 2705 4276 etalta
2737 4237 2795 4278 se
2823 4224 3036 4278 cervice
3054 4223 3322 4293 iactantes
3349 4223 3524 4296 (Esai.
3557 4240 3638 4294 ιιι,

2037 4311 2155 4384 16).
2188 4313 2327 4368 Sunt
2353 4314 2496 4369 enim
2542 4314 2852 4385 hujusmodi
2885 4317 3161 4388 erigentes
3207 4318 3521 4388 supercilia,
3555 4317 3640 4375 in-

2036 4405 2167 4462 flato
2195 4407 2382 4476 corde,
2415 4407 2559 4464 elato
2587 4418 2830 4480 pectore,
2858 4412 3074 4466 cervice
3102 4411 3363 4482 resupina
3396 4429 3409 4466 :
3433 4411 3526 4483 qui
3551 4428 3643 4469 so-

2038 4499 2148 4556 lum
2188 4501 2407 4573 quidem
2439 4503 2685 4573 vestigiis
2735 4503 2929 4574 pedum
2968 4505 3358 4576 perstringunt,
3403 4514 3518 4560 toto
3549 4521 3640 4562 au-

331 4606 546 4668 perunt,
571 4611 704 4665 qths‘
728 4603 854 4649 ante
879 4594 1119 4665 gravium
1141 4593 1344 4649 diluvia
1369 4593 1686 4664 passionum
1704 4593 1934 4648 subrue-
1960 4605 2012 4665 ι)
2041 4602 2149 4650 tem
2189 4609 2250 4649 se
2296 4593 2494 4655 librent
2539 4610 2790 4666 corpore,
2845 4606 2901 4652 et
2935 4595 3082 4652 inani
3126 4597 3469 4669 suspendant
3511 4613 3643 4654 exa-

331 4689 481 4746 bant.
519 4689 589 4743 De
631 4704 856 4744 numero
903 4695 1083 4742 autem
1112 4687 1416 4742 cubitorum
1446 4687 1524 4741 sic
1560 4687 1779 4757 quidam
1807 4697 1935 4742 ante

331 4799 432 4840 nos
473 4783 915 4849 msﬁmaverunt,
954 4781 1099 4853 quod
1145 4780 1382 4852 quinque
1429 4795 1624 4836 sensus
1666 4781 1932 4851 triplicem

333 4877 717 4934 collectionem
765 4875 1026 4941 habeant;
1061 4889 1128 4930 eo
1169 4873 1312 4944 quod
1349 4873 1497 4928 visus
1526 4874 1741 4928 visibile
1763 4873 1934 4937 videt,

333 4980 390 5026 et
417 4971 635 5024 auditus
663 4967 902 5023 audibile
927 4967 1099 5032 audit,
1129 4975 1186 5022 et
1215 4965 1476 5020 odoratus
1503 4965 1785 5020 odorabile
1806 4965 1939 5019 odo-

334 5073 487 5118 ratur
513 5104 528 5128 ,
570 5072 624 5116 et
665 5072 855 5132 gustus
899 5059 1168 5132 gustabile
1197 5068 1398 5130 gustat,
1447 5067 1501 5112 et
1529 5067 1704 5114 tactus
1729 5056 1758 5096 b
1791 5057 1938 5129 quod

338 5155 589 5227 tangendi
635 5154 954 5210 subStantize
995 5153 1260 5223 subjacet,
1298 5153 1490 5223 tangit.
1538 5152 1665 5206 Ideo
1704 5153 1942 5222 quinque

338 5264 534 5306 sensus
567 5249 852 5317 tripliciter
881 5247 1132 5301 aestimati
1157 5256 1304 5311 sunt,
1327 5247 1410 5300 vel
1435 5244 1736 5315 secundum
1767 5244 1898 5300 illud
1928 5262 1941 5298 :

340 5341 524 5399 Scribe
547 5341 636 5394 tibi
665 5339 935 5411 tripliciter
960 5338 1141 5410 (Prov.
1163 5338 1420 5412 xxtt,20).
1445 5338 1561 5408 Ego
1588 5349 1768 5394 tamen
1794 5353 1945 5394 com-

359 5533 362 5536 ~
414 5521 440 5549 ιι
486 5509 614 5565 Hmc
644 5504 830 5566 verba,
876 5503 1007 5557 sicut
1027 5501 1099 5556 ait
1144 5501 1480 5557 Habacuc....

341 5592 472 5641 sicut
499 5579 684 5635 habent
710 5575 947 5638 Cantica,
975 5575 1296 5629 auctoritate
1328 5589 1458 5628 mss.
1498 5575 1739 5629 omnium
1773 5573 1947 5627 Galli-

341 5669 626 5714 canorum.
661 5647 1024 5710 restituimus,
1070 5661 1192 5700 cum
1222 5646 1370 5714 prius
1419 5646 1474 5700 in
1518 5645 1650 5701 edit.
1693 5643 1948 5700 omnibus

342 5726 800 5786 desiderarentur.

341 5859 361 5876 __
414 5797 627 5854 1’llont.
661 5793 818 5863 edit.,
843 5789 982 5862 quod
1008 5789 1244 5862 tangibili
1271 5789 1500 5846 materia:
1525 5788 1777 5861 subjacet.

1528 5516 1700 5569 usque
1739 5499 1804 5554 ad
1837 5499 1952 5567 illa,

2043 4689 2190 4745 mine
2223 4706 2235 4742 :
2268 4689 2321 4742 in
2375 4688 2555 4758 priora
2602 4704 2792 4761 gressu
2842 4690 3160 4760 procedant,
3221 4691 3289 4748 ad
3342 4691 3644 4761 posteriora

2041 4783 2301 4840 verticem
2321 4784 2650 4840 reclinantes
2675 4803 2690 4840 :
2714 4784 2912 4841 caelum
2940 4795 3210 4858 spectent,
3237 4795 3437 4844 terrain
3461 4795 3645 4843 autem

2044 4876 2342 4940 fastidiant,
2377 4889 2648 4949 tamquam
2693 4879 2928 4936 cervicis
2957 4880 3149 4936 dolore
3196 4879 3400 4947 suffixi,
3443 4889 3501 4935 ut
3524 4894 3645 4935 eam

2047 4967 2309 5023 inclinare
2339 4983 2444 5022 non
2475 4969 2706 5039 possint.
2736 4970 2846 5026 Hos
2873 4970 3043 5042 igitur
3069 4971 3270 5026 delevit
3304 4970 3374 5026 de
3401 4970 3542 5025 libro
3570 4970 3651 5023 vi-

2049 5069 2116 5116 tae
2154 5061 2296 5115 Deus
2324 5059 2514 5116 dicens
2544 5080 2557 5114 :
2591 5061 2774 5118 Omnis
2801 5064 2890 5135 qui
2935 5080 2990 5118 se
3032 5063 3248 5127 exultat,
3295 5060 3650 5116 humiliabitur

2050 5151 2205 5225 (an.
2236 5167 2345 5212 xiv.
2378 5152 2469 5224 11)
2503 5170 2516 5205 :
2557 5167 2657 5209 nec
2685 5161 2826 5209 inter
2869 5155 3064 5210 merita
3109 5162 3423 5209 sanctorum
3459 5148 3654 5208 dcom-

2051 5247 2250 5302 mentis
2277 5246 2561 5302 adhaerere
2590 5248 2718 5303 facit
2747 5248 3080 5306 caelestibus.

2121 5340 2215 5397 55.
2255 5339 2520 5397 Omnibus
2550 5343 2714 5414 igitur
2740 5342 2833 5414 qui
2853 5353 3006 5400 extra
3027 5358 3210 5400 arcam
3243 5343 3482 5412 fuerunt,
3513 5342 3652 5401 inte-

2136 5513 2158 5542 ο
2182 5501 2330 5559 Edit.
2347 5513 2486 5568 ant.,
2508 5503 2658 5557 arida
2683 5504 2899 5560 incuria:
2921 5503 3009 5558 siti
3033 5503 3246 5558 evirata.
3271 5503 3429 5559 Rom.
3450 5516 3502 5563 et
3528 5507 3648 5564 Vat-

2055 5573 2207 5648 cod.,
2233 5575 2397 5648 arida
2434 5577 2669 5648 incuria
2691 5577 2792 5629 situ
2834 5576 3047 5648 epirata.
3079 5574 3187 5629 Alii
3217 5575 3451 5648 denique
3491 5595 3649 5641 πιθα,

2050 5646 2201 5700 arido
2223 5647 2438 5700 incuria:
2461 5648 2562 5701 sim
2593 5646 2786 5700 evirutu
2811 5662 2830 5712 ;
2858 5647 3021 5710 Maz.,
3048 5648 3350 5703 eviscerata.

2119 5713 2366 5796 dld__est,
2414 5717 2820 5796 commentariis
2861 5717 3174 5775 caelestibus
3230 5718 3344 5779 sive
3392 5731 3451 5779 ut
3491 5724 3653 5796 paulo

2041 5799 2170 5846 ante
2193 5787 2427 5860 dixerat,
2463 5787 2594 5844 libro
2620 5787 2755 5843 vim.
