4150 6358
484 301 530 366 ϐ
550 294 657 381 ist

1900 294 2145 358 sanan
2183 280 2510 358 AIBROBII

3750 294 3871 362 $88

549 425 795 499 remptis,
825 424 1092 481 derelictus
1123 428 1199 477 est
1236 418 1353 474 Noe
1378 419 1518 474 solus
1547 418 1601 472 in
1651 431 1772 471 arca
1810 432 1928 471 cuiu
1958 417 2024 471 iis
2044 416 2135 485 qui
2163 424 2211 483 Α
2238 424 2418 471 autem
2447 428 2613 472 sensu
2641 422 2854 473 eertum
2887 423 2971 473 est
2994 416 3137 490 quod
3158 417 3336 491 justus
3380 420 3434 478 in
3469 421 3651 479 medio
3680 423 3869 480 habet

547 538 665 576 cum
690 522 800 590 ipso
831 527 977 573 erant
1013 513 1165 587 (Gen.
1196 529 1287 578 vn,
1315 512 1431 583 25).
1474 510 1589 567 Non
1618 509 1823 578 indiget
1869 510 2139 579 interpre-

486 618 491 624 '
544 618 752 668 tatioue
778 626 958 667 sermo
998 607 1315 680 simplicior.
1349 604 1639 661 Concurrit
1669 603 1984 660 intellectus
2015 619 2137 658 eum

546 708 747 764 littera.
777 705 953 760 Altior
979 710 1157 757 autem
1197 711 1251 756 et
1280 700 1510 757 interior
1538 698 1864 770 signiﬁcatio
1917 698 2143 753 demon-

545 811 680 857 strat
713 801 921 870 justum
958 796 1152 863 virum,
1202 802 1617 863 amatoremqne
1645 789 1953 861 sapientiae,
2005 799 2145 845 tam-

542 909 699 964 quam
725 891 976 949 arborem
1012 889 1368 953 fructuosam,
1407 885 1762 941 internecatis
1798 900 1915 954 qua!
1959 898 2140 940 eseam

540 988 657 1058 ejus
680 982 1224 1048 Solebantarrodere,
1244 996 1457 1039 comam
1484 981 1832 1062 obumbrare,
1859 988 2143 1034 coarctare

541 1096 829 1153 processus
872 1094 1174 1145 ramorum,
1205 1078 1352 1133 velut
1377 1082 1654 1132 exsortem
1690 1071 2141 1129 irrationabilium

541 1177 854 1248 passionum
896 1174 1075 1229 solum
1104 1170 1437 1228 remansisse
1460 1184 1584 1224 eum
1626 1166 1760 1223 suis.
1796 1177 1822 1204 ι
1842 1164 1935 1223 Sni
1961 1177 2143 1221 autem

540 1279 668 1327 sunt
711 1284 857 1338 pura:
904 1267 1069 1321 animi
1096 1265 1550 1334 disceptationes,
1581 1276 1704 1332 qua:
1735 1261 1917 1315 virtuti
1958 1260 2145 1315 adlue-

541 1371 713 1418 reant.
747 1361 812 1416 Et
841 1361 981 1416 bene
1008 1358 1217 1414 addidit
1245 1357 1298 1412 in
1325 1371 1448 1413 area
1488 1355 1839 1419 remansisse,
1870 1353 2025 1424 quasi
2055 1354 2144 1408 vix

542 1454 809 1512 credibile
837 1453 1129 1523 amputatis
1156 1450 1532 1520 corporalibus
1560 1447 1899 1519 passionibns
1930 1447 2147 1501 videre-

543 1557 633 1605 tur
684 1564 807 1602 eum
853 1547 1032 1601 adhuc
1069 1545 1275 1600 versari
1332 1546 1384 1599 in
1437 1557 1665 1613 corpore
1697 1560 1709 1595 :
1742 1557 1849 1611 quo
1880 1540 2007 1595 licet
2030 1540 2143 1610 jam

547 1645 780 1705 terrenis
809 1650 1022 1698 careret
1044 1640 1331 1710 contagiis,
1367 1639 1735 1706 incorruptam
1767 1636 1919 1702 licet,
1946 1648 2142 1703 corpo-

551 1738 628 1794 ris
674 1746 853 1791 tamen
894 1734 1071 1788 adhuc
1112 1731 1471 1788 substantiam
1526 1727 1843 1786 reservabat
1875 1744 1888 1779 :
1918 1734 1976 1781 et
2001 1726 2148 1781 velut

2248 525 2355 564 non
2384 510 2436 563 in
2472 519 2624 580 parte
2652 512 3013 582 cogitationes
3042 513 3220 569 cordis
3249 516 3330 570 sui
3361 532 3373 569 :
3407 526 3461 573 et
3488 517 3664 583 quoad
3727 533 3869 574 car-

2242 602 2323 672 pit
2351 602 2492 660 ltanc
2518 604 2704 669 vitam,
2735 603 2934 661 habeat
2976 620 3201 663 necesse
3245 618 3329 665 est
3357 609 3408 665 in
3442 625 3677 682 corpore
3706 622 3862 669 tam-

2242 708 2405 764 quam
2450 694 2505 750 in
2551 695 2645 751 illa
2674 709 2803 753 arca
2834 696 3036 753 bestias
3068 715 3280 770 graves.
3307 700 3465 759 Nulla
3496 705 3645 761 enim
3691 723 3865 764 mens

2242 797 2346 855 est,
2391 790 2534 844 nulla
2565 791 2768 855 anima,
2796 806 2915 862 quae
2948 807 3055 847 non
3099 795 3329 867 recipiat
3380 798 3543 854 etiam
3577 801 3860 857 malarum

2247 897 2427 941 motus
2483 895 2726 957 agrestes
2793 889 3205 960 cogitationum.
3280 890 3472 964 Itaque
3535 892 3865 964 insipientis

2245 979 2422 1034 anima
2455 980 2665 1037 ferinos
2689 982 2836 1037 acuit
2861 992 3061 1047 motus.
3094 996 3255 1054 atque
3285 984 3472 1043 adolet
3496 1002 3709 1042 venena
3738 1003 3864 1044 ser—

2250 1081 2469 1142 pentum
2502 1089 2515 1125 :
2543 1073 2809 1143 sapientis
2830 1088 3011 1131 autem
3038 1074 3193 1149 vigor
3220 1078 3427 1151 mitigat
3448 1090 3503 1136 et
3531 1091 3779 1139 coercet.

2317 1164 2406 1218 58.
2442 1162 2508 1217 Et
2554 1166 2761 1221 induxit
2793 1166 3047 1223 Dominus
3085 1171 3325 1241 spiritum
3371 1190 3526 1243 super
3555 1184 3777 1240 terram,
3810 1183 3861 1229 et

2248 1258 2460 1311 cessauit
2486 1274 2622 1326 aqua
2646 1258 2803 1332 (Gen.
2825 1275 2941 1327 vnt,
2961 1262 3040 1331 l).
3072 1262 3186 1319 Non
3220 1273 3346 1333 puto
3378 1264 3481 1320 hoc
3515 1266 3588 1319 ita
3618 1265 3859 1334 dictum,

2250 1359 2307 1405 ut
2334 1351 2560 1421 spiritus
2595 1356 2814 1411 nomine
2856 1368 3075 1411 ventum
3103 1357 3453 1429 accipiamus.
3485 1357 3673 1432 Neque
3705 1361 3857 1415 enim

2248 1453 2442 1501 ventus
2474 1456 2691 1517 poterat
2711 1449 2920 1505 siccare
2949 1450 3229 1507 diluvium.
3261 1452 3514 1524 Alioquin
3539 1470 3660 1509 cum
3699 1470 3859 1511 mare

2252 1542 2427 1595 ventis
2477 1543 2782 1613 exagitetur
2830 1545 3114 1616 quotidie,
3157 1545 3532 1604 exinaniretur
3585 1553 3854 1619 proteCto.

2250 1632 2383 1689 Nam
2412 1636 2684 1703 quomodo
2721 1652 2829 1692 non
2866 1652 3220 1695 evacuaretur
3262 1656 3413 1697 mare
3454 1651 3745 1696 ventorum
3774 1641 3854 1705 vi,

2249 1728 2339 1782 cui
2378 1730 2641 1785 cessisset
2680 1741 2792 1786 toto
2835 1732 3088 1789 dilinsum
3121 1734 3253 1792 orbe
3289 1736 3551 1791 diluvium
3587 1753 3758 1809 usque
3785 1740 3856 1793 ad

552 1832 907 1898 incorporeus
933 1827 986 1881 in
1013 1840 1263 1896 corpore,
1301 1823 1740 1893 superlerebatnr
1765 1820 1997 1885 diluvio,
2038 1834 2145 1873 non
2178 1828 2226 1888 Β
2256 1821 2527 1885 lletculls,
2559 1832 2617 1877 ut
2644 1825 2820 1891 aiunt,
2852 1826 3160 1894 columnas,
3198 1836 3253 1884 et
3287 1844 3437 1883 mare
3463 1828 3716 1901 Magnum
3744 1841 3858 1886 tec-

555 1921 987 1987 absorbebatur;
1032 1934 1231 1989 corpus
1256 1916 1473 1987 quidem
1509 1929 1703 1985 gerens
1731 1913 1885 1982 quasi
1917 1911 1970 1967 in
2001 1926 2147 1967 arca:

549 2016 764 2090 positus
799 2014 1037 2081 interno,
1071 2013 1165 2069 sed
1194 2014 1283 2082 qui
1306 2026 1505 2080 corpus
1532 2010 1732 2078 ipsum,
1766 2006 2152 2074 insuperabilis

551 2110 915 2181 passionibus,
949 2104 1103 2177 quasi
1138 2107 1515 2175 incorporeus,
1551 2101 1603 2157 in
1651 2099 1837 2157 medio
1877 2106 2150 2154 tantorum

552 2210 794 2261 motuum
823 2201 1174 2272 gubernaret.

1138 2329 1366 2390 CAPUT
1406 2329 1549 2387 XVI.

560 2448 668 2509 Cur
696 2452 893 2507 dictum
925 2451 991 2523 sit
1018 2466 1034 2505 :
1061 2446 1268 2505 Memor
1295 2447 1394 2501 luit
1414 2447 1672 2500 Dominus
1696 2442 1831 2507 Noe,
1864 2442 2013 2498 nulla
2042 2444 2153 2515 ejus

628 2546 807 2601 uxoris
854 2562 912 2599 ac
951 2545 1182 2613 ﬁliorum
1224 2546 1333 2616 ejus
1372 2541 1513 2609 facta
1552 2538 1851 2593 mentione?
1879 2536 1986 2594 Cur
2038 2537 2157 2591 item

629 2638 803 2693 bestiw
834 2637 1001 2705 prius,
1031 2652 1184 2707 quam
1203 2637 1446 2707 jumenta
1483 2632 1749 2687 nominata
1786 2631 1887 2685 sint
1905 2645 1927 2695 ;
1958 2638 2004 2685 et
2030 2645 2158 2701 qua-

627 2731 690 2787 lis
727 2732 937 2804 spiritus
967 2746 1121 2801 super
1165 2738 1359 2783 terram
1403 2727 1668 2794 inductus,
1707 2733 1765 2780 ut
1803 2740 1950 2796 aqua:
1987 2739 2157 2779 cessa-

628 2823 781 2878 rent?

626 2937 716 2992 56.
752 2934 953 2991 Mentor
982 2935 1078 3009 fuit
1123 2933 1373 2989 Dominus
1418 2931 1554 2997 Noe,
1582 2940 1631 2987 et
1669 2931 1969 2997 bestiarum,
2002 2939 2051 2984 et
2062 2932 2158 3002 ju-

552 3042 840 3087 mentorum
867 3029 1021 3103 (Gen.
1044 3045 1157 3097 rut,
1186 3030 1263 3102 l).
1290 3030 1572 3084 Moventur
1584 3028 1831 3097 plerique
1859 3042 1966 3097 qua
1992 3038 2158 3081 causa

555 3141 662 3183 non
690 3124 892 3181 dixerit
925 3124 1194 3195 Scriptor,
1221 3122 1362 3192 quod
1390 3124 1555 3177 etiam
1596 3121 1787 3176 uxoris
1818 3121 1977 3192 251
2015 3127 2068 3175 et
2098 3117 2160 3172 li-

2256 1918 2323 1970 tis
2354 1919 2620 1972 montium
2640 1920 2980 1985 excelslvrum
3001 1922 3296 1980 verticibus
3320 1925 3665 1980 exaestuans?
3688 1923 3716 1964 δ
3734 1925 3858 1995 Spi-

2255 2014 2387 2069 ritus
2410 2015 2569 2084 igitur
2588 2013 2753 2069 divini
2784 2018 2985 2071 virtute
3017 2017 3276 2073 invisibili
3303 2018 3564 2073 diluvium
3608 2018 3740 2074 illud
3771 2036 3859 2075 re-

2253 2121 2503 2177 pressum
2550 2122 2676 2163 esse
2719 2123 2828 2163 non
2857 2108 3080 2164 dubium
3113 2118 3219 2176 est,
3270 2108 3483 2168 caelesti
3511 2112 3855 2183 operatione,

2256 2215 2362 2255 non
2395 2198 2542 2255 ﬂatu.
2590 2197 2747 2256 Unde
2783 2201 3044 2270 scriptum
3076 2212 3163 2256 est
3204 2217 3216 2254 :
3276 2197 3465 2257 Omnia
3509 2221 3541 2259 a
3588 2211 3638 2257 te
3679 2220 3859 2274 exspe-

2261 2303 2421 2359 ctant,
2450 2306 2507 2348 ut
2535 2295 2624 2349 des
2655 2294 2762 2349 illis
2800 2294 2969 2349 cibum
2999 2296 3051 2349 in
3086 2307 3311 2365 tempore
3338 2311 3356 2350 :
3386 2298 3651 2367 aperiente
3667 2308 3719 2354 te
3742 2314 3857 2351 ma-

2257 2374 2383 2441 num
2411 2396 2574 2453 tuam,
2604 2387 2777 2441 omnia
2800 2388 3149 2460 implebantur
3180 2388 3419 2444 bonitate.
3460 2391 3678 2462 Auferes
3707 2391 3858 2463 spiri-

2258 2489 2368 2534 tum
2396 2496 2599 2545 eorunt,
2629 2492 2677 2535 et
2703 2480 2962 2550 deﬁcient,
3006 2491 3051 2536 et
3080 2483 3133 2536 in
3179 2483 3439 2553 pulverem
3464 2501 3613 2539 suum
3648 2500 3857 2539 conver-

2259 2586 2447 2630 tentur.
2508 2573 2722 2630 Entittes
2774 2575 3034 2643 Spiritum
3082 2587 3263 2644 tuum,
3317 2587 3364 2633 et
3417 2578 3761 2646 creabantur,
3808 2586 3857 2632 et

2257 2671 2526 2726 renovabis
2551 2671 2735 2741 {aciem
2767 2680 2917 2725 terrae
2944 2669 3063 2741 (Ps.
3095 2686 3209 2737 cut,
3232 2671 3303 2726 27
3342 2682 3390 2726 et
3419 2674 3571 2744 seq.).
3610 2673 3702 2727 Est
3728 2686 3856 2742 ergo

2261 2764 2497 2836 Spiritus
2526 2764 2682 2835 cujus
2710 2766 3014 2835 operationi
3041 2764 3236 2821 cedere
3266 2766 3521 2821 universa
3548 2766 3852 2831 videantur,

2261 2863 2312 2916 in
2350 2873 2458 2928 quo
2506 2858 2628 2914 caeli
2672 2859 2840 2929 ipsius
2872 2859 3042 2913 virtus
3088 2860 3177 2925 sit,
3226 2859 3367 2915 sicut
3416 2862 3681 2929 scriptum
3733 2868 3852 2914 est:

2269 2950 2434 3005 Verbo
2466 2951 2676 3005 Domini
2715 2951 2829 3006 εωιὶ
2852 2951 3045 3021 ﬁrmati
3089 2960 3228 3018 sunt,
3278 2961 3326 3005 et
3371 2950 3578 3019 Spiritu
3618 2951 3722 3005 oris
3750 2951 3856 3022 ejus

2264 3047 2428 3102 omnis
2470 3047 2638 3101 virtus
2670 3062 2844 3102 eorum
2877 3043 2993 3114 (Ps.
3041 3061 3209 3112 χχιιι,
3240 3044 3295 3116 υ)
3322 3063 3335 3097 τ
3360 3028 3732 3118 qui/Spiritus
3779 3053 3859 3099 est

2263 3150 2479 3195 creator
2505 3140 2907 3205 universorum,
2937 3141 3080 3193 sicut
3108 3141 3271 3193 etiam
3301 3137 3409 3195 Job
3432 3137 3601 3196 dicit:
3630 3137 3855 3211 Spiritus

557 3218 753 3275 liorutn
781 3217 898 3274 Noe
940 3232 1151 3273 memor
1182 3214 1282 3270 iuit
1313 3215 1595 3281 Dominus,
1624 3230 1745 3268 cunt
1775 3213 2073 3268 bestiarum
2103 3219 2157 3267 et

2264 3230 2470 3286 divinus
2490 3230 2578 3304 qui
2598 3231 2720 3301 fecit
2750 3246 2831 3285 me
2855 3230 2998 3303 (Job.
3030 3245 3233 3297 χχχιιι,
3259 3229 3342 3301 4).

556 3312 929 3382 iumentorum
976 3311 1143 3367 fuerit
1186 3326 1418 3373 memor.
1460 3310 1571 3367 Sed
1610 3324 1733 3363 cum
1781 3307 1978 3363 dixerit
2013 3306 2159 3378 quod

557 3404 670 3460 Noe
700 3421 911 3460 memor
942 3404 1124 3472 luerit,
1158 3404 1210 3459 in
1238 3414 1465 3459 auctore
1500 3413 1555 3460 et
1588 3402 1816 3472 praesule
1841 3402 2037 3457 domus
2069 3416 2162 3457 ue-

557 3498 923 3556 cessitudines
949 3499 1069 3567 ejus
1110 3498 1353 3568 reliquas
1392 3496 1833 3567 comprehendit.
1863 3497 2033 3552 Simul
2065 3512 2163 3552 ex-

563 3593 724 3665 primi
752 3592 966 3648 videtur
989 3591 1207 3661 quidam
1240 3591 1570 3659 reliquarum
1601 3590 2165 3664 eonsensus_necessi-

559 3689 831 3746 tudinum.
858 3687 1071 3743 Etenim
1099 3701 1223 3742 cum
1253 3700 1443 3740 omnes
1470 3685 1702 3739 invicem
1722 3685 1822 3739 sibi
1841 3684 1991 3739 chari
2010 3691 2159 3751 sunt,

563 3798 666 3837 una
704 3780 1010 3851 estdomus
1043 3796 1056 3833 :
1093 3793 1216 3835 cum
1249 3786 1428 3833 autem
1459 3776 1796 3847 discrepant,
1840 3784 2165 3847 separantur

565 3884 622 3932 et
667 3874 993 3931 scinduntur
1023 3872 1076 3929 in
1109 3872 1293 3942 plures
1328 3871 1541 3926 domos.
1578 3869 1680 3926 Ubi
1730 3885 1861 3939 ergo
1903 3869 2163 3936 citaritas,

514 4031 519 4035 λ
561 3968 635 4024 ibi
670 3968 909 4024 senioris
956 3964 1179 4022 nomine
1210 3964 1279 4020 de
1303 3978 1412 4035 quo
1446 3962 1685 4034 pendent
1729 3963 1937 4026 caeteri,
1971 3962 2167 4017 domus

568 4064 746 4118 omnis
776 4061 1116 4133 signiﬁcatur
1144 4076 1157 4113 :
1188 4067 1247 4113 ut
1269 4058 1315 4113 si
1346 4058 1466 4127 quis
1503 4056 1755 4113 arborem
1784 4055 1951 4121 dicat,
1983 4054 2168 4124 utique

566 4153 986 4224 comprehendit
1030 4162 1086 4208 et
1129 4165 1313 4206 ramos
1342 4168 1356 4204 :
1383 4149 1431 4206 si
1479 4153 1604 4221 quis
1656 4165 1865 4206 ramum
1898 4148 2166 4215 nominet,

567 4251 731 4305 etiam
766 4248 976 4303 fructus
998 4247 1087 4317 qui
1120 4248 1173 4302 in
1220 4261 1287 4302 eo
1327 4255 1477 4311 sunt,
1508 4245 1715 4315 pariter
1742 4259 1851 4301 uno
1890 4251 2054 4313 atque
2082 4257 2171 4298 eo-

563 4339 687 4396 dem
721 4353 977 4395 sermone
1001 4337 1409 4407 complectitur.

637 4432 729 4489 57.
762 4430 874 4487 Nec
902 4430 1033 4485 illud
1063 4428 1297 4485 otiosum
1327 4428 1471 4499 quod
1498 4427 1675 4498 primo
1706 4425 1865 4497 dixit,
1898 4427 2025 4498 quia
2058 4443 2170 4484 me-

566 4542 686 4584 mor
714 4527 814 4582 fuit
842 4524 1104 4580 Dominus
1126 4526 1256 4589 Noe,
1289 4521 1488 4579 deinde
1517 4522 1838 4587 bestiarum,
1872 4534 2063 4592 postea
2085 4521 2174 4592 ju-

2751 3369 2912 3443 353
2938 3367 3165 3426 CAPUT
3203 3367 3369 3427 xvu.

2267 3484 2484 3542 Clausos
2511 3502 2763 3558 aquarum
2790 3488 2955 3557 fontes
2992 3500 3038 3543 et
3080 3499 3369 3545 cataractas
3403 3488 3645 3545 indicare
3682 3504 3855 3545 causas

2336 3581 2532 3635 erroris
2567 3580 2636 3634 ad
2661 3582 2851 3636 anime
2896 3584 3171 3639 sanitatem
3197 3600 3309 3639 esse
3351 3585 3654 3640 recidendus
3675 3602 3693 3639 :
3715 3586 3858 3641 dinu-

2343 3675 2675 3729 merationem
2702 3677 2945 3748 temporis
2971 3692 3069 3746 quo
3098 3677 3231 3732 sedit
3267 3693 3410 3741 arca,
3452 3679 3605 3734 initio
3635 3681 3781 3747 anui,
3809 3678 3858 3732 id

2340 3776 2435 3831 est,
2467 3782 2622 3820 uerna
2646 3777 2946 3837 tempestate
2986 3770 3200 3842 coepisse
3228 3786 3290 3825 ac
3319 3772 3535 3827 desiisse
3577 3774 3857 3839 diluvium;

2342 3860 2628 3931 iisdemque
2680 3863 2909 3917 numeris
2952 3866 3169 3919 crevisse
3214 3874 3263 3918 et
3318 3866 3607 3941 decrevisse
3640 3868 3859 3921 :ostium

2340 3970 2477 4009 arcte
2519 3969 2823 4024 reseratum,
2866 3971 3085 4013 mentem
3106 3975 3199 4033 per
3238 3977 3417 4016 sensus
3458 3972 3699 4016 naturam
3748 3977 3860 4016 6οη·

2342 4048 2641 4120 templando
2678 4049 2749 4102 ad
2789 4053 3156 4126 cognitionem
3180 4052 3274 4109 Dei
3326 4056 3590 4126 peruenire
3623 4072 3642 4110 :
3669 4056 3859 4110 deorum

2342 4142 2671 4195 emissionem
2713 4144 2878 4210 corvi,
2904 4145 3074 4217 culpa:
3103 4124 3464 4217 depulsionem
3504 4164 3569 4204 ea:
3603 4150 3774 4203 animo
3800 4147 3860 4202 ad

2345 4252 2500 4305 quant
2515 4238 2779 4292 exstinctis
2801 4240 3128 4308 passionibus
3157 4256 3260 4297 non
3291 4244 3583 4297 revertitur.

2345 4350 2438 4408 59.
2469 4351 2621 4407 Nunc
2646 4342 3057 4413 consideremus
3085 4358 3213 4428 quid
3237 4359 3308 4415 sit
3336 4358 3477 4433 quod
3504 4360 3580 4415 ait
3599 4359 3860 4433 Scriptura

2275 4443 2455 4499 divina
2486 4442 2696 4501 :Clausi
2734 4458 2851 4503 sunt
2877 4452 3045 4520 fontes
3072 4468 3345 4523 aquarum,
3376 4465 3423 4509 et
3453 4465 3727 4521 cataracta:
3762 4454 3861 4510 ρατιί

2276 4537 2432 4609 (Gen.
2461 4552 2575 4605 vtu,
2598 4540 2678 4613 Ξ).
2705 4540 2816 4597 Nec
2845 4542 3139 4600 obscurum
3166 4546 3427 4605 arbitror.
3461 4545 3554 4602 liis
3581 4548 3725 4604 enim
3748 4564 3861 4603 cau-

568 4629 898 4687 mentorutn,
939 4618 1044 4679 hoc
1072 4627 1178 4683 est,
1208 4631 1305 4675 cur
1333 4630 1440 4671 non
1484 4632 1547 4671 ea
1577 4617 1870 4677 animantia
1901 4630 2024 4687 quas
2070 4616 2157 4670 mi-

2274 4633 2350 4686 sis
2383 4632 2643 4688 minuitur
2681 4632 2949 4689 diluvium
2998 4639 3196 4707 quibus
3241 4639 3433 4694 crevit.
3482 4636 3673 4711 Erupti
3721 4647 3860 4695 erant

569 4714 706 4771 tiora
742 4720 890 4781 sunt,
936 4718 1058 4782 post
1083 4710 1359 4766 hominem
1392 4711 1715 4779 nominavit,
1750 4711 1845 4767 sed
1880 4708 2165 4767 ferociora.

569 4805 626 4863 In
668 4822 776 4878 quo
817 4802 1035 4860 videtur
1058 4801 1150 4858 illa
1182 4816 1304 4858 esse
1341 4803 1503 4868 ratio,
1552 4810 1611 4857 ut
1651 4818 1714 4857 ea
1740 4817 1859 4873 quae
1902 4802 2170 4859 ferociora

570 4909 764 4966 erant,
816 4898 1101 4969 utriusque
1148 4896 1323 4969 partis
1376 4896 1655 4953 vicinitate
1697 4907 2168 4955 ntansuescerent.

568 4994 721 5063 Quod
754 4993 964 5049 videtur
998 4992 1160 5048 etiam
1201 4990 1257 5047 in
1301 4991 1395 5045 illo
1428 5007 1589 5047 versu
1623 4994 1835 5061 poetico
1865 4993 2171 5049 declarari:

567 5089 754 5150 κακοὺς
774 5086 819 5144 δ’
842 5088 895 5150 ἐς
918 5088 1116 5160 μέσσον
1162 5083 1387 5149 ἔλασσεν
1418 5082 1725 5156 (Homerus,
1750 5084 1910 5142 Iliad.
1930 5090 2011 5157 Δ).
2034 5087 2173 5144 Hinc

569 5185 712 5239 enim
768 5184 932 5237 etiam
985 5187 1141 5250 poeta
1180 5179 1483 5247 usurpavit,
1533 5187 1593 5233 ut
1633 5178 2045 5250 dispositionem
2085 5181 2170 5236 da-

570 5273 819 5329 micaturi
851 5274 921 5327 ita
951 5271 1235 5327 ordinaret
1260 5269 1532 5333 exercitus
1554 5287 1571 5338 ;
1593 5286 1701 5342 quo
1732 5273 2025 5330 inferiores
2050 5275 2171 5332 col-

570 5365 777 5420 lararet
807 5365 861 5421 in
892 5364 1094 5430 medio,
1135 5377 1244 5434 quo
1282 5365 1453 5434 magis
1483 5362 1609 5418 binc
1640 5364 1764 5421 inde
1790 5380 1821 5420 a
1851 5366 2171 5423 fortioribus

566 5456 906 5527 juvarentur,
938 5468 994 5511 et
1023 5454 1428 5511 dimicationem
1483 5456 1768 5527 utriusque
1797 5458 1967 5526 partis
2009 5474 2170 5515 assu-

574 5562 804 5608 merent.
835 5552 894 5606 In
925 5550 1008 5605 bis
1050 5550 1269 5621 scriptis
1315 5550 1492 5605 series
1530 5548 1930 5611 manifestatur.
1962 5551 2175 5610 Altiore

648 5700 674 5727 ιι
699 5689 851 5743 liom.
883 5690 1040 5749 edit..
1070 5689 1171 5746 Sui
1202 5699 1370 5745 autem
1389 5698 1507 5744 sunt
1522 5689 1681 5751 iuris.
1714 5688 1889 5751 Male;
1920 5689 2009 5745 hic
2031 5690 2173 5747 enim

574 5763 655 5819 sui
685 5762 829 5817 idem
878 5760 1165 5835 signiﬁcat,
1195 5773 1360 5835 atque
1403 5760 1609 5817 [stultia
1648 5761 1784 5827 Noe,
1820 5768 1879 5815 ttt
1923 5771 2072 5833 patet
2108 5778 2178 5819 ex

578 5832 1044 5893 antecedentibus.

2277 4724 2453 4780 fontes
2496 4740 2782 4797 aquarum,
2821 4738 3023 4799 apertae
3064 4728 3277 4787 fuerant
3315 4740 3603 4787 cataractae
3645 4733 3785 4799 cteli,
3813 4740 3863 4789 ut

2278 4816 2514 4887 undique
2566 4816 2917 4875 inﬂuentibus
2964 4821 3120 4893 aquis
3162 4832 3304 4879 terra
3354 4824 3731 4883 inundaretur.
3772 4827 3859 4881 De-

2280 4911 2510 4966 buerant
2536 4911 2715 4967 claudi
2758 4926 2821 4969 ea
2866 4931 2932 4970 ex
2972 4917 3165 4988 quibus
3192 4918 3381 4976 diluvii
3424 4920 3578 4992 origo
3618 4921 3859 4991 manavit,
3932 4976 3935 4983 ,

2278 5010 2337 5057 ιιι
2378 5002 2497 5073 eius
2541 5005 2804 5075 inciperet
2845 5023 2968 5064 esse
3014 5008 3278 5067 defectus.
3320 5010 3433 5069 Hoc
3474 5014 3655 5071 littera
3696 5024 3857 5072 sonat.

2278 5093 2545 5151 Subtilior
2570 5106 2747 5153 autem
2791 5099 3168 5173 interpretatio
3207 5104 3484 5174 exprimit,
3517 5121 3584 5163 eo
3621 5108 3764 5178 quod
3792 5107 3864 5163 di-

2275 5187 2476 5244 luvium
2504 5191 2702 5247 auimae
2728 5193 2859 5248 vitio
2889 5195 3087 5251 mentis
3112 5203 3167 5252 et
3202 5198 3425 5254 luxuriae
3471 5202 3771 5270 corporalis
3796 5202 3863 5256 in-

2276 5282 2531 5353 ﬂuxerat,
2564 5294 2623 5340 ut
2663 5288 2863 5344 malitia
2904 5290 3166 5362 passioni,
3208 5293 3390 5364 passio
3429 5294 3649 5350 malitia:
3689 5297 3864 5351 misce-

2276 5385 2427 5431 retur
2461 5395 2472 5431 :
2504 5377 2841 5448 ingrediente
2870 5384 3080 5441 medico
3102 5385 3198 5443 Dei
3226 5386 3401 5443 Verbo
3430 5388 3494 5443 ad
3522 5390 3862 5446 visitationem

2276 5469 2474 5524 animae
2522 5487 2643 5543 quae
2676 5474 2882 5533 diutina
2930 5478 3249 5551 agritudine
3283 5481 3566 5539 laborabat
3610 5482 3864 5553 discepta-

2278 5556 2485 5617 tionum
2525 5564 2894 5635 improbitate,
2944 5579 2999 5629 et
3028 5574 3340 5643 passionum
3377 5574 3700 5643 acerbitate,
3735 5576 3865 5646 prius

2332 5693 2604 5780 _0_mnes
2621 5701 2776 5767 edit..
2796 5703 3029 5775 Spiritus
3041 5708 3199 5780 igitur
3214 5709 3418 5766 virtute.
3437 5708 3639 5767 Omnes
3650 5725 3863 5768 mss.....

2287 5767 2448 5823 divini
2472 5772 2675 5831 virtute.
