4150 6358
267 340 377 406 589

1413 341 1504 402 ne
1542 341 1678 403 sos
1721 341 1806 403 er
1845 341 2030 405 suos
2070 295 2516 408 transimus.

3468 352 3576 411 590

268 460 577 518 debuerunt
610 475 791 520 causa:
828 461 1162 536 egritudinis
1204 464 1493 534 amputari.
1539 464 1871 536 Principium
1900 475 1947 535 Α
1980 480 2086 520 oon
2117 465 2414 522 secundum
2452 478 2605 520 usum
2631 463 2911 534 temporis,
2942 461 3035 520 sed
3083 463 3383 521 secundum
3416 477 3571 522 natu-

270 556 418 612 enim
464 557 752 614 medicina:
787 567 872 614 est
913 573 1104 615 causas
1155 557 1428 630 languoris
1475 559 1748 626 incidere;
1801 575 1870 616 ne

271 648 476 706 diutius
503 666 568 707 ea
599 668 720 723 qua:
748 663 965 715 nocent,
993 651 1063 708 ad
1111 653 1503 708 incrementum
1532 650 1872 724 a-gritudiuis

273 745 682 804 ministrentur.
709 746 864 816 Quod
892 761 990 803 nos
1016 749 1182 802 etiam
1227 747 1316 802 lex
1346 746 1504 803 docet
1537 743 1724 816 (Leuit.
1751 761 1867 811 χιιι,

275 840 312 896 5
337 852 386 896 et
410 841 500 912 6);
533 856 656 897 cum
698 841 844 898 enim
874 842 1083 898 steterit
1113 841 1284 912 lepra,
1313 851 1372 896 ut
1393 840 1506 911 jam
1540 857 1649 897 non
1674 840 1872 897 dili'uu-

275 933 457 1002 datur,
492 944 620 991 tunc
643 936 717 992 ait
745 937 998 992 mundam
1019 950 1144 992 esse
1169 937 1336 1007 lepra:
1364 937 1653 993 stationem
1681 951 1872 1007 quam-

277 1027 404 1084 dam
428 1040 482 1086 et
509 1031 866 1086 mansionem.
896 1030 1171 1102 Quidquid
1213 1031 1356 1088 enim
1387 1039 1588 1100 pmter
1622 1042 1871 1086 naturam

278 1130 529 1178 movetur
557 1122 891 1178 immundum
919 1132 1025 1178 est.
1060 1111 1186 1179 Ilaec
1211 1123 1377 1193 igitur
1395 1132 1480 1178 est
1505 1121 1700 1178 animm
1727 1121 1876 1176 sani-

279 1221 382 1280 tas,
413 1214 528 1269 tunc
557 1215 849 1270 salubritas
878 1215 1096 1282 mentis,
1125 1224 1188 1270 ut
1214 1213 1491 1270 afﬂuentia
1514 1226 1691 1271 cesset
1721 1229 1874 1270 erro-

275 1304 384 1370 ris,
429 1305 651 1361 sistatur
692 1307 874 1376 culpa,
921 1322 990 1363 ne
1037 1315 1242 1378 serpat.
1292 1308 1554 1364 Cessante
1599 1307 1874 1363 incentivo

276 1397 453 1468 culpa:
481 1406 645 1469 atque
673 1399 859 1455 delicti
891 1400 1037 1455 salus
1066 1410 1177 1456 tuta
1204 1409 1310 1468 est,
1335 1409 1503 1472 atque
1539 1399 1874 1458 innoﬂensus

277 1493 430 1562 vigor
449 1495 647 1548 animus
673 1508 735 1550 se
759 1493 1016 1549 refundit.

349 1583 440 1642 ϐο.
483 1583 554 1639 Et
581 1585 734 1650 sedit,
760 1586 957 1656 inquit,
983 1597 1107 1640 arca
1140 1585 1400 1658 alseptimo
1437 1601 1626 1652 mense,
1659 1585 1874 1658 septima

280 1688 329 1733 et
363 1680 613 1751 vigesima
655 1681 846 1735 mensis
866 1678 1021 1750 (Gen.
1055 1694 1174 1749 vni,
1201 1678 1282 1755 4).
1315 1679 1430 1737 Nisi
1470 1681 1760 1752 diligenter
1789 1681 1873 1736 in-

281 1771 491 1838 tendas,
519 1774 683 1829 etiam
720 1772 1019 1829 secundum
1051 1772 1285 1829 litteram
1313 1773 1552 1829 difﬁcilis
1583 1774 1686 1830 loci
1715 1773 1872 1829 istius

1972 571 2048 612 ra:
2074 559 2528 628 pra‘rogativant;
2576 567 2637 613 ut
2667 556 2789 629 quia
2836 568 2960 612 tunc
3003 569 3129 625 Spes
3173 559 3298 612 anni
3330 558 3571 625 inchoat,

1973 658 2027 703 et
2061 649 2251 718 incipit
2295 665 2354 704 se
2381 650 2589 704 fructus
2632 651 2946 718 ostendere,
2992 659 3118 705 tunc
3150 649 3397 706 videatur
3444 649 3574 705 anni

1972 756 2094 799 esse
2118 741 2466 815 principium.
2493 745 2767 817 Septimus
2793 755 2975 800 autem
3018 746 3220 800 mensis
3269 745 3571 802 secundum

1972 851 2257 893 numerum
2308 837 2354 892 is
2402 839 2492 909 qui
2533 837 2856 908 September
2903 839 3124 906 dicitur,
3181 850 3564 910 computatur;

1973 931 2097 1002 quia
2143 931 2243 986 etsi
2295 945 2326 987 a
2371 934 2670 1001 Septembri
2713 949 2901 992 mense
2957 951 3130 992 annus
3156 935 3402 994 videatur
3433 935 3573 992 inci-

1975 1037 2123 1093 pere,
2172 1020 2190 1060 τ
2211 1024 2351 1079 sicut
2391 1021 2750 1082 iudieiionutn
2783 1031 3130 1096 przcseotium
3163 1045 3294 1085 usus
3339 1026 3578 1085 ostendit

1975 1120 2128 1191 (tunc
2151 1118 2295 1175 enim
2317 1121 2584 1176 seminum
2612 1119 2833 1195 jactus),
2870 1139 2998 1179 vere
3029 1133 3208 1180 tamen
3237 1141 3302 1180 ex
3327 1140 3434 1196 quo
3464 1124 3578 1194 ple-

1977 1215 2097 1269 nior
2115 1214 2286 1285 gratia
2325 1229 2385 1270 se
2422 1214 2610 1286 incipit
2638 1217 3040 1281 demonstrare.
3071 1234 3137 1274 ex
3166 1234 3232 1275 eo
3262 1220 3389 1274 anni
3423 1220 3577 1289 origo

1975 1305 2293 1362 subducitur
2317 1321 2333 1374 ;
2364 1316 2420 1362 et
2449 1307 2570 1364 ideo
2601 1309 2688 1379 qui
2717 1309 2818 1363 alia
2855 1310 3069 1365 ratione
3097 1309 3304 1381 primus
3333 1321 3573 1381 putatur,

1975 1395 2189 1453 diversa
2234 1397 2599 1455 aestimatione
2651 1401 2914 1473 septimus
2961 1401 3210 1456 habetur.
3258 1401 3409 1458 Tunc
3447 1418 3579 1474 ergo

1977 1491 2119 1547 sedit
2147 1505 2296 1558 arca,
2324 1491 2430 1546 hoc
2467 1501 2572 1559 est,
2619 1493 2673 1547 in
2719 1507 2908 1549 mense
2953 1495 3210 1564 septimo,
3255 1495 3481 1564 septima
3527 1501 3583 1549 et

1977 1585 2234 1657 vigesima
2282 1587 2485 1642 mensis
2512 1596 2719 1655 Ssuper
2762 1594 3004 1642 montem
3053 1587 3324 1662 quadrati.
3357 1588 3435 1644 Ex
3488 1587 3582 1644 illo

1977 1681 2147 1735 minui
2179 1680 2441 1735 diluvium
2472 1683 2657 1752 erepit.
2703 1682 2874 1736 Simul
2901 1683 3183 1738 c0nsidcra
3215 1682 3341 1754 quia
3369 1681 3579 1738 eisdem

1977 1776 2219 1830 numeris
2242 1775 2438 1846 quibus
2469 1776 2646 1845 aliqua
2675 1774 2963 1844 incipiunt,
3003 1775 3380 1843 resolvuntur;
3415 1787 3469 1832 nl
3501 1775 3587 1830 di-

279 1863 696 1934 comprebensio
743 1874 850 1920 est.
882 1865 951 1919 Et
986 1865 1215 1932 primum
1262 1867 1505 1919 omnium
1545 1864 1869 1932 cavendum,
1903 1881 1951 1942 Β
1979 1865 2178 1922 luvium
2206 1867 2375 1938 coepit
2401 1866 2640 1922 secundo
2683 1882 2871 1923 mense
2911 1867 3061 1927 anui.
3095 1869 3326 1940 septima
3357 1875 3412 1923 et
3435 1868 3583 1940 vige-

278 1974 346 2013 ne
372 1974 531 2029 quem
559 1959 774 2028 septimi
815 1959 1020 2014 mensis
1048 1960 1301 2027 repetitio
1344 1959 1539 2016 crebra
1567 1959 1868 2030 perturbet.

275 2051 366 2109 Sic
391 2053 537 2108 enim
581 2051 840 2124 scriptum
868 2062 973 2118 est,
1007 2054 1410 2110 sexcentesimo
1448 2053 1633 2110 anno"
1677 2069 1874 2111 secun-

279 2143 404 2199 dum
448 2145 766 2200 Hebraicam
793 2146 1104 2214 veritatem,
1137 2161 1326 2202 mense
1367 2162 1497 2202 vero
1521 2149 1720 2218 primo,
1749 2161 1873 2218 sep—

281 2237 408 2292 tima
435 2246 492 2293 et
521 2238 777 2309 vigesima
801 2237 892 2294 die
921 2240 1121 2294 mensis
1149 2240 1385 2309 cepisse
1412 2240 1672 2295 diluvium
1700 2261 1714 2296 :
1739 2255 1871 2302 cen-

281 2339 392 2386 tum
417 2334 801 2402 quinquaginta
823 2333 1016 2390 diebus
1040 2335 1204 2390 fuisse
1234 2333 1559 2390 inlusionem
1581 2348 1870 2404 aquarum,

281 2425 489 2482 sedisse
533 2441 718 2483 arcam
762 2427 816 2481 in
845 2437 1030 2483 monte
1061 2429 1292 2497 septimo
1321 2441 1532 2493 mense,
1561 2429 1790 2498 septima
1821 2435 1877 2483 et

277 2519 536 2590 vigesima
568 2519 770 2574 mensis
799 2537 813 2573 :
845 2529 1027 2588 postea
1055 2521 1224 2575 minui
1257 2522 1489 2591 cnspisse
1515 2535 1683 2590 aquas
1711 2521 1876 2576 mise-

277 2612 512 2667 ricordia
542 2611 660 2678 Dei,
685 2623 904 2668 centum
935 2614 1321 2684 quinquaginta
1351 2614 1542 2670 diebus
1565 2613 1876 2669 diminutio-

277 2719 402 2760 nem
430 2719 692 2775 aquarum
719 2706 936 2772 factam,
962 2713 1152 2775 postea
1179 2709 1493 2777 apparuisse
1512 2708 1688 2776 capita
1717 2720 1877 2761 mon-

280 2796 413 2852 tium
445 2813 460 2849 :
490 2797 686 2852 deinde
713 2807 832 2866 post
858 2797 1214 2869 quadraginta
1239 2798 1357 2852 dies
1378 2798 1658 2868 aperuisse
1679 2799 1875 2853 ostium

279 2904 422 2946 arcae
461 2903 708 2947 sanetum
749 2890 884 2957 Noe,
929 2892 1219 2948 dimissum
1267 2906 1491 2948 corvum
1541 2907 1647 2947 non
1696 2908 1882 2948 rever-

279 2983 432 3049 tisse,
476 2984 760 3040 dimissam
796 2983 1098 3040 columbam
1140 2987 1432 3041 revertisse
1471 2999 1722 3053 vacuam,
1775 2987 1878 3040 ite-

279 3095 401 3135 rum
437 3088 460 3118 ο
499 3089 620 3150 post
663 3088 873 3148 septem
917 3077 1042 3136 dies
1085 3078 1370 3135 dimissam
1420 3079 1713 3136 revertisse
1757 3097 1878 3137 cum

279 3186 435 3228 ramo
478 3172 657 3237 Oliva,
691 3172 852 3228 tertio
879 3183 1000 3242 post
1031 3184 1240 3243 septem
1293 3173 1410 3229 dies
1454 3173 1732 3228 dimissam
1772 3190 1879 3229 non

1977 1961 2112 2016 sima
2165 1961 2369 2017 mensis
2399 1977 2412 2014 :
2441 1970 2661 2016 centum
2703 1963 3090 2033 quinquaginta
3123 1961 3316 2019 diebus
3362 1959 3583 2018 inﬂuxit

1976 2053 2264 2123 diluvium,
2323 2063 2538 2114 centum
2589 2055 2976 2126 quinquaginta
3019 2055 3208 2114 diebus
3249 2057 3370 2114 aliis
3418 2055 3582 2112 cessit

1976 2146 2234 2204 diluvium
2268 2165 2281 2202 :
2315 2149 2672 2220 quadraginta
2710 2149 2901 2205 diebus
2936 2149 3099 2205 nimia
3125 2151 3206 2206 vis
3231 2153 3441 2207 caelesti
3474 2151 3578 2206 im-

1977 2243 2074 2298 bre
2115 2252 2168 2298 et
2218 2241 2446 2298 fontium
2497 2242 2782 2310 eruptione
2831 2245 3174 2306 exaestuavit,
3223 2243 3580 2315 quadraginta

1977 2335 2169 2391 diebus
2196 2336 2320 2392 aliis
2345 2331 2372 2372 ιι
2403 2337 2608 2392 exactis
2625 2346 2907 2407 postquam
2933 2337 3045 2390 visa
3071 2344 3200 2391 sunt
3223 2335 3398 2407 capita
3429 2351 3583 2392 mon-

1977 2432 2134 2498 tium,
2181 2429 2472 2485 undecimo
2521 2445 2730 2493 mense,
2769 2430 2944 2499 pritno
2975 2429 3066 2484 die
3115 2428 3342 2495 mensis,
3375 2425 3587 2486 dimisit

1978 2539 2200 2581 corvum
2230 2531 2446 2578 ~anctus
2479 2523 2592 2579 Noe
2617 2541 2630 2578 :
2662 2523 2730 2578 ita
2760 2532 2972 2578 constat
3001 2521 3192 2577 eodem
3218 2537 3445 2577 numero
3467 2535 3577 2592 quo

1978 2619 2311 2674 cumulatum
2341 2627 2444 2681 est,
2471 2617 2731 2672 diluvium
2760 2631 2884 2673 esse
2908 2615 3279 2670 imminutum.
3303 2611 3460 2671 Unde
3486 2614 3586 2671 do-

1977 2722 2062 2766 cet
2097 2725 2196 2767 nos
2225 2711 2504 2780 Scriptura
2539 2711 2782 2766 ordinem
2811 2725 2933 2766 esse
2961 2700 3310 2765 servandum.

2050 2788 2138 2860 6i.
2180 2804 2333 2872 Quod
2362 2814 2543 2860 autem
2567 2806 2767 2860 ostium
2795 2804 2866 2860 sit
2892 2820 3035 2860 arcte
3055 2803 3197 2876 quod
3239 2797 3450 2876 aperuit
3489 2802 3577 2878 ju-

1983 2905 2134 2963 stus,
2157 2895 2454 2952 secundum
2485 2898 2726 2967 corporis
2759 2900 3022 2953 rationem
3048 2911 3210 2968 supra
3241 2896 3441 2952 dictum
3473 2908 3578 2954 est.

1981 2989 2290 3045 Secundum
2341 2989 2588 3046 altiorem
2644 2999 2827 3044 autem
2881 2989 3384 3062 interpretationem
3453 2990 3588 3049 illud

1983 3080 2269 3136 dicendum
2296 3081 2530 3148 videtur,
2559 3081 2702 3148 quod
2737 3081 2980 3150 corporis
3014 3095 3208 3135 sensus
3245 3081 3392 3136 velut
3413 3082 3586 3138 ostio-

1985 3189 2104 3228 rum
2149 3171 2361 3229 similes
2407 3171 2702 3228 habentur.
2755 3173 2860 3228 Per
2891 3171 2992 3228 bos
3022 3175 3164 3230 enim
3208 3183 3463 3246 tanquam
3494 3189 3592 3246 per

278 3263 598 3332 revertisse,
630 3275 757 3320 tunc
785 3266 1085 3322 advertisse
1115 3265 1228 3323 Noe
1253 3267 1395 3337 quod
1426 3283 1562 3338 aqua
1592 3268 1770 3322 omnis
1795 3283 1880 3324 re-
1908 3277 1954 3342 c
1986 3267 2124 3321 ostia
2167 3264 2470 3337 ingreditur
2509 3264 2561 3320 in
2596 3274 2838 3321 nostram
2873 3274 3109 3320 mentem
3157 3264 3305 3321 velut
3339 3265 3591 3337 qua-dam

279 3362 558 3414 cessisset.
603 3355 683 3413 Ac
722 3359 802 3414 sic
827 3373 1002 3414 annus
1045 3359 1337 3415 conclusus
1377 3359 1540 3433 253
1572 3359 1878 3416 ostenditur

279 3452 681 3508 sexcentesimo
729 3454 904 3522 primo
949 3467 1091 3508 anno
1132 3453 1266 3521 Noe,
1292 3453 1321 3492 ἀ
1351 3454 1406 3510 in
1459 3455 1698 3510 secundo
1735 3469 1880 3512 anno

280 3544 512 3611 septima
553 3555 610 3599 et
638 3545 896 3615 vigesima
939 3547 1166 3602 mensis.
1207 3546 1362 3614 Quod
1411 3546 1575 3618 igitur
1597 3546 1665 3602 ad
1695 3547 1879 3618 expla-

282 3638 557 3693 nationem
612 3649 855 3709 spertam
913 3641 1191 3710 pertinet,
1231 3640 1427 3696 eodem
1481 3656 1667 3697 mense
1715 3650 1880 3712 atque

281 3733 474 3789 eodem
499 3733 588 3790 die
607 3734 914 3790 restituitur
942 3737 1222 3806 aequalitas
1249 3745 1410 3791 terra:
1439 3746 1560 3807 post
1589 3736 1876 3804 diluvium,

285 3842 391 3898 quo
431 3837 686 3897 corrupta
724 3838 811 3884 est
847 3829 1142 3897 incipiente
1169 3828 1442 3885 inlusione
1481 3828 1690 3884 diluvii.
1723 3829 1880 3887 Veris

284 3922 430 3977 enim
473 3931 720 3992 tempore
757 3923 936 3976 omnis
981 3935 1110 3994 ager
1153 3923 1313 3990 viret,
1361 3933 1416 3979 et
1461 3933 1608 3979 terra
1646 3924 1879 3995 parturit

285 4013 513 4068 fructus.
547 4013 696 4069 Tunc
734 4014 998 4083 incipiunt
1021 4023 1045 4052 °
1090 4030 1367 4085 gemmare
1403 4016 1655 4083 arbores,
1681 4016 1884 4087 germi-

286 4120 421 4160 nare
467 4106 692 4159 fructus.
741 4105 971 4160 Divitem
1013 4121 1143 4176 ergo
1171 4105 1488 4162 reformavit
1530 4108 1787 4164 Dominus
1831 4117 1886 4164 et

285 4197 525 4254 restituit
548 4197 884 4267 qualitatem.
921 4197 1104 4254 Mense
1143 4198 1308 4269 igitur
1336 4199 1598 4266 secundo,
1641 4200 1746 4255 hoc
1775 4209 1881 4269 est,

285 4288 444 4358 aprili
474 4287 713 4361 (primas
741 4290 883 4344 enim
925 4291 1129 4345 mensis
1175 4291 1402 4347 martius
1439 4302 1526 4346 est
1569 4305 1676 4362 quo
1721 4291 1886 4348 habet

285 4382 464 4455 justus
489 4387 746 4449 natalem,
773 4384 992 4456 quando
1019 4387 1254 4441 noctium
1296 4385 1620 4458 dierumque
1664 4388 1887 4459 aequali—

290 4484 372 4531 tas
413 4477 732 4545 aestimatur,
761 4477 866 4533 hoc
909 4486 1016 4546 est,
1045 4491 1261 4545 octvo,
1309 4488 1368 4535 ut
1412 4480 1639 4535 Romani
1671 4486 1882 4550 putant,

289 4569 374 4624 vel
410 4569 812 4640 utalii.quinto
852 4570 962 4628 Ital.
1001 4571 1226 4645 April.);
1265 4589 1473 4640 mense,
1520 4575 1759 4644 inquam,
1793 4588 1884 4630 se-

1985 3358 2323 3414 sensibilium
2372 3357 2810 3427 comprehensio.
2861 3357 3008 3428 Ergo
3056 3371 3210 3413 mens
3254 3365 3441 3413 nostra
3496 3374 3594 3430 per

1986 3452 2087 3508 hos
2119 3467 2312 3508 sensus
2337 3453 2615 3522 respicere
2655 3452 2888 3518 videtur,
2922 3461 2984 3521 et,
3017 3453 3252 3508 maxime
3298 3467 3396 3525 per
3427 3452 3594 3509 visio-

1987 3561 2136 3615 nem,
2185 3561 2306 3616 qure
2353 3545 2604 3600 omnibus
2648 3545 2902 3603 sensibus
2929 3545 3179 3613 corporis
3233 3544 3596 3618 pra'stabiliot'

1984 3639 2319 3706 aestimatur;
2352 3639 2473 3709 quia
2505 3637 2801 3694 domestica
2833 3645 2917 3694 est
2965 3637 3187 3694 luminis
3209 3678 3226 3705 ,
3268 3647 3324 3693 et
3351 3652 3450 3707 per
3469 3651 3592 3696 eam

1993 3729 2318 3802 aspicientes
2347 3730 2566 3798 ctelum,
2600 3742 2799 3786 terram
2825 3769 2841 3796 ,
2895 3730 3085 3798 maria,
3132 3730 3305 3787 solem
3347 3746 3593 3803 quoque,

1985 3823 2194 3891 lunam,
2244 3833 2299 3879 et
2348 3823 2533 3878 stellas
2587 3823 2785 3893 quibus
2813 3822 2932 3877 axis
2960 3832 3209 3883 ornatur,
3239 3823 3595 3895 intelligimus

1989 3919 2155 3972 [leum
2185 3931 2308 3972 esse
2333 3924 2674 3987 operatorem
2706 3914 2893 3968 mundi
2937 3923 3101 3984 atque
3132 3922 3402 3971 rectorem
3423 3956 3440 3980 .
3487 3930 3593 3972 nec

1987 4012 2104 4066 sine
2126 4018 2350 4065 auctore
2373 4007 2486 4062 Deo
2517 4018 2902 4078 tantorumque
2929 4020 3151 4077 cperum
3172 4005 3456 4064 conditore
3477 4004 3596 4065 haec

1990 4103 2230 4174 potuisse
2257 4101 2373 4157 lleri
2399 4100 2670 4157 credimus
2692 4143 2708 4168 ,
2731 4108 2825 4156 aut
2855 4113 3017 4169 posse
3048 4104 3371 4160 consistere.

2062 4197 2152 4252 62.
2195 4196 2299 4251 Per
2347 4193 2488 4250 banc
2540 4194 2702 4265 igitur
2749 4193 3042 4250 fenestram
3094 4209 3320 4255 corvum
3363 4195 3597 4268 primum

1989 4287 2156 4365 254
2171 4289 2349 4360 justus
2373 4287 2574 4344 emisit.
2614 4287 2920 4354 Quzerenda
2944 4303 3130 4354 causa,
3165 4299 3268 4344 nec
3299 4297 3477 4344 tamen
3519 4283 3607 4344 ia;

1992 4392 2343 4454 tetquantum
2367 4381 2434 4437 ad
2466 4381 2700 4438 litteram
2731 4380 2997 4451 pertinet;
3027 4380 3151 4450 quia
3176 4379 3420 4452 plerique
3443 4379 3600 4452 quasi

1988 4480 2309 4535 ann‘untium
2365 4476 2670 4532 futurorum
2703 4489 2928 4532 corvum
2970 4474 3281 4543 aestimant,
3335 4483 3389 4532 et
3435 4489 3602 4531 voces

1990 4575 2112 4646 ejus
2140 4574 2470 4641 observant,
2492 4571 2815 4642 volatusque
2846 4570 3132 4625 rimantur.
3167 4569 3372 4625 Sensus
3416 4579 3600 4625 autem

289 4663 492 4730 eundo,
515 4664 620 4721 hoc
667 4675 774 4733 est,
806 4667 983 4735 aprili,
1017 4671 1245 4736 septima
1288 4677 1343 4724 et
1374 4667 1630 4738 vigesima
1678 4668 1884 4723 mensis
1913 4681 1968 4744 Ῑ)
1990 4670 2154 4723 altior
2176 4664 2447 4738 signiﬁcat
2483 4662 2501 4702 ί
2544 4661 2688 4736 quod
2730 4677 2885 4719 mens
2910 4663 3042 4734 justi
3079 4661 3296 4736 quando
3336 4661 3604 4719 mundare

291 4757 458 4828 erepit
485 4757 766 4814 diluvium.
802 4758 908 4815 Ver
943 4759 1108 4830 igitur
1152 4760 1364 4816 initium
1393 4761 1519 4816 anni
1557 4761 1881 4828 aestimatur,

363 4882 546 4958 llGod.
589 4881 723 4944 Maz.
763 4885 817 4942 in
864 4882 1041 4958 glossa
1082 4895 1138 4941 et
1165 4901 1326 4958 manu
1361 4887 1651 4958 recentiori
1691 4896 1886 4958 quater

292 4956 536 5022 secundo,
566 4959 810 5014 etsemel
837 4957 1068 5016 secandi.
1095 4956 1189 5012 ubi
1212 4959 1262 5013 in
1287 4968 1433 5013 textu
1464 4973 1585 5014 cum
1608 4956 1730 5013 aliis
1749 4972 1880 5014 mss.

293 5037 349 5084 et
374 5029 501 5081 edit.
537 5029 696 5085 nubet
717 5030 938 5100 septimo
957 5039 1012 5084 et
1029 5030 1253 5097 septimi.

368 5101 396 5142 ι’
416 5101 544 5158 Mss.
584 5101 748 5156 Corb.
771 5145 786 5167 ,
825 5105 1018 5174 ιιοιιδ.ν
1067 5103 1218 5157 Colb.
1249 5110 1309 5174 et
1333 5102 1494 5167 Maz.,
1516 5102 1882 5160 amoenissime

297 5190 457 5239 anno,
487 5190 658 5228 mense
686 5175 918 5244 septimo.
947 5171 1091 5230 Edit.
1123 5184 1178 5229 et
1225 5171 1312 5230 alii
1359 5191 1489 5230 mss.
1524 5186 1580 5231 ut
1623 5175 1672 5228 in
1709 5183 1882 5242 textu,

295 5246 397 5316 nisi
444 5245 585 5315 quod
615 5245 770 5300 Rom.
813 5263 908 5314 pro
949 5247 1188 5316 septimo,
1236 5247 1480 5314 reposuit
1531 5246 1774 5300 secundo.
1822 5245 1887 5302 Et

295 5313 768 5386 Valcfntrumque
811 5313 974 5373 liabet
1008 5313 1220 5386 nempe
1262 5334 1436 5373 mense
1476 5328 1723 5376 secundo.
1770 5332 1888 5385 sep-

298 5387 424 5442 timo
459 5404 648 5451 mense,
687 5401 794 5443 etc.
842 5387 996 5444 Unde
1042 5391 1196 5444 valde
1233 5394 1574 5457 suspicamur
1604 5404 1768 5445 voces
1809 5405 1890 5444 suo

297 5458 524 5514 cundum
558 5457 860 5512 Hebraicam
905 5460 1186 5525 veritatem,
1219 5476 1286 5517 ex
1315 5462 1626 5528 conjectura
1657 5462 1708 5514 in
1750 5460 1890 5516 alios

298 5546 432 5586 mss.
457 5541 517 5602 et
545 5529 669 5584 inde
702 5531 752 5582 in
785 5530 1051 5602 editiones
1081 5533 1380 5602 irrepsisse.
1425 5533 1679 5588 Falernur
1709 5542 1892 5589 antem

301 5618 406 5658 noo
438 5601 604 5656 videri
631 5599 922 5673 absurdum
955 5599 1168 5673 fecisse,
1193 5599 1290 5673 Qui
1315 5617 1696 5673 reposuerunt,
1723 5620 1895 5660 urente

301 5689 420 5730 vero
447 5671 704 5738 secundo;
748 5681 809 5728 ut
831 5669 1102 5744 intelliges
1139 5688 1171 5727 e
1194 5669 1332 5744 cap.
1364 5669 1452 5740 ﬂ,
1488 5695 1540 5732 ιι.
1567 5675 1657 5742 ιδ.
1680 5669 1767 5732 ἐι
1791 5675 1897 5732 hoc

303 5744 904 5830 ipSO‘c:lp-.‘Co.illlnl_l.a
956 5743 1224 5830 sequenti.
1265 5743 1517 5830 [filioquin
1563 5747 1744 5830 minus

303 5826 582 5887 constaret
606 5815 880 5887 Ambrosii
905 5819 1237 5887 supputatio.
1269 5815 1372 5887 Sed
1406 5815 1456 5872 in
1487 5815 1724 5874 numeris
1767 5818 1901 5875 scri-

304 5884 499 5947 bendis
525 5903 683 5960 quam
713 5885 876 5945 facile
903 5884 1158 5943 labantur
1185 5886 1414 5959 librarii,
1441 5905 1603 5948 nemo
1634 5889 1826 5948 nescit.

1993 4775 2054 4817 se
2081 4758 2308 4831 incipit,
2334 4772 2456 4830 quin
2490 4757 2780 4813 tenebrosa
2804 4765 2969 4824 sunt,
3008 4765 3062 4812 et
3101 4755 3400 4826 immunda,
3438 4763 3494 4813 et
3525 4765 3606 4812 tc-

2066 4897 2088 4926 ο
2109 4884 2240 4942 Mss.
2263 4883 2517 4956 quinque
2545 4883 2888 4956 probatiores
2909 4882 3228 4956 reetituunt,
3259 4893 3377 4956 post
3403 4893 3604 4944 samem

1991 4956 2138 5019 dies;
2165 4951 2471 5026 qum'verba
2505 4951 2559 5009 in
2591 4954 2735 5019 aliis.
2767 4957 3004 5026 atquein
3037 4954 3164 5010 edit.
3193 4951 3602 5026 desiderantur.

2059 5026 2088 5066 ά
2116 5024 2426 5084 Βόιιι.οι1ἰι.
2456 5033 2512 5082 et
2539 5041 2640 5082 ms.
2666 5024 2928 5084 Torn.'ad
2953 5033 3272 5097 marginem,
3291 5029 3344 5082 in
3366 5024 3601 5082 secundo

1990 5116 2180 5156 matre.

2067 5184 2090 5214 ο
2117 5171 2280 5226 Rom.
2333 5168 2495 5235 edit.,
2520 5171 2812 5246 germinare
2861 5174 3099 5241 arbores,
3141 5171 3432 5244 geminare
3481 5171 3604 5239 {ru-

1992 5255 2124 5300 ctus.

1997 5333 2258 5468 Eznmie
2297 5353 2418 5410 quae
2453 5336 2702 5398 dicentur
2731 5349 2868 5400 tom.
2909 5356 2969 5406 tt,
3001 5341 3056 5400 in
3100 5339 3264 5412 episi-
3311 5323 3602 5407 ίιᾶΕιιίεε·

2153 5427 2162 5453 ι
2192 5430 2202 5464 ἶ
2245 5450 2257 5464 ο

2071 5427 2286 5538 initium.
2317 5481 2478 5552 edit.,
2503 5499 2657 5554 super
2679 5494 2902 5539 montem
2921 5480 3177 5537 Ararath.

2069 5573 2098 5614 ει
2125 5575 2199 5633 Ita
2249 5591 2381 5637 mss.
2411 5577 2675 5647 quinque,
2703 5591 2767 5632 ac
2793 5576 2926 5632 edit.
2967 5574 3126 5642 Am.;
3161 5569 3283 5647 Val.
3317 5578 3523 5640 autem,
3545 5573 3611 5647 et

1999 5650 2119 5705 alia!
2151 5650 2314 5721 edit.,
2369 5643 2578 5705 exectis
2609 5647 2718 5702 visa
2746 5657 2865 5703 sunt
2914 5647 3089 5718 capita
3120 5643 3369 5698 montium
3402 5643 3612 5706 :smde-

2001 5728 2134 5781 cimo
2152 5767 2166 5790 ,
2192 5733 2300 5782 etc.

2081 5819 2097 5859 ί
2132 5818 2280 5884 Edit.
2329 5831 2556 5885 omnes.
2595 5827 2661 5874 ac
2688 5823 2822 5874 mss.
2853 5807 2968 5872 duo
2988 5847 3006 5879 ,
3049 5807 3188 5882 quod
3217 5808 3386 5866 omnis
3409 5812 3608 5882 justus.

2001 5889 2142 5962 Alii,
2172 5905 2233 5949 ut
2263 5892 2315 5946 in
2351 5898 2525 5947 textu.
