4150 6358
554 287 657 346 39!

1893 281 2139 344 SANCTI
2178 280 2503 348 AMBROSII

3783 292 3908 350 392

555 398 797 457 meraria
828 400 1007 472 primo
1033 412 1062 455 a
1090 411 1152 455 se
1177 395 1409 469 repellit.
1440 393 1719 469 Siquidem
1749 398 1927 455 omnis
1972 399 2151 469 impu-
2183 406 2236 466 Α
2262 416 2386 469 sus,
2410 417 2531 459 cum
2556 401 2835 475 aliquanto
2849 403 3128 461 videretur
3153 403 3389 476 amplius
3413 404 3705 463 exundare
3742 406 3907 461 dilu-

546 492 734 550 dentia
759 534 773 556 ,
805 504 965 564 atque
987 494 1141 563 culpa
1172 492 1459 548 tenebrosa
1488 500 1573 546 est
1595 531 1609 556 ,
1632 500 1688 545 et
1710 491 1939 547 mortuis
1970 492 2149 561 pasci-

549 596 660 652 tur,
689 589 832 643 sicut
881 602 1076 642 corvus
1108 602 1123 641 :
1157 585 1343 641 lumini
1375 593 1555 641 autem
1584 584 1760 640 vicina
1799 584 1971 639 virtus
2031 600 2153 653 quae

553 683 751 740 mentis
794 681 1029 751 puritate
1063 689 1118 737 et
1157 679 1508 750 simplicitate
1550 678 1882 749 reapleudet.
1936 678 2003 733 Et
2033 677 2155 733 ideo

554 787 825 848 tamquam
848 775 1114 831 emittitur
1144 784 1200 830 et
1226 772 1441 845 fugatur
1468 773 1627 845 culpa
1648 814 1665 841 ,
1694 782 1750 827 et
1779 780 2067 841 separatur
2086 771 2156 827 ab

554 870 904 938 innocentia,
949 878 1008 924 ut
1042 868 1175 925 nihil
1222 876 1507 924 remaneat
1553 868 1606 922 in
1651 866 1753 921 viri
1796 865 1927 936 justi
1975 873 2157 919 mente

554 966 924 1021 tenebrosum.
958 963 1199 1033 Denique
1218 976 1472 1033 egressus
1498 974 1695 1016 corvus
1716 975 1825 1014 non
1866 957 2158 1013 revertitur

552 1058 619 1115 ad
646 1058 890 1129 iustum;
924 1058 1048 1129 quia
1091 1052 1327 1127 fugitans
1353 1054 1531 1110 omnis
1559 1054 1719 1124 culpa
1751 1061 1836 1108 est
1860 1051 2154 1122 aequitatis,

557 1167 657 1210 nec
688 1152 945 1223 probitati
969 1150 1183 1207 videtur
1225 1159 1279 1205 et
1304 1148 1528 1219 iustitiae
1556 1148 1871 1203 convenire.
1910 1146 2151 1215 Denique

557 1247 799 1303 evasisse
845 1260 906 1301 se
948 1243 1122 1300 credit
1170 1242 1402 1310 iniustus
1462 1249 1734 1310 tamquam
1776 1237 1846 1293 de
1889 1236 2154 1300 vinculis,

559 1354 683 1396 eum
711 1340 893 1411 justus
919 1338 987 1393 ab
1012 1337 1131 1408 ejus
1166 1350 1225 1391 se
1258 1333 1538 1391 consortio
1576 1334 1940 1403 separaverit,
1970 1329 2158 1385 diluvii

556 1431 839 1504 cujusdam
858 1440 915 1486 et
943 1428 1265 1499 corruptelae
1296 1425 1593 1489 familiaris,
1626 1434 1684 1479 ut
1708 1438 1902 1478 corvus
1923 1422 2010 1492 qui
2034 1437 2161 1483 cum

558 1526 863 1583 siccitatem
893 1534 1052 1579 terrae
1081 1537 1345 1592 nusquam
1388 1518 1689 1587 inveniret,
1731 1534 1840 1575 non
1865 1532 2117 1574 reversus
2141 1556 2158 1584 ,

557 1629 681 1687 est,
713 1620 809 1676 sed
842 1629 869 1658 ει
901 1616 1186 1675 remansit.

634 1711 725 1769 65.
765 1710 1237 1768 Considerandum
1269 1709 1431 1767 etiam
1472 1724 1643 1781 quare
1690 1723 1799 1765 non
1847 1722 2158 1778 regressum

2256 498 2441 567 vium,
2470 497 2619 554 visus
2650 510 2732 555 est
2762 499 2942 555 locum
2971 499 3247 556 invenisse
3282 498 3583 556 recidendi.
3623 499 3694 555 Et
3723 508 3903 554 certe

2257 605 2364 647 non
2386 601 2469 646 est
2491 591 2800 662 huiusmodi
2824 607 3027 649 corvus
3070 602 3130 648 ut
3163 593 3287 649 alite
3315 607 3449 649 aves
3481 608 3606 664 qua
3631 590 3689 647 in
3716 592 3896 661 aquis

2256 685 2721 741 conversationem
2746 684 2946 741 habere
2961 695 3314 742 consuerunt.
3337 685 3475 740 Cum
3497 700 3633 757 ergo
3667 699 3896 741 corvus

2257 776 2345 831 ubi
2387 786 2698 833 remaneret
2747 777 3024 833 invenisse
3070 778 3343 844 videatur,
3382 778 3639 834 columba
3682 790 3894 834 autem

2257 884 2366 924 non
2418 868 2719 935 invenerit,
2750 869 2979 925 evidens
3006 870 3149 926 ratio
3188 879 3273 926 est
3308 870 3507 926 altiore
3539 872 3895 940 interpreta-

2260 961 2406 1016 tione
2444 961 2687 1033 signari,
2734 961 2860 1033 quia
2909 962 3113 1018 malitia
3145 962 3403 1034 inquietis
3430 962 3800 1031 passionibus
3832 972 3893 1018 et

2258 1054 2643 1125 Cupiditatibus
2685 1056 2883 1126 quibus
2912 1056 3281 1126 corrumpitur
3304 1036 3506 1117 anima,
3539 1071 3603 1111 se
3628 1058 3887 1112 miscere

2260 1148 2581 1211 consuevit,
2624 1157 2681 1203 et
2724 1148 2879 1219 quasi
2910 1149 3157 1219 cognatis
3201 1158 3256 1204 et
3281 1148 3602 1204 domesticis
3629 1147 3886 1203 deIeCta-

2261 1251 2369 1307 tur,
2411 1242 2594 1314 ibique
2620 1246 3107 1299 commorationem
3158 1259 3309 1299 suam
3351 1244 3491 1299 locat
3519 1262 3533 1296 :
3566 1242 3747 1299 virtus
3788 1258 3890 1297 au-

2262 1344 2369 1391 tem
2403 1336 2573 1406 prima
2602 1338 2787 1392 statim
2813 1341 2996 1408 specie
3032 1337 3260 1391 visionis
3290 1336 3497 1391 offensa
3521 1337 3749 1405 regredi
3776 1334 3888 1390 fes-

2260 1429 2452 1484 tinavit
2473 1428 2541 1484 ad
2572 1440 2809 1486 mentem
2856 1432 3203 1499 animamque
3225 1428 3400 1496 justi,
3428 1428 3578 1500 quod
3628 1428 3749 1484 illic
3794 1428 3884 1483 di-

2261 1524 2565 1577 versorium
2612 1522 2715 1579 sibi
2768 1522 3095 1579 tutissimum
3149 1523 3223 1578 sit
3266 1523 3533 1589 locatum;
3598 1538 3669 1579 eo
3726 1522 3881 1593 quod

2259 1616 2391 1672 alibi
2423 1628 2692 1687 tamquam
2725 1618 2999 1685 columba,
3033 1619 3105 1673 ita
3138 1616 3449 1687 huiusmodi
3478 1621 3654 1673 virtus
3682 1620 3882 1673 statio-

2262 1725 2388 1765 nem
2414 1710 2739 1765 tutissimam
2763 1712 3009 1766 invenire
3042 1726 3148 1766 non
3179 1709 3370 1780 possit.
3400 1708 3584 1766 Tarde
3610 1710 3766 1766 enim
3796 1710 3879 1763 in-

565 1803 773 1862 dixerit
792 1821 1037 1871 corvum,
1064 1804 1093 1843 b
1140 1804 1301 1858 donec
1337 1804 1549 1859 siccaret
1589 1820 1724 1873 aqua
1759 1820 1792 1856 a
1818 1813 1957 1856 terra
1986 1799 2155 1872 (Gen.
2189 1804 2239 1865 B
2266 1811 2348 1859 ter
2383 1804 2609 1858 astutias
2656 1804 2813 1858 istius
2868 1803 3051 1859 mundi
3077 1845 3093 1870 ,
3162 1813 3217 1859 et
3267 1802 3611 1858 saecularium
3666 1801 3875 1856 ﬂuctus

561 1913 688 1964 vtu,
723 1898 834 1970 7),
865 1898 1019 1969 quasi
1060 1913 1189 1954 vero
1220 1906 1405 1968 postea
1447 1897 1519 1952 sit
1564 1911 1863 1967 regressus.
1895 1894 2001 1950 Sed
2046 1894 2165 1949 lucc

563 1992 769 2048 locutio
796 1993 1078 2048 familiaris
1107 2002 1191 2048 est
1220 1992 1516 2063 Scriptura:
1544 1991 1762 2047 divinze.
1796 1991 2079 2060 Siquidem
2107 1998 2165 2045 et

565 2084 621 2141 iu
654 2085 952 2158 Evangelio
989 2086 1157 2142 habes
1181 2085 1443 2155 scriptum
1468 2085 1536 2140 de
1568 2094 1755 2141 sancta
1795 2084 1981 2150 Maria,
2019 2081 2164 2152 quod

566 2194 676 2237 non
708 2182 1021 2253 cognoverit
1072 2194 1191 2235 eam
1237 2180 1444 2249 Joseph
1487 2179 1661 2234 donec
1712 2177 1923 2248 peperit
1954 2177 2161 2245 filium,

568 2290 691 2331 cum
737 2276 920 2345 utique
958 2288 1061 2330 nec
1092 2282 1278 2343 postea
1330 2270 1901 2345 cognoverit(Matth.
1936 2287 1987 2334 ι.
2035 2268 2161 2341 25).

564 2365 768 2423 Deinde
798 2381 919 2435 quae
945 2374 1031 2421 est
1056 2364 1258 2419 locutio
1289 2363 1390 2419 ista
1411 2406 1426 2429 ,
1459 2372 1518 2418 ut
1546 2364 1788 2429 diceret,
1819 2363 1978 2418 donec
2006 2363 2169 2417 sicca-

563 2467 641 2513 ret
670 2475 803 2529 aqua
822 2475 854 2511 a
884 2466 1051 2524 terra,
1081 2472 1190 2511 non
1216 2464 1362 2511 terra
1394 2455 1463 2510 ab
1482 2470 1617 2525 aqua
1641 2456 1665 2509 Ἰ
1693 2456 1759 2511 Et
1778 2455 1997 2526 quidem
2039 2468 2167 2510 usus

566 2548 827 2620 loquendi
857 2549 1018 2603 etiam
1060 2548 1165 2603 hoc
1202 2546 1404 2602 habere
1447 2547 1729 2602 consuevit
1762 2564 1776 2601 :
1806 2554 1986 2601 tamen
2034 2562 2170 2601 non-

571 2642 709 2698 nulli
736 2652 861 2698 ante
904 2656 1005 2696 nos
1031 2641 1475 2707 aestimaverunt,
1524 2654 1591 2695 eo
1620 2638 1764 2711 quod
1813 2638 2168 2695 immoderata

568 2735 816 2807 quaedam
843 2734 1100 2791 videatur
1141 2734 1223 2789 vis
1262 2734 1491 2805 exprimi
1539 2735 1850 2804 passionum
1890 2734 1990 2788 hac
2017 2733 2169 2788 locu-

568 2828 719 2886 tione
746 2829 1070 2897 verborum;
1095 2831 1216 2901 Quia
1247 2829 1475 2884 turbidis
1503 2828 1845 2898 passionibus
1870 2844 1934 2883 ac
1954 2828 2167 2898 procel-

572 2922 707 2978 losis
749 2908 1163 2978 consummatur
1208 2922 1423 2991 anima,
1479 2922 1857 2978 deficientibus
1909 2931 2087 2977 autem
2116 2931 2173 2978 et

576 3017 730 3070 velut
749 3017 1117 3072 arescentibus
1139 3017 1392 3071 virtutem
1418 3026 1675 3072 resumat.
1699 3014 1815 3072 Non
1848 3014 1990 3072 redit
2012 3017 2173 3088 igitur

569 3108 745 3180 culpa:
773 3110 983 3181 species
1008 3112 1061 3165 in
1092 3110 1327 3165 animam
1358 3110 1510 3181 justi,
1540 3111 1693 3182 quasi
1718 3111 1919 3166 siccam
1951 3119 2007 3167 et
2028 3126 2172 3167 mor-

569 3209 720 3258 tuam
751 3202 1171 3275 derelinquens,
1203 3214 1258 3259 et
1285 3205 1373 3259 cui
1401 3203 1511 3275 iam
1536 3220 1732 3261 nocere
1760 3218 1864 3260 non
1902 3204 2096 3276 possit.

1142 3343 1370 3401 CAPUT
1404 3344 1594 3401 XVIII.

576 3458 646 3515 Ut
692 3474 874 3514 coruus
900 3459 1188 3525 malitiam,
1232 3461 1306 3514 sic
1354 3461 1591 3515 virtutem
1619 3460 1859 3515 columba
1906 3461 2170 3531 exprimit.

654 3550 736 3607 Ad
765 3552 898 3606 hanc
942 3551 1295 3623 recipiendam
1341 3569 1542 3623 semper
1570 3554 1775 3623 justum
1803 3569 1911 3608 esse
1940 3565 2175 3623 paratum

649 3645 874 3700 ostendit
900 3643 1054 3711 Noe;
1085 3645 1321 3707 idemque
1367 3644 1657 3699 columbam
1687 3655 1879 3715 septem
1905 3645 2026 3699 aliis
2066 3647 2176 3701 die-

648 3738 742 3793 bus
787 3740 1011 3794 retinens
1059 3737 1363 3809 patientiam
1402 3738 1458 3792 in
1484 3738 1790 3810 corrigendo
1834 3739 2175 3794 necessariam

645 3832 815 3888 docet.

643 3950 731 4007 64.
748 3948 857 4007 Nec
885 3948 1014 4006 illud
1031 3964 1287 4014 vacuum,
1303 3948 1446 4021 quod
1475 3956 1662 4020 postea
1685 3947 2175 4006 columba'dimitti-

573 4052 679 4101 tur.
704 4044 954 4099 Malitiam
978 4044 1177 4100 ctenim
1214 4042 1555 4115 simplicitas,
1572 4050 1629 4098 et
1652 4042 1863 4111 culpam
1895 4042 2065 4096 virtus
2088 4055 2175 4097 re-

572 4136 955 4193 solvit.Malitia
975 4136 1998 4207 igituramatdiluvium,etconsortium
2012 4136 2173 4205 iustze

574 4229 776 4285 mentis
798 4229 1027 4300 refugit,
1056 4239 1111 4286 et
1136 4230 1290 4301 quasi
1321 4229 1568 4286 desolata
1588 4269 1602 4292 ,
1633 4238 1687 4283 et
1713 4229 1830 4283 sine
1852 4230 2029 4299 aliqua
2064 4238 2176 4283 sta-

575 4322 725 4377 tione
744 4331 990 4376 remanet
1009 4322 1212 4376 nullam
1238 4320 1446 4376 habens
1471 4334 1593 4375 cum
1614 4321 1813 4375 virtute
1838 4321 2176 4375 communio-

578 4428 725 4469 nem.
767 4412 947 4467 Virtus
977 4422 1159 4467 autem
1189 4412 1330 4468 redit
1352 4427 1545 4467 amans
1561 4412 1833 4481 iustorum
1861 4413 2137 4467 consortia
2156 4453 2171 4482 ,

580 4515 636 4562 et
666 4504 961 4577 largiendo:
988 4504 1308 4560 familiarior
1332 4504 1581 4570 utilitati,
1615 4519 1736 4573 quae
1757 4504 2003 4560 conferat
2027 4505 2173 4560 salu-

2264 1896 2619 1966 cupiditatum
2641 1936 2658 1963 ,
2687 1906 2904 1967 portum
2937 1896 3080 1950 solet
3099 1894 3353 1951 invenire
3383 1893 3732 1965 simplicitas.

2338 1988 2428 2049 65.
2470 1988 2652 2058 Itaque
2683 1999 2704 2027 ε
2734 1989 2873 2044 sicut
2891 1988 3101 2058 iustitia
3125 1988 3271 2044 velut
3303 1989 3511 2044 visendi
3542 1989 3719 2059 gratia
3751 2002 3876 2058 pro-

2264 2097 2449 2154 gressa
2467 2083 2763 2151 pattIiSpel',
2788 2084 2854 2137 ad
2884 2091 3117 2137 mentem
3140 2083 3398 2153 Optimam
3423 2082 3605 2138 redire
3624 2082 3873 2147 festinat,

2268 2190 2372 2231 nec
2400 2175 2609 2248 longius
2632 2176 2909 2231 discedita
2933 2176 3113 2247 justo;
3165 2177 3236 2231 ita
3265 2177 3427 2231 etiam
3464 2176 3643 2246 justus
3675 2185 3732 2231 et
3754 2184 3874 2229 stu-

2267 2268 2453 2325 diosus
2471 2268 2687 2324 virtutis
2713 2268 2803 2323 ubi
2842 2270 3095 2323 virtutem
3125 2270 3561 2342 appropinquare
3595 2283 3871 2340 cognove-

2268 2362 2373 2428 rit,
2417 2362 2679 2433 gremium
2721 2378 2835 2419 suae
2876 2363 3073 2419 mentis
3102 2364 3378 2435 expandit.
3412 2363 3551 2432 Quid
3591 2362 3742 2418 enim
3771 2362 3871 2417 sibi

2270 2458 2549 2529 vultquod
2584 2459 2685 2523 vir,
2727 2458 3002 2515 studiosus
3042 2458 3256 2514 virtutis
3294 2440 3408 2514 Noe
3433 2458 3739 2514 extendens
3761 2472 3871 2512 ma-

2237 2579 2243 2585 ο
2275 2568 2403 2608 num
2458 2553 2839 2622 suscepiteam
2862 2592 2880 2620 ,
2912 2563 2968 2609 et
3016 2552 3320 2607 introduxit
3358 2552 3424 2607 ad
3464 2553 3565 2607 se?
3593 2551 3749 2620 Quod
3774 2551 3870 2606 etsi

2273 2646 2569 2703 secundum
2596 2646 2831 2703 litteram
2859 2647 3076 2717 planum
3098 2646 3335 2711 videtur,
3363 2662 3469 2701 non
3505 2658 3684 2701 tamen
3719 2646 3871 2701 facile

2271 2738 2532 2808 colligas,
2559 2737 2661 2792 nisi
2691 2739 2788 2793 viri
2827 2739 3090 2803 sapientis
3120 2739 3216 2794 tibi
3242 2746 3371 2795 nota
3400 2741 3470 2794 sit
3496 2738 3864 2804 consuetudo,

2273 2831 2362 2899 qui
2394 2831 2541 2885 velut
2561 2831 2920 2899 Speculatrice
2965 2832 3165 2887 virtute
3192 2832 3380 2898 utitur,
3429 2831 3556 2886 etei
3587 2831 3870 2901 explorau-

2273 2922 2467 2979 dorum
2526 2925 2867 2995 negotiorum
2929 2925 3400 2997 gerendorumque
3466 2926 3866 2995 pratrogativam

2274 3016 2564 3086 quamdam
2598 3017 2812 3072 videtur
2831 3019 3197 3074 committere.
3229 3017 3306 3073 Ea
3330 3032 3461 3088 ergo
3488 3017 3660 3072 virtus
3676 3032 3869 3084 expen-

2276 3108 2355 3163 dit
2403 3118 2657 3174 naturas,
2693 3110 2814 3166 utsi
2866 3126 2974 3181 qua
3003 3125 3190 3165 earum
3229 3110 3333 3165 sibi
3378 3110 3591 3165 videtur
3631 3110 3870 3165 commit-

2201 3200 2247 3265 C
2280 3212 2395 3260 tere
2421 3204 2740 3274 profectum,
2774 3206 2827 3261 ei
2855 3206 3027 3277 possit
3055 3205 3371 3276 adiungere.
3396 3202 3719 3261 Communis
3733 3205 3867 3260 enim

2280 3296 2525 3368 quaedam
2575 3308 2658 3352 est
2698 3298 2912 3353 bonitas
2959 3299 3243 3368 sapientia:
3284 3309 3337 3353 et
3366 3298 3607 3354 liberalis
3648 3308 3703 3354 et
3732 3299 3866 3369 larga

2280 3392 2558 3458 utilitatis;
2581 3391 2652 3446 ita
2681 3402 2737 3446 ut
2759 3407 2892 3462 quas
2917 3391 3218 3461 morigeras
3241 3391 3341 3447 sibi
3368 3392 3582 3459 cernit,
3603 3392 3863 3448 asSociet:

2278 3485 2371 3540 ubi
2400 3494 2581 3540 autem
2619 3487 2897 3556 proposito
2941 3500 3040 3540 suo
3065 3485 3261 3541 viderit
3307 3485 3615 3556 aliquorum
3647 3486 3866 3541 recalci-

2280 3587 2424 3634 trare
2450 3589 2692 3633 naturam
2714 3618 2728 3641 ,
2757 3578 2905 3633 velut
2948 3578 3014 3633 ad
3044 3577 3335 3647 hospitium
3364 3578 3632 3635 familiare
3662 3580 3761 3634 sibi
3788 3593 3865 3635 re-

2276 3672 2423 3727 volat
2449 3680 2505 3727 et
2534 3672 2801 3739 recurrit,
2848 3677 3009 3742 quam
3041 3672 3258 3743 sapiens
3308 3682 3365 3729 et
3404 3673 3709 3729 industrius
3743 3682 3864 3727 tam-

2276 3778 2437 3835 quam
2468 3779 2628 3819 manu
2658 3763 2895 3835 quadam
2928 3765 3127 3820 mentis
3147 3763 3374 3821 festinat
3397 3765 3653 3835 excipere
3672 3806 3689 3829 ,
3716 3780 3863 3822 omne

2277 3874 2373 3914 cor
2396 3858 2651 3928 aperiens
2668 3872 2824 3912 suum
2846 3872 2956 3929 quo
2981 3859 3143 3913 etiam
3172 3873 3292 3913 eam
3320 3858 3605 3914 absentem
3635 3858 3858 3916 tenebat.
3927 3918 3937 3929 ,

2277 3951 2583 4023 Numquam
2612 3950 2755 4007 enim
2787 3960 2966 4021 potest
3004 3952 3221 4023 sapiens
3259 3966 3452 4009 exsors
3495 3966 3621 4009 esse
3650 3953 3862 4025 propriae

2277 4047 2511 4102 virtutis.

2351 4139 2442 4197 66.
2483 4141 2624 4211 Quid
2659 4149 2922 4212 praeterea
2976 4141 3077 4198 sibi
3104 4140 3237 4197 velit
3275 4141 3423 4212 quod
3449 4142 3627 4197 tenuit
3669 4150 3858 4213 septem

2276 4232 2471 4290 diebus
2497 4234 2619 4289 aliis
2644 4232 2988 4299 columbam,
3019 4241 3073 4288 et
3118 4233 3314 4288 iterum
3359 4232 3542 4288 emisit
3566 4247 3725 4299 eam;
3772 4233 3860 4289 nisi

2278 4336 2338 4383 ut
2384 4328 2636 4383 advertas
2704 4325 2849 4397 quod
2892 4327 3097 4383 bonum
3158 4326 3452 4396 sapientis,
3508 4326 3860 4397 Optimumque

2278 4422 2615 4491 propositum
2642 4435 2859 4491 semper
2880 4418 2982 4474 sibi
3010 4421 3173 4475 etiam
3196 4418 3333 4475 alios
3350 4419 3648 4491 adiungere
3676 4421 3857 4487 studet,

2277 4524 2525 4569 errantes
2553 4514 2850 4569 emendare
2870 4552 2886 4579 ,
2913 4511 3194 4583 corrigere
3215 4513 3515 4583 vagantes?
3545 4512 3603 4569 Si
3635 4530 3783 4585 quem
3811 4514 3857 4569 iu

579 4599 715 4655 taria
740 4640 754 4666 ,
785 4609 839 4653 et
862 4598 1099 4655 cavenda
1117 4613 1178 4654 ea
1198 4612 1319 4667 quae
1339 4606 1467 4653 sunt
1491 4597 1758 4663 nocitura,
1788 4607 2134 4654 commoneat
2156 4617 2169 4653 ε
2200 4616 2255 4677 1)
2280 4605 2552 4678 principio
2580 4605 2794 4663 resilire
2847 4607 3229 4677 conspexerit,
3282 4615 3462 4662 tamen
3509 4606 3857 4663 commutandi

577 4689 721 4748 sicut
746 4688 995 4746 columba
1026 4688 1250 4745 dimissa
1273 4705 1395 4746 cum
1436 4689 1648 4746 videret
1673 4704 1920 4747 cessasse
1939 4706 2132 4761 aquam
2156 4732 2170 4759 ,

577 4800 829 4859 regressa
856 4793 942 4839 est
990 4793 1264 4855 tamquam
1313 4785 1467 4855 plena
1505 4786 1768 4857 iustitiae;
1816 4796 1875 4842 ut
1919 4788 2025 4843 eia
2066 4801 2174 4858 quo

578 4879 747 4937 missa
777 4880 951 4935 fuerat
975 4921 992 4947 ,
1021 4878 1299 4934 nuutiaret
1323 4878 1451 4950 quid
1480 4878 1658 4935 adhuc
1684 4894 1879 4937 cavere
1906 4879 2169 4949 deberet,

576 4984 743 5047 atque
787 4972 1154 5042 exspectando
1196 4972 1371 5030 fructu
1410 4975 1635 5031 meliore
1667 4985 1851 5047 postea
1883 4976 2170 5047 p0tiretur.

578 5067 732 5137 Quod
761 5067 923 5141 255
951 5076 1132 5124 autem
1170 5067 1422 5123 columba
1454 5082 1562 5123 non
1610 5064 1891 5125 inveniens
1933 5068 2174 5141 requiem

576 5179 729 5222 suam
760 5164 1067 5236 regreditur
1087 5162 1153 5219 ad
1179 5179 1301 5219 eum
1324 5205 1339 5226 ,
1368 5162 1713 5219 manifestum
1737 5164 1994 5221 iudicium
2027 5164 2178 5219 dedit

576 5271 674 5328 per
701 5255 1010 5328 huiusmodi
1038 5270 1168 5313 aves
1192 5263 1451 5327 quantum
1500 5255 1711 5311 intersit
1740 5257 1881 5313 inter
1914 5257 2172 5312 malitiam

577 5357 635 5406 et
660 5350 949 5419 virtutem,
979 5349 1230 5421 exprimi.
1274 5346 1553 5419 Siquidem
1588 5361 1786 5405 corvus
1820 5359 1948 5405 ante
1982 5349 2173 5404 dimis-

653 5528 681 5556 ει
711 5518 842 5573 Post
884 5531 1106 5583 vocem,
1154 5513 1437 5579 remansit,
1475 5512 1693 5568 additur
1736 5512 1789 5568 in
1841 5512 2002 5568 Rom.
2034 5511 2167 5568 edit.

580 5586 741 5644 donec
769 5589 1045 5644 siccaretur
1084 5605 1256 5660 aqua;
1286 5586 1384 5643 sed
1426 5586 1571 5641 nulla
1601 5586 1706 5641 alia
1756 5584 1889 5641 edit.
1916 5584 2003 5639 vel
2033 5598 2166 5640 mss.

580 5660 1065 5800 δυξΐὲἕιῖειῖίοιηη
1102 5731 1264 5788 donec
1308 5732 1584 5787 siccaretar
1612 5746 1745 5798 aqua
1766 5746 1797 5783 a
1827 5729 1962 5801 facie
1987 5737 2165 5794 terrm,

581 5812 643 5864 ut
668 5802 832 5861 etiam
867 5801 1028 5858 intra.
1067 5803 1205 5860 Aliae
1233 5818 1363 5860 vero
1382 5803 1513 5859 edit.
1548 5812 1605 5861 et
1636 5816 1768 5859 mss.
1793 5816 1992 5875 magno
2038 5815 2171 5860 con-

2278 4700 2398 4771 ejus
2427 4708 2485 4756 et
2527 4699 2836 4771 corrigendi
2889 4715 3002 4757 non
3049 4700 3307 4771 desperet
3361 4700 3684 4771 profectum.
3728 4701 3860 4758 Sicut

2280 4794 2425 4850 enim
2449 4794 2626 4849 bonus
2654 4794 2927 4859 medicus,
2958 4794 3059 4849 etsi
3092 4803 3305 4864 tempus
3325 4793 3610 4850 medicinze
3640 4810 3744 4851 non
3769 4796 3856 4861 sit,

2281 4895 2462 4944 tamen
2511 4885 2836 4942 visitationis
2862 4885 3140 4957 speculam
3181 4894 3310 4942 ante
3339 4886 3655 4958 praemittit;
3685 4886 3858 4943 deinde

2282 4994 2388 5033 non
2414 4977 2633 5049 uegligit
2653 4977 2814 5048 iustae
2842 4979 3272 5047 exSpectatiouis
3298 4978 3575 5046 excubias,
3606 4990 3663 5035 et
3685 4980 3857 5050 paulis-

2281 5088 2377 5143 per
2388 5072 2731 5143 passionibus
2742 5072 2964 5138 cedens,
2981 5073 3262 5143 Opperitur
3279 5071 3587 5128 facultatem
3604 5074 3851 5139 medendi,

2279 5180 2400 5236 qua:
2414 5180 2534 5220 cum
2552 5165 2715 5221 fuerit
2739 5166 2943 5230 oblata,
2961 5182 3119 5221 suum
3142 5182 3250 5220 non
3277 5165 3584 5222 intermittit
3600 5167 3853 5224 officium:

2278 5256 2353 5313 ita
2389 5272 2518 5329 ergo
2564 5267 2617 5313 et
2655 5257 2871 5328 sapiens
2905 5257 3084 5312 verbis
3119 5272 3184 5312 ac
3213 5256 3693 5327 diSputationibus.
3721 5259 3857 5331 256

2282 5358 2554 5421 tamquam
2588 5351 2832 5406 medicus
2876 5349 3323 5418 medicamentis,
3355 5350 3662 5406 ccutrarias
3689 5364 3854 5405 curare

2272 5525 2432 5569 sensu
2455 5555 2470 5577 ,
2503 5513 2667 5567 donec
2708 5512 2922 5566 siccaret
2964 5525 3101 5578 aqua
3130 5526 3163 5563 a
3185 5517 3345 5564 terra.
3378 5506 3483 5565 Ubi
3530 5506 3847 5576 subauditur,

2270 5602 2326 5639 se
2349 5627 2363 5652 ,
2389 5582 2843 5655 cllipsifamiliari
2877 5583 3019 5655 apud
3052 5581 3296 5655 Latinos.

2345 5649 2367 5696 ὸ
2404 5649 2531 5711 ne.
2562 5653 2726 5711 Corb.
2784 5662 2840 5713 et
2887 5649 3084 5726 Long,
3140 5652 3275 5709 sicut
3321 5651 3505 5707 uirtus.
3536 5649 3719 5721 Colb.,
3742 5652 3848 5708 sicut

2262 5732 2462 5803 justus.
2488 5726 2650 5785 Male.
