4150 6358
236 354 346 416 395

1349 362 1438 418 DE
1474 360 1612 418 NOE
1653 361 1744 419 ET
1781 363 1971 422 ΑΒΕΔ
2008 365 2216 423 LIBER
2253 367 2456 427 UNUS.

3438 377 3542 434 594

227 472 509 530 desiderat
541 462 845 546 passiones.
877 476 942 532 Et
962 475 1082 546 quia
1108 477 1161 533 in
1189 477 1440 533 omnibus
1472 479 1718 535 remedio
1748 479 1834 535 di-
1863 484 1913 542 Α
1941 491 2026 537 est
2082 483 2390 552 hujusmodi
2423 486 2676 543 columba
2703 529 2718 555 ,
2770 495 2827 542 ut
2855 490 3025 559 possit
3077 489 3281 548 fruetus
3310 493 3543 550 latentes

231 565 342 621 vini
388 567 596 623 favoris
627 568 886 624 utendum
938 579 1051 636 est;
1103 569 1224 626 ideo
1251 580 1460 640 septem
1507 573 1844 643 exspectavit

237 657 357 714 dies
401 660 607 731 quibus
662 661 896 718 mundus
947 663 1122 718 omnis
1172 662 1507 719 describitur
1559 665 1842 721 absolutus

242 749 402 824 (Gen.
426 768 464 809 ιι
482 795 495 819 ,
520 751 602 826 2),
626 763 682 810 et
705 755 973 826 operatori
997 757 1208 827 requies
1231 757 1554 826 ministrata;
1572 767 1629 814 ut
1657 776 1722 815 ex
1747 759 1844 815 illo

244 852 471 902 auctore
523 849 766 905 omnium
819 860 1124 906 sumeretur
1177 849 1466 922 disciplina
1507 852 1844 924 operationis

239 937 517 998 humanae.

839 1056 1067 1116 CAPUT
1105 1058 1254 1117 XIX.

240 1172 490 1230 Columba
515 1189 678 1245 quare
697 1175 902 1229 dicatur
930 1176 1000 1230 ad
1026 1192 1290 1250 vesperam
1321 1195 1556 1252 regressa
1599 1195 1717 1234 cum
1748 1177 1847 1233 oti-

309 1282 385 1323 vae
437 1284 583 1322 ramo
633 1269 688 1323 in
729 1284 819 1324 ore
868 1285 888 1324 :
917 1270 1037 1324 item
1070 1271 1210 1325 unde
1260 1287 1421 1343 aquas
1450 1272 1700 1344 defecisse
1731 1270 1849 1326 Noe

309 1361 607 1433 cognoverit
648 1376 666 1415 :
698 1363 908 1415 tandem
945 1378 1039 1416 cur
1085 1362 1266 1418 eadem
1313 1364 1548 1419 columba
1577 1373 1693 1435 post
1739 1365 1847 1419 dies

308 1463 500 1525 septem
523 1456 675 1510 tertio
704 1455 892 1510 emissa
921 1471 1026 1511 non
1049 1472 1254 1512 reversa
1281 1459 1398 1513 sit?

313 1587 404 1645 67.
449 1587 707 1661 Regressa
751 1601 828 1648 est
877 1591 1038 1662 igitur
1081 1593 1319 1651 columba
1347 1597 1416 1651 ad
1441 1613 1726 1665 vesperam,
1757 1598 1850 1652 ha-

241 1683 363 1740 bens
393 1685 579 1754 {otium
602 1687 748 1752 olere,
773 1699 820 1742 et
846 1708 1049 1744 ramum
1080 1690 1132 1744 in
1153 1706 1240 1744 ore
1267 1708 1360 1746 suo
1385 1690 1539 1763 (Gen.
1573 1708 1700 1758 vni,
1735 1691 1845 1763 ll).

241 1778 360 1836 Non
390 1781 567 1837 otiose
590 1784 768 1853 posuit
797 1793 850 1840 et
875 1801 1159 1856 vesperam
1184 1827 1199 1852 ,
1229 1795 1285 1841 et
1317 1800 1643 1855 regressam,
1672 1796 1726 1840 et
1748 1785 1846 1840 ba-

1945 574 2047 629 sub
2074 590 2210 646 aqua
2237 593 2448 635 eruere.
2497 580 2605 636 Sed
2637 592 2814 636 utrutn
2850 582 2977 638 illud
3018 583 3204 640 folium
3235 597 3362 642 ante
3402 586 3543 642 dilu—

1946 665 2090 720 vium
2119 665 2278 723 fuerit
2326 679 2602 736 exortum,
2633 689 2698 727 an
2740 684 2983 745 tempore
3022 677 3210 734 diluvii
3232 719 3246 745 ,
3275 693 3540 736 contuen-

1946 757 2072 812 dum
2097 768 2181 814 est
2209 759 2323 814 tibi.
2351 763 2406 816 Si
2433 771 2560 818 ante
2582 763 2843 820 diluvium
2868 807 2882 834 ,
2908 767 3188 838 virjustus
3213 770 3430 840 gavisus
3460 780 3544 827 est

1949 851 2180 909 fructum
2203 852 2271 908 de
2291 855 2459 910 veteri
2489 855 2649 928 257
2675 860 2884 916 semine
2909 861 3146 932 aliquem
3178 873 3540 932 reservatum,

1945 953 2002 999 et
2047 944 2174 1000 inde
2216 945 2439 1017 collegit
2485 949 2872 1006 misericordiae
2903 952 3114 1024 insigne
3141 955 3370 1023 divinae,
3395 955 3538 1027 quod

1941 1035 2053 1106 jam
2100 1035 2362 1093 diluvium
2394 1040 2752 1111 removisset,
2780 1059 2900 1114 quae
2937 1047 3171 1102 fructum
3200 1048 3541 1106 demonstra-

1947 1140 2063 1197 ret,
2113 1133 2200 1188 cui
2255 1149 2361 1188 non
2409 1135 2710 1205 potuissent
2755 1153 2953 1194 nocere
3000 1140 3220 1198 diluvia.
3253 1145 3313 1200 Si
3358 1145 3541 1200 diluvii

1949 1231 2197 1293 tempore
2230 1236 2411 1282 natum
2466 1235 2551 1284 est
2599 1228 2821 1296 folium,
2867 1231 3104 1289 advertit
3135 1236 3320 1306 utique
3362 1238 3543 1307 justus

1951 1334 2086 1373 nova
2127 1319 2335 1376 semina
2383 1320 2776 1379 misericordia:
2801 1324 3153 1384 frnctificasse
3179 1330 3420 1386 caelestis
3442 1373 3456 1398 ,
3488 1344 3540 1387 ut

1949 1411 2164 1467 radices
2204 1413 2455 1469 arborum
2489 1415 2767 1480 viverent,
2798 1426 2852 1472 et
2877 1419 3030 1488 quasi
3062 1431 3341 1493 resumpta
3366 1424 3541 1478 anima

1949 1503 2090 1558 fetus
2114 1505 2483 1574 germinarent
2509 1517 2752 1564 vetustos
2769 1552 2783 1575 ,
2817 1518 2978 1582 atque
3004 1514 3056 1566 in
3082 1524 3334 1570 assuetos
3359 1527 3543 1584 partus

1951 1597 2228 1666 redirent,
2262 1615 2488 1671 quorum
2534 1601 2789 1658 indicium
2827 1605 3104 1674 prmmissa
3129 1605 3257 1662 folia
3287 1606 3542 1664 demons-

1953 1700 2178 1745 ῑΓζΙΓΕΙὶῑ.

2024 1782 2114 1839 69.
2155 1783 2258 1838 Sed
2304 1783 2405 1840 hoc
2434 1785 2538 1840 alta
2570 1788 2749 1858 potius
2791 1789 3246 1861 interpretatione
3290 1794 3545 1866 collegit,

239 1875 460 1931 bentem
501 1876 640 1932 oleae
668 1876 873 1943 folium,
902 1888 956 1934 et
978 1879 1246 1933 ramulum
1273 1877 1324 1931 in
1349 1893 1443 1932 ore
1485 1893 1614 1945 suo,
1650 1888 1707 1930 ut
1735 1893 1842 1932 non
1875 1877 1922 1937 B
1950 1874 2074 1944 quia
2109 1875 2369 1932 Dominus
2403 1878 2540 1934 Deus
2568 1889 2755 1935 noster
2778 1883 3023 1952 quamvis
3051 1885 3265 1940 acerbis
3292 1886 3524 1956 iniquita

241 1967 559 2039 fugitantem
608 1969 862 2025 virtutem
916 1969 1205 2026 arbitreris
1249 1969 1529 2040 profectus
1569 1968 1768 2035 futuri,
1803 1968 1852 2024 si

239 2078 379 2134 quos
407 2064 581 2134 possit
627 2064 913 2136 acquirere
939 2081 952 2130 ;
983 2079 1161 2133 neque
1207 2078 1396 2120 rursus
1427 2075 1702 2136 tamquam
1731 2064 1852 2120 sine

242 2156 450 2213 lumine
475 2171 596 2212 eam
629 2156 794 2213 fuisse
821 2171 1151 2229 cognoscas,
1182 2166 1236 2213 et
1256 2157 1583 2229 quibusdam
1613 2155 1851 2212 tenebris

243 2252 536 2318 occultam,
567 2251 663 2307 sed
689 2251 892 2308 diurno
918 2251 1155 2308 candore
1184 2250 1477 2324 fulgentem
1503 2260 1852 2322 exSpectasse

245 2360 420 2417 usque
471 2345 537 2401 ad
567 2361 820 2403 occasum
850 2347 995 2415 diei,
1040 2358 1094 2403 et
1122 2348 1202 2403 sic
1228 2347 1296 2403 ad
1337 2363 1460 2403 eum
1507 2362 1812 2420 regressam
1835 2388 1850 2416 ,

244 2435 386 2507 apud
416 2453 577 2508 quem
613 2440 778 2495 etiam
808 2441 1021 2511 veSperi
1057 2440 1313 2496 tenebras
1344 2439 1550 2496 habere
1578 2456 1685 2495 non
1718 2455 1848 2512 pos-

244 2539 346 2586 set.
375 2530 587 2587 Folium
617 2548 832 2605 quoque
878 2533 1022 2604 quod
1055 2549 1242 2590 secum
1293 2533 1516 2600 detulit,
1560 2533 1664 2590 etsi
1691 2535 1853 2589 breve

246 2618 378 2678 illud
409 2622 599 2679 folium
622 2624 886 2681 detulisse
909 2625 1180 2693 videatur,
1210 2641 1362 2696 spem
1394 2641 1581 2682 eorum
1610 2643 1745 2698 quos
1769 2627 1854 2681 sui

247 2717 535 2787 paeniteret
557 2719 762 2775 erroris
780 2761 796 2786 ,
822 2720 928 2775 etsi
970 2736 1078 2776 non
1106 2736 1380 2792 magnam,
1407 2721 1641 2792 aliquam
1675 2730 1852 2791 tamen

249 2806 592 2879 significavit.
620 2809 833 2867 Folium
865 2814 1012 2868 enim
1044 2814 1162 2868 sine
1204 2812 1439 2884 virgulto
1465 2829 1590 2869 esse
1620 2829 1726 2869 non
1761 2830 1856 2884 po-

252 2909 414 2957 terat.
467 2903 610 2975 Ergo
638 2905 792 2974 quasi
837 2906 1194 2976 germinantis
1239 2915 1265 2944 α
1294 2907 1688 2974 correctionis,
1731 2909 1859 2964 licet

251 3013 362 3053 non
393 3013 646 3070 magnum
676 2998 891 3072 aliquod
917 3045 931 3068 ,
955 3010 1136 3058 tamen
1166 3003 1317 3058 vexit
1351 3003 1562 3074 insigne
1588 3013 1642 3058 et
1671 3003 1854 3058 folium

253 3091 424 3161 olea),
461 3093 514 3170 in
545 3109 647 3164 qua
693 3095 888 3151 arbore
914 3095 1051 3149 oliva
1085 3095 1399 3166 generatur,
1435 3111 1498 3151 ex
1529 3111 1630 3166 qua
1677 3097 1854 3151 oleum

252 3186 562 3254 conficitur,
597 3202 704 3256 quo
734 3187 1013 3244 materiale
1041 3189 1343 3245 hoclumeu
1369 3188 1599 3254 fovetur,
1623 3200 1677 3245 ct
1711 3199 1857 3245 tene-

1954 1969 2022 2023 tis
2065 1979 2264 2026 nostrae
2311 1971 2550 2029 offensus
2580 1982 2728 2030 esset
2764 1976 3071 2044 erroribus;
3105 1988 3282 2035 tamen
3313 1982 3547 2052 antiqua‘

1955 2061 2111 2118 nobis
2143 2065 2407 2134 prosapia:
2437 2066 2734 2137 patriaeque
2765 2067 2983 2123 virtutis
3005 2084 3193 2126 semen
3221 2071 3440 2143 aliquod
3464 2073 3548 2128 vel

1953 2157 2206 2226 exiguum
2234 2170 2571 2226 reservaret,
2605 2175 2671 2214 ne
2699 2160 2912 2229 penitus
2949 2164 3130 2230 operis
3178 2171 3234 2219 et
3276 2174 3542 2220 creatura:

1954 2264 2066 2304 suae
2097 2264 2261 2306 omne
2288 2253 2438 2306 circa
2471 2251 2769 2307 humanum
2799 2269 2973 2324 genus
3012 2265 3385 2325 amputaretur
3416 2259 3548 2314 insi-

1952 2357 2076 2413 gne.
2103 2341 2259 2398 Unde
2291 2352 2348 2399 et
2386 2343 2574 2399 Esaias
2607 2345 2683 2399 ait
2713 2362 2726 2398 :
2763 2343 2883 2400 Nisi
2909 2345 3168 2402 Dominus
3195 2348 3425 2404 Sabaoth
3468 2368 3550 2407 re-

1955 2434 2182 2505 liquisset
2209 2435 2356 2490 nobis
2393 2453 2560 2492 semen
2585 2479 2599 2504 ,
2630 2439 2760 2492 sicut
2792 2438 3022 2494 Sodoma
3066 2442 3194 2509 [acti
3221 2459 3473 2510 essemus,
3506 2455 3555 2500 et

1955 2528 2084 2582 sicut
2113 2525 2407 2584 Gomorrlia
2428 2529 2622 2586 similes
2645 2548 2871 2588 essemus
2891 2531 3059 2606 (Esai.
3084 2550 3123 2601 ι,
3147 2533 3224 2607 9),
3254 2538 3307 2591 in
3330 2537 3557 2594 alterius

1957 2623 2176 2678 nomine
2197 2621 2433 2679 civitatis
2455 2625 2768 2696 exprimens
2791 2627 3049 2682 caecitatis
3083 2628 3363 2694 indicium,
3394 2631 3445 2684 in
3475 2633 3555 2686 al-

1960 2716 2127 2770 terius
2176 2715 2545 2772 sterilitatem.
2593 2717 2666 2772 lta
2707 2719 2853 2773 enim
2900 2719 3075 2790 lingua
3109 2721 3280 2790 patria
3315 2720 3557 2779 Cbaldtei

1960 2817 2346 2878 nuncuparunt
2385 2809 2673 2864 Sodnmam
2720 2820 2776 2866 et
2815 2809 3207 2880 Gon‘iorrbatn,
3252 2816 3556 2870 caecitatem

1960 2909 2015 2955 et
2077 2901 2420 2956 sterilitatem
2489 2903 2877 2973 significantes.
2944 2905 3240 2978 Meritoque
3295 2910 3560 2967 Dominus

1961 2992 2014 3047 in
2066 2991 2374 3062 liujusmodi
2427 2994 2609 3065 sperie
2674 2997 2952 3051 civitatum
3019 3001 3319 3068 amputavit
3383 3005 3557 3074 magis

1963 3087 2196 3141 humana
2223 3087 2371 3154 vitia,
2405 3104 2565 3159 quam
2590 3089 2890 3158 puniendos
2913 3090 3160 3148 homines
3186 3093 3212 3130 ά
3231 3093 3514 3165 judicavit.

2036 3180 2124 3237 70.
2165 3179 2351 3234 Tertio
2389 3180 2680 3236 dimittitur
2711 3185 2958 3239 columba
3006 3195 3360 3256 postseptem
3405 3188 3557 3256 dies,

251 3278 473 3335 brarum
503 3281 718 3351 fugatur
748 3283 1070 3340 obscuritas.
1097 3284 1237 3352 Quid
1269 3292 1450 3340 autem
1479 3282 1652 3362 magis
1694 3297 1854 3354 quam

1965 3282 2128 3344 atque
2153 3272 2342 3328 cadem
2363 3289 2470 3328 non
2499 3274 2824 3345 regreditur.
2854 3275 3007 3331 Unde
3024 3278 3456 3347 consideremus,
3491 3297 3561 3338 ne

250 3370 438 3428 lumen
467 3373 732 3430 familiare
759 3374 940 3430 virtuti
985 3377 1102 3431 est?
1131 3376 1344 3431 Folium
1372 3392 1501 3447 ergo
1528 3386 1582 3431 et
1617 3379 1860 3431 ramulns

250 3465 465 3537 insigne
487 3475 568 3522 est
595 3466 958 3523 correctionis
991 3482 1007 3534 ;
1033 3470 1301 3525 correctio
1329 3478 1507 3524 autem
1526 3470 1679 3538 quasi
1713 3468 1858 3523 radi-

250 3573 372 3614 cem
415 3561 497 3615 sui
545 3562 918 3632 paenitentiam
973 3562 1173 3628 habet,
1226 3579 1347 3633 quin
1376 3563 1697 3632 paenitentia
1749 3577 1860 3616 non

251 3662 434 3725 potest
457 3654 507 3709 in
535 3655 762 3710 turbidis
785 3698 800 3724 ,
824 3654 919 3711 sed
953 3655 1004 3710 in
1033 3655 1097 3710 iis
1125 3656 1217 3727 qtti
1263 3655 1561 3725 spiritalem
1590 3655 1702 3727 jam
1736 3643 1878 3711 ser?

253 3763 473 3804 monem
505 3749 848 3819 acceperint,
881 3751 1208 3822 germinare.
1264 3751 1320 3804 ln
1362 3767 1460 3806 ore
1504 3765 1720 3821 quoque
1751 3765 1861 3804 non

255 3840 454 3895 frustra
486 3841 729 3896 ramulus
755 3842 889 3896 olea:
920 3841 1134 3897 videtur
1163 3857 1288 3898 esse
1323 3842 1570 3908 delatus,
1602 3857 1668 3898 eo
1715 3841 1858 3913 quod

253 3931 428 3986 virtus
456 3944 512 3987 et
541 3933 804 4003 sapientia
847 3934 898 3988 in
932 3949 1187 3988 sermone
1215 3934 1300 3989 sui
1351 3933 1550 3989 habeat
1578 3934 1861 3989 claritudi-

255 4037 418 4090 nem,
467 4031 523 4078 et
569 4023 688 4092 ipsa
717 4025 904 4078 statim
953 4025 1136 4094 Specie
1185 4024 1369 4080 lumen
1411 4026 1532 4095 ejus
1576 4027 1861 4097 etfulgeat,

256 4117 496 4172 maxime
516 4132 637 4172 cum
665 4117 886 4187 pacitica
912 4117 1171 4186 quuitur;
1195 4123 1453 4188 quoniam
1482 4119 1626 4173 hunc
1649 4135 1863 4190 quoque

253 4209 526 4264 ramulum
577 4223 766 4280 pacem
826 4218 1073 4281 petentes
1125 4211 1385 4281 praeferre
1429 4222 1854 4267 consueverunt.

255 4297 406 4357 Tulit
430 4303 721 4370 ramulum,
764 4319 830 4359 eo
859 4303 1003 4375 quod
1031 4304 1352 4374 simplicitas
1395 4307 1630 4376 puritate
1657 4322 1720 4363 ac
1747 4306 1857 4362 sin-

252 4398 484 4453 ceritate
505 4399 713 4453 semina
744 4397 990 4470 quaedam
1020 4397 1241 4453 auribus
1272 4400 1475 4455 nostris
1499 4399 1745 4455 utilitatis
1776 4401 1860 4456 in-

254 4487 466 4544 fundit:
497 4497 554 4546 et
579 4490 734 4546 honre
754 4487 783 4528 ι)
802 4489 1048 4545 doctrina
1081 4490 1297 4545 virtutis
1318 4498 1409 4545 aut
1438 4490 1505 4546 ad
1533 4491 1857 4549 industriam

255 4565 552 4653 provocat,
598 4592 655 4638 et
705 4582 899 4638 invitat
941 4583 1008 4638 ad
1048 4583 1330 4653 praemium
1363 4585 1519 4640 bona:
1577 4585 1677 4641 sibi
1723 4602 1859 4643 con-

255 4673 430 4730 scium
461 4674 796 4746 disciplinac,
841 4684 936 4730 aut
961 4676 1214 4748 gerendae
1236 4677 1592 4749 poenitentiae,
1625 4690 1679 4736 et
1713 4692 1734 4719 ε
1767 4696 1857 4738 se-

255 4765 489 4837 quenda:
534 4767 969 4825 conversationis
1015 4767 1370 4841 cupiditatem
1419 4771 1594 4842 injicit
1663 4788 1856 4844 pecca-

256 4859 403 4915 tori..

331 4953 422 5009 68.
466 4953 620 5012 Unde
639 4965 695 5012 et
715 4968 978 5029 praeterea
1000 4960 1318 5030 cognoverit
1346 4970 1567 5016 sanctus
1596 4959 1709 5017 Noe
1733 4961 1858 5034 quia

254 5043 518 5101 defecerit
541 5063 677 5119 aqua
725 5065 752 5102 a
778 5059 919 5105 terra
945 5091 962 5117 ,
1003 5051 1146 5107 sicut
1187 5052 1457 5121 scriptum
1496 5050 1853 5126 cst(1bid.),

255 5137 716 5195 considerandum
762 5141 994 5198 videtur.
1040 5144 1226 5199 Primo
1270 5143 1515 5200 omnium
1558 5148 1857 5202 secundum

261 5229 538 5298 litteram,
569 5230 693 5301 quia
735 5235 910 5304 pomit
937 5236 1244 5308 intelligere
1286 5238 1478 5294 utrum
1512 5240 1716 5295 siccum
1741 5283 1757 5309 ,
1790 5260 1858 5298 an

256 5323 542 5380 humidum
570 5324 757 5380 folium
787 5339 934 5384 esset
959 5330 1199 5386 allatum.
1238 5332 1447 5388 Deinde
1470 5334 1725 5404 quoniam
1751 5353 1857 5392 non

337 5458 362 5486 ³
393 5449 534 5505 Edit.
568 5463 756 5504 omnes
783 5458 837 5505 et
866 5451 987 5507 cod.
1016 5453 1164 5520 Vat.,
1189 5457 1556 5521 corruptionis.
1583 5457 1687 5514 Sex
1721 5474 1856 5515 mss.

256 5523 503 5598 melioris
536 5531 675 5575 nota:
700 5525 1108 5598 ,_correct_ionis,
1151 5542 1248 5598 seu
1279 5529 1640 5598 correptionis.

331 5593 357 5632 b
391 5595 499 5668 Sic
524 5608 655 5647 mss;
703 5595 891 5668 tiorbl,
936 5594 1131 5668 Long,,
1173 5597 1364 5664 Torn.,
1402 5593 1556 5654 Coll).
1606 5611 1661 5656 et
1691 5603 1857 5668 Μυκη

258 5682 383 5722 cum
415 5665 548 5720 edit.
583 5669 704 5718 Ant.
752 5675 806 5720 et
839 5665 964 5718 Era.
991 5665 1206 5722 At’Vat.
1245 5671 1369 5724 cod.
1399 5686 1520 5726 cunt
1549 5671 1682 5727 edit.
1727 5665 1856 5729 Gill.

259 5748 315 5794 et
346 5738 531 5813 liotn.,
561 5737 852 5813 doctrinam
881 5739 1102 5813 virtutis.
1129 5739 1444 5813 ltempaulo
1469 5754 1589 5813 post
1609 5745 1698 5799 ubi
1721 5746 1855 5800 edit.

261 5817 320 5865 et
344 5809 564 5887 codices
591 5809 700 5865 duo
720 5851 735 5878 ,
779 5809 1113 5887 contmissum
1152 5809 1482 5887 disciplima;
1508 5813 1700 5887 Corb.,
1737 5815 1858 5873 Vat.

260 5894 421 5955 unus,
446 5891 502 5941 et
526 5879 727 5954 Long,
755 5881 1019 5938 conscium
1047 5879 1359 5951 disciplinae.

790 5977 1072 6042 Pauor"
1112 5972 1304 6065 .XJV.

1965 3367 2017 3421 id
2048 3366 2194 3437 quod
2222 3381 2383 3437 supra
2413 3367 2648 3422 diximus
2691 3369 2997 3424 inveniatur
3035 3385 3157 3426 esse
3204 3375 3561 3430 contrarium.

1965 3462 2022 3519 Si
2052 3461 2220 3518 verbo
2247 3461 2464 3532 quidem
2494 3463 2776 3529 columba,
2810 3479 2976 3536 opere
3019 3475 3200 3522 autem
3241 3467 3417 3522 virtus
3454 3485 3562 3524 non

1963 3555 2258 3610 revertitur
2296 3553 2363 3608 ad
2403 3554 2642 3625 justum;
2675 3571 2805 3626 ergo
2836 3555 3128 3613 destitutus
3158 3568 3244 3614 est
3262 3558 3441 3629 ju5tus
3463 3602 3478 3627 ,
3510 3569 3568 3617 et

1962 3646 2316 3702 defraudatus
2363 3661 2590 3703 munere
2637 3648 2779 3702 suo?
2832 3647 3203 3720 Nequaquam.
3259 3651 3562 3724 Numquam

1965 3739 2112 3796 enim
2159 3741 2241 3794 vir
2291 3737 2597 3809 hujusmodi
2629 3755 2657 3792 a
2689 3740 2893 3795 virtute
2921 3741 3268 3812 disjungitur,
3297 3759 3400 3800 nec
3438 3760 3564 3801 cum

1964 3848 2031 3889 ex
2053 3848 2149 3888 ore
2175 3833 2371 3888 emittit
2393 3833 2662 3904 justitiam
2687 3875 2702 3901 ,
2740 3833 3287 3908 diSputationemque
3337 3839 3566 3895 alterius

1964 3926 2181 3981 virtutis
2228 3925 2463 3992 inducit,
2496 3927 2695 3982 virtute
2721 3941 2782 3982 se
2808 3928 2988 3993 exuit,
3035 3937 3090 3982 et
3133 3929 3393 3984 imitanda
3445 3933 3566 3988 aliis

1964 4019 2222 4090 aequitate
2261 4019 2557 4089 dispoliat:
2591 4018 2690 4074 sed
2732 4019 2852 4076 vice
2896 4021 3032 4076 solis
3075 4023 3214 4077 alios
3255 4023 3565 4094 illuminat,

1967 4126 2090 4166 cum
2133 4110 2314 4166 radios
2351 4125 2460 4166 suae
2493 4111 2626 4167 lucis
2656 4111 2875 4168 emittit.
2903 4111 3047 4183 Ignis
3078 4130 3273 4185 nempe
3315 4116 3570 4174 calefacit

1965 4205 2494 4276 appropinquantes,
2542 4205 2613 4260 ita
2664 4215 2721 4260 ut
2759 4205 2997 4261 calorem
3045 4217 3254 4264 naturae
3289 4223 3401 4266 sua:
3449 4213 3566 4284 ipse

1963 4296 2261 4367 possideat.
2279 4297 2548 4367 Numquid
2562 4297 2741 4353 deﬁt-it
2774 4299 2863 4354 lux
2892 4300 3021 4368 diei,
3044 4317 3171 4357 cum
3204 4311 3376 4360 totum
3405 4323 3567 4363 mun-

1963 4389 2091 4445 dum
2119 4389 2390 4446 illuminat
2427 4390 2921 4448 claritate?llabet
2971 4393 3295 4452 inoffensum
3345 4414 3566 4457 cursum

1961 4498 2140 4549 suum,
2175 4484 2545 4556 illibatamqne
2577 4494 2848 4540 naturam.
2877 4486 2969 4544 Sic
2998 4497 3052 4543 et
3083 4490 3181 4543 ista
3211 4489 3265 4544 in
3295 4492 3564 4547 columba:

1963 4580 2148 4651 specie
2177 4579 2348 4635 virtus
2369 4620 2383 4648 ,
2409 4595 2531 4636 cum
2557 4580 2736 4636 adhuc
2766 4580 3002 4637 ferveret
3031 4581 3332 4652 diluvium,
3373 4601 3569 4641 secun-

1965 4673 2093 4729 dum
2134 4689 2290 4730 avem
2331 4683 2514 4730 tamen
2557 4675 2611 4729 in
2663 4673 2859 4740 terris,
2889 4675 3189 4730 secundum
3219 4678 3471 4733 virtutem
3510 4680 3564 4733 in

1953 4750 2253 4824 hominum
2297 4767 2642 4839 passionibus
2683 4768 2974 4822 revertitur
2997 4768 3064 4824 ad
3089 4771 3328 4840 justum;
3352 4772 3476 4840 quia
3511 4773 3565 4827 in

1968 4861 2275 4934 iniquorum
2326 4860 2636 4931 pectoribus
2662 4862 2834 4915 virtus
2867 4870 2924 4914 ut
2952 4870 3139 4931 posset
3177 4863 3417 4928 haerere,
3448 4879 3556 4921 non

1969 4967 2217 5028 potuerat
2240 4955 2504 5011 invenire.
2536 4953 2605 5010 Et
2630 4953 2751 5010 ideo
2777 4953 2831 5009 in
2863 4955 2956 5010 illo
2995 4956 3234 5011 secundo
3261 4956 3565 5012 diversorio

1968 5053 2051 5107 sui
2082 5049 2397 5122 regrediens
2426 5048 2598 5105 hauet
2631 5058 2795 5122 atque
2825 5050 3132 5122 requiescit.
3177 5049 3252 5106 At
3293 5066 3422 5106 vero
3473 5051 3563 5104 ubi

1969 5143 2341 5202 deferbuerint
2361 5143 2562 5199 diluvia
2587 5145 2922 5212 passionum,
2955 5153 3012 5200 et
3035 5143 3206 5198 auditi
3235 5143 3386 5196 verbi
3417 5156 3568 5196 com-

1967 5250 2244 5311 pertceque
2265 5237 2524 5294 doctrinae
2549 5237 2764 5306 plurimi
2785 5235 3094 5292 studuerint
3115 5247 3235 5288 esse
3262 5241 3562 5299 consortes,

1962 5335 2074 5406 jam
2107 5349 2216 5388 non
2247 5333 2409 5387 unius
2441 5328 2826 5401 patrimonium
2846 5368 2861 5394 ,
2893 5327 2990 5383 sed
3027 5339 3314 5382 commune
3367 5327 3566 5380 bonum

2043 5471 2066 5500 ο
2110 5459 2269 5514 Rom.
2327 5455 2460 5511 edit.
2515 5451 2788 5521 sequenda:
2845 5450 3208 5514 conversionis,
3279 5451 3569 5507 commodo

1968 5531 2186 5605 quidem
2210 5543 2375 5584 sensu
2407 5545 2420 5580 :
2451 5527 2549 5582 sed
2577 5540 2642 5580 ea
2673 5523 2835 5580 lectio
2861 5525 3015 5578 nullo
3035 5535 3286 5576 necmss.
3313 5538 3411 5576 nec
3437 5522 3568 5578 edit.

1971 5606 2350 5660 confirmatur.

2041 5673 2068 5712 ά
2102 5674 2222 5729 Vat.
2256 5669 2380 5725 cod.
2411 5677 2465 5722 et
2488 5665 2647 5729 edit.,
2676 5663 2945 5719 indicavit.
2973 5663 3139 5719 Corb.
3173 5662 3365 5734 Long.,
3392 5663 3570 5733 Vale,

1970 5746 2139 5802 Torn.
2166 5752 2221 5799 et
2247 5742 2408 5807 Maz.,
2428 5734 2724 5812 judicavit;
2744 5734 2902 5812 Colb.
2940 5751 3072 5792 vero
3100 5733 3371 5805 indicavit,
3400 5751 3466 5792 an
3485 5739 3575 5810 ju-

1973 5817 2163 5875 dicavit
2191 5804 2581 5883 babeat,haud
2605 5804 2761 5862 facile
2787 5804 2858 5859 sit
2884 5815 3151 5864 statuere,
3199 5855 3217 5885 «ι

2932 5969 3010 6034 13
3363 5975 3384 5980 ”
3415 5961 3584 6073 ί“””
