4082 6370
595 309 705 394 59;;

1937 283 2179 342 SANCTI
2217 282 2544 364 AMBROSIl
3813 280 3915 344 396

599 441 724 483 esse
747 423 937 494 incipit
960 415 1239 488 disciplina
1271 411 1585 476 virtutis,ct
1612 415 1882 474 tamquam
1909 399 2190 471 sapientiae
2219 399 2270 460 Α
2299 397 2430 452 tutis
2474 395 2615 466 apud
2664 396 2834 451 Deum
2881 397 3065 462 dives,
3109 409 3217 452 non
3262 404 3347 452 est
3385 404 3660 467 expertus
3688 394 3914 470 malitia

601 490 1138 591 poculum'hauritur
1166 523 1192 560 a
1228 501 1472 574 plurimis
1501 498 1592 570 qui
1632 505 1759 552 ante
1807 494 2060 550 sitientes
2113 490 2196 544 hi-

601 587 732 668 here
764 607 1053 664 noluerunt
1074 642 1089 668 ,
1117 600 1252 654 sicut
1278 609 1422 652 nunc
1453 594 1659 649 l’ervent
1687 587 1891 645 diluvia
1919 587 1972 640 in
2005 592 2191 655 perto-

600 703 753 760 ribus
794 697 1141 758 Judreorum;
1185 698 1243 746 et
1283 702 1406 746 cum
1459 700 1593 757 aqua
1646 680 1886 739 cmlestis
1931 677 2194 735 doctrina:

559 799 566 804 ’
600 793 863 856 exundet,
887 798 1047 860 putus
1068 783 1347 846 exuberet,
1371 795 1477 837 non
1505 786 1695 850 putant
1725 789 1848 831 esse
1875 771 2190 844 putandum.

597 884 942 956 Evangelium
971 878 1188 950 legitur,
1215 874 1386 930 virtus
1407 871 1520 929 exit
1544 870 1613 926 de
1639 881 1893 924 sermone
1909 864 2196 937 258cm-

597 979 745 1046 lesti,
772 961 968 1034 tractat
988 971 1255 1032 Sacerdos
1284 968 1338 1024 in
1369 963 1631 1021 Ecclesia.
1653 960 1759 1018 Sed
1788 973 1856 1014 ne
1886 957 2026 1013 forte
2057 958 2196 1010 intra

598 1089 782 1132 aream
815 1069 1027 1145 positus
1055 1066 1206 1124 solus
1235 1077 1349 1120 non
1387 1058 1566 1131 possit
1595 1053 1800 1120 audiri,
1830 1050 2100 1108 interdum
2142 1058 2198 1105 et

595 1183 854 1243 egressus
883 1148 1183 1222 Ecclesium
1202 1204 1216 1228 ,
1249 1158 1338 1213 ubi
1365 1155 1588 1213 Iudaeus
1611 1148 1943 1214 occurrerit,
1978 1153 2191 1210 monet,

595 1241 904 1336 esentplum
931 1259 1086 1316 affert
1117 1254 1424 1318 coeleSIium
1466 1249 1893 1319 Scripturarum.
1926 1241 2199 1306 Claudum

595 1333 794 1426 aures,
820 1373 888 1414 ne
913 1354 1000 1411 vel
1023 1352 1223 1409 invitos
1255 1347 1375 1403 fons
1408 1343 1625 1409 abluat,
1653 1349 1709 1396 et
1737 1337 1888 1394 verbi
1928 1333 2197 1421 Dominici

596 1457 796 1513 humor
839 1457 1111 1523 aspergat.
1161 1445 1219 1500 Si
1265 1442 1354 1514 qui
1396 1453 1524 1494 vero
1552 1434 1922 1492 crediderint,
1965 1436 2193 1486 currunt

597 1550 669 1607 ad
699 1549 928 1611 fontem,
952 1541 1254 1598 doctrinam
1282 1539 1562 1604 expetunt,
1596 1527 1854 1584 insinuari
1887 1525 1991 1581 sibi
2021 1524 2198 1579 Evan-

592 1643 797 1718 gelium
845 1637 1276 1706 concupiscunt,
1305 1641 1406 1684 nec
1451 1625 1717 1681 satiantur
1745 1619 2064 1676 assiduitate
2093 1629 2196 1687 po-

597 1712 769 1793 tandi.
797 1733 874 1789 Ita
898 1732 1046 1786 l'onte
1068 1722 1344 1797 sapientize
1367 1719 1610 1777 certatim
1636 1714 1833 1786 repleri
1861 1712 2193 1775 desiderant,

2299 492 2663 561 corruptelam
2685 533 2700 556 ,
2733 506 2831 563 per
2868 506 3029 562 quem
3059 489 3262 546 factum
3285 499 3371 547 est
3398 507 3470 546 ne
3499 499 3678 546 totum
3708 506 3910 564 corpus

2296 587 2512 658 generis
2540 585 2758 641 humani
2792 586 2880 642 vel
2906 586 3168 642 abolitum
3199 585 3477 642 videretur
3508 585 3563 642 in
3591 586 3757 642 terris
3776 625 3795 652 ,
3825 587 3910 643 vel

2296 695 2325 733 a
2357 679 2448 735 Dei
2471 679 2770 734 abscissum
2798 679 2972 751 gratia
3003 679 3428 750 relinqueretur.

2369 770 2459 826 72.
2506 771 2570 826 Et
2592 771 2894 838 denudavit,
2929 771 3122 842 inquit,
3172 770 3286 827 Noe
3333 782 3520 827 tectum
3565 769 3906 843 arc¢z(Cett.

2296 881 2391 922 vut
2412 909 2428 933 ,
2462 866 2574 938 15).
2605 866 2738 922 Cum
2768 882 2951 922 aream
2980 867 3123 922 sicut
3145 881 3311 935 supra
3335 867 3683 937 interpretati
3713 882 3903 924 sumus

2297 959 2523 1032 (Supra,
2552 979 2598 1015 c.
2622 959 2722 1030 vi),
2749 975 2847 1031 pro
2875 960 3055 1031 specie
3075 961 3327 1032 corporis
3350 963 3754 1032 acceperimus,
3779 958 3906 1032 quid

2297 1055 2368 1108 sit
2393 1053 2653 1109 denudari
2678 1069 2880 1126 corpus
2910 1055 3280 1126 intelligamus
3308 1055 3619 1112 secundum
3650 1055 3903 1112 altiorem

2299 1148 2508 1204 scilicet
2536 1163 2781 1205 sensum.
2805 1150 3076 1205 Caeterum
3103 1149 3273 1220 liquet
3296 1149 3759 1219 quemadmodum
3785 1164 3904 1205 ara

2300 1245 2535 1314 potuerit
2549 1244 2746 1313 aperiri
2764 1243 3066 1302 secundum
3090 1243 3346 1300 litteram.
3364 1243 3503 1312 Quid
3519 1243 3690 1315 igitur
3708 1253 3903 1299 tectum

2299 1337 2520 1394 humani
2547 1337 2795 1408 corporis
2836 1339 2910 1393 sit
2952 1337 3094 1409 quod
3134 1339 3380 1394 clausum
3417 1337 3472 1392 in
3503 1337 3715 1393 diluvio
3745 1338 3905 1412 259

2299 1431 2398 1486 fuit
2417 1471 2434 1497 ,
2468 1431 2571 1486 nisi
2601 1432 2741 1486 forte
2766 1430 3186 1486 delectationem
3223 1431 3595 1500 accipiamus,
3627 1445 3751 1501 qua
3777 1446 3902 1498 0pc-

2302 1525 2477 1580 riehat
2528 1526 2630 1579 hoc
2670 1539 2869 1594 corpus
2911 1533 3180 1587 nostrum,
3212 1533 3267 1579 et
3288 1525 3441 1595 quasi
3477 1523 3699 1596 tegebat
3720 1538 3818 1593 per
3843 1524 3901 1579 il-

2298 1621 2410 1676 lum
2439 1620 2571 1674 Adae
2597 1618 2880 1674 errorem?
2906 1617 2972 1673 Et
2992 1633 3058 1674 eo
3087 1618 3322 1672 maxime
3370 1618 3527 1672 tectis
3563 1615 3765 1671 similis
3805 1631 3901 1672 as-

2302 1715 2555 1779 timatur;
2582 1713 2707 1784 quia
2733 1727 2926 1768 sensus
2955 1713 3134 1767 omnis
3164 1712 3214 1766 in
3249 1712 3428 1782 capite
3448 1751 3464 1777 ,
3497 1710 3627 1766 inde
3672 1710 3902 1766 delecta-

592 1841 759 1900 quem
811 1832 938 1880 ante
987 1820 1171 1891 iugere
1214 1813 1532 1887 gestiebant.
1580 1809 1751 1876 Quem
1782 1805 2023 1900 fonleitn?
2052 1801 2197 1900 Atidi-
2222 1798 2271 1860 Β
2303 1811 2378 1865 tio
2425 1826 2546 1880 qua:
2585 1825 2786 1879 corpus
2824 1823 2989 1864 omne
3032 1808 3335 1878 subjectum
3380 1806 3638 1862 habebat.
3679 1805 3789 1862 Sed
3822 1803 3898 1861 ubi

593 1895 863 1979 dicentem
896 1935 909 1972 :
944 1913 1004 1972 Si
1041 1913 1154 1984 quis
1179 1911 1320 1975 sitit,
1354 1906 1524 1962 veniat
1558 1903 1627 1958 ad
1663 1918 1776 1968 me,
1811 1909 1859 1955 et
1887 1899 2045 1953 bibat.
2094 1895 2197 1962 Qui

597 2015 764 2071 credit
785 2012 839 2066 in
867 2026 975 2075 me,
1006 2008 1138 2064 sicut
1167 2003 1292 2058 dicit
1325 2000 1634 2070 Scriptura,
1665 1995 1885 2067 [lumina
1927 1992 1989 2046 de
2028 2000 2198 2046 ventre

590 2109 706 2183 ejus
734 2107 896 2178 ﬂuent
920 2117 1068 2175 aqua:
1094 2101 1222 2156 vim
1242 2095 1427 2169 (Joan.
1453 2108 1552 2158 vn,
1579 2091 1647 2146 57
1683 2099 1736 2146 et
1765 2088 1880 2157 38).

1207 2256 1437 2316 CAPUT
1475 2253 1596 2310 XX.

592 2383 745 2455 Quod
780 2381 886 2438 alio
931 2380 1017 2436 die
1055 2375 1329 2433 imminuta
1367 2388 1535 2442 aqua,
1569 2368 1673 2423 alio
1703 2367 1896 2422 siccata
1923 2373 2061 2418 terra
2088 2378 2194 2417 me-

664 2487 912 2541 moretur,
957 2490 1016 2529 eo
1063 2468 1355 2542 signiﬁcari
1389 2468 1588 2539 justum
1627 2460 1743 2516 Noe
1776 2461 1829 2514 in
1871 2457 2070 2512 duabus
2108 2471 2196 2528 ge-

664 2567 1022 2627 nerationibus
1051 2566 1275 2637 primum
1304 2560 1488 2631 fuisse.
1529 2556 1633 2611 Per
1671 2554 2071 2609 denudationem
2109 2568 2197 2604 ar-

665 2679 741 2720 cte
789 2659 1169 2718 abdicationem
1217 2666 1482 2724 corporeae
1537 2646 1890 2703 delectationis
1955 2643 2198 2714 exprimi.

673 2757 850 2826 Quare
885 2752 1083 2824 primus
1125 2747 1224 2818 vel’
1243 2744 1500 2802 secundus
1535 2739 1756 2806 mensis,
1787 2739 1926 2794 verni
1956 2737 2196 2808 temporis

668 2848 779 2904 dies
804 2846 992 2901 dictus.
1018 2839 1288 2898 Postremo
1314 2835 1602 2911 difficultas
1630 2832 1692 2888 de
1714 2832 1839 2906 [alio
1865 2841 2067 2904 reperto
2091 2829 2198 2885 dis-

666 2942 908 3000 solvitur.

665 3078 757 3136 7i.
802 3075 861 3132 in
893 3073 1071 3148 primo
1099 3080 1156 3130 et
1185 3066 1592 3128 sexcentesimo
1616 3074 1641 3102 ι
1691 3077 1836 3119 anno
1875 3061 2002 3118 vita:
2041 3059 2192 3126 Noe.

590 3175 774 3252 primo
817 3172 908 3230 die
953 3169 1161 3228 mensis
1205 3165 1548 3222 imminutam
1586 3174 1784 3230 aquam
1835 3157 1968 3213 dicit
1994 3171 2024 3210 a
2057 3154 2194 3210 facie

589 3247 789 3334 terrae;
814 3266 868 3322 in
897 3261 1143 3321 secundo
1160 3266 1341 3315 autem
1366 3269 1579 3320 mense,
1603 3253 1834 3324 septima
1856 3259 1912 3306 et
1937 3247 2194 3304 vicesima

592 3363 685 3421 die
706 3362 915 3422 mensis
934 3357 1193 3414 siccatam
1222 3360 1424 3408 terram
1456 3362 1580 3404 esse
1607 3350 2021 3401 commemorat.
2055 3339 2196 3407 Quid

593 3453 701 3512 sibi
748 3452 868 3508 vult
910 3449 1001 3505 illa
1052 3444 1289 3516 adjectio
1324 3441 1394 3497 de
1439 3453 1598 3511 aqua:
1635 3435 2038 3500 imminutione,
2071 3447 2194 3490 cum

591 3553 886 3621 supputata
909 3542 1050 3600 ratio
1071 3536 1326 3611 superior
1346 3549 1551 3591 annum
1569 3530 1906 3587 conclusisse
1925 3527 2194 3596 videatur,

592 3646 688 3719 qui
715 3656 890 3699 annus
915 3655 944 3694 a
972 3635 1218 3695 secundo
1249 3645 1439 3687 mense
1464 3627 1678 3697 incipit,
1718 3635 1772 3680 et
1799 3624 1854 3680 in
1887 3623 2192 3719 secundum

596 3713 844 3796 mensem
873 3729 1005 3788 anni
1044 3725 1266 3784 alterius
1307 3736 1478 3792 usque
1507 3715 1884 3791 progreditur?
1916 3715 2025 3771 Nisi
2058 3713 2200 3770 forte

596 3832 690 3889 hic
728 3825 862 3902 justi
909 3825 1139 3881 formam
1183 3815 1517 3874 declaratam
1560 3812 1796 3868 velimus
1825 3808 2200 3879 accipere;ut

592 3879 1012 4000 primus—annvus
1042 3915 1089 3971 is
1119 3911 1314 3978 fuerit,
1347 3924 1455 4000 quo
1492 3905 1660 3978 coepit
1687 3903 1956 3960 diluvium
1979 3945 1994 3968 ,
2016 3901 2046 3940 ι)
2076 3879 2219 3970 post.

592 3997 1064 4080 sescentesimum
1095 4005 1308 4066 scilicet
1342 3997 1516 4059 annus
1548 4001 1794 4074 primus;
1832 3998 2041 4070 primus
2091 3997 2196 4051 ite-

595 4127 718 4172 rum
750 4123 927 4166 aunus
964 4114 1022 4161 et
1065 4101 1271 4173 primus
1321 4095 1527 4154 mensis
1580 4101 1705 4166 post
1743 4090 2197 4147 sescentesimum

596 4221 820 4269 annum,
847 4197 1069 4274 quando
1094 4193 1375 4252 imminuta
1403 4200 1488 4247 est
1513 4204 1653 4260 aqua
1684 4201 1714 4254 a
1741 4185 1880 4241 facie
1900 4193 2061 4240 terra;
2086 4199 2100 4238 :
2133 4197 2200 4239 eo

597 4300 742 4376 quod
769 4299 950 4369 justus
978 4294 1034 4349 in
1057 4298 1407 4362 peccatorum
1437 4281 1796 4354 generatione
1825 4295 1948 4349 qua:
1976 4287 2201 4376 propter

599 4370 800 4454 delicta
826 4388 1010 4446 deleta
1037 4391 1143 4450 est,
1172 4381 1374 4436 virtute
1392 4375 1606 4448 primus
1631 4383 1782 4438 erat,
1810 4383 1864 4428 et
1889 4373 1940 4427 in
1965 4370 2200 4429 secunda

599 4483 987 4561 generatione,
1018 4490 1140 4548 qum
1185 4471 1353 4542 coapit
1404 4476 1529 4539 post
1569 4466 1831 4522 diluvium
1855 4508 1868 4532 ,
1898 4473 1954 4521 et
1974 4464 2199 4533 ordine,

598 4559 725 4654 quia
772 4573 983 4647 primus
1026 4565 1280 4626 secundat
1325 4560 1698 4634 generationis
1755 4559 1894 4627 l'uit,
1921 4569 1980 4614 et
2007 4559 2201 4616 merito

599 4651 812 4748 primus
849 4667 1120 4724 evaserat.
1151 4658 1319 4715 Recte
1349 4655 1494 4712 enim
1527 4654 1577 4710 ei
1621 4653 1796 4708 honor
1823 4651 2068 4708 defertur
2106 4652 2199 4723 qui

599 4747 657 4829 et
695 4766 886 4839 primm
931 4750 1306 4830 generationis
1363 4749 1570 4820 primus
1629 4748 1733 4804 fuit
1781 4755 1836 4804 et
1887 4747 2201 4815 posterioris

600 4855 965 4937 principium;
1001 4847 1096 4920 qui
1126 4843 1389 4901 meruerit
1418 4850 1473 4897 et
1496 4841 1567 4898 de
1604 4841 1695 4898 illa
1725 4840 1993 4908 evadere,
2027 4849 2082 4894 et
2113 4840 2200 4896 isti

599 4933 672 5017 δά
719 4945 1076 5010 δθωίηπίυηι
1101 4936 1434 5011 'PI‘OPagari.
1475 4934 1612 4991 Cum
1655 4936 1802 4992 enim
1834 4935 1923 4990 alii
1947 4933 2198 5005 deperis-

599 5059 744 5117 seut,
776 5043 934 5104 solus
953 5039 1081 5096 vita:
1122 5032 1356 5105 egregiae
1383 5030 1604 5098 merito,
1633 5039 1692 5087 et
1711 5030 2067 5102 praerogativa
2090 5029 2200 5086 vir-

675 5223 702 5250 ιι
731 5209 892 5266 Rom.
939 5196 1071 5255 edit.
1114 5199 1298 5266 totum
1349 5187 1494 5243 hunc
1545 5187 1720 5266 locum
1753 5195 1943 5266 contra
1975 5201 2110 5266 mss.
2141 5196 2198 5244 et

603 5258 1008 5346 aliarit‘uit‘edit.
1045 5265 1220 5322 ‘lldem
1281 5259 1831 5346 itadmntavlit,‘anno.
1873 5258 1986 5313 Noe
2029 5260 2197 5328 primo

602 5330 1218 5416 mense—imminutam?"
1248 5332 1465 5416 ςεριεηια
1484 5330 1753 5414 ειξίεεὲηια
1778 5331 1954 5416 ςέίεδ..
1978 5347 2197 5386 comme-

1391 5403 1577 5486 mensis
1613 5403 1822 5494 aper-3‘55
1846 5401 1961 5458 Noe
1995 5420 2192 5460 arcam.

516 5516 526 5527 -
605 5473 876 5572 itania
893 5489 999 5544 υιιμ
1029 5483 1126 5572 tu“.
1151 5473 1373 5572 άάίεετίε
1400 5473 1553 5572 ηπίωέ
1788 5473 1851 5528 αθ
1869 5491 2024 5572 μα”.ίξ
2040 5517 2054 5540 ν
2079 5485 2190 5531 δίο·

673 5545 833 5624 ἶῖξῇἷ
861 5545 1294 5618 emendationem
1340 5545 1498 5624 hujus
1531 5545 1631 5600 loci
1675 5559 1806 5624 mss.
1834 5554 1888 5600 et
1916 5545 2048 5602 ean.
2077 5557 2188 5624 aut.

603 5619 954 5702 οοηγᾘιίῑιιιιι,
989 5634 1349 5702 przeterquam
1379 5619 1431 5674 in
1458 5631 1564 5671 una
1585 5620 1777 5702 vocula
1804 5635 1816 5670 :
1847 5619 2193 5702 namque”qu

601 5689 734 5772 Eiiil
752 5689 1065 5772 habentfeo
1084 5689 1442 5772 ordineimss.
1470 5704 1665 5772 omnes
1679 5689 1892 5772 legunt,
1922 5700 1970 5744 et
1993 5690 2192 5744 ordine.

885 5760 1068 5857 autem
1100 5765 1232 5822 edit.
1267 5763 1438 5848 Paris.
1470 5760 2194 5857 ita‘prtel'erebhant,‘serccen-

598 5833 808 5918 23.3%}
846 5843 1036 5905 scilicet
1064 5847 1229 5895 annus
1242 5851 1272 5904 ;'
1291 5834 1489 5906 primus
1515 5833 1714 5890 iterum
1728 5842 1894 5910 anuus
1917 5841 1971 5891 τι
1998 5833 2194 5907 prima;

2301 1920 2454 1960 mens
2490 1903 2622 1973 justi
2669 1903 2766 1956 viri
2814 1900 2994 1957 sobria
3033 1909 3196 1972 atque
3238 1900 3447 1969 integra
3482 1914 3512 1954 a
3550 1899 3898 1968 corruptione

2298 1997 2524 2066 diluvii,
2575 1997 2772 2054 divinm
2833 1995 3160 2068 cognitionis
3224 1993 3553 2050 inﬂammata
3624 1991 3892 2049 desiderio

2300 2091 2523 2149 exsilire
2567 2101 2733 2160 atque
2780 2091 2998 2147 evolare
3042 2088 3213 2144 voluit
3254 2090 3307 2144 in
3339 2088 3660 2159 superiora,
3702 2085 3895 2143 detexit

2299 2184 2485 2241 omnia
2529 2200 2653 2256 quae
2693 2194 2852 2241 erant
2897 2181 3319 2254 impedimenta,
3353 2189 3408 2238 et
3441 2181 3685 2253 speciem
3719 2181 3896 2254 volup-

2300 2280 2458 2343 tatis,
2517 2293 2638 2348 quzr.
2703 2275 2936 2348 quodam
2979 2275 3318 2346 operimento
3381 2283 3614 2331 caeteras
3681 2274 3890 2346 tegebat

2300 2381 2488 2444 partes
2513 2371 2760 2441 corporis
2790 2369 3101 2440 redoperuit
3121 2384 3184 2425 ac
3213 2369 3440 2432 retexit;
3473 2376 3532 2423 ut
3566 2385 3677 2423 non
3727 2368 3890 2424 solum

2299 2479 2502 2535 corpus
2547 2480 2575 2517 a
2616 2463 2838 2520 servitio
2882 2462 3260 2518 dominatricis
3308 2460 3567 2534 ignobilis
3611 2460 3892 2529 liberaret,

2301 2575 2492 2616 verum
2523 2560 2686 2616 etiam
2718 2575 2781 2615 ea
2811 2575 2931 2630 qua:
2957 2567 3114 2614 erant
3142 2555 3503 2627 incorporalia
3547 2557 3894 2627 comprehen-

2301 2655 2484 2719 deret;
2517 2670 2638 2725 quce
2662 2653 2807 2710 enim
2839 2669 2944 2708 non
2968 2652 3220 2708 videntur
3250 2659 3454 2707 aeterna
3486 2660 3639 2706 sunt.
3692 2651 3760 2706 Et
3783 2649 3891 2705 ideo

2296 2752 2477 2822 justus
2506 2765 2668 2820 quem
2702 2764 2808 2804 non
2839 2747 3054 2803 videbat
3080 2745 3366 2802 Dominum
3397 2743 3754 2814 requirebat,
3778 2759 3889 2800 cor-

2304 2843 2530 2912 ruptela:
2554 2856 2774 2908 exsors,
2797 2840 3027 2912 cupidus
3053 2837 3396 2895 :rternitatis.

2373 2938 2464 2993 7'5.
2503 2934 2656 3004 Quod
2700 2944 2878 2990 autem
2925 2933 3002 2988 ait
3038 2933 3270 3003 primum
3303 2947 3547 2988 mensem
3586 2930 3675 2988 vel
3712 2945 3888 2987 secun-

2299 3028 2461 3091 dum,
2492 3043 2724 3097 eumque
2767 3039 2887 3082 esse
2932 3025 3081 3080 verni
3125 3024 3387 3095 temporis
3431 3023 3611 3090 diem,
3646 3022 3815 3079 habes
3847 3031 3891 3079 et

2301 3120 2428 3176 alibi
2459 3121 2661 3176 dictum
2696 3136 2710 3174 :
2745 3117 2848 3173 Hic
2895 3118 3084 3173 mensis
3126 3118 3323 3189 primus
3361 3118 3458 3171 crit
3487 3116 3631 3171 vobis
3658 3117 3711 3171 in
3733 3115 3890 3170 diebus

2222 3201 2268 3265 C
2299 3215 2426 3270 anui
2471 3213 2668 3286 (Exod.
2701 3228 2806 3280 xu,
2834 3212 2913 3286 ‘2).
2947 3213 3045 3281 Qui
3075 3213 3219 3268 enim
3254 3215 3305 3266 in
3337 3212 3511 3284 gratia
3541 3211 3756 3284 primus
3785 3216 3891 3282 post

2303 3308 2636 3379 periculum,
2687 3306 2774 3362 hic
2821 3315 2970 3362 recte
3019 3306 3434 3378 praerogativam
3487 3305 3650 3378 primi
3704 3304 3889 3362 mensis

2300 3402 2530 3470 accepit.

2372 3495 2462 3550 74.
2492 3494 2604 3552 Nec
2637 3506 2688 3552 te
2727 3505 2908 3552 autem
2952 3502 3172 3551 moveat
3197 3491 3341 3564 quod
3372 3491 3612 3548 diximus
3642 3506 3802 3563 supra
3822 3489 3889 3546 io-

2299 3592 2432 3648 lium
2462 3593 2515 3647 in
2545 3607 2696 3647 ramo
2727 3601 3002 3662 repertum
3030 3598 3151 3661 post
3179 3587 3439 3644 diluvium
3475 3586 3721 3658 potuisse
3745 3599 3891 3656 gene-

2302 3687 2409 3743 rari
2461 3686 2699 3759 (Supra,
2747 3703 2866 3756 cap.
2899 3687 3016 3756 XIX)
3051 3703 3063 3740 :
3097 3683 3201 3740 etsi
3256 3682 3359 3739 sub
3407 3697 3546 3752 aqua
3589 3682 3888 3754 plerumque

2307 3781 2493 3837 herba:
2517 3781 2730 3835 soleant
2753 3778 3092 3852 germinare:
3125 3786 3304 3832 tamen
3333 3785 3390 3830 ut
3419 3775 3708 3844 scrupulus
3732 3771 3888 3828 omnis

2305 3875 2477 3945 possit
2501 3873 2726 3939 auferri,
2754 3872 2880 3944 quid
2909 3887 3160 3942 magnum
3186 3871 3231 3926 si
3256 3870 3367 3924 Deo
3392 3868 3644 3939 jubente.
3680 3884 3785 3924 uno
3809 3866 3886 3922 die

2301 3985 2408 4040 quo
2440 3967 2720 4024 imminuta
2745 3966 2903 4022 fuerit
2928 3982 3100 4036 aqua,
3130 3966 3308 4020 statim
3337 3963 3666 4034 germinavit
3695 3972 3750 4017 et
3794 3970 3885 4016 ter-

2303 4077 2387 4128 ra,
2420 4076 2542 4116 cum
2586 4059 2728 4116 idem
2777 4061 2848 4114 sit
2892 4057 3163 4114 fructuum
3205 4066 3487 4128 reparator
3523 4065 3580 4113 et
3627 4053 3881 4118 conditor,

2309 4163 2471 4224 atque
2517 4151 2697 4223 operis
2746 4151 2826 4206 sui
2869 4166 3022 4206 usum
3052 4165 3158 4206 non
3194 4149 3357 4205 fuerit
3391 4147 3632 4204 oblitus?
3665 4147 3886 4217 Denique

2303 4245 2472 4301 habes
2502 4256 2553 4301 et
2585 4246 2638 4301 in
2666 4244 2860 4301 Genesi
2887 4243 3069 4300 statim
3093 4243 3236 4315 quod
3262 4242 3486 4313 jusserit
3515 4252 3570 4297 ut
3597 4251 3743 4297 terra
3767 4243 3873 4296 lier-

2304 4339 2424 4395 bam
2449 4337 2629 4409 pabuli
2658 4337 3023 4408 germinaret,
3065 4348 3118 4393 ct
3159 4337 3359 4409 lignum
3406 4334 3747 4390 fructiferum
3775 4348 3880 4388 cum

2303 4428 2480 4485 fructu
2511 4445 2629 4497 suo,
2654 4441 2708 4485 et
2735 4430 2917 4485 statim
2943 4430 3103 4500 ejecit
3130 4440 3271 4484 terra
3305 4428 3526 4482 herbam
3556 4427 3774 4499 pabuli,
3802 4425 3888 4480 ha-

2305 4523 2519 4579 bentem
2554 4538 2739 4578 semen
2769 4524 3066 4580 secundum
3093 4537 3300 4593 genus,
3333 4532 3386 4575 et
3416 4521 3620 4590 lignum
3661 4517 3888 4575 fructife-

2231 4601 2280 4662 ι)
2307 4633 2423 4671 rum
2452 4634 2466 4682 ;
2501 4627 2555 4673 et
2583 4617 2676 4673 ille
2719 4616 2837 4673 dies
2888 4632 3027 4671 unus
3069 4615 3260 4677 fuerit.
3294 4629 3402 4686 quo
3433 4613 3549 4668 lucc
3579 4611 3891 4682 Deusjussit

2305 4720 2396 4766 aut
2439 4709 2566 4764 fecit
2604 4707 2757 4783 (Gen.
2790 4726 2828 4775 ι,
2867 4709 2980 4779 11).
3015 4706 3161 4778 Ergo
3208 4705 3458 4762 beneﬁcii
3507 4705 3590 4761 sui
3628 4706 3771 4760 Deus
3795 4718 3888 4760 non

2305 4803 2625 4870 immemor,
2671 4813 2693 4842 ο
2745 4803 3032 4858 immemor
3091 4808 3271 4855 autem
3340 4808 3541 4855 nostra:
3581 4796 3887 4868 iniquitatis,

2305 4911 2443 4966 opus
2477 4911 2634 4950 suum
2673 4893 2920 4965 ejusdem
2953 4908 3057 4966 qua
3085 4892 3252 4965 erepit
3282 4891 3559 4964 temporis
3606 4887 3891 4964 quantitate

2304 4987 2595 5060 reparavit.

2300 5190 2487 5245 mensis
2540 5186 3125 5262 postrsexcentesimum
3175 5186 3439 5262 omnium;
3491 5193 3693 5262 caetera
3733 5193 3792 5240 ut
3840 5183 3885 5239 in

2300 5272 2451 5316 textu
2483 5280 2496 5316 :
2531 5258 2778 5330 quaedam
2826 5274 2954 5314 vero
2997 5267 3200 5328 praeter
3246 5260 3516 5328 descripta
3566 5258 3729 5315 verba
3777 5264 3886 5326 post

2299 5348 2513 5398 vocem,
2546 5334 2814 5396 diluvium,
2848 5332 2981 5386 infra
3008 5334 3242 5403 positam
3267 5330 3340 5385 ita
3373 5338 3886 5403 prosequuntur:_eo

2299 5404 2479 5459 ordine
2529 5407 2727 5472 primus
2770 5405 2887 5472 fuit.
2925 5401 3082 5459 Recte
3120 5405 3277 5474 igitur
3316 5403 3513 5472 primus
3545 5402 3590 5454 ei
3621 5402 3784 5474 honor
3806 5401 3885 5452 de-

2301 5481 2487 5550 fertur,
2516 5478 2636 5548 quia
2667 5475 3522 5550 et7prima:(generationisprimus
3552 5475 3651 5550 fuit
3678 5473 3768 5550 qui
3786 5487 3886 5550 era-

2299 5543 2453 5609 serat.
2477 5543 2845 5616 et'posterioris
2874 5543 3208 5620 principium,
3233 5543 3333 5616 qui
3347 5547 3583 5600 meruerit
3617 5545 3704 5600 isti
3731 5543 3798 5598 ad
3817 5559 3886 5597 se-

2298 5622 2576 5674 minarium
2593 5663 2607 5684 ,
2635 5631 2743 5676 etc.

2373 5703 2392 5729 ε
2427 5692 2539 5747 Sic.
2573 5708 2706 5747 mss.
2741 5693 2887 5758 Vat.,
2915 5691 3104 5757 Corb.,
3134 5690 3302 5762 Long.
3335 5688 3436 5744 Alii
3480 5700 3612 5742 vero
3656 5695 3712 5762 et
3739 5684 3883 5762 edit.,

2296 5777 2488 5835 memor
2515 5775 2688 5819 autem
2730 5757 2921 5821 nostra:
2959 5757 3276 5835 iniquitatis,
3306 5777 3434 5835 opus
3457 5775 3607 5815 suum
3643 5757 3884 5833 ejusdem.

2296 5833 2431 5893 Cod.
2465 5835 2630 5906 Mam,
2656 5836 2838 5894 eadem
2864 5853 2967 5910 qua
2994 5833 3165 5911 erupit,
3189 5843 3296 5896 etc.
