  <div class='ocr_page' id='page_1' title='image "/cluster/home/n/w/nwhite01/storage/ocr_20150623/14/hvd.32044015471303/204.png"; bbox 0 0 4082 6370; ppageno 0'>
   <div class='ocr_carea' id='block_1_1' title="bbox 280 273 349 333">
    <p class='ocr_par' dir='ltr' id='par_1_1' title="bbox 280 273 349 333">
     <span class='ocr_line' id='line_1_1' title="bbox 280 273 349 333; baseline -0.072 0"><span class='ocrx_word' id='word_1_1' title='bbox 280 273 349 333; x_wconf 76' lang='grc'>97</span> 
     </span>
    </p>
   </div>
   <div class='ocr_carea' id='block_1_2' title="bbox 235 274 1252 452">
    <p class='ocr_par' dir='ltr' id='par_1_2' title="bbox 235 274 1252 452">
     <span class='ocr_line' id='line_1_2' title="bbox 235 274 349 360; baseline 0 0"><span class='ocrx_word' id='word_1_2' title='bbox 235 274 349 360; x_wconf 59' lang='lat'><strong><em>$.97</em></strong></span> 
     </span>
     <span class='ocr_line' id='line_1_3' title="bbox 839 382 1252 452; baseline -0.01 -9"><span class='ocrx_word' id='word_1_3' title='bbox 839 384 1070 452; x_wconf 70' lang='lat' dir='ltr'><strong><em>canor</em></strong></span> <span class='ocrx_word' id='word_1_4' title='bbox 1110 382 1252 442; x_wconf 75' lang='lat' dir='ltr'><strong><em>xxr.</em></strong></span> 
     </span>
    </p>
   </div>
   <div class='ocr_carea' id='block_1_3' title="bbox 251 480 1842 554">
    <p class='ocr_par' dir='ltr' id='par_1_3' title="bbox 251 480 1842 554">
     <span class='ocr_line' id='line_1_4' title="bbox 251 480 1842 554; baseline -0.005 -12"><span class='ocrx_word' id='word_1_5' title='bbox 251 484 354 542; x_wconf 86' lang='lat' dir='ltr'><strong><em>Cur</em></strong></span> <span class='ocrx_word' id='word_1_6' title='bbox 367 480 483 538; x_wconf 86' lang='lat' dir='ltr'><strong><em>Noe</em></strong></span> <span class='ocrx_word' id='word_1_7' title='bbox 505 490 561 537; x_wconf 87' lang='lat' dir='ltr'><strong><em>ut</em></strong></span> <span class='ocrx_word' id='word_1_8' title='bbox 588 481 748 539; x_wconf 74' lang='lat' dir='ltr'><strong><em>exiret</em></strong></span> <span class='ocrx_word' id='word_1_9' title='bbox 772 497 835 538; x_wconf 81' lang='lat' dir='ltr'><strong><em>ea:</em></strong></span> <span class='ocrx_word' id='word_1_10' title='bbox 861 497 985 537; x_wconf 86' lang='lat' dir='ltr'><strong><em>arca</em></strong></span> <span class='ocrx_word' id='word_1_11' title='bbox 1007 480 1105 536; x_wconf 89' lang='lat' dir='ltr'><strong><em>Dei</em></strong></span> <span class='ocrx_word' id='word_1_12' title='bbox 1123 490 1438 554; x_wconf 67' lang='lat' dir='ltr'><strong><em>praceptum</em></strong></span> <span class='ocrx_word' id='word_1_13' title='bbox 1453 481 1842 553; x_wconf 68' lang='lat' dir='ltr'><strong><em>exspectarerit.</em></strong></span> 
     </span>
    </p>
   </div>
   <div class='ocr_carea' id='block_1_4' title="bbox 1341 262 2519 344">
    <p class='ocr_par' dir='ltr' id='par_1_4' title="bbox 1341 262 2519 344">
     <span class='ocr_line' id='line_1_5' title="bbox 1341 262 2519 344; baseline -0.003 -18"><span class='ocrx_word' id='word_1_14' title='bbox 1341 269 1430 326; x_wconf 88' lang='lat' dir='ltr'><strong><em>DE</em></strong></span> <span class='ocrx_word' id='word_1_15' title='bbox 1467 267 1602 342; x_wconf 66' lang='lat' dir='ltr'><strong><em>NOE</em></strong></span> <span class='ocrx_word' id='word_1_16' title='bbox 1642 266 1731 340; x_wconf 76' lang='lat' dir='ltr'><strong>ET</strong></span> <span class='ocrx_word' id='word_1_17' title='bbox 1766 266 1955 344; x_wconf 63' lang='lat' dir='ltr'><strong><em>AMIA</em></strong></span> <span class='ocrx_word' id='word_1_18' title='bbox 1993 267 2192 338; x_wconf 75' lang='lat' dir='ltr'><strong>LIBER</strong></span> <span class='ocrx_word' id='word_1_19' title='bbox 2235 266 2450 338; x_wconf 76' lang='lat' dir='ltr'><strong><em>UNUS.</em></strong></span> <span class='ocrx_word' id='word_1_20' title='bbox 2515 262 2519 266; x_wconf 81' lang='grc'><strong>’</strong></span> 
     </span>
    </p>
   </div>
   <div class='ocr_carea' id='block_1_5' title="bbox 1872 381 3541 460">
    <p class='ocr_par' dir='ltr' id='par_1_5' title="bbox 1872 381 3541 460">
     <span class='ocr_line' id='line_1_6' title="bbox 1872 381 3541 460; baseline -0.002 -20"><span class='ocrx_word' id='word_1_21' title='bbox 1872 387 1921 460; x_wconf 67' lang='grc' dir='ltr'>Α</span> <span class='ocrx_word' id='word_1_22' title='bbox 1950 383 2174 440; x_wconf 88' lang='lat' dir='ltr'><strong><em>consilia</em></strong></span> <span class='ocrx_word' id='word_1_23' title='bbox 2207 393 2392 440; x_wconf 88' lang='lat' dir='ltr'><strong><em>nostra</em></strong></span> <span class='ocrx_word' id='word_1_24' title='bbox 2417 381 2484 439; x_wconf 92' lang='lat' dir='ltr'><strong><em>ad</em></strong></span> <span class='ocrx_word' id='word_1_25' title='bbox 2516 381 2768 439; x_wconf 91' lang='lat' dir='ltr'><strong><em>virtutem</em></strong></span> <span class='ocrx_word' id='word_1_26' title='bbox 2791 424 2805 451; x_wconf 88' lang='lat'><strong><em>,</em></strong></span> <span class='ocrx_word' id='word_1_27' title='bbox 2833 382 3122 455; x_wconf 81' lang='lat' dir='ltr'><strong><em>justitiam,</em></strong></span> <span class='ocrx_word' id='word_1_28' title='bbox 3154 383 3541 455; x_wconf 83' lang='lat' dir='ltr'><strong><em>integritatem,</em></strong></span> 
     </span>
    </p>
   </div>
   <div class='ocr_carea' id='block_1_6' title="bbox 1946 476 3544 550">
    <p class='ocr_par' dir='ltr' id='par_1_6' title="bbox 1946 476 3544 550">
     <span class='ocr_line' id='line_1_7' title="bbox 1946 476 3544 550; baseline 0 -16"><span class='ocrx_word' id='word_1_29' title='bbox 1946 477 2322 535; x_wconf 71' lang='lat' dir='ltr'><strong><em>fortitudinem</em></strong></span> <span class='ocrx_word' id='word_1_30' title='bbox 2343 477 2675 550; x_wconf 85' lang='lat' dir='ltr'><strong><em>dirigantur,</em></strong></span> <span class='ocrx_word' id='word_1_31' title='bbox 2689 486 2744 538; x_wconf 87' lang='lat' dir='ltr'><strong><em>et</em></strong></span> <span class='ocrx_word' id='word_1_32' title='bbox 2761 478 2996 550; x_wconf 83' lang='lat' dir='ltr'><strong><em>quodam</em></strong></span> <span class='ocrx_word' id='word_1_33' title='bbox 3019 493 3120 543; x_wconf 74' lang='lat' dir='ltr'><strong><em>usu</em></strong></span> <span class='ocrx_word' id='word_1_34' title='bbox 3140 476 3544 550; x_wconf 86' lang='lat' dir='ltr'><strong><em>seminarioque</em></strong></span> 
     </span>
    </p>
   </div>
   <div class='ocr_carea' id='block_1_7' title="bbox 3436 267 3546 331">
    <p class='ocr_par' dir='ltr' id='par_1_7' title="bbox 3436 267 3546 331">
     <span class='ocr_line' id='line_1_8' title="bbox 3436 267 3546 331; baseline 0 -5"><span class='ocrx_word' id='word_1_35' title='bbox 3436 267 3546 331; x_wconf 77' lang='lat'><strong><em>398</em></strong></span> 
     </span>
    </p>
   </div>
   <div class='ocr_carea' id='block_1_8' title="bbox 328 573 3548 656">
    <p class='ocr_par' dir='ltr' id='par_1_8' title="bbox 328 573 3548 656">
     <span class='ocr_line' id='line_1_9' title="bbox 328 573 3548 656; baseline 0.001 -26"><span class='ocrx_word' id='word_1_36' title='bbox 328 575 600 645; x_wconf 80' lang='lat' dir='ltr'><strong><em>Quomodo</em></strong></span> <span class='ocrx_word' id='word_1_37' title='bbox 631 592 721 648; x_wconf 86' lang='lat' dir='ltr'><strong><em>per</em></strong></span> <span class='ocrx_word' id='word_1_38' title='bbox 754 576 986 632; x_wconf 76' lang='lat' dir='ltr'><strong><em>ordinem</em></strong></span> <span class='ocrx_word' id='word_1_39' title='bbox 1015 590 1114 646; x_wconf 88' lang='lat' dir='ltr'><strong><em>quo</em></strong></span> <span class='ocrx_word' id='word_1_40' title='bbox 1145 573 1280 628; x_wconf 87' lang='lat' dir='ltr'><strong><em>idem</em></strong></span> <span class='ocrx_word' id='word_1_41' title='bbox 1308 590 1426 628; x_wconf 88' lang='lat' dir='ltr'><strong><em>cum</em></strong></span> <span class='ocrx_word' id='word_1_42' title='bbox 1450 574 1556 629; x_wconf 88' lang='lat' dir='ltr'><strong><em>suis</em></strong></span> <span class='ocrx_word' id='word_1_43' title='bbox 1583 574 1846 646; x_wconf 85' lang='lat' dir='ltr'><strong><em>ingressus</em></strong></span> <span class='ocrx_word' id='word_1_44' title='bbox 1947 575 2204 632; x_wconf 85' lang='lat' dir='ltr'><strong><em>virtutum</em></strong></span> <span class='ocrx_word' id='word_1_45' title='bbox 2251 577 2436 656; x_wconf 82' lang='lat' dir='ltr'><strong><em>creari</em></strong></span> <span class='ocrx_word' id='word_1_46' title='bbox 2466 585 2630 646; x_wconf 87' lang='lat' dir='ltr'><strong><em>atque</em></strong></span> <span class='ocrx_word' id='word_1_47' title='bbox 2673 575 2997 650; x_wconf 75' lang='lat' dir='ltr'><strong><em>adolescere</em></strong></span> <span class='ocrx_word' id='word_1_48' title='bbox 3046 575 3256 647; x_wconf 86' lang='lat' dir='ltr'><strong><em>possint</em></strong></span> <span class='ocrx_word' id='word_1_49' title='bbox 3285 573 3548 632; x_wconf 80' lang='lat' dir='ltr'><strong><em>validiora</em></strong></span> 
     </span>
    </p>
   </div>
   <div class='ocr_carea' id='block_1_9' title="bbox 325 665 3550 741">
    <p class='ocr_par' dir='ltr' id='par_1_9' title="bbox 325 665 3550 741">
     <span class='ocr_line' id='line_1_10' title="bbox 325 665 3550 741; baseline 0 -19"><span class='ocrx_word' id='word_1_50' title='bbox 325 678 477 739; x_wconf 88' lang='lat' dir='ltr'><strong><em>atque</em></strong></span> <span class='ocrx_word' id='word_1_51' title='bbox 520 685 753 740; x_wconf 87' lang='lat' dir='ltr'><strong><em>egressus</em></strong></span> <span class='ocrx_word' id='word_1_52' title='bbox 797 667 1122 735; x_wconf 69' lang='lat' dir='ltr'><strong><em>describitur,</em></strong></span> <span class='ocrx_word' id='word_1_53' title='bbox 1151 666 1462 720; x_wconf 77' lang='lat' dir='ltr'><strong><em>abstinentia</em></strong></span> <span class='ocrx_word' id='word_1_54' title='bbox 1499 665 1848 738; x_wconf 68' lang='lat' dir='ltr'><strong><em>generationis</em></strong></span> <span class='ocrx_word' id='word_1_55' title='bbox 1947 668 2200 738; x_wconf 88' lang='lat' dir='ltr'><strong><em>consilia.</em></strong></span> <span class='ocrx_word' id='word_1_56' title='bbox 2243 667 2363 730; x_wconf 82' lang='lat' dir='ltr'><strong><em>Non</em></strong></span> <span class='ocrx_word' id='word_1_57' title='bbox 2404 678 2489 736; x_wconf 77' lang='lat' dir='ltr'><strong><em>est</em></strong></span> <span class='ocrx_word' id='word_1_58' title='bbox 2532 670 2698 740; x_wconf 81' lang='lat' dir='ltr'><strong><em>igitur</em></strong></span> <span class='ocrx_word' id='word_1_59' title='bbox 2741 670 2909 736; x_wconf 84' lang='lat' dir='ltr'><strong><em>utile,</em></strong></span> <span class='ocrx_word' id='word_1_60' title='bbox 2937 686 3063 730; x_wconf 85' lang='lat' dir='ltr'><strong><em>cum</em></strong></span> <span class='ocrx_word' id='word_1_61' title='bbox 3092 670 3345 741; x_wconf 81' lang='lat' dir='ltr'><strong><em>vitiorum</em></strong></span> <span class='ocrx_word' id='word_1_62' title='bbox 3368 668 3550 738; x_wconf 74' lang='lat' dir='ltr'><strong><em>aliqua</em></strong></span> 
     </span>
    </p>
   </div>
   <div class='ocr_carea' id='block_1_10' title="bbox 331 756 3552 838">
    <p class='ocr_par' dir='ltr' id='par_1_10' title="bbox 331 756 3552 838">
     <span class='ocr_line' id='line_1_11' title="bbox 331 756 3552 838; baseline 0.001 -22"><span class='ocrx_word' id='word_1_63' title='bbox 331 778 547 816; x_wconf 85' lang='lat' dir='ltr'><strong><em>necnon</em></strong></span> <span class='ocrx_word' id='word_1_64' title='bbox 574 761 800 838; x_wconf 80' lang='lat' dir='ltr'><strong><em>ejusdem</em></strong></span> <span class='ocrx_word' id='word_1_65' title='bbox 833 777 957 814; x_wconf 88' lang='lat' dir='ltr'><strong><em>usus</em></strong></span> <span class='ocrx_word' id='word_1_66' title='bbox 997 758 1334 830; x_wconf 77' lang='lat' dir='ltr'><strong><em>designetur?</em></strong></span> <span class='ocrx_word' id='word_1_67' title='bbox 1366 756 1585 813; x_wconf 86' lang='lat' dir='ltr'><strong><em>Demum</em></strong></span> <span class='ocrx_word' id='word_1_68' title='bbox 1611 757 1736 829; x_wconf 85' lang='lat' dir='ltr'><strong><em>quid</em></strong></span> <span class='ocrx_word' id='word_1_69' title='bbox 1762 757 1852 813; x_wconf 91' lang='lat' dir='ltr'><strong><em>ille</em></strong></span> <span class='ocrx_word' id='word_1_70' title='bbox 1951 759 2197 820; x_wconf 83' lang='lat' dir='ltr'><strong><em>confusio</em></strong></span> <span class='ocrx_word' id='word_1_71' title='bbox 2230 769 2318 830; x_wconf 87' lang='lat' dir='ltr'><strong><em>est</em></strong></span> <span class='ocrx_word' id='word_1_72' title='bbox 2351 777 2471 832; x_wconf 71' lang='lat' dir='ltr'><strong><em>qua:</em></strong></span> <span class='ocrx_word' id='word_1_73' title='bbox 2511 772 2750 829; x_wconf 79' lang='lat' dir='ltr'><strong><em>mentem</em></strong></span> <span class='ocrx_word' id='word_1_74' title='bbox 2793 772 3058 832; x_wconf 78' lang='lat' dir='ltr'><strong><em>occupet,</em></strong></span> <span class='ocrx_word' id='word_1_75' title='bbox 3103 777 3291 820; x_wconf 79' lang='lat' dir='ltr'><strong><em>serere</em></strong></span> <span class='ocrx_word' id='word_1_76' title='bbox 3337 761 3552 833; x_wconf 65' lang='lat' dir='ltr'><strong><em>aliquas</em></strong></span> 
     </span>
    </p>
   </div>
   <div class='ocr_carea' id='block_1_11' title="bbox 332 849 1390 924">
    <p class='ocr_par' dir='ltr' id='par_1_11' title="bbox 332 849 1390 924">
     <span class='ocr_line' id='line_1_12' title="bbox 332 849 1390 924; baseline -0.005 -15"><span class='ocrx_word' id='word_1_77' title='bbox 332 853 460 910; x_wconf 87' lang='lat' dir='ltr'><strong><em>ordo</em></strong></span> <span class='ocrx_word' id='word_1_78' title='bbox 486 853 710 924; x_wconf 75' lang='lat' dir='ltr'><strong><em>spiritali</em></strong></span> <span class='ocrx_word' id='word_1_79' title='bbox 734 853 992 908; x_wconf 80' lang='lat' dir='ltr'><strong><em>intellectu</em></strong></span> <span class='ocrx_word' id='word_1_80' title='bbox 1021 868 1112 906; x_wconf 84' lang='lat' dir='ltr'><strong><em>nos</em></strong></span> <span class='ocrx_word' id='word_1_81' title='bbox 1140 849 1390 905; x_wconf 85' lang='lat' dir='ltr'><strong><em>edoceat?</em></strong></span> 
     </span>
    </p>
   </div>
   <div class='ocr_carea' id='block_1_12' title="bbox 334 941 1851 1010">
    <p class='ocr_par' dir='ltr' id='par_1_12' title="bbox 334 941 1851 1010">
     <span class='ocr_line' id='line_1_13' title="bbox 334 941 1851 1010; baseline -0.007 -7"><span class='ocrx_word' id='word_1_82' title='bbox 334 947 422 1003; x_wconf 83' lang='lat'><strong><em>75.</em></strong></span> <span class='ocrx_word' id='word_1_83' title='bbox 466 945 534 1000; x_wconf 85' lang='lat' dir='ltr'><strong><em>Et</em></strong></span> <span class='ocrx_word' id='word_1_84' title='bbox 557 945 685 1001; x_wconf 76' lang='lat' dir='ltr'><strong><em>dixit</em></strong></span> <span class='ocrx_word' id='word_1_85' title='bbox 700 945 953 1001; x_wconf 86' lang='lat' dir='ltr'><strong><em>Dominus</em></strong></span> <span class='ocrx_word' id='word_1_86' title='bbox 982 943 1122 1000; x_wconf 87' lang='lat' dir='ltr'><strong><em>Deus</em></strong></span> <span class='ocrx_word' id='word_1_87' title='bbox 1142 945 1209 997; x_wconf 91' lang='lat' dir='ltr'><strong><em>ad</em></strong></span> <span class='ocrx_word' id='word_1_88' title='bbox 1236 941 1352 998; x_wconf 86' lang='lat' dir='ltr'><strong><em>Noe</em></strong></span> <span class='ocrx_word' id='word_1_89' title='bbox 1373 959 1392 998; x_wconf 92' lang='lat'><strong><em>:</em></strong></span> <span class='ocrx_word' id='word_1_90' title='bbox 1417 943 1521 1010; x_wconf 70' lang='lat' dir='ltr'><strong><em>Exi</em></strong></span> <span class='ocrx_word' id='word_1_91' title='bbox 1549 942 1612 998; x_wconf 85' lang='lat' dir='ltr'><strong><em>de</em></strong></span> <span class='ocrx_word' id='word_1_92' title='bbox 1637 957 1758 998; x_wconf 86' lang='lat' dir='ltr'><strong><em>arca</em></strong></span> <span class='ocrx_word' id='word_1_93' title='bbox 1776 951 1851 1010; x_wconf 85' lang='lat' dir='ltr'><strong><em>tu,</em></strong></span> 
     </span>
    </p>
   </div>
   <div class='ocr_carea' id='block_1_13' title="bbox 260 1033 1858 1108">
    <p class='ocr_par' dir='ltr' id='par_1_13' title="bbox 260 1033 1858 1108">
     <span class='ocr_line' id='line_1_14' title="bbox 260 1033 1858 1108; baseline -0.004 -12"><span class='ocrx_word' id='word_1_94' title='bbox 260 1048 308 1096; x_wconf 88' lang='lat' dir='ltr'><strong><em>et</em></strong></span> <span class='ocrx_word' id='word_1_95' title='bbox 337 1056 467 1094; x_wconf 77' lang='lat' dir='ltr'><strong><em>uxor</em></strong></span> <span class='ocrx_word' id='word_1_96' title='bbox 496 1048 603 1105; x_wconf 89' lang='lat' dir='ltr'><strong><em>tua,</em></strong></span> <span class='ocrx_word' id='word_1_97' title='bbox 634 1049 682 1094; x_wconf 83' lang='lat' dir='ltr'><strong><em>et</em></strong></span> <span class='ocrx_word' id='word_1_98' title='bbox 720 1037 820 1107; x_wconf 84' lang='lat' dir='ltr'><strong><em>ﬁlii</em></strong></span> <span class='ocrx_word' id='word_1_99' title='bbox 850 1036 924 1093; x_wconf 87' lang='lat' dir='ltr'><strong><em>tui</em></strong></span> <span class='ocrx_word' id='word_1_100' title='bbox 955 1033 1119 1108; x_wconf 77' lang='lat' dir='ltr'><strong><em>(Gen.</em></strong></span> <span class='ocrx_word' id='word_1_101' title='bbox 1166 1051 1293 1104; x_wconf 76' lang='lat' dir='ltr'><strong><em>VIII,</em></strong></span> <span class='ocrx_word' id='word_1_102' title='bbox 1329 1035 1444 1106; x_wconf 82' lang='grc'><strong>16).</strong></span> <span class='ocrx_word' id='word_1_103' title='bbox 1483 1035 1666 1106; x_wconf 81' lang='lat' dir='ltr'><strong><em>Itaque</em></strong></span> <span class='ocrx_word' id='word_1_104' title='bbox 1704 1047 1858 1090; x_wconf 79' lang='lat' dir='ltr'><strong><em>rece-</em></strong></span> 
     </span>
    </p>
   </div>
   <div class='ocr_carea' id='block_1_14' title="bbox 261 1127 1856 1204">
    <p class='ocr_par' dir='ltr' id='par_1_14' title="bbox 261 1127 1856 1204">
     <span class='ocr_line' id='line_1_15' title="bbox 261 1127 1856 1204; baseline -0.006 -14"><span class='ocrx_word' id='word_1_105' title='bbox 261 1133 424 1190; x_wconf 84' lang='lat' dir='ltr'><strong><em>dente</em></strong></span> <span class='ocrx_word' id='word_1_106' title='bbox 452 1146 589 1204; x_wconf 90' lang='lat' dir='ltr'><strong><em>aqua</em></strong></span> <span class='ocrx_word' id='word_1_107' title='bbox 613 1141 668 1186; x_wconf 87' lang='lat' dir='ltr'><strong><em>et</em></strong></span> <span class='ocrx_word' id='word_1_108' title='bbox 697 1131 894 1186; x_wconf 84' lang='lat' dir='ltr'><strong><em>siccata</em></strong></span> <span class='ocrx_word' id='word_1_109' title='bbox 924 1138 1066 1186; x_wconf 88' lang='lat' dir='ltr'><strong><em>terra</em></strong></span> <span class='ocrx_word' id='word_1_110' title='bbox 1097 1128 1248 1185; x_wconf 77' lang='lat' dir='ltr'><strong><em>exire</em></strong></span> <span class='ocrx_word' id='word_1_111' title='bbox 1279 1130 1453 1200; x_wconf 84' lang='lat' dir='ltr'><strong><em>potuit</em></strong></span> <span class='ocrx_word' id='word_1_112' title='bbox 1479 1127 1594 1183; x_wconf 85' lang='lat' dir='ltr'><strong><em>Noe</em></strong></span> <span class='ocrx_word' id='word_1_113' title='bbox 1622 1127 1689 1182; x_wconf 90' lang='lat' dir='ltr'><strong><em>de</em></strong></span> <span class='ocrx_word' id='word_1_114' title='bbox 1710 1141 1856 1196; x_wconf 84' lang='lat' dir='ltr'><strong><em>arca.</em></strong></span> 
     </span>
    </p>
   </div>
   <div class='ocr_carea' id='block_1_15' title="bbox 1954 853 3549 928">
    <p class='ocr_par' dir='ltr' id='par_1_15' title="bbox 1954 853 3549 928">
     <span class='ocr_line' id='line_1_16' title="bbox 1954 853 3549 928; baseline -0.003 -18"><span class='ocrx_word' id='word_1_115' title='bbox 1954 853 2338 928; x_wconf 71' lang='lat' dir='ltr'><strong><em>cogitationes,</em></strong></span> <span class='ocrx_word' id='word_1_116' title='bbox 2377 866 2543 925; x_wconf 86' lang='lat' dir='ltr'><strong><em>atque</em></strong></span> <span class='ocrx_word' id='word_1_117' title='bbox 2589 869 2856 926; x_wconf 85' lang='lat' dir='ltr'><strong><em>generare</em></strong></span> <span class='ocrx_word' id='word_1_118' title='bbox 2892 863 2947 920; x_wconf 86' lang='lat' dir='ltr'><strong><em>et</em></strong></span> <span class='ocrx_word' id='word_1_119' title='bbox 2992 856 3263 926; x_wconf 87' lang='lat' dir='ltr'><strong><em>parturire</em></strong></span> <span class='ocrx_word' id='word_1_120' title='bbox 3286 862 3549 910; x_wconf 90' lang='lat' dir='ltr'><strong><em>mentem.</em></strong></span> 
     </span>
    </p>
   </div>
   <div class='ocr_carea' id='block_1_16' title="bbox 1957 947 3562 1020">
    <p class='ocr_par' dir='ltr' id='par_1_16' title="bbox 1957 947 3562 1020">
     <span class='ocr_line' id='line_1_17' title="bbox 1957 947 3562 1020; baseline -0.002 -16"><span class='ocrx_word' id='word_1_121' title='bbox 1957 947 2092 1004; x_wconf 86' lang='lat' dir='ltr'><strong><em>Cum</em></strong></span> <span class='ocrx_word' id='word_1_122' title='bbox 2153 957 2334 1004; x_wconf 90' lang='lat' dir='ltr'><strong><em>autem</em></strong></span> <span class='ocrx_word' id='word_1_123' title='bbox 2401 962 2733 1020; x_wconf 80' lang='lat' dir='ltr'><strong><em>compressa:</em></strong></span> <span class='ocrx_word' id='word_1_124' title='bbox 2803 947 3008 1004; x_wconf 79' lang='lat' dir='ltr'><strong><em>fuerint</em></strong></span> <span class='ocrx_word' id='word_1_125' title='bbox 3073 947 3432 1020; x_wconf 80' lang='lat' dir='ltr'><strong><em>cupiditates,</em></strong></span> <span class='ocrx_word' id='word_1_126' title='bbox 3501 951 3562 1002; x_wconf 88' lang='lat' dir='ltr'><strong><em>et</em></strong></span> 
     </span>
    </p>
   </div>
   <div class='ocr_carea' id='block_1_17' title="bbox 1959 1039 3561 1114">
    <p class='ocr_par' dir='ltr' id='par_1_17' title="bbox 1959 1039 3561 1114">
     <span class='ocr_line' id='line_1_18' title="bbox 1959 1039 3561 1114; baseline -0.002 -17"><span class='ocrx_word' id='word_1_127' title='bbox 1959 1056 2114 1097; x_wconf 90' lang='lat' dir='ltr'><strong><em>mens</em></strong></span> <span class='ocrx_word' id='word_1_128' title='bbox 2160 1041 2522 1114; x_wconf 83' lang='lat' dir='ltr'><strong><em>requieverit,</em></strong></span> <span class='ocrx_word' id='word_1_129' title='bbox 2571 1051 2702 1097; x_wconf 90' lang='lat' dir='ltr'><strong><em>tunc</em></strong></span> <span class='ocrx_word' id='word_1_130' title='bbox 2741 1041 3040 1104; x_wconf 83' lang='lat' dir='ltr'><strong><em>seminario</em></strong></span> <span class='ocrx_word' id='word_1_131' title='bbox 3077 1039 3310 1111; x_wconf 88' lang='lat' dir='ltr'><strong><em>quodam</em></strong></span> <span class='ocrx_word' id='word_1_132' title='bbox 3343 1040 3561 1110; x_wconf 86' lang='lat' dir='ltr'><strong><em>discep-</em></strong></span> 
     </span>
    </p>
   </div>
   <div class='ocr_carea' id='block_1_18' title="bbox 1963 1131 3561 1206">
    <p class='ocr_par' dir='ltr' id='par_1_18' title="bbox 1963 1131 3561 1206">
     <span class='ocr_line' id='line_1_19' title="bbox 1963 1131 3561 1206; baseline 0.001 -19"><span class='ocrx_word' id='word_1_133' title='bbox 1963 1132 2184 1189; x_wconf 89' lang='lat' dir='ltr'><strong><em>tationis</em></strong></span> <span class='ocrx_word' id='word_1_134' title='bbox 2210 1141 2456 1206; x_wconf 83' lang='lat' dir='ltr'><strong><em>accepto,</em></strong></span> <span class='ocrx_word' id='word_1_135' title='bbox 2486 1131 2720 1204; x_wconf 80' lang='lat' dir='ltr'><strong><em>virtutes</em></strong></span> <span class='ocrx_word' id='word_1_136' title='bbox 2744 1141 2972 1206; x_wconf 87' lang='lat' dir='ltr'><strong><em>possunt</em></strong></span> <span class='ocrx_word' id='word_1_137' title='bbox 2997 1143 3051 1190; x_wconf 87' lang='lat' dir='ltr'><strong><em>et</em></strong></span> <span class='ocrx_word' id='word_1_138' title='bbox 3077 1132 3220 1188; x_wconf 90' lang='lat' dir='ltr'><strong><em>bona</em></strong></span> <span class='ocrx_word' id='word_1_139' title='bbox 3245 1147 3408 1204; x_wconf 84' lang='lat' dir='ltr'><strong><em>opera</em></strong></span> <span class='ocrx_word' id='word_1_140' title='bbox 3435 1144 3561 1202; x_wconf 84' lang='lat' dir='ltr'><strong><em>ger-</em></strong></span> 
     </span>
    </p>
   </div>
   <div class='ocr_carea' id='block_1_19' title="bbox 260 1221 2183 1298">
    <p class='ocr_par' dir='ltr' id='par_1_19' title="bbox 260 1221 2183 1298">
     <span class='ocr_line' id='line_1_20' title="bbox 260 1221 2183 1298; baseline -0.004 -14"><span class='ocrx_word' id='word_1_141' title='bbox 260 1226 366 1284; x_wconf 92' lang='lat' dir='ltr'><strong><em>Sed</em></strong></span> <span class='ocrx_word' id='word_1_142' title='bbox 407 1226 588 1298; x_wconf 89' lang='lat' dir='ltr'><strong><em>justus</em></strong></span> <span class='ocrx_word' id='word_1_143' title='bbox 632 1224 768 1280; x_wconf 85' lang='lat' dir='ltr'><strong>nihil</strong></span> <span class='ocrx_word' id='word_1_144' title='bbox 813 1224 919 1281; x_wconf 86' lang='lat' dir='ltr'><strong><em>sibi</em></strong></span> <span class='ocrx_word' id='word_1_145' title='bbox 973 1223 1348 1296; x_wconf 88' lang='lat' dir='ltr'><strong><em>arrogat,sed</em></strong></span> <span class='ocrx_word' id='word_1_146' title='bbox 1393 1233 1563 1278; x_wconf 84' lang='lat' dir='ltr'><strong><em>tntum</em></strong></span> <span class='ocrx_word' id='word_1_147' title='bbox 1590 1236 1650 1277; x_wconf 90' lang='lat' dir='ltr'><strong><em>se</em></strong></span> <span class='ocrx_word' id='word_1_148' title='bbox 1678 1221 1862 1277; x_wconf 87' lang='lat' dir='ltr'><strong><em>divino</em></strong></span> <span class='ocrx_word' id='word_1_149' title='bbox 1965 1226 2183 1298; x_wconf 75' lang='lat' dir='ltr'><strong><em>minari.</em></strong></span> 
     </span>
    </p>
   </div>
   <div class='ocr_carea' id='block_1_20' title="bbox 260 1315 1863 1387">
    <p class='ocr_par' dir='ltr' id='par_1_20' title="bbox 260 1315 1863 1387">
     <span class='ocr_line' id='line_1_21' title="bbox 260 1315 1863 1387; baseline -0.004 -13"><span class='ocrx_word' id='word_1_150' title='bbox 260 1318 552 1375; x_wconf 87' lang='lat' dir='ltr'><strong><em>committit</em></strong></span> <span class='ocrx_word' id='word_1_151' title='bbox 578 1317 830 1387; x_wconf 87' lang='lat' dir='ltr'><strong><em>imperio.</em></strong></span> <span class='ocrx_word' id='word_1_152' title='bbox 864 1317 928 1372; x_wconf 88' lang='lat' dir='ltr'><strong><em>Et</em></strong></span> <span class='ocrx_word' id='word_1_153' title='bbox 956 1316 1190 1372; x_wconf 66' lang='lat' dir='ltr'><strong><em>maxime</em></strong></span> <span class='ocrx_word' id='word_1_154' title='bbox 1212 1316 1304 1387; x_wconf 90' lang='lat' dir='ltr'><strong><em>qui</em></strong></span> <span class='ocrx_word' id='word_1_155' title='bbox 1333 1316 1543 1372; x_wconf 85' lang='lat' dir='ltr'><strong><em>ccelesti</em></strong></span> <span class='ocrx_word' id='word_1_156' title='bbox 1571 1316 1743 1370; x_wconf 83' lang='lat' dir='ltr'><strong><em>fuerat</em></strong></span> <span class='ocrx_word' id='word_1_157' title='bbox 1765 1315 1863 1369; x_wconf 87' lang='lat' dir='ltr'><strong><em>im-</em></strong></span> 
     </span>
    </p>
   </div>
   <div class='ocr_carea' id='block_1_21' title="bbox 261 1407 1861 1485">
    <p class='ocr_par' dir='ltr' id='par_1_21' title="bbox 261 1407 1861 1485">
     <span class='ocr_line' id='line_1_22' title="bbox 261 1407 1861 1485; baseline -0.004 -18"><span class='ocrx_word' id='word_1_158' title='bbox 261 1425 484 1485; x_wconf 87' lang='lat' dir='ltr'><strong><em>gressus</em></strong></span> <span class='ocrx_word' id='word_1_159' title='bbox 540 1409 794 1474; x_wconf 88' lang='lat' dir='ltr'><strong><em>oraculo,</em></strong></span> <span class='ocrx_word' id='word_1_160' title='bbox 849 1410 1074 1464; x_wconf 77' lang='lat' dir='ltr'><strong><em>cceleste</em></strong></span> <span class='ocrx_word' id='word_1_161' title='bbox 1126 1407 1340 1471; x_wconf 85' lang='lat' dir='ltr'><strong><em>debuit,</em></strong></span> <span class='ocrx_word' id='word_1_162' title='bbox 1372 1418 1432 1462; x_wconf 89' lang='lat' dir='ltr'><strong><em>ut</em></strong></span> <span class='ocrx_word' id='word_1_163' title='bbox 1483 1407 1861 1484; x_wconf 74' lang='lat' dir='ltr'><strong><em>egrederetur,</em></strong></span> 
     </span>
    </p>
   </div>
   <div class='ocr_carea' id='block_1_22' title="bbox 2550 1361 2984 1422">
    <p class='ocr_par' dir='ltr' id='par_1_22' title="bbox 2550 1361 2984 1422">
     <span class='ocr_line' id='line_1_23' title="bbox 2550 1361 2984 1422; baseline -0.007 -1"><span class='ocrx_word' id='word_1_164' title='bbox 2550 1362 2784 1422; x_wconf 82' lang='lat' dir='ltr'><strong>CAPUT</strong></span> <span class='ocrx_word' id='word_1_165' title='bbox 2814 1361 2984 1420; x_wconf 81' lang='lat' dir='ltr'><strong><em>XXII.</em></strong></span> 
     </span>
    </p>
   </div>
   <div class='ocr_carea' id='block_1_23' title="bbox 263 1473 1889 1577">
    <p class='ocr_par' dir='ltr' id='par_1_23' title="bbox 263 1478 1862 1577">
     <span class='ocr_line' id='line_1_24' title="bbox 263 1478 1862 1577; baseline -0.005 -16"><span class='ocrx_word' id='word_1_166' title='bbox 263 1513 585 1577; x_wconf 78' lang='lat' dir='ltr'><strong><em>exspectare</em></strong></span> <span class='ocrx_word' id='word_1_167' title='bbox 609 1517 956 1572; x_wconf 79' lang='lat' dir='ltr'><strong><em>reSponsutn.</em></strong></span> <span class='ocrx_word' id='word_1_168' title='bbox 989 1499 1305 1556; x_wconf 82' lang='lat' dir='ltr'><strong><em>Verecunda</em></strong></span> <span class='ocrx_word' id='word_1_169' title='bbox 1337 1500 1483 1556; x_wconf 89' lang='lat' dir='ltr'><strong><em>enim</em></strong></span> <span class='ocrx_word' id='word_1_170' title='bbox 1511 1478 1718 1571; x_wconf 76' lang='lat' dir='ltr'><strong><em>iustitia</em></strong></span> <span class='ocrx_word' id='word_1_171' title='bbox 1742 1507 1862 1566; x_wconf 89' lang='lat' dir='ltr'><strong><em>est;</em></strong></span> 
     </span>
    </p>
   </div>
   <div class='ocr_carea' id='block_1_24' title="bbox 1994 1473 3569 1577">
    <p class='ocr_par' dir='ltr' id='par_1_24' title="bbox 1994 1473 3569 1552">
     <span class='ocr_line' id='line_1_25' title="bbox 1994 1473 3569 1552; baseline -0.004 -16"><span class='ocrx_word' id='word_1_172' title='bbox 1994 1482 2088 1550; x_wconf 64' lang='lat' dir='ltr'><strong><em>Qua</em></strong></span> <span class='ocrx_word' id='word_1_173' title='bbox 2112 1481 2175 1537; x_wconf 89' lang='lat' dir='ltr'><strong><em>de</em></strong></span> <span class='ocrx_word' id='word_1_174' title='bbox 2196 1497 2350 1536; x_wconf 88' lang='lat' dir='ltr'><strong><em>causa</em></strong></span> <span class='ocrx_word' id='word_1_175' title='bbox 2371 1478 2422 1534; x_wconf 88' lang='grc' dir='ltr'><em>Ν</em></span> <span class='ocrx_word' id='word_1_176' title='bbox 2429 1495 2490 1535; x_wconf 90' lang='lat' dir='ltr'><strong><em>oe</em></strong></span> <span class='ocrx_word' id='word_1_177' title='bbox 2512 1496 2657 1534; x_wconf 91' lang='lat' dir='ltr'><strong><em>aram</em></strong></span> <span class='ocrx_word' id='word_1_178' title='bbox 2678 1479 2906 1552; x_wconf 88' lang='lat' dir='ltr'><strong><em>injussus</em></strong></span> <span class='ocrx_word' id='word_1_179' title='bbox 2926 1473 3038 1532; x_wconf 87' lang='lat' dir='ltr'><strong><em>Deo</em></strong></span> <span class='ocrx_word' id='word_1_180' title='bbox 3065 1475 3366 1545; x_wconf 76' lang='lat' dir='ltr'><strong><em>(ediﬁcauit;</em></strong></span> <span class='ocrx_word' id='word_1_181' title='bbox 3387 1475 3569 1546; x_wconf 87' lang='lat' dir='ltr'><strong><em>quidve</em></strong></span> 
     </span>
    </p>
   </div>
   <div class='ocr_carea' id='block_1_25' title="bbox 267 1591 1863 1669">
    <p class='ocr_par' dir='ltr' id='par_1_25' title="bbox 267 1591 1863 1669">
     <span class='ocr_line' id='line_1_26' title="bbox 267 1591 1863 1669; baseline -0.004 -17"><span class='ocrx_word' id='word_1_182' title='bbox 267 1598 393 1669; x_wconf 82' lang='lat' dir='ltr'><strong><em>quia</em></strong></span> <span class='ocrx_word' id='word_1_183' title='bbox 431 1595 796 1653; x_wconf 88' lang='lat' dir='ltr'><strong><em>inverecunda</em></strong></span> <span class='ocrx_word' id='word_1_184' title='bbox 847 1595 1104 1665; x_wconf 87' lang='lat' dir='ltr'><strong><em>iniquitas</em></strong></span> <span class='ocrx_word' id='word_1_185' title='bbox 1151 1609 1274 1665; x_wconf 65' lang='lat' dir='ltr'><strong><em>qua:</em></strong></span> <span class='ocrx_word' id='word_1_186' title='bbox 1316 1602 1544 1665; x_wconf 84' lang='lat' dir='ltr'><strong><em>usurpat</em></strong></span> <span class='ocrx_word' id='word_1_187' title='bbox 1585 1591 1863 1660; x_wconf 83' lang='lat' dir='ltr'><strong><em>indebita,</em></strong></span> 
     </span>
    </p>
   </div>
   <div class='ocr_carea' id='block_1_26' title="bbox 270 1697 1002 1748">
    <p class='ocr_par' dir='ltr' id='par_1_26' title="bbox 270 1697 1002 1748">
     <span class='ocr_line' id='line_1_27' title="bbox 270 1697 1002 1748; baseline -0.005 0"><span class='ocrx_word' id='word_1_188' title='bbox 270 1708 374 1748; x_wconf 89' lang='lat' dir='ltr'><strong><em>nec</em></strong></span> <span class='ocrx_word' id='word_1_189' title='bbox 397 1700 675 1747; x_wconf 80' lang='lat' dir='ltr'><strong><em>reveretur</em></strong></span> <span class='ocrx_word' id='word_1_190' title='bbox 705 1697 1002 1746; x_wconf 86' lang='lat' dir='ltr'><strong><em>auctorem.</em></strong></span> 
     </span>
    </p>
   </div>
   <div class='ocr_carea' id='block_1_27' title="bbox 342 1779 1866 1855">
    <p class='ocr_par' dir='ltr' id='par_1_27' title="bbox 342 1779 1866 1855">
     <span class='ocr_line' id='line_1_28' title="bbox 342 1779 1866 1855; baseline -0.003 -15"><span class='ocrx_word' id='word_1_191' title='bbox 342 1785 433 1840; x_wconf 90' lang='grc'><strong><em>76.</em></strong></span> <span class='ocrx_word' id='word_1_192' title='bbox 476 1783 629 1840; x_wconf 85' lang='lat' dir='ltr'><strong><em>Nunc</em></strong></span> <span class='ocrx_word' id='word_1_193' title='bbox 662 1798 969 1855; x_wconf 70' lang='lat' dir='ltr'><strong><em>quaeramus</em></strong></span> <span class='ocrx_word' id='word_1_194' title='bbox 1007 1796 1112 1852; x_wconf 89' lang='lat' dir='ltr'><strong><em>qua</em></strong></span> <span class='ocrx_word' id='word_1_195' title='bbox 1152 1781 1364 1837; x_wconf 85' lang='lat' dir='ltr'><strong><em>ratione</em></strong></span> <span class='ocrx_word' id='word_1_196' title='bbox 1389 1779 1643 1854; x_wconf 86' lang='lat' dir='ltr'><strong><em>quamdiu</em></strong></span> <span class='ocrx_word' id='word_1_197' title='bbox 1681 1780 1866 1854; x_wconf 86' lang='lat' dir='ltr'><strong><em>ingre-</em></strong></span> 
     </span>
    </p>
   </div>
   <div class='ocr_carea' id='block_1_28' title="bbox 268 1873 1870 1957">
    <p class='ocr_par' dir='ltr' id='par_1_28' title="bbox 268 1873 1870 1957">
     <span class='ocr_line' id='line_1_29' title="bbox 268 1873 1870 1957; baseline -0.001 -25"><span class='ocrx_word' id='word_1_198' title='bbox 268 1878 560 1957; x_wconf 82' lang='lat' dir='ltr'><strong><em>diebantur</em></strong></span> <span class='ocrx_word' id='word_1_199' title='bbox 591 1878 643 1932; x_wconf 91' lang='lat' dir='ltr'><strong><em>in</em></strong></span> <span class='ocrx_word' id='word_1_200' title='bbox 674 1892 856 1932; x_wconf 90' lang='lat' dir='ltr'><strong><em>arcam</em></strong></span> <span class='ocrx_word' id='word_1_201' title='bbox 892 1876 980 1930; x_wconf 91' lang='lat' dir='ltr'><strong><em>hic</em></strong></span> <span class='ocrx_word' id='word_1_202' title='bbox 1001 1875 1139 1930; x_wconf 92' lang='lat' dir='ltr'><strong><em>ordo</em></strong></span> <span class='ocrx_word' id='word_1_203' title='bbox 1170 1874 1270 1930; x_wconf 81' lang='lat' dir='ltr'><strong><em>fuit</em></strong></span> <span class='ocrx_word' id='word_1_204' title='bbox 1313 1873 1736 1946; x_wconf 81' lang='lat' dir='ltr'><strong><em>ingredientium</em></strong></span> <span class='ocrx_word' id='word_1_205' title='bbox 1756 1917 1771 1942; x_wconf 89' lang='lat'><strong><em>,</em></strong></span> <span class='ocrx_word' id='word_1_206' title='bbox 1810 1885 1870 1930; x_wconf 90' lang='lat' dir='ltr'><strong><em>ut</em></strong></span> 
     </span>
    </p>
   </div>
   <div class='ocr_carea' id='block_1_29' title="bbox 270 1966 1872 2044">
    <p class='ocr_par' dir='ltr' id='par_1_29' title="bbox 270 1966 1872 2044">
     <span class='ocr_line' id='line_1_30' title="bbox 270 1966 1872 2044; baseline -0.002 -18"><span class='ocrx_word' id='word_1_207' title='bbox 270 1971 451 2044; x_wconf 90' lang='lat' dir='ltr'><strong><em>primo</em></strong></span> <span class='ocrx_word' id='word_1_208' title='bbox 504 1970 619 2040; x_wconf 88' lang='lat' dir='ltr'><strong><em>ipse</em></strong></span> <span class='ocrx_word' id='word_1_209' title='bbox 668 1968 1044 2040; x_wconf 77' lang='lat' dir='ltr'><strong><em>ingrederetur</em></strong></span> <span class='ocrx_word' id='word_1_210' title='bbox 1085 1975 1142 2024; x_wconf 93' lang='lat' dir='ltr'><strong><em>et</em></strong></span> <span class='ocrx_word' id='word_1_211' title='bbox 1183 1967 1276 2023; x_wconf 90' lang='lat' dir='ltr'><strong><em>lilii</em></strong></span> <span class='ocrx_word' id='word_1_212' title='bbox 1319 1967 1474 2038; x_wconf 87' lang='lat' dir='ltr'><strong><em>ejus;</em></strong></span> <span class='ocrx_word' id='word_1_213' title='bbox 1507 1966 1708 2022; x_wconf 87' lang='lat' dir='ltr'><strong><em>deinde</em></strong></span> <span class='ocrx_word' id='word_1_214' title='bbox 1751 1967 1872 2038; x_wconf 86' lang='lat' dir='ltr'><strong><em>ejus</em></strong></span> 
     </span>
    </p>
   </div>
   <div class='ocr_carea' id='block_1_30' title="bbox 2042 1570 3572 1644">
    <p class='ocr_par' dir='ltr' id='par_1_30' title="bbox 2042 1570 3572 1644">
     <span class='ocr_line' id='line_1_31' title="bbox 2042 1570 3572 1644; baseline -0.005 -13"><span class='ocrx_word' id='word_1_215' title='bbox 2042 1575 2175 1643; x_wconf 86' lang='lat' dir='ltr'><strong><em>Deo,</em></strong></span> <span class='ocrx_word' id='word_1_216' title='bbox 2206 1583 2256 1630; x_wconf 90' lang='lat' dir='ltr'><strong><em>et</em></strong></span> <span class='ocrx_word' id='word_1_217' title='bbox 2279 1591 2380 1629; x_wconf 89' lang='lat' dir='ltr'><strong><em>non</em></strong></span> <span class='ocrx_word' id='word_1_218' title='bbox 2407 1573 2629 1628; x_wconf 89' lang='lat' dir='ltr'><strong><em>Domino</em></strong></span> <span class='ocrx_word' id='word_1_219' title='bbox 2653 1589 2672 1628; x_wconf 84' lang='lat'><strong><em>.°</em></strong></span> <span class='ocrx_word' id='word_1_220' title='bbox 2702 1589 2860 1644; x_wconf 87' lang='lat' dir='ltr'><strong><em>quare</em></strong></span> <span class='ocrx_word' id='word_1_221' title='bbox 2889 1574 3043 1628; x_wconf 89' lang='lat' dir='ltr'><strong><em>etiam</em></strong></span> <span class='ocrx_word' id='word_1_222' title='bbox 3073 1570 3382 1626; x_wconf 75' lang='lat' dir='ltr'><strong><em>holocausta</em></strong></span> <span class='ocrx_word' id='word_1_223' title='bbox 3408 1587 3436 1625; x_wconf 87' lang='lat' dir='ltr'><strong><em>e</em></strong></span> <span class='ocrx_word' id='word_1_224' title='bbox 3459 1571 3572 1638; x_wconf 78' lang='lat' dir='ltr'><strong><em>bes—</em></strong></span> 
     </span>
    </p>
   </div>
   <div class='ocr_carea' id='block_1_31' title="bbox 2043 1662 3572 1734">
    <p class='ocr_par' dir='ltr' id='par_1_31' title="bbox 2043 1662 3572 1734">
     <span class='ocr_line' id='line_1_32' title="bbox 2043 1662 3572 1734; baseline -0.003 -11"><span class='ocrx_word' id='word_1_225' title='bbox 2043 1670 2128 1723; x_wconf 90' lang='lat' dir='ltr'><strong><em>tiis</em></strong></span> <span class='ocrx_word' id='word_1_226' title='bbox 2157 1685 2218 1723; x_wconf 88' lang='lat' dir='ltr'><strong><em>ac</em></strong></span> <span class='ocrx_word' id='word_1_227' title='bbox 2249 1666 2544 1723; x_wconf 83' lang='lat' dir='ltr'><strong><em>volatilibus</em></strong></span> <span class='ocrx_word' id='word_1_228' title='bbox 2579 1667 2786 1722; x_wconf 82' lang='lat' dir='ltr'><strong><em>mundis</em></strong></span> <span class='ocrx_word' id='word_1_229' title='bbox 2821 1664 3096 1732; x_wconf 85' lang='lat' dir='ltr'><strong><em>obtulerit;</em></strong></span> <span class='ocrx_word' id='word_1_230' title='bbox 3119 1675 3165 1720; x_wconf 89' lang='lat' dir='ltr'><strong><em>et</em></strong></span> <span class='ocrx_word' id='word_1_231' title='bbox 3197 1663 3321 1732; x_wconf 89' lang='lat' dir='ltr'><strong><em>quid</em></strong></span> <span class='ocrx_word' id='word_1_232' title='bbox 3349 1663 3415 1718; x_wconf 86' lang='lat' dir='ltr'><strong><em>sit</em></strong></span> <span class='ocrx_word' id='word_1_233' title='bbox 3436 1662 3572 1734; x_wconf 69' lang='lat' dir='ltr'><strong><em>quod</em></strong></span> 
     </span>
    </p>
   </div>
   <div class='ocr_carea' id='block_1_32' title="bbox 2045 1757 3576 1833">
    <p class='ocr_par' dir='ltr' id='par_1_32' title="bbox 2045 1757 3576 1833">
     <span class='ocr_line' id='line_1_33' title="bbox 2045 1757 3576 1833; baseline 0.001 -16"><span class='ocrx_word' id='word_1_234' title='bbox 2045 1762 2118 1817; x_wconf 87' lang='lat' dir='ltr'><strong><em>ait</em></strong></span> <span class='ocrx_word' id='word_1_235' title='bbox 2144 1760 2399 1818; x_wconf 86' lang='lat' dir='ltr'><strong><em>Dominus</em></strong></span> <span class='ocrx_word' id='word_1_236' title='bbox 2425 1776 2444 1816; x_wconf 89' lang='lat'><strong><em>:</em></strong></span> <span class='ocrx_word' id='word_1_237' title='bbox 2474 1761 2800 1833; x_wconf 78' lang='lat' dir='ltr'><strong><em>Recogitans</em></strong></span> <span class='ocrx_word' id='word_1_238' title='bbox 2829 1775 2937 1816; x_wconf 92' lang='lat' dir='ltr'><strong><em>non</em></strong></span> <span class='ocrx_word' id='word_1_239' title='bbox 2969 1757 3221 1833; x_wconf 83' lang='lat' dir='ltr'><strong><em>adjiciam</em></strong></span> <span class='ocrx_word' id='word_1_240' title='bbox 3245 1757 3576 1830; x_wconf 67' lang='lat' dir='ltr'><strong><em>maledicere</em></strong></span> 
     </span>
    </p>
   </div>
   <div class='ocr_carea' id='block_1_33' title="bbox 2049 1866 2400 1923">
    <p class='ocr_par' dir='ltr' id='par_1_33' title="bbox 2049 1866 2400 1923">
     <span class='ocr_line' id='line_1_34' title="bbox 2049 1866 2400 1923; baseline -0.011 -9"><span class='ocrx_word' id='word_1_241' title='bbox 2049 1870 2271 1923; x_wconf 90' lang='lat' dir='ltr'><strong><em>terram,</em></strong></span> <span class='ocrx_word' id='word_1_242' title='bbox 2295 1866 2400 1916; x_wconf 84' lang='lat' dir='ltr'><strong><em>etc.</em></strong></span> 
     </span>
    </p>
   </div>
   <div class='ocr_carea' id='block_1_34' title="bbox 2045 1967 3573 2045">
    <p class='ocr_par' dir='ltr' id='par_1_34' title="bbox 2045 1967 3573 2045">
     <span class='ocr_line' id='line_1_35' title="bbox 2045 1967 3573 2045; baseline -0.001 -15"><span class='ocrx_word' id='word_1_243' title='bbox 2045 1975 2133 2030; x_wconf 89' lang='lat'><strong><em>78.</em></strong></span> <span class='ocrx_word' id='word_1_244' title='bbox 2178 1973 2244 2042; x_wconf 81' lang='lat' dir='ltr'><strong><em>Et</em></strong></span> <span class='ocrx_word' id='word_1_245' title='bbox 2270 1972 2564 2043; x_wconf 69' lang='lat' dir='ltr'><strong><em>aediﬁcavit,</em></strong></span> <span class='ocrx_word' id='word_1_246' title='bbox 2598 1971 2792 2045; x_wconf 85' lang='lat' dir='ltr'><strong><em>inquit,</em></strong></span> <span class='ocrx_word' id='word_1_247' title='bbox 2826 1969 2944 2026; x_wconf 80' lang='lat' dir='ltr'><strong><em>Noe</em></strong></span> <span class='ocrx_word' id='word_1_248' title='bbox 2967 1986 3115 2038; x_wconf 86' lang='lat' dir='ltr'><strong><em>aram</em></strong></span> <span class='ocrx_word' id='word_1_249' title='bbox 3146 1967 3252 2025; x_wconf 87' lang='lat' dir='ltr'><strong><em>Deo</em></strong></span> <span class='ocrx_word' id='word_1_250' title='bbox 3275 1968 3573 2040; x_wconf 49' lang='lat' dir='ltr'><strong><em>(Cererin,</em></strong></span> 
     </span>
    </p>
   </div>
   <div class='ocr_carea' id='block_1_35' title="bbox 270 2060 3576 2139">
    <p class='ocr_par' dir='ltr' id='par_1_35' title="bbox 270 2060 3576 2139">
     <span class='ocr_line' id='line_1_36' title="bbox 270 2060 3576 2139; baseline -0 -18"><span class='ocrx_word' id='word_1_251' title='bbox 270 2081 434 2131; x_wconf 80' lang='lat' dir='ltr'><strong><em>uxor,</em></strong></span> <span class='ocrx_word' id='word_1_252' title='bbox 467 2073 522 2120; x_wconf 91' lang='lat' dir='ltr'><strong><em>et</em></strong></span> <span class='ocrx_word' id='word_1_253' title='bbox 551 2079 749 2120; x_wconf 76' lang='lat' dir='ltr'><strong><em>uxores</em></strong></span> <span class='ocrx_word' id='word_1_254' title='bbox 783 2062 1022 2120; x_wconf 84' lang='lat' dir='ltr'><strong><em>filiorum</em></strong></span> <span class='ocrx_word' id='word_1_255' title='bbox 1052 2061 1172 2132; x_wconf 88' lang='lat' dir='ltr'><strong><em>ejus</em></strong></span> <span class='ocrx_word' id='word_1_256' title='bbox 1205 2060 1462 2134; x_wconf 88' lang='lat' dir='ltr'><strong><em>:quando</em></strong></span> <span class='ocrx_word' id='word_1_257' title='bbox 1505 2069 1687 2116; x_wconf 87' lang='lat' dir='ltr'><strong><em>autem</em></strong></span> <span class='ocrx_word' id='word_1_258' title='bbox 1725 2061 1875 2117; x_wconf 81' lang='lat' dir='ltr'><strong><em>exie-</em></strong></span> <span class='ocrx_word' id='word_1_259' title='bbox 1972 2066 2087 2138; x_wconf 69' lang='lat'><strong><em>20).</em></strong></span> <span class='ocrx_word' id='word_1_260' title='bbox 2116 2068 2229 2138; x_wconf 85' lang='lat' dir='ltr'><strong><em>Qua</em></strong></span> <span class='ocrx_word' id='word_1_261' title='bbox 2264 2068 2474 2122; x_wconf 86' lang='lat' dir='ltr'><strong><em>ratione</em></strong></span> <span class='ocrx_word' id='word_1_262' title='bbox 2512 2081 2675 2139; x_wconf 87' lang='lat' dir='ltr'><strong><em>supra</em></strong></span> <span class='ocrx_word' id='word_1_263' title='bbox 2716 2065 2978 2124; x_wconf 91' lang='lat' dir='ltr'><strong><em>Dominus</em></strong></span> <span class='ocrx_word' id='word_1_264' title='bbox 3007 2064 3292 2120; x_wconf 84' lang='lat' dir='ltr'><strong><em>admonuit</em></strong></span> <span class='ocrx_word' id='word_1_265' title='bbox 3342 2079 3463 2136; x_wconf 78' lang='lat' dir='ltr'><strong><em>qua:</em></strong></span> <span class='ocrx_word' id='word_1_266' title='bbox 3494 2063 3576 2131; x_wconf 65' lang='lat' dir='ltr'><strong><em>lae</em></strong></span> 
     </span>
    </p>
   </div>
   <div class='ocr_carea' id='block_1_36' title="bbox 273 2151 3584 2232">
    <p class='ocr_par' dir='ltr' id='par_1_36' title="bbox 273 2151 3584 2232">
     <span class='ocr_line' id='line_1_37' title="bbox 273 2151 3584 2232; baseline -0.005 -16"><span class='ocrx_word' id='word_1_267' title='bbox 273 2167 434 2224; x_wconf 92' lang='lat' dir='ltr'><strong><em>runt,</em></strong></span> <span class='ocrx_word' id='word_1_268' title='bbox 467 2167 859 2214; x_wconf 88' lang='lat' dir='ltr'><strong><em>commutatum</em></strong></span> <span class='ocrx_word' id='word_1_269' title='bbox 909 2157 1000 2211; x_wconf 88' lang='lat' dir='ltr'><strong><em>sit.</em></strong></span> <span class='ocrx_word' id='word_1_270' title='bbox 1045 2155 1179 2210; x_wconf 83' lang='lat' dir='ltr'><strong><em>Nam</em></strong></span> <span class='ocrx_word' id='word_1_271' title='bbox 1231 2157 1491 2227; x_wconf 85' lang='lat' dir='ltr'><strong><em>scriptum</em></strong></span> <span class='ocrx_word' id='word_1_272' title='bbox 1543 2163 1666 2210; x_wconf 90' lang='lat' dir='ltr'><strong><em>est:</em></strong></span> <span class='ocrx_word' id='word_1_273' title='bbox 1700 2151 1876 2209; x_wconf 72' lang='lat' dir='ltr'><strong><em>Exibit</em></strong></span> <span class='ocrx_word' id='word_1_274' title='bbox 1975 2171 2160 2229; x_wconf 75' lang='lat' dir='ltr'><strong><em>ceret,</em></strong></span> <span class='ocrx_word' id='word_1_275' title='bbox 2187 2171 2240 2232; x_wconf 72' lang='lat' dir='ltr'><strong><em>et</em></strong></span> <span class='ocrx_word' id='word_1_276' title='bbox 2281 2161 2413 2228; x_wconf 81' lang='lat' dir='ltr'><strong><em>fecit</em></strong></span> <span class='ocrx_word' id='word_1_277' title='bbox 2452 2160 2568 2230; x_wconf 69' lang='lat' dir='ltr'><strong><em>Noe</em></strong></span> <span class='ocrx_word' id='word_1_278' title='bbox 2594 2160 2816 2232; x_wconf 76' lang='lat' dir='ltr'><strong><em>omnia:</em></strong></span> <span class='ocrx_word' id='word_1_279' title='bbox 2843 2160 2946 2216; x_wconf 87' lang='lat' dir='ltr'><strong><em>hoc</em></strong></span> <span class='ocrx_word' id='word_1_280' title='bbox 2975 2170 3155 2228; x_wconf 81' lang='lat' dir='ltr'><strong><em>autem</em></strong></span> <span class='ocrx_word' id='word_1_281' title='bbox 3179 2158 3321 2232; x_wconf 88' lang='lat' dir='ltr'><strong><em>quod</em></strong></span> <span class='ocrx_word' id='word_1_282' title='bbox 3349 2173 3456 2222; x_wconf 86' lang='lat' dir='ltr'><strong><em>non</em></strong></span> <span class='ocrx_word' id='word_1_283' title='bbox 3485 2157 3584 2222; x_wconf 70' lang='lat' dir='ltr'><strong><em>ad-</em></strong></span> 
     </span>
    </p>
   </div>
   <div class='ocr_carea' id='block_1_37' title="bbox 269 2245 1874 2324">
    <p class='ocr_par' dir='ltr' id='par_1_37' title="bbox 269 2245 1874 2324">
     <span class='ocr_line' id='line_1_38' title="bbox 269 2245 1874 2324; baseline -0.003 -17"><span class='ocrx_word' id='word_1_284' title='bbox 269 2253 406 2324; x_wconf 85' lang='lat' dir='ltr'><strong><em>ipse,</em></strong></span> <span class='ocrx_word' id='word_1_285' title='bbox 429 2262 480 2306; x_wconf 91' lang='lat' dir='ltr'><strong><em>et</em></strong></span> <span class='ocrx_word' id='word_1_286' title='bbox 510 2268 639 2307; x_wconf 71' lang='lat' dir='ltr'><strong><em>uxor</em></strong></span> <span class='ocrx_word' id='word_1_287' title='bbox 669 2252 798 2319; x_wconf 84' lang='lat' dir='ltr'><strong><em>ejus,</em></strong></span> <span class='ocrx_word' id='word_1_288' title='bbox 824 2259 868 2304; x_wconf 92' lang='lat' dir='ltr'><strong><em>et</em></strong></span> <span class='ocrx_word' id='word_1_289' title='bbox 889 2249 1010 2321; x_wconf 79' lang='lat' dir='ltr'><strong><em>ﬁlii,</em></strong></span> <span class='ocrx_word' id='word_1_290' title='bbox 1034 2259 1080 2305; x_wconf 86' lang='lat' dir='ltr'><strong><em>et</em></strong></span> <span class='ocrx_word' id='word_1_291' title='bbox 1103 2264 1291 2303; x_wconf 79' lang='lat' dir='ltr'><strong><em>uxores</em></strong></span> <span class='ocrx_word' id='word_1_292' title='bbox 1314 2247 1543 2318; x_wconf 83' lang='lat' dir='ltr'><strong><em>ﬁliorum</em></strong></span> <span class='ocrx_word' id='word_1_293' title='bbox 1557 2250 1668 2321; x_wconf 85' lang='lat' dir='ltr'><strong><em>ejus</em></strong></span> <span class='ocrx_word' id='word_1_294' title='bbox 1685 2245 1738 2319; x_wconf 89' lang='grc' dir='ltr'><strong><em>(Ι</em></strong></span> <span class='ocrx_word' id='word_1_295' title='bbox 1743 2247 1874 2320; x_wconf 87' lang='lat' dir='ltr'><strong><em>bid.,</em></strong></span> 
     </span>
    </p>
   </div>
   <div class='ocr_carea' id='block_1_38' title="bbox 276 2341 1878 2418">
    <p class='ocr_par' dir='ltr' id='par_1_38' title="bbox 276 2341 1878 2418">
     <span class='ocr_line' id='line_1_39' title="bbox 276 2341 1878 2418; baseline -0.004 -16"><span class='ocrx_word' id='word_1_296' title='bbox 276 2345 473 2418; x_wconf 78' lang='lat' dir='ltr'><strong><em>l8).Et</em></strong></span> <span class='ocrx_word' id='word_1_297' title='bbox 489 2346 662 2400; x_wconf 89' lang='lat' dir='ltr'><strong><em>littera</em></strong></span> <span class='ocrx_word' id='word_1_298' title='bbox 682 2343 899 2414; x_wconf 87' lang='lat' dir='ltr'><strong><em>quidem</em></strong></span> <span class='ocrx_word' id='word_1_299' title='bbox 914 2342 1250 2414; x_wconf 84' lang='lat' dir='ltr'><strong><em>signilicatin</em></strong></span> <span class='ocrx_word' id='word_1_300' title='bbox 1267 2342 1512 2408; x_wconf 76' lang='lat' dir='ltr'><strong><em>ingressu</em></strong></span> <span class='ocrx_word' id='word_1_301' title='bbox 1531 2341 1694 2416; x_wconf 71' lang='lat'><strong>260</strong></span> <span class='ocrx_word' id='word_1_302' title='bbox 1714 2341 1878 2395; x_wconf 87' lang='lat' dir='ltr'><strong><em>absti-</em></strong></span> 
     </span>
    </p>
   </div>
   <div class='ocr_carea' id='block_1_39' title="bbox 271 2433 1876 2508">
    <p class='ocr_par' dir='ltr' id='par_1_39' title="bbox 271 2433 1876 2508">
     <span class='ocr_line' id='line_1_40' title="bbox 271 2433 1876 2508; baseline -0.004 -14"><span class='ocrx_word' id='word_1_303' title='bbox 271 2439 521 2495; x_wconf 89' lang='lat' dir='ltr'><strong><em>nentiam</em></strong></span> <span class='ocrx_word' id='word_1_304' title='bbox 551 2435 939 2508; x_wconf 78' lang='lat' dir='ltr'><strong><em>generationis,</em></strong></span> <span class='ocrx_word' id='word_1_305' title='bbox 969 2437 1021 2490; x_wconf 93' lang='lat' dir='ltr'><strong><em>in</em></strong></span> <span class='ocrx_word' id='word_1_306' title='bbox 1048 2449 1273 2507; x_wconf 88' lang='lat' dir='ltr'><strong><em>egressu</em></strong></span> <span class='ocrx_word' id='word_1_307' title='bbox 1297 2433 1666 2506; x_wconf 77' lang='lat' dir='ltr'><strong><em>generationis</em></strong></span> <span class='ocrx_word' id='word_1_308' title='bbox 1697 2448 1876 2488; x_wconf 86' lang='lat' dir='ltr'><strong><em>nsunt.</em></strong></span> 
     </span>
    </p>
   </div>
   <div class='ocr_carea' id='block_1_40' title="bbox 273 2524 1880 2600">
    <p class='ocr_par' dir='ltr' id='par_1_40' title="bbox 273 2524 1880 2600">
     <span class='ocr_line' id='line_1_41' title="bbox 273 2524 1880 2600; baseline -0.003 -15"><span class='ocrx_word' id='word_1_309' title='bbox 273 2530 431 2586; x_wconf 84' lang='lat' dir='ltr'><strong><em>Tunc</em></strong></span> <span class='ocrx_word' id='word_1_310' title='bbox 478 2532 622 2586; x_wconf 87' lang='lat' dir='ltr'><strong><em>enim</em></strong></span> <span class='ocrx_word' id='word_1_311' title='bbox 670 2538 826 2600; x_wconf 89' lang='lat' dir='ltr'><strong><em>pater</em></strong></span> <span class='ocrx_word' id='word_1_312' title='bbox 869 2544 995 2584; x_wconf 90' lang='lat' dir='ltr'><strong><em>cum</em></strong></span> <span class='ocrx_word' id='word_1_313' title='bbox 1045 2527 1172 2582; x_wconf 88' lang='lat' dir='ltr'><strong><em>liliis</em></strong></span> <span class='ocrx_word' id='word_1_314' title='bbox 1220 2524 1674 2596; x_wconf 79' lang='lat' dir='ltr'><strong><em>prittsiutroivit,</em></strong></span> <span class='ocrx_word' id='word_1_315' title='bbox 1703 2533 1758 2581; x_wconf 93' lang='lat' dir='ltr'><strong><em>et</em></strong></span> <span class='ocrx_word' id='word_1_316' title='bbox 1786 2525 1880 2580; x_wconf 86' lang='lat' dir='ltr'><strong><em>lilii</em></strong></span> 
     </span>
    </p>
   </div>
   <div class='ocr_carea' id='block_1_41' title="bbox 273 2615 1882 2696">
    <p class='ocr_par' dir='ltr' id='par_1_41' title="bbox 273 2615 1882 2696">
     <span class='ocr_line' id='line_1_42' title="bbox 273 2615 1882 2696; baseline -0.006 -15"><span class='ocrx_word' id='word_1_317' title='bbox 273 2640 400 2681; x_wconf 91' lang='lat' dir='ltr'><strong><em>cum</em></strong></span> <span class='ocrx_word' id='word_1_318' title='bbox 425 2633 682 2694; x_wconf 88' lang='lat' dir='ltr'><strong><em>parente,</em></strong></span> <span class='ocrx_word' id='word_1_319' title='bbox 706 2631 762 2678; x_wconf 92' lang='lat' dir='ltr'><strong><em>et</em></strong></span> <span class='ocrx_word' id='word_1_320' title='bbox 801 2631 988 2692; x_wconf 89' lang='lat' dir='ltr'><strong><em>postea</em></strong></span> <span class='ocrx_word' id='word_1_321' title='bbox 1018 2617 1309 2696; x_wconf 83' lang='lat' dir='ltr'><strong><em>uxor_ejus</em></strong></span> <span class='ocrx_word' id='word_1_322' title='bbox 1331 2661 1346 2684; x_wconf 92' lang='lat'><strong><em>,</em></strong></span> <span class='ocrx_word' id='word_1_323' title='bbox 1383 2627 1440 2674; x_wconf 90' lang='lat' dir='ltr'><strong><em>et</em></strong></span> <span class='ocrx_word' id='word_1_324' title='bbox 1481 2617 1714 2674; x_wconf 83' lang='lat' dir='ltr'><strong><em>ﬁliorum</em></strong></span> <span class='ocrx_word' id='word_1_325' title='bbox 1765 2615 1882 2687; x_wconf 90' lang='lat' dir='ltr'><strong><em>ejus</em></strong></span> 
     </span>
    </p>
   </div>
   <div class='ocr_carea' id='block_1_42' title="bbox 276 2709 1885 2781">
    <p class='ocr_par' dir='ltr' id='par_1_42' title="bbox 276 2709 1885 2781">
     <span class='ocr_line' id='line_1_43' title="bbox 276 2709 1885 2781; baseline -0.006 -8"><span class='ocrx_word' id='word_1_326' title='bbox 276 2731 514 2781; x_wconf 78' lang='lat' dir='ltr'><strong><em>uxores,</em></strong></span> <span class='ocrx_word' id='word_1_327' title='bbox 571 2715 624 2770; x_wconf 91' lang='lat' dir='ltr'><strong><em>id</em></strong></span> <span class='ocrx_word' id='word_1_328' title='bbox 673 2723 791 2780; x_wconf 90' lang='lat' dir='ltr'><strong><em>est,</em></strong></span> <span class='ocrx_word' id='word_1_329' title='bbox 845 2729 952 2768; x_wconf 90' lang='lat' dir='ltr'><strong><em>non</em></strong></span> <span class='ocrx_word' id='word_1_330' title='bbox 1022 2712 1406 2768; x_wconf 87' lang='lat' dir='ltr'><strong><em>commiscetur</em></strong></span> <span class='ocrx_word' id='word_1_331' title='bbox 1462 2725 1626 2766; x_wconf 74' lang='lat' dir='ltr'><strong><em>sexus</em></strong></span> <span class='ocrx_word' id='word_1_332' title='bbox 1685 2710 1738 2765; x_wconf 91' lang='lat' dir='ltr'><strong><em>in</em></strong></span> <span class='ocrx_word' id='word_1_333' title='bbox 1803 2709 1885 2763; x_wconf 92' lang='lat' dir='ltr'><strong><em>iu-</em></strong></span> 
     </span>
    </p>
   </div>
   <div class='ocr_carea' id='block_1_43' title="bbox 277 2802 1887 2877">
    <p class='ocr_par' dir='ltr' id='par_1_43' title="bbox 277 2802 1887 2877">
     <span class='ocr_line' id='line_1_44' title="bbox 277 2802 1887 2877; baseline -0.007 -11"><span class='ocrx_word' id='word_1_334' title='bbox 277 2811 472 2873; x_wconf 86' lang='lat' dir='ltr'><strong><em>troitu,</em></strong></span> <span class='ocrx_word' id='word_1_335' title='bbox 505 2808 890 2864; x_wconf 90' lang='lat' dir='ltr'><strong><em>commiscetur</em></strong></span> <span class='ocrx_word' id='word_1_336' title='bbox 920 2807 973 2862; x_wconf 91' lang='lat' dir='ltr'><strong><em>in</em></strong></span> <span class='ocrx_word' id='word_1_337' title='bbox 1021 2821 1265 2877; x_wconf 82' lang='lat' dir='ltr'><strong><em>egressu.</em></strong></span> <span class='ocrx_word' id='word_1_338' title='bbox 1297 2809 1498 2875; x_wconf 83' lang='lat' dir='ltr'><strong><em>Aperte</em></strong></span> <span class='ocrx_word' id='word_1_339' title='bbox 1528 2805 1690 2874; x_wconf 81' lang='lat' dir='ltr'><strong><em>igitur</em></strong></span> <span class='ocrx_word' id='word_1_340' title='bbox 1737 2802 1887 2858; x_wconf 89' lang='lat' dir='ltr'><strong><em>velut</em></strong></span> 
     </span>
    </p>
   </div>
   <div class='ocr_carea' id='block_1_44' title="bbox 277 2896 1887 2972">
    <p class='ocr_par' dir='ltr' id='par_1_44' title="bbox 277 2896 1887 2972">
     <span class='ocr_line' id='line_1_45' title="bbox 277 2896 1887 2972; baseline -0.004 -14"><span class='ocrx_word' id='word_1_341' title='bbox 277 2903 481 2958; x_wconf 88' lang='lat' dir='ltr'><strong><em>ordine</em></strong></span> <span class='ocrx_word' id='word_1_342' title='bbox 530 2903 650 2972; x_wconf 90' lang='lat' dir='ltr'><strong><em>ipso</em></strong></span> <span class='ocrx_word' id='word_1_343' title='bbox 701 2899 1058 2972; x_wconf 84' lang='lat' dir='ltr'><strong><em>ingressionis</em></strong></span> <span class='ocrx_word' id='word_1_344' title='bbox 1111 2913 1302 2954; x_wconf 84' lang='lat' dir='ltr'><strong><em>vocem</em></strong></span> <span class='ocrx_word' id='word_1_345' title='bbox 1360 2897 1645 2970; x_wconf 86' lang='lat' dir='ltr'><strong><em>quamdam</em></strong></span> <span class='ocrx_word' id='word_1_346' title='bbox 1708 2896 1887 2966; x_wconf 87' lang='lat' dir='ltr'><strong><em>justus</em></strong></span> 
     </span>
    </p>
   </div>
   <div class='ocr_carea' id='block_1_45' title="bbox 276 2989 1889 3069">
    <p class='ocr_par' dir='ltr' id='par_1_45' title="bbox 276 2989 1889 3069">
     <span class='ocr_line' id='line_1_46' title="bbox 276 2989 1889 3069; baseline -0.007 -14"><span class='ocrx_word' id='word_1_347' title='bbox 276 2996 515 3064; x_wconf 89' lang='lat' dir='ltr'><strong><em>emittit,</em></strong></span> <span class='ocrx_word' id='word_1_348' title='bbox 543 3008 756 3069; x_wconf 83' lang='lat' dir='ltr'><strong><em>tempus</em></strong></span> <span class='ocrx_word' id='word_1_349' title='bbox 784 2995 914 3050; x_wconf 91' lang='lat' dir='ltr'><strong><em>illud</em></strong></span> <span class='ocrx_word' id='word_1_350' title='bbox 947 3009 1052 3049; x_wconf 93' lang='lat' dir='ltr'><strong><em>non</em></strong></span> <span class='ocrx_word' id='word_1_351' title='bbox 1075 3009 1195 3051; x_wconf 91' lang='lat' dir='ltr'><strong><em>esse</em></strong></span> <span class='ocrx_word' id='word_1_352' title='bbox 1219 2993 1562 3059; x_wconf 76' lang='lat' dir='ltr'><strong><em>concubitus,</em></strong></span> <span class='ocrx_word' id='word_1_353' title='bbox 1592 2994 1767 3062; x_wconf 82' lang='lat' dir='ltr'><strong><em>neque</em></strong></span> <span class='ocrx_word' id='word_1_354' title='bbox 1795 2989 1889 3044; x_wconf 85' lang='lat' dir='ltr'><strong><em>de-</em></strong></span> 
     </span>
    </p>
   </div>
   <div class='ocr_carea' id='block_1_46' title="bbox 276 3084 1890 3164">
    <p class='ocr_par' dir='ltr' id='par_1_46' title="bbox 276 3084 1890 3164">
     <span class='ocr_line' id='line_1_47' title="bbox 276 3084 1890 3164; baseline -0.006 -15"><span class='ocrx_word' id='word_1_355' title='bbox 276 3092 572 3159; x_wconf 89' lang='lat' dir='ltr'><strong><em>liciarum,</em></strong></span> <span class='ocrx_word' id='word_1_356' title='bbox 611 3107 718 3164; x_wconf 91' lang='lat' dir='ltr'><strong><em>quo</em></strong></span> <span class='ocrx_word' id='word_1_357' title='bbox 766 3090 1018 3147; x_wconf 90' lang='lat' dir='ltr'><strong><em>omnibus</em></strong></span> <span class='ocrx_word' id='word_1_358' title='bbox 1057 3088 1366 3146; x_wconf 89' lang='lat' dir='ltr'><strong><em>immineret</em></strong></span> <span class='ocrx_word' id='word_1_359' title='bbox 1411 3087 1683 3142; x_wconf 88' lang='lat' dir='ltr'><strong><em>interitus.</em></strong></span> <span class='ocrx_word' id='word_1_360' title='bbox 1734 3084 1890 3142; x_wconf 89' lang='lat' dir='ltr'><strong><em>Unde</em></strong></span> 
     </span>
    </p>
   </div>
   <div class='ocr_carea' id='block_1_47' title="bbox 1978 2251 3583 2326">
    <p class='ocr_par' dir='ltr' id='par_1_47' title="bbox 1978 2251 3583 2326">
     <span class='ocr_line' id='line_1_48' title="bbox 1978 2251 3583 2326; baseline -0.003 -13"><span class='ocrx_word' id='word_1_361' title='bbox 1978 2257 2218 2317; x_wconf 86' lang='lat' dir='ltr'><strong><em>monitus</em></strong></span> <span class='ocrx_word' id='word_1_362' title='bbox 2255 2263 2340 2312; x_wconf 90' lang='lat' dir='ltr'><strong><em>est</em></strong></span> <span class='ocrx_word' id='word_1_363' title='bbox 2387 2253 2610 2324; x_wconf 88' lang='lat' dir='ltr'><strong><em>fecerit,</em></strong></span> <span class='ocrx_word' id='word_1_364' title='bbox 2643 2255 2875 2326; x_wconf 62' lang='lat' dir='ltr'><strong><em>fortasse</em></strong></span> <span class='ocrx_word' id='word_1_365' title='bbox 2903 2255 3231 2325; x_wconf 86' lang='lat' dir='ltr'><strong><em>requiratur.</em></strong></span> <span class='ocrx_word' id='word_1_366' title='bbox 3259 2251 3367 2309; x_wconf 87' lang='lat' dir='ltr'><strong><em>Sed</em></strong></span> <span class='ocrx_word' id='word_1_367' title='bbox 3394 2251 3583 2322; x_wconf 85' lang='lat' dir='ltr'><strong><em>utique</em></strong></span> 
     </span>
    </p>
   </div>
   <div class='ocr_carea' id='block_1_48' title="bbox 1984 2343 3587 2422">
    <p class='ocr_par' dir='ltr' id='par_1_48' title="bbox 1984 2343 3587 2422">
     <span class='ocr_line' id='line_1_49' title="bbox 1984 2343 3587 2422; baseline -0.004 -17"><span class='ocrx_word' id='word_1_368' title='bbox 1984 2350 2250 2417; x_wconf 82' lang='lat' dir='ltr'><strong><em>Dominus</em></strong></span> <span class='ocrx_word' id='word_1_369' title='bbox 2289 2364 2397 2422; x_wconf 89' lang='lat' dir='ltr'><strong><em>non</em></strong></span> <span class='ocrx_word' id='word_1_370' title='bbox 2424 2348 2614 2404; x_wconf 90' lang='lat' dir='ltr'><strong><em>debuit</em></strong></span> <span class='ocrx_word' id='word_1_371' title='bbox 2647 2349 2802 2420; x_wconf 85' lang='lat' dir='ltr'><strong><em>quasi</em></strong></span> <span class='ocrx_word' id='word_1_372' title='bbox 2831 2363 3029 2404; x_wconf 87' lang='lat' dir='ltr'><strong><em>avarus</em></strong></span> <span class='ocrx_word' id='word_1_373' title='bbox 3055 2344 3362 2402; x_wconf 90' lang='lat' dir='ltr'><strong><em>mercedem</em></strong></span> <span class='ocrx_word' id='word_1_374' title='bbox 3395 2343 3587 2416; x_wconf 73' lang='lat' dir='ltr'><strong><em>gratia:</em></strong></span> 
     </span>
    </p>
   </div>
   <div class='ocr_carea' id='block_1_49' title="bbox 1980 2438 3583 2522">
    <p class='ocr_par' dir='ltr' id='par_1_49' title="bbox 1980 2438 3583 2522">
     <span class='ocr_line' id='line_1_50' title="bbox 1980 2438 3583 2522; baseline -0.006 -21"><span class='ocrx_word' id='word_1_375' title='bbox 1980 2445 2284 2522; x_wconf 90' lang='lat' dir='ltr'><strong><em>postulare,</em></strong></span> <span class='ocrx_word' id='word_1_376' title='bbox 2314 2452 2370 2499; x_wconf 90' lang='lat' dir='ltr'><strong><em>et</em></strong></span> <span class='ocrx_word' id='word_1_377' title='bbox 2395 2442 2576 2515; x_wconf 89' lang='lat' dir='ltr'><strong><em>justus</em></strong></span> <span class='ocrx_word' id='word_1_378' title='bbox 2618 2457 2739 2508; x_wconf 85' lang='lat' dir='ltr'><strong><em>eam</em></strong></span> <span class='ocrx_word' id='word_1_379' title='bbox 2785 2439 3054 2497; x_wconf 80' lang='lat' dir='ltr'><strong><em>intellexit</em></strong></span> <span class='ocrx_word' id='word_1_380' title='bbox 3095 2453 3276 2496; x_wconf 83' lang='lat' dir='ltr'><strong><em>veram</em></strong></span> <span class='ocrx_word' id='word_1_381' title='bbox 3310 2438 3583 2502; x_wconf 82' lang='lat' dir='ltr'><strong><em>actionem</em></strong></span> 
     </span>
    </p>
   </div>
   <div class='ocr_carea' id='block_1_50' title="bbox 1981 2529 3584 2614">
    <p class='ocr_par' dir='ltr' id='par_1_50' title="bbox 1981 2529 3584 2614">
     <span class='ocr_line' id='line_1_51' title="bbox 1981 2529 3584 2614; baseline -0.006 -21"><span class='ocrx_word' id='word_1_382' title='bbox 1981 2539 2280 2614; x_wconf 73' lang='lat' dir='ltr'><strong><em>gratiarum</em></strong></span> <span class='ocrx_word' id='word_1_383' title='bbox 2321 2550 2442 2592; x_wconf 89' lang='lat' dir='ltr'><strong><em>esse</em></strong></span> <span class='ocrx_word' id='word_1_384' title='bbox 2483 2549 2606 2606; x_wconf 66' lang='lat' dir='ltr'><strong><em>qum</em></strong></span> <span class='ocrx_word' id='word_1_385' title='bbox 2637 2549 2749 2592; x_wconf 90' lang='lat' dir='ltr'><strong><em>non</em></strong></span> <span class='ocrx_word' id='word_1_386' title='bbox 2779 2533 3087 2604; x_wconf 72' lang='lat' dir='ltr'><strong><em>iuberetur,</em></strong></span> <span class='ocrx_word' id='word_1_387' title='bbox 3113 2530 3212 2588; x_wconf 88' lang='lat' dir='ltr'><strong><em>sed</em></strong></span> <span class='ocrx_word' id='word_1_388' title='bbox 3256 2529 3584 2588; x_wconf 88' lang='lat' dir='ltr'><strong><em>deferretur.</em></strong></span> 
     </span>
    </p>
   </div>
   <div class='ocr_carea' id='block_1_51' title="bbox 1985 2619 3586 2702">
    <p class='ocr_par' dir='ltr' id='par_1_51' title="bbox 1985 2619 3586 2702">
     <span class='ocr_line' id='line_1_52' title="bbox 1985 2619 3586 2702; baseline -0.006 -18"><span class='ocrx_word' id='word_1_389' title='bbox 1985 2630 2171 2702; x_wconf 69' lang='lat' dir='ltr'><strong><em>Itaque</em></strong></span> <span class='ocrx_word' id='word_1_390' title='bbox 2199 2644 2298 2685; x_wconf 91' lang='lat' dir='ltr'><strong><em>nec</em></strong></span> <span class='ocrx_word' id='word_1_391' title='bbox 2326 2627 2642 2686; x_wconf 87' lang='lat' dir='ltr'><strong><em>dilationem</em></strong></span> <span class='ocrx_word' id='word_1_392' title='bbox 2668 2641 2861 2700; x_wconf 86' lang='lat' dir='ltr'><strong><em>passus</em></strong></span> <span class='ocrx_word' id='word_1_393' title='bbox 2882 2635 2980 2682; x_wconf 85' lang='lat' dir='ltr'><strong><em>est.</em></strong></span> <span class='ocrx_word' id='word_1_394' title='bbox 3005 2621 3222 2692; x_wconf 84' lang='lat' dir='ltr'><strong><em>Etenim</em></strong></span> <span class='ocrx_word' id='word_1_395' title='bbox 3244 2630 3398 2694; x_wconf 85' lang='lat' dir='ltr'><strong><em>grata</em></strong></span> <span class='ocrx_word' id='word_1_396' title='bbox 3421 2619 3586 2690; x_wconf 86' lang='lat' dir='ltr'><strong><em>animi</em></strong></span> 
     </span>
    </p>
   </div>
   <div class='ocr_carea' id='block_1_52' title="bbox 1988 2717 3638 2795">
    <p class='ocr_par' dir='ltr' id='par_1_52' title="bbox 1988 2717 3638 2795">
     <span class='ocr_line' id='line_1_53' title="bbox 1988 2717 3638 2795; baseline -0.005 -13"><span class='ocrx_word' id='word_1_397' title='bbox 1988 2725 2162 2782; x_wconf 83' lang='lat' dir='ltr'><strong><em>virtus</em></strong></span> <span class='ocrx_word' id='word_1_398' title='bbox 2217 2723 2525 2795; x_wconf 76' lang='lat' dir='ltr'><strong><em>passionem</em></strong></span> <span class='ocrx_word' id='word_1_399' title='bbox 2573 2720 2930 2778; x_wconf 87' lang='lat' dir='ltr'><strong><em>dubitationis</em></strong></span> <span class='ocrx_word' id='word_1_400' title='bbox 2968 2717 3247 2776; x_wconf 77' lang='lat' dir='ltr'><strong><em>excludit:</em></strong></span> <span class='ocrx_word' id='word_1_401' title='bbox 3279 2717 3370 2789; x_wconf 84' lang='lat' dir='ltr'><strong><em>qui</em></strong></span> <span class='ocrx_word' id='word_1_402' title='bbox 3401 2725 3584 2784; x_wconf 76' lang='lat' dir='ltr'><strong><em>autem</em></strong></span> <span class='ocrx_word' id='word_1_403' title='bbox 3635 2784 3638 2791; x_wconf 89' lang='lat'><em>_</em></span> 
     </span>
    </p>
   </div>
   <div class='ocr_carea' id='block_1_53' title="bbox 1987 2813 3587 2892">
    <p class='ocr_par' dir='ltr' id='par_1_53' title="bbox 1987 2813 3587 2892">
     <span class='ocr_line' id='line_1_54' title="bbox 1987 2813 3587 2892; baseline -0.001 -18"><span class='ocrx_word' id='word_1_404' title='bbox 1987 2818 2226 2875; x_wconf 88' lang='lat' dir='ltr'><strong><em>debitum</em></strong></span> <span class='ocrx_word' id='word_1_405' title='bbox 2253 2817 2441 2892; x_wconf 67' lang='lat' dir='ltr'><strong><em>gratia:</em></strong></span> <span class='ocrx_word' id='word_1_406' title='bbox 2468 2825 2526 2874; x_wconf 90' lang='lat' dir='ltr'><strong><em>ut</em></strong></span> <span class='ocrx_word' id='word_1_407' title='bbox 2557 2831 2584 2868; x_wconf 91' lang='lat' dir='ltr'><strong><em>a</em></strong></span> <span class='ocrx_word' id='word_1_408' title='bbox 2614 2832 2674 2872; x_wconf 89' lang='lat' dir='ltr'><strong><em>se</em></strong></span> <span class='ocrx_word' id='word_1_409' title='bbox 2698 2817 2944 2887; x_wconf 81' lang='lat' dir='ltr'><strong><em>exigatur</em></strong></span> <span class='ocrx_word' id='word_1_410' title='bbox 2986 2821 3296 2883; x_wconf 81' lang='lat' dir='ltr'><strong><em>exspectat,</em></strong></span> <span class='ocrx_word' id='word_1_411' title='bbox 3341 2813 3587 2882; x_wconf 70' lang='lat' dir='ltr'><strong><em>ingratus</em></strong></span> 
     </span>
    </p>
   </div>
   <div class='ocr_carea' id='block_1_54' title="bbox 1993 2897 3595 2974">
    <p class='ocr_par' dir='ltr' id='par_1_54' title="bbox 1993 2897 3595 2974">
     <span class='ocr_line' id='line_1_55' title="bbox 1993 2897 3595 2974; baseline -0.006 -12"><span class='ocrx_word' id='word_1_412' title='bbox 1993 2915 2098 2962; x_wconf 91' lang='lat' dir='ltr'><strong><em>est.</em></strong></span> <span class='ocrx_word' id='word_1_413' title='bbox 2131 2903 2288 2973; x_wconf 86' lang='lat' dir='ltr'><strong><em>Quod</em></strong></span> <span class='ocrx_word' id='word_1_414' title='bbox 2318 2913 2500 2960; x_wconf 89' lang='lat' dir='ltr'><strong><em>autem</em></strong></span> <span class='ocrx_word' id='word_1_415' title='bbox 2525 2903 2824 2972; x_wconf 71' lang='grc' dir='ltr'><strong><em>ωάίῂεαυίι,</em></strong></span> <span class='ocrx_word' id='word_1_416' title='bbox 2849 2901 3043 2974; x_wconf 84' lang='lat' dir='ltr'><strong><em>inquit,</em></strong></span> <span class='ocrx_word' id='word_1_417' title='bbox 3076 2900 3208 2967; x_wconf 89' lang='lat' dir='ltr'><strong><em>Deo,</em></strong></span> <span class='ocrx_word' id='word_1_418' title='bbox 3233 2907 3420 2956; x_wconf 90' lang='lat' dir='ltr'><strong><em>etnon</em></strong></span> <span class='ocrx_word' id='word_1_419' title='bbox 3448 2897 3595 2960; x_wconf 79' lang='lat' dir='ltr'><strong><em>dixit</em></strong></span> 
     </span>
    </p>
   </div>
   <div class='ocr_carea' id='block_1_55' title="bbox 1994 2993 3594 3064">
    <p class='ocr_par' dir='ltr' id='par_1_55' title="bbox 1994 2993 3594 3064">
     <span class='ocr_line' id='line_1_56' title="bbox 1994 2993 3594 3064; baseline -0.005 -10"><span class='ocrx_word' id='word_1_420' title='bbox 1994 2998 2253 3062; x_wconf 90' lang='lat' dir='ltr'><strong><em>Domino,</em></strong></span> <span class='ocrx_word' id='word_1_421' title='bbox 2285 2996 2381 3052; x_wconf 91' lang='lat' dir='ltr'><strong><em>sed</em></strong></span> <span class='ocrx_word' id='word_1_422' title='bbox 2427 2994 2578 3063; x_wconf 85' lang='lat' dir='ltr'><strong><em>Deo,-</em></strong></span> <span class='ocrx_word' id='word_1_423' title='bbox 2634 2994 2936 3052; x_wconf 84' lang='lat' dir='ltr'><strong><em>secundum</em></strong></span> <span class='ocrx_word' id='word_1_424' title='bbox 2976 2993 3214 3056; x_wconf 84' lang='lat' dir='ltr'><strong><em>nominis</em></strong></span> <span class='ocrx_word' id='word_1_425' title='bbox 3267 2994 3594 3064; x_wconf 78' lang='lat' dir='ltr'><strong><em>interpreta-</em></strong></span> 
     </span>
    </p>
   </div>
   <div class='ocr_carea' id='block_1_56' title="bbox 1993 3084 3599 3174">
    <p class='ocr_par' dir='ltr' id='par_1_56' title="bbox 1993 3084 3599 3174">
     <span class='ocr_line' id='line_1_57' title="bbox 1993 3084 3599 3174; baseline -0.002 -28"><span class='ocrx_word' id='word_1_426' title='bbox 1993 3089 2216 3155; x_wconf 87' lang='lat' dir='ltr'><strong><em>tionem,</em></strong></span> <span class='ocrx_word' id='word_1_427' title='bbox 2237 3090 2394 3174; x_wconf 66' lang='lat'><strong><em>261</em></strong></span> <span class='ocrx_word' id='word_1_428' title='bbox 2430 3105 2537 3158; x_wconf 83' lang='lat' dir='ltr'><strong><em>non</em></strong></span> <span class='ocrx_word' id='word_1_429' title='bbox 2568 3096 2753 3144; x_wconf 90' lang='lat' dir='ltr'><strong><em>coacta</em></strong></span> <span class='ocrx_word' id='word_1_430' title='bbox 2782 3086 2999 3154; x_wconf 80' lang='lat' dir='ltr'><strong><em>videtur</em></strong></span> <span class='ocrx_word' id='word_1_431' title='bbox 3021 3087 3140 3154; x_wconf 67' lang='lat' dir='ltr'><strong><em>haec</em></strong></span> <span class='ocrx_word' id='word_1_432' title='bbox 3163 3084 3306 3142; x_wconf 86' lang='lat' dir='ltr'><strong><em>actio</em></strong></span> <span class='ocrx_word' id='word_1_433' title='bbox 3327 3100 3449 3141; x_wconf 84' lang='lat' dir='ltr'><strong><em>esse</em></strong></span> <span class='ocrx_word' id='word_1_434' title='bbox 3473 3099 3599 3157; x_wconf 85' lang='lat' dir='ltr'><strong><em>gra-</em></strong></span> 
     </span>
    </p>
   </div>
   <div class='ocr_carea' id='block_1_57' title="bbox 275 3176 3602 3273">
    <p class='ocr_par' dir='ltr' id='par_1_57' title="bbox 275 3176 3602 3273">
     <span class='ocr_line' id='line_1_58' title="bbox 275 3176 3602 3273; baseline -0.003 -28"><span class='ocrx_word' id='word_1_435' title='bbox 275 3187 334 3244; x_wconf 88' lang='lat' dir='ltr'><strong><em>in</em></strong></span> <span class='ocrx_word' id='word_1_436' title='bbox 382 3183 719 3273; x_wconf 55' lang='lat' dir='ltr'><strong><em>Evangelio.</em></strong></span> <span class='ocrx_word' id='word_1_437' title='bbox 736 3183 994 3240; x_wconf 87' lang='lat' dir='ltr'><strong><em>Dominus</em></strong></span> <span class='ocrx_word' id='word_1_438' title='bbox 1038 3181 1114 3236; x_wconf 82' lang='lat' dir='ltr'><strong><em>ait</em></strong></span> <span class='ocrx_word' id='word_1_439' title='bbox 1160 3180 1324 3254; x_wconf 71' lang='lat' dir='ltr'><strong><em>(Luc.</em></strong></span> <span class='ocrx_word' id='word_1_440' title='bbox 1383 3195 1529 3246; x_wconf 73' lang='lat' dir='ltr'><strong><em>XVII,</em></strong></span> <span class='ocrx_word' id='word_1_441' title='bbox 1560 3179 1632 3236; x_wconf 68' lang='grc'><strong>26</strong></span> <span class='ocrx_word' id='word_1_442' title='bbox 1667 3187 1715 3233; x_wconf 73' lang='grc' dir='ltr'><strong><em>ει</em></strong></span> <span class='ocrx_word' id='word_1_443' title='bbox 1755 3178 1884 3250; x_wconf 71' lang='grc'><strong><em>27).</em></strong></span> <span class='ocrx_word' id='word_1_444' title='bbox 1914 3197 1961 3261; x_wconf 77' lang='lat' dir='ltr'><strong><em>C</em></strong></span> <span class='ocrx_word' id='word_1_445' title='bbox 1994 3185 2187 3242; x_wconf 79' lang='lat' dir='ltr'><strong><em>tiaram</em></strong></span> <span class='ocrx_word' id='word_1_446' title='bbox 2228 3183 2381 3253; x_wconf 88' lang='lat' dir='ltr'><strong><em>quasi</em></strong></span> <span class='ocrx_word' id='word_1_447' title='bbox 2410 3181 2671 3245; x_wconf 85' lang='lat' dir='ltr'><strong><em>Domino;</em></strong></span> <span class='ocrx_word' id='word_1_448' title='bbox 2699 3180 2796 3238; x_wconf 86' lang='lat' dir='ltr'><strong><em>sed</em></strong></span> <span class='ocrx_word' id='word_1_449' title='bbox 2845 3180 3012 3236; x_wconf 82' lang='lat' dir='ltr'><strong><em>virtus</em></strong></span> <span class='ocrx_word' id='word_1_450' title='bbox 3055 3179 3189 3252; x_wconf 85' lang='lat' dir='ltr'><strong><em>justi</em></strong></span> <span class='ocrx_word' id='word_1_451' title='bbox 3238 3176 3505 3250; x_wconf 78' lang='lat' dir='ltr'><strong><em>morigera</em></strong></span> <span class='ocrx_word' id='word_1_452' title='bbox 3541 3185 3602 3246; x_wconf 79' lang='lat' dir='ltr'><strong><em>et</em></strong></span> 
     </span>
    </p>
   </div>
   <div class='ocr_carea' id='block_1_58' title="bbox 275 3273 1892 3353">
    <p class='ocr_par' dir='ltr' id='par_1_58' title="bbox 275 3273 1892 3353">
     <span class='ocr_line' id='line_1_59' title="bbox 275 3273 1892 3353; baseline -0.005 -17"><span class='ocrx_word' id='word_1_453' title='bbox 275 3278 704 3353; x_wconf 87' lang='lat' dir='ltr'><strong><em>reprehendens</em></strong></span> <span class='ocrx_word' id='word_1_454' title='bbox 729 3276 874 3350; x_wconf 91' lang='lat' dir='ltr'><strong><em>quod</em></strong></span> <span class='ocrx_word' id='word_1_455' title='bbox 907 3274 1244 3346; x_wconf 88' lang='lat' dir='ltr'><strong><em>temporibus</em></strong></span> <span class='ocrx_word' id='word_1_456' title='bbox 1273 3274 1386 3330; x_wconf 79' lang='lat' dir='ltr'><strong><em>Noe</em></strong></span> <span class='ocrx_word' id='word_1_457' title='bbox 1417 3273 1810 3329; x_wconf 87' lang='lat' dir='ltr'><strong><em>manducarent</em></strong></span> <span class='ocrx_word' id='word_1_458' title='bbox 1837 3283 1892 3328; x_wconf 90' lang='lat' dir='ltr'><strong><em>et</em></strong></span> 
     </span>
    </p>
   </div>
   <div class='ocr_carea' id='block_1_59' title="bbox 273 3364 1890 3438">
    <p class='ocr_par' dir='ltr' id='par_1_59' title="bbox 273 3364 1890 3438">
     <span class='ocr_line' id='line_1_60' title="bbox 273 3364 1890 3438; baseline -0.006 -9"><span class='ocrx_word' id='word_1_459' title='bbox 273 3372 569 3438; x_wconf 83' lang='lat' dir='ltr'><strong><em>biberent,</em></strong></span> <span class='ocrx_word' id='word_1_460' title='bbox 604 3383 802 3426; x_wconf 76' lang='lat' dir='ltr'><strong><em>uxores</em></strong></span> <span class='ocrx_word' id='word_1_461' title='bbox 849 3368 1146 3434; x_wconf 90' lang='lat' dir='ltr'><strong><em>ducerent,</em></strong></span> <span class='ocrx_word' id='word_1_462' title='bbox 1179 3376 1235 3423; x_wconf 91' lang='lat' dir='ltr'><strong><em>et</em></strong></span> <span class='ocrx_word' id='word_1_463' title='bbox 1260 3367 1400 3422; x_wconf 82' lang='lat' dir='ltr'><strong><em>tilias</em></strong></span> <span class='ocrx_word' id='word_1_464' title='bbox 1430 3375 1658 3438; x_wconf 90' lang='lat' dir='ltr'><strong><em>nuptum</em></strong></span> <span class='ocrx_word' id='word_1_465' title='bbox 1705 3364 1890 3420; x_wconf 90' lang='lat' dir='ltr'><strong><em>trade-</em></strong></span> 
     </span>
    </p>
   </div>
   <div class='ocr_carea' id='block_1_60' title="bbox 273 3445 1894 3534">
    <p class='ocr_par' dir='ltr' id='par_1_60' title="bbox 273 3445 1894 3534">
     <span class='ocr_line' id='line_1_61' title="bbox 273 3445 1894 3534; baseline -0.007 -10"><span class='ocrx_word' id='word_1_466' title='bbox 273 3474 438 3533; x_wconf 89' lang='lat' dir='ltr'><strong><em>rent;</em></strong></span> <span class='ocrx_word' id='word_1_467' title='bbox 467 3473 524 3522; x_wconf 91' lang='lat' dir='ltr'><strong><em>et</em></strong></span> <span class='ocrx_word' id='word_1_468' title='bbox 554 3463 678 3521; x_wconf 89' lang='lat' dir='ltr'><strong><em>ideo</em></strong></span> <span class='ocrx_word' id='word_1_469' title='bbox 702 3472 926 3534; x_wconf 87' lang='lat' dir='ltr'><strong><em>propter</em></strong></span> <span class='ocrx_word' id='word_1_470' title='bbox 953 3445 1434 3531; x_wconf 87' lang='lat' dir='ltr'><strong><em>intemperantiam</em></strong></span> <span class='ocrx_word' id='word_1_471' title='bbox 1483 3474 1670 3515; x_wconf 90' lang='lat' dir='ltr'><strong><em>eorum</em></strong></span> <span class='ocrx_word' id='word_1_472' title='bbox 1700 3473 1894 3531; x_wconf 86' lang='lat' dir='ltr'><strong><em>super-</em></strong></span> 
     </span>
    </p>
   </div>
   <div class='ocr_carea' id='block_1_61' title="bbox 273 3553 1890 3630">
    <p class='ocr_par' dir='ltr' id='par_1_61' title="bbox 273 3553 1890 3630">
     <span class='ocr_line' id='line_1_62' title="bbox 273 3553 1890 3630; baseline -0.004 -16"><span class='ocrx_word' id='word_1_473' title='bbox 273 3561 505 3618; x_wconf 84' lang='lat' dir='ltr'><strong><em>venisse</em></strong></span> <span class='ocrx_word' id='word_1_474' title='bbox 547 3557 828 3615; x_wconf 84' lang='lat' dir='ltr'><strong><em>diluvium.</em></strong></span> <span class='ocrx_word' id='word_1_475' title='bbox 854 3555 1107 3614; x_wconf 61' lang='grc' dir='ltr'><strong><em>δίωτοι-ῖς</em></strong></span> <span class='ocrx_word' id='word_1_476' title='bbox 1149 3555 1314 3630; x_wconf 84' lang='lat' dir='ltr'><strong><em>igitur</em></strong></span> <span class='ocrx_word' id='word_1_477' title='bbox 1343 3565 1556 3628; x_wconf 88' lang='lat' dir='ltr'><strong><em>tempus</em></strong></span> <span class='ocrx_word' id='word_1_478' title='bbox 1584 3553 1740 3621; x_wconf 89' lang='lat' dir='ltr'><strong><em>illud,</em></strong></span> <span class='ocrx_word' id='word_1_479' title='bbox 1783 3567 1890 3609; x_wconf 93' lang='lat' dir='ltr'><strong><em>non</em></strong></span> 
     </span>
    </p>
   </div>
   <div class='ocr_carea' id='block_1_62' title="bbox 274 3641 1896 3723">
    <p class='ocr_par' dir='ltr' id='par_1_62' title="bbox 274 3641 1896 3723">
     <span class='ocr_line' id='line_1_63' title="bbox 274 3641 1896 3723; baseline -0.005 -12"><span class='ocrx_word' id='word_1_480' title='bbox 274 3654 492 3712; x_wconf 59' lang='lat' dir='ltr'><strong><em>latitia:</em></strong></span> <span class='ocrx_word' id='word_1_481' title='bbox 515 3660 657 3709; x_wconf 89' lang='lat' dir='ltr'><strong><em>erat.</em></strong></span> <span class='ocrx_word' id='word_1_482' title='bbox 687 3651 756 3708; x_wconf 84' lang='lat' dir='ltr'><strong><em>Et</em></strong></span> <span class='ocrx_word' id='word_1_483' title='bbox 776 3641 1101 3723; x_wconf 87' lang='lat' dir='ltr'><strong><em>indejustus</em></strong></span> <span class='ocrx_word' id='word_1_484' title='bbox 1135 3649 1417 3706; x_wconf 88' lang='lat' dir='ltr'><strong><em>consortio</em></strong></span> <span class='ocrx_word' id='word_1_485' title='bbox 1448 3665 1555 3705; x_wconf 93' lang='lat' dir='ltr'><strong><em>non</em></strong></span> <span class='ocrx_word' id='word_1_486' title='bbox 1586 3647 1896 3704; x_wconf 88' lang='lat' dir='ltr'><strong><em>delectaba-</em></strong></span> 
     </span>
    </p>
   </div>
   <div class='ocr_carea' id='block_1_63' title="bbox 275 3741 1892 3818">
    <p class='ocr_par' dir='ltr' id='par_1_63' title="bbox 275 3741 1892 3818">
     <span class='ocr_line' id='line_1_64' title="bbox 275 3741 1892 3818; baseline -0.004 -13"><span class='ocrx_word' id='word_1_487' title='bbox 275 3757 369 3805; x_wconf 90' lang='lat' dir='ltr'><strong><em>tur</em></strong></span> <span class='ocrx_word' id='word_1_488' title='bbox 412 3746 635 3814; x_wconf 83' lang='lat' dir='ltr'><strong><em>uxoris,</em></strong></span> <span class='ocrx_word' id='word_1_489' title='bbox 669 3744 757 3802; x_wconf 91' lang='lat' dir='ltr'><strong><em>vel</em></strong></span> <span class='ocrx_word' id='word_1_490' title='bbox 791 3744 889 3800; x_wconf 88' lang='lat' dir='ltr'><strong><em>lilii</em></strong></span> <span class='ocrx_word' id='word_1_491' title='bbox 927 3743 1061 3815; x_wconf 88' lang='lat' dir='ltr'><strong><em>justi</em></strong></span> <span class='ocrx_word' id='word_1_492' title='bbox 1093 3743 1349 3818; x_wconf 88' lang='lat' dir='ltr'><strong><em>petebant</em></strong></span> <span class='ocrx_word' id='word_1_493' title='bbox 1405 3741 1657 3815; x_wconf 62' lang='lat' dir='ltr'><strong><em>coriulsm</em></strong></span> <span class='ocrx_word' id='word_1_494' title='bbox 1697 3742 1892 3812; x_wconf 82' lang='lat' dir='ltr'><strong><em>conju-</em></strong></span> 
     </span>
    </p>
   </div>
   <div class='ocr_carea' id='block_1_64' title="bbox 271 3835 1896 3912">
    <p class='ocr_par' dir='ltr' id='par_1_64' title="bbox 271 3835 1896 3912">
     <span class='ocr_line' id='line_1_65' title="bbox 271 3835 1896 3912; baseline -0.004 -17"><span class='ocrx_word' id='word_1_495' title='bbox 271 3840 484 3912; x_wconf 85' lang='lat' dir='ltr'><strong><em>galem.</em></strong></span> <span class='ocrx_word' id='word_1_496' title='bbox 515 3840 690 3908; x_wconf 85' lang='lat' dir='ltr'><strong><em>Quam</em></strong></span> <span class='ocrx_word' id='word_1_497' title='bbox 721 3837 865 3891; x_wconf 90' lang='lat' dir='ltr'><strong><em>enim</em></strong></span> <span class='ocrx_word' id='word_1_498' title='bbox 897 3835 1250 3905; x_wconf 90' lang='lat' dir='ltr'><strong><em>indecorum,</em></strong></span> <span class='ocrx_word' id='word_1_499' title='bbox 1285 3845 1345 3891; x_wconf 91' lang='lat' dir='ltr'><strong><em>ut</em></strong></span> <span class='ocrx_word' id='word_1_500' title='bbox 1376 3851 1484 3908; x_wconf 92' lang='lat' dir='ltr'><strong><em>quo</em></strong></span> <span class='ocrx_word' id='word_1_501' title='bbox 1534 3844 1785 3906; x_wconf 90' lang='lat' dir='ltr'><strong><em>tempore</em></strong></span> <span class='ocrx_word' id='word_1_502' title='bbox 1815 3835 1896 3889; x_wconf 88' lang='lat' dir='ltr'><strong><em>vi-</em></strong></span> 
     </span>
    </p>
   </div>
   <div class='ocr_carea' id='block_1_65' title="bbox 274 3925 1897 3998">
    <p class='ocr_par' dir='ltr' id='par_1_65' title="bbox 274 3925 1897 3998">
     <span class='ocr_line' id='line_1_66' title="bbox 274 3925 1897 3998; baseline -0.006 -10"><span class='ocrx_word' id='word_1_503' title='bbox 274 3941 477 3990; x_wconf 81' lang='lat' dir='ltr'><strong><em>ventes</em></strong></span> <span class='ocrx_word' id='word_1_504' title='bbox 547 3937 928 3996; x_wconf 88' lang='lat' dir='ltr'><strong><em>morerentur,</em></strong></span> <span class='ocrx_word' id='word_1_505' title='bbox 981 3937 1111 3983; x_wconf 90' lang='lat' dir='ltr'><strong><em>tunc</em></strong></span> <span class='ocrx_word' id='word_1_506' title='bbox 1179 3929 1406 3998; x_wconf 89' lang='lat' dir='ltr'><strong><em>perituri</em></strong></span> <span class='ocrx_word' id='word_1_507' title='bbox 1464 3925 1897 3998; x_wconf 84' lang='lat' dir='ltr'><strong><em>generarentur?</em></strong></span> 
     </span>
    </p>
   </div>
   <div class='ocr_carea' id='block_1_66' title="bbox 272 4021 1897 4084">
    <p class='ocr_par' dir='ltr' id='par_1_66' title="bbox 272 4021 1897 4084">
     <span class='ocr_line' id='line_1_67' title="bbox 272 4021 1897 4084; baseline -0.006 0"><span class='ocrx_word' id='word_1_508' title='bbox 272 4026 480 4084; x_wconf 85' lang='lat' dir='ltr'><strong><em>Postea</em></strong></span> <span class='ocrx_word' id='word_1_509' title='bbox 508 4033 694 4080; x_wconf 88' lang='lat' dir='ltr'><strong><em>autem</em></strong></span> <span class='ocrx_word' id='word_1_510' title='bbox 719 4031 866 4078; x_wconf 90' lang='lat' dir='ltr'><strong><em>recte</em></strong></span> <span class='ocrx_word' id='word_1_511' title='bbox 893 4021 959 4076; x_wconf 90' lang='lat' dir='ltr'><strong><em>ad</em></strong></span> <span class='ocrx_word' id='word_1_512' title='bbox 991 4022 1346 4077; x_wconf 87' lang='lat' dir='ltr'><strong><em>seminarium</em></strong></span> <span class='ocrx_word' id='word_1_513' title='bbox 1369 4029 1694 4076; x_wconf 78' lang='lat' dir='ltr'><strong><em>caeterorum</em></strong></span> <span class='ocrx_word' id='word_1_514' title='bbox 1716 4030 1739 4056; x_wconf 72' lang='grc' dir='ltr'><strong>ο</strong></span> <span class='ocrx_word' id='word_1_515' title='bbox 1769 4033 1897 4076; x_wconf 89' lang='lat' dir='ltr'><strong><em>suc-</em></strong></span> 
     </span>
    </p>
   </div>
   <div class='ocr_carea' id='block_1_67' title="bbox 272 4113 1897 4188">
    <p class='ocr_par' dir='ltr' id='par_1_67' title="bbox 272 4113 1897 4188">
     <span class='ocr_line' id='line_1_68' title="bbox 272 4113 1897 4188; baseline -0.005 -12"><span class='ocrx_word' id='word_1_516' title='bbox 272 4120 448 4178; x_wconf 88' lang='lat' dir='ltr'><strong><em>cessit</em></strong></span> <span class='ocrx_word' id='word_1_517' title='bbox 473 4131 612 4176; x_wconf 88' lang='lat' dir='ltr'><strong><em>usus</em></strong></span> <span class='ocrx_word' id='word_1_518' title='bbox 639 4125 692 4172; x_wconf 91' lang='lat' dir='ltr'><strong><em>et</em></strong></span> <span class='ocrx_word' id='word_1_519' title='bbox 717 4131 847 4171; x_wconf 90' lang='lat' dir='ltr'><strong><em>cura</em></strong></span> <span class='ocrx_word' id='word_1_520' title='bbox 874 4114 1147 4188; x_wconf 86' lang='lat' dir='ltr'><strong><em>conjugii,</em></strong></span> <span class='ocrx_word' id='word_1_521' title='bbox 1172 4130 1297 4172; x_wconf 92' lang='lat' dir='ltr'><strong><em>cum</em></strong></span> <span class='ocrx_word' id='word_1_522' title='bbox 1339 4113 1603 4170; x_wconf 86' lang='lat' dir='ltr'><strong><em>diluvium</em></strong></span> <span class='ocrx_word' id='word_1_523' title='bbox 1646 4113 1897 4170; x_wconf 89' lang='lat' dir='ltr'><strong><em>recessit.</em></strong></span> 
     </span>
    </p>
   </div>
   <div class='ocr_carea' id='block_1_68' title="bbox 271 4206 1902 4286">
    <p class='ocr_par' dir='ltr' id='par_1_68' title="bbox 271 4206 1902 4286">
     <span class='ocr_line' id='line_1_69' title="bbox 271 4206 1902 4286; baseline -0.005 -15"><span class='ocrx_word' id='word_1_524' title='bbox 271 4215 471 4286; x_wconf 84' lang='lat' dir='ltr'><strong><em>Itaque</em></strong></span> <span class='ocrx_word' id='word_1_525' title='bbox 527 4226 646 4268; x_wconf 91' lang='lat' dir='ltr'><strong><em>non</em></strong></span> <span class='ocrx_word' id='word_1_526' title='bbox 689 4209 787 4265; x_wconf 90' lang='lat' dir='ltr'><strong><em>viri</em></strong></span> <span class='ocrx_word' id='word_1_527' title='bbox 837 4224 960 4266; x_wconf 90' lang='lat' dir='ltr'><strong><em>cum</em></strong></span> <span class='ocrx_word' id='word_1_528' title='bbox 1003 4209 1170 4277; x_wconf 90' lang='lat' dir='ltr'><strong><em>viris,</em></strong></span> <span class='ocrx_word' id='word_1_529' title='bbox 1219 4206 1318 4263; x_wconf 91' lang='lat' dir='ltr'><strong><em>sed</em></strong></span> <span class='ocrx_word' id='word_1_530' title='bbox 1365 4206 1580 4264; x_wconf 61' lang='lat' dir='ltr'><strong><em>feminas</em></strong></span> <span class='ocrx_word' id='word_1_531' title='bbox 1617 4221 1741 4264; x_wconf 93' lang='lat' dir='ltr'><strong><em>cum</em></strong></span> <span class='ocrx_word' id='word_1_532' title='bbox 1770 4207 1902 4263; x_wconf 87' lang='lat' dir='ltr'><strong><em>viris</em></strong></span> 
     </span>
    </p>
   </div>
   <div class='ocr_carea' id='block_1_69' title="bbox 271 4300 1904 4373">
    <p class='ocr_par' dir='ltr' id='par_1_69' title="bbox 271 4300 1904 4373">
     <span class='ocr_line' id='line_1_70' title="bbox 271 4300 1904 4373; baseline -0.007 -6"><span class='ocrx_word' id='word_1_533' title='bbox 271 4316 524 4372; x_wconf 82' lang='lat' dir='ltr'><strong><em>exeunt;</em></strong></span> <span class='ocrx_word' id='word_1_534' title='bbox 560 4313 626 4360; x_wconf 88' lang='lat' dir='ltr'><strong><em>ut</em></strong></span> <span class='ocrx_word' id='word_1_535' title='bbox 657 4304 832 4360; x_wconf 87' lang='lat' dir='ltr'><strong><em>virilis</em></strong></span> <span class='ocrx_word' id='word_1_536' title='bbox 881 4304 936 4359; x_wconf 92' lang='lat' dir='ltr'><strong><em>in</em></strong></span> <span class='ocrx_word' id='word_1_537' title='bbox 976 4318 1037 4358; x_wconf 91' lang='lat' dir='ltr'><strong><em>se</em></strong></span> <span class='ocrx_word' id='word_1_538' title='bbox 1085 4301 1371 4358; x_wconf 89' lang='lat' dir='ltr'><strong><em>interdicta</em></strong></span> <span class='ocrx_word' id='word_1_539' title='bbox 1418 4300 1738 4373; x_wconf 81' lang='lat' dir='ltr'><strong><em>permixtio,</em></strong></span> <span class='ocrx_word' id='word_1_540' title='bbox 1781 4316 1904 4371; x_wconf 83' lang='lat' dir='ltr'><strong><em>per-</em></strong></span> 
     </span>
    </p>
   </div>
   <div class='ocr_carea' id='block_1_70' title="bbox 270 4391 1901 4467">
    <p class='ocr_par' dir='ltr' id='par_1_70' title="bbox 270 4391 1901 4467">
     <span class='ocr_line' id='line_1_71' title="bbox 270 4391 1901 4467; baseline -0.006 -9"><span class='ocrx_word' id='word_1_541' title='bbox 270 4402 444 4459; x_wconf 89' lang='lat' dir='ltr'><strong><em>missa</em></strong></span> <span class='ocrx_word' id='word_1_542' title='bbox 477 4409 673 4454; x_wconf 89' lang='lat' dir='ltr'><strong><em>autem</em></strong></span> <span class='ocrx_word' id='word_1_543' title='bbox 699 4396 870 4452; x_wconf 88' lang='lat' dir='ltr'><strong><em>virilis</em></strong></span> <span class='ocrx_word' id='word_1_544' title='bbox 893 4402 948 4452; x_wconf 92' lang='lat' dir='ltr'><strong><em>et</em></strong></span> <span class='ocrx_word' id='word_1_545' title='bbox 978 4394 1198 4452; x_wconf 87' lang='lat' dir='ltr'><strong><em>feminei</em></strong></span> <span class='ocrx_word' id='word_1_546' title='bbox 1232 4395 1468 4467; x_wconf 83' lang='lat' dir='ltr'><strong><em>legitima</em></strong></span> <span class='ocrx_word' id='word_1_547' title='bbox 1491 4405 1639 4451; x_wconf 88' lang='lat' dir='ltr'><strong><em>sorte</em></strong></span> <span class='ocrx_word' id='word_1_548' title='bbox 1666 4391 1901 4466; x_wconf 87' lang='lat' dir='ltr'><strong><em>conjugii</em></strong></span> 
     </span>
    </p>
   </div>
   <div class='ocr_carea' id='block_1_71' title="bbox 267 4491 817 4566">
    <p class='ocr_par' dir='ltr' id='par_1_71' title="bbox 267 4491 817 4566">
     <span class='ocr_line' id='line_1_72' title="bbox 267 4491 817 4566; baseline -0.013 -14"><span class='ocrx_word' id='word_1_549' title='bbox 267 4494 475 4566; x_wconf 87' lang='lat' dir='ltr'><strong><em>c0pula</em></strong></span> <span class='ocrx_word' id='word_1_550' title='bbox 502 4491 817 4547; x_wconf 84' lang='lat' dir='ltr'><strong><em>videretur.</em></strong></span> 
     </span>
    </p>
   </div>
   <div class='ocr_carea' id='block_1_72' title="bbox 1993 3269 3593 3350">
    <p class='ocr_par' dir='ltr' id='par_1_72' title="bbox 1993 3269 3593 3350">
     <span class='ocr_line' id='line_1_73' title="bbox 1993 3269 3593 3350; baseline -0.005 -18"><span class='ocrx_word' id='word_1_551' title='bbox 1993 3285 2142 3350; x_wconf 85' lang='lat' dir='ltr'><strong><em>grata</em></strong></span> <span class='ocrx_word' id='word_1_552' title='bbox 2185 3275 2336 3347; x_wconf 84' lang='lat' dir='ltr'><strong><em>quasi</em></strong></span> <span class='ocrx_word' id='word_1_553' title='bbox 2379 3275 2510 3330; x_wconf 91' lang='lat' dir='ltr'><strong><em>Deo.</em></strong></span> <span class='ocrx_word' id='word_1_554' title='bbox 2555 3273 2708 3343; x_wconf 85' lang='lat' dir='ltr'><strong><em>Quod</em></strong></span> <span class='ocrx_word' id='word_1_555' title='bbox 2751 3272 3034 3346; x_wconf 89' lang='lat' dir='ltr'><strong><em>imperiale</em></strong></span> <span class='ocrx_word' id='word_1_556' title='bbox 3075 3279 3164 3346; x_wconf 76' lang='lat' dir='ltr'><strong><em>est</em></strong></span> <span class='ocrx_word' id='word_1_557' title='bbox 3199 3269 3593 3346; x_wconf 72' lang='lat' dir='ltr'><strong><em>sequesuavit;</em></strong></span> 
     </span>
    </p>
   </div>
   <div class='ocr_carea' id='block_1_73' title="bbox 1995 3366 2784 3446">
    <p class='ocr_par' dir='ltr' id='par_1_73' title="bbox 1995 3366 2784 3446">
     <span class='ocr_line' id='line_1_74' title="bbox 1995 3366 2784 3446; baseline -0.004 -21"><span class='ocrx_word' id='word_1_558' title='bbox 1995 3369 2140 3446; x_wconf 88' lang='lat' dir='ltr'><strong><em>quod</em></strong></span> <span class='ocrx_word' id='word_1_559' title='bbox 2180 3367 2425 3426; x_wconf 82' lang='lat' dir='ltr'><strong><em>beneﬁcii</em></strong></span> <span class='ocrx_word' id='word_1_560' title='bbox 2462 3366 2784 3424; x_wconf 88' lang='lat' dir='ltr'><strong><em>nominavit.</em></strong></span> 
     </span>
    </p>
   </div>
   <div class='ocr_carea' id='block_1_74' title="bbox 2068 3455 3589 3534">
    <p class='ocr_par' dir='ltr' id='par_1_74' title="bbox 2068 3455 3589 3534">
     <span class='ocr_line' id='line_1_75' title="bbox 2068 3455 3589 3534; baseline -0.003 -18"><span class='ocrx_word' id='word_1_561' title='bbox 2068 3461 2157 3518; x_wconf 89' lang='lat'><strong><em>79.</em></strong></span> <span class='ocrx_word' id='word_1_562' title='bbox 2199 3459 2266 3516; x_wconf 84' lang='lat' dir='ltr'><strong><em>Et</em></strong></span> <span class='ocrx_word' id='word_1_563' title='bbox 2289 3460 2507 3534; x_wconf 83' lang='lat' dir='ltr'><strong><em>sumpsit</em></strong></span> <span class='ocrx_word' id='word_1_564' title='bbox 2533 3477 2566 3528; x_wconf 74' lang='grc' dir='ltr'>ᾳ</span> <span class='ocrx_word' id='word_1_565' title='bbox 2582 3459 2754 3530; x_wconf 80' lang='lat' dir='ltr'><strong><em>bestiis</em></strong></span> <span class='ocrx_word' id='word_1_566' title='bbox 2779 3500 2796 3528; x_wconf 95' lang='lat'><strong><em>,</em></strong></span> <span class='ocrx_word' id='word_1_567' title='bbox 2818 3467 2868 3516; x_wconf 85' lang='lat' dir='ltr'><strong><em>et</em></strong></span> <span class='ocrx_word' id='word_1_568' title='bbox 2897 3475 2931 3514; x_wconf 89' lang='lat' dir='ltr'><strong><em>a</em></strong></span> <span class='ocrx_word' id='word_1_569' title='bbox 2955 3456 3254 3522; x_wconf 79' lang='lat' dir='ltr'><strong><em>volatilibus</em></strong></span> <span class='ocrx_word' id='word_1_570' title='bbox 3282 3455 3516 3524; x_wconf 82' lang='lat' dir='ltr'><strong><em>mundis,</em></strong></span> <span class='ocrx_word' id='word_1_571' title='bbox 3538 3466 3589 3526; x_wconf 80' lang='lat' dir='ltr'><strong><em>et</em></strong></span> 
     </span>
    </p>
   </div>
   <div class='ocr_carea' id='block_1_75' title="bbox 1996 3548 3598 3628">
    <p class='ocr_par' dir='ltr' id='par_1_75' title="bbox 1996 3548 3598 3628">
     <span class='ocr_line' id='line_1_76' title="bbox 1996 3548 3598 3628; baseline -0.002 -14"><span class='ocrx_word' id='word_1_572' title='bbox 1996 3554 2197 3625; x_wconf 86' lang='lat' dir='ltr'><strong><em>obtulit,</em></strong></span> <span class='ocrx_word' id='word_1_573' title='bbox 2251 3557 2447 3628; x_wconf 82' lang='lat' dir='ltr'><strong><em>inquit,</em></strong></span> <span class='ocrx_word' id='word_1_574' title='bbox 2505 3556 2809 3610; x_wconf 84' lang='lat' dir='ltr'><strong><em>holocausta</em></strong></span> <span class='ocrx_word' id='word_1_575' title='bbox 2857 3550 3077 3627; x_wconf 89' lang='lat' dir='ltr'><strong><em>(Ibid.).</em></strong></span> <span class='ocrx_word' id='word_1_576' title='bbox 3107 3552 3311 3626; x_wconf 70' lang='lat' dir='ltr'><strong><em>Littera</em></strong></span> <span class='ocrx_word' id='word_1_577' title='bbox 3365 3548 3598 3610; x_wconf 72' lang='lat' dir='ltr'><strong><em>evidens</em></strong></span> 
     </span>
    </p>
   </div>
   <div class='ocr_carea' id='block_1_76' title="bbox 1996 3640 3605 3722">
    <p class='ocr_par' dir='ltr' id='par_1_76' title="bbox 1996 3640 3605 3722">
     <span class='ocr_line' id='line_1_77' title="bbox 1996 3640 3605 3722; baseline -0.005 -15"><span class='ocrx_word' id='word_1_578' title='bbox 1996 3661 2081 3707; x_wconf 90' lang='lat' dir='ltr'><strong><em>est</em></strong></span> <span class='ocrx_word' id='word_1_579' title='bbox 2109 3650 2252 3722; x_wconf 88' lang='lat' dir='ltr'><strong><em>quod</em></strong></span> <span class='ocrx_word' id='word_1_580' title='bbox 2279 3667 2340 3707; x_wconf 87' lang='lat' dir='ltr'><strong><em>ea</em></strong></span> <span class='ocrx_word' id='word_1_581' title='bbox 2374 3665 2499 3721; x_wconf 71' lang='lat' dir='ltr'><strong><em>qua:</em></strong></span> <span class='ocrx_word' id='word_1_582' title='bbox 2539 3647 2966 3706; x_wconf 86' lang='lat' dir='ltr'><strong><em>incontaminata</em></strong></span> <span class='ocrx_word' id='word_1_583' title='bbox 3003 3655 3152 3714; x_wconf 84' lang='lat' dir='ltr'><strong><em>sunt,</em></strong></span> <span class='ocrx_word' id='word_1_584' title='bbox 3205 3644 3467 3701; x_wconf 89' lang='lat' dir='ltr'><strong><em>debemus</em></strong></span> <span class='ocrx_word' id='word_1_585' title='bbox 3520 3640 3605 3719; x_wconf 90' lang='lat' dir='ltr'><strong><em>of-</em></strong></span> 
     </span>
    </p>
   </div>
   <div class='ocr_carea' id='block_1_77' title="bbox 1997 3734 3607 3814">
    <p class='ocr_par' dir='ltr' id='par_1_77' title="bbox 1997 3734 3607 3814">
     <span class='ocr_line' id='line_1_78' title="bbox 1997 3734 3607 3814; baseline -0.002 -14"><span class='ocrx_word' id='word_1_586' title='bbox 1997 3744 2164 3812; x_wconf 87' lang='lat' dir='ltr'><strong><em>ferre,</em></strong></span> <span class='ocrx_word' id='word_1_587' title='bbox 2199 3744 2251 3798; x_wconf 91' lang='lat' dir='ltr'><strong><em>in</em></strong></span> <span class='ocrx_word' id='word_1_588' title='bbox 2301 3743 2499 3814; x_wconf 88' lang='lat' dir='ltr'><strong><em>quibus</em></strong></span> <span class='ocrx_word' id='word_1_589' title='bbox 2547 3741 2773 3800; x_wconf 78' lang='lat' dir='ltr'><strong><em>allectus</em></strong></span> <span class='ocrx_word' id='word_1_590' title='bbox 2819 3740 3062 3798; x_wconf 78' lang='lat' dir='ltr'><strong><em>relucent</em></strong></span> <span class='ocrx_word' id='word_1_591' title='bbox 3090 3737 3395 3808; x_wconf 77' lang='lat' dir='ltr'><strong><em>on‘ereotis.</em></strong></span> <span class='ocrx_word' id='word_1_592' title='bbox 3431 3734 3607 3798; x_wconf 82' lang='lat' dir='ltr'><strong><em>Altior</em></strong></span> 
     </span>
    </p>
   </div>
   <div class='ocr_carea' id='block_1_78' title="bbox 1999 3832 3608 3912">
    <p class='ocr_par' dir='ltr' id='par_1_78' title="bbox 1999 3832 3608 3912">
     <span class='ocr_line' id='line_1_79' title="bbox 1999 3832 3608 3912; baseline -0.001 -18"><span class='ocrx_word' id='word_1_593' title='bbox 1999 3847 2179 3894; x_wconf 89' lang='lat' dir='ltr'><strong><em>autem</em></strong></span> <span class='ocrx_word' id='word_1_594' title='bbox 2230 3837 2609 3912; x_wconf 76' lang='lat' dir='ltr'><strong><em>interpretatio</em></strong></span> <span class='ocrx_word' id='word_1_595' title='bbox 2649 3835 2754 3898; x_wconf 84' lang='lat' dir='ltr'><strong><em>hoc</em></strong></span> <span class='ocrx_word' id='word_1_596' title='bbox 2806 3833 2996 3904; x_wconf 79' lang='lat' dir='ltr'><strong><em>habet,</em></strong></span> <span class='ocrx_word' id='word_1_597' title='bbox 3032 3833 3176 3906; x_wconf 90' lang='lat' dir='ltr'><strong><em>quod</em></strong></span> <span class='ocrx_word' id='word_1_598' title='bbox 3225 3832 3414 3904; x_wconf 78' lang='lat' dir='ltr'><strong><em>bestia:</em></strong></span> <span class='ocrx_word' id='word_1_599' title='bbox 3445 3847 3608 3892; x_wconf 80' lang='lat' dir='ltr'><strong><em>mutt-</em></strong></span> 
     </span>
    </p>
   </div>
   <div class='ocr_carea' id='block_1_79' title="bbox 2000 3913 3598 3996">
    <p class='ocr_par' dir='ltr' id='par_1_79' title="bbox 2000 3913 3598 3996">
     <span class='ocr_line' id='line_1_80' title="bbox 2000 3913 3598 3996; baseline -0.005 -10"><span class='ocrx_word' id='word_1_600' title='bbox 2000 3931 2082 3986; x_wconf 78' lang='lat' dir='ltr'><strong><em>dae</em></strong></span> <span class='ocrx_word' id='word_1_601' title='bbox 2104 3929 2355 3985; x_wconf 85' lang='lat' dir='ltr'><strong><em>videntur</em></strong></span> <span class='ocrx_word' id='word_1_602' title='bbox 2399 3913 2600 3985; x_wconf 76' lang='lat' dir='ltr'><strong><em>sensus</em></strong></span> <span class='ocrx_word' id='word_1_603' title='bbox 2629 3942 2752 3984; x_wconf 86' lang='lat' dir='ltr'><strong><em>esse</em></strong></span> <span class='ocrx_word' id='word_1_604' title='bbox 2799 3926 3086 3995; x_wconf 87' lang='lat' dir='ltr'><strong><em>sapientis;</em></strong></span> <span class='ocrx_word' id='word_1_605' title='bbox 3143 3925 3384 3982; x_wconf 87' lang='lat' dir='ltr'><strong><em>volatilia</em></strong></span> <span class='ocrx_word' id='word_1_606' title='bbox 3413 3933 3598 3996; x_wconf 77' lang='lat' dir='ltr'><strong><em>autem</em></strong></span> 
     </span>
    </p>
   </div>
   <div class='ocr_carea' id='block_1_80' title="bbox 2001 4021 3599 4096">
    <p class='ocr_par' dir='ltr' id='par_1_80' title="bbox 2001 4021 3599 4096">
     <span class='ocr_line' id='line_1_81' title="bbox 2001 4021 3599 4096; baseline -0.003 -16"><span class='ocrx_word' id='word_1_607' title='bbox 2001 4025 2334 4091; x_wconf 88' lang='lat' dir='ltr'><strong><em>intellectus,</em></strong></span> <span class='ocrx_word' id='word_1_608' title='bbox 2353 4024 2443 4094; x_wconf 87' lang='lat' dir='ltr'><strong><em>qui</em></strong></span> <span class='ocrx_word' id='word_1_609' title='bbox 2469 4032 2598 4079; x_wconf 91' lang='lat' dir='ltr'><strong><em>sunt</em></strong></span> <span class='ocrx_word' id='word_1_610' title='bbox 2619 4024 2776 4096; x_wconf 88' lang='lat' dir='ltr'><strong><em>longe</em></strong></span> <span class='ocrx_word' id='word_1_611' title='bbox 2805 4022 3124 4079; x_wconf 89' lang='lat' dir='ltr'><strong><em>subtiliores</em></strong></span> <span class='ocrx_word' id='word_1_612' title='bbox 3149 4030 3313 4091; x_wconf 86' lang='lat' dir='ltr'><strong><em>atque</em></strong></span> <span class='ocrx_word' id='word_1_613' title='bbox 3343 4021 3599 4077; x_wconf 88' lang='lat' dir='ltr'><strong><em>leviores.</em></strong></span> 
     </span>
    </p>
   </div>
   <div class='ocr_carea' id='block_1_81' title="bbox 2073 4111 3608 4184">
    <p class='ocr_par' dir='ltr' id='par_1_81' title="bbox 2073 4111 3608 4184">
     <span class='ocr_line' id='line_1_82' title="bbox 2073 4111 3608 4184; baseline -0.002 -13"><span class='ocrx_word' id='word_1_614' title='bbox 2073 4115 2166 4171; x_wconf 90' lang='lat'><strong><em>80.</em></strong></span> <span class='ocrx_word' id='word_1_615' title='bbox 2206 4115 2362 4170; x_wconf 87' lang='lat' dir='ltr'><strong><em>Nunc</em></strong></span> <span class='ocrx_word' id='word_1_616' title='bbox 2391 4130 2521 4170; x_wconf 93' lang='lat' dir='ltr'><strong><em>vero</em></strong></span> <span class='ocrx_word' id='word_1_617' title='bbox 2566 4111 2976 4171; x_wconf 85' lang='lat' dir='ltr'><strong><em>consideremus</em></strong></span> <span class='ocrx_word' id='word_1_618' title='bbox 3022 4112 3340 4183; x_wconf 86' lang='lat' dir='ltr'><strong><em>diligentius</em></strong></span> <span class='ocrx_word' id='word_1_619' title='bbox 3376 4111 3504 4184; x_wconf 87' lang='lat' dir='ltr'><strong><em>quid</em></strong></span> <span class='ocrx_word' id='word_1_620' title='bbox 3532 4113 3608 4169; x_wconf 85' lang='lat' dir='ltr'><strong><em>sit</em></strong></span> 
     </span>
    </p>
   </div>
   <div class='ocr_carea' id='block_1_82' title="bbox 2003 4203 3602 4280">
    <p class='ocr_par' dir='ltr' id='par_1_82' title="bbox 2003 4203 3602 4280">
     <span class='ocr_line' id='line_1_83' title="bbox 2003 4203 3602 4280; baseline -0.002 -14"><span class='ocrx_word' id='word_1_621' title='bbox 2003 4209 2146 4280; x_wconf 92' lang='lat' dir='ltr'><strong><em>quod</em></strong></span> <span class='ocrx_word' id='word_1_622' title='bbox 2191 4208 2268 4266; x_wconf 89' lang='lat' dir='ltr'><strong><em>ait</em></strong></span> <span class='ocrx_word' id='word_1_623' title='bbox 2299 4227 2315 4262; x_wconf 92' lang='lat'><strong><em>:</em></strong></span> <span class='ocrx_word' id='word_1_624' title='bbox 2347 4207 2416 4266; x_wconf 80' lang='lat' dir='ltr'><strong><em>Et</em></strong></span> <span class='ocrx_word' id='word_1_625' title='bbox 2447 4209 2578 4264; x_wconf 71' lang='lat' dir='ltr'><strong><em>dixit</em></strong></span> <span class='ocrx_word' id='word_1_626' title='bbox 2617 4207 2875 4264; x_wconf 86' lang='lat' dir='ltr'><strong><em>Dominus</em></strong></span> <span class='ocrx_word' id='word_1_627' title='bbox 2921 4203 3064 4262; x_wconf 78' lang='lat' dir='ltr'><strong><em>Deus</em></strong></span> <span class='ocrx_word' id='word_1_628' title='bbox 3087 4221 3108 4261; x_wconf 89' lang='lat'><strong><em>:</em></strong></span> <span class='ocrx_word' id='word_1_629' title='bbox 3152 4205 3467 4280; x_wconf 78' lang='lat' dir='ltr'><strong><em>Rccogitans</em></strong></span> <span class='ocrx_word' id='word_1_630' title='bbox 3495 4221 3602 4263; x_wconf 82' lang='lat' dir='ltr'><strong><em>non</em></strong></span> 
     </span>
    </p>
   </div>
   <div class='ocr_carea' id='block_1_83' title="bbox 2003 4299 3596 4374">
    <p class='ocr_par' dir='ltr' id='par_1_83' title="bbox 2003 4299 3596 4374">
     <span class='ocr_line' id='line_1_84' title="bbox 2003 4299 3596 4374; baseline -0.001 -20"><span class='ocrx_word' id='word_1_631' title='bbox 2003 4301 2252 4374; x_wconf 81' lang='lat' dir='ltr'><strong><em>adjiciam</em></strong></span> <span class='ocrx_word' id='word_1_632' title='bbox 2278 4299 2587 4356; x_wconf 79' lang='lat' dir='ltr'><strong><em>maledicere</em></strong></span> <span class='ocrx_word' id='word_1_633' title='bbox 2623 4311 2813 4355; x_wconf 76' lang='lat' dir='ltr'><strong><em>terram</em></strong></span> <span class='ocrx_word' id='word_1_634' title='bbox 2857 4309 3070 4371; x_wconf 78' lang='lat' dir='ltr'><strong><em>propter</em></strong></span> <span class='ocrx_word' id='word_1_635' title='bbox 3096 4315 3254 4371; x_wconf 69' lang='lat' dir='ltr'><strong><em>opera</em></strong></span> <span class='ocrx_word' id='word_1_636' title='bbox 3301 4299 3596 4365; x_wconf 71' lang='lat' dir='ltr'><strong><em>hominum;</em></strong></span> 
     </span>
    </p>
   </div>
   <div class='ocr_carea' id='block_1_84' title="bbox 2005 4392 3608 4468">
    <p class='ocr_par' dir='ltr' id='par_1_84' title="bbox 2005 4392 3608 4468">
     <span class='ocr_line' id='line_1_85' title="bbox 2005 4392 3608 4468; baseline -0.001 -16"><span class='ocrx_word' id='word_1_637' title='bbox 2005 4397 2125 4466; x_wconf 86' lang='lat' dir='ltr'><strong><em>quia</em></strong></span> <span class='ocrx_word' id='word_1_638' title='bbox 2155 4405 2418 4468; x_wconf 83' lang='lat' dir='ltr'><strong><em>permanet</em></strong></span> <span class='ocrx_word' id='word_1_639' title='bbox 2471 4411 2562 4458; x_wconf 86' lang='lat' dir='ltr'><strong><em>cor</em></strong></span> <span class='ocrx_word' id='word_1_640' title='bbox 2603 4393 2828 4462; x_wconf 84' lang='lat' dir='ltr'><strong><em>hominis</em></strong></span> <span class='ocrx_word' id='word_1_641' title='bbox 2855 4394 3130 4465; x_wconf 81' lang='lat' dir='ltr'><strong><em>diligenter</em></strong></span> <span class='ocrx_word' id='word_1_642' title='bbox 3155 4411 3310 4467; x_wconf 80' lang='lat' dir='ltr'><strong><em>super</em></strong></span> <span class='ocrx_word' id='word_1_643' title='bbox 3355 4394 3495 4458; x_wconf 81' lang='lat' dir='ltr'><strong><em>ntala</em></strong></span> <span class='ocrx_word' id='word_1_644' title='bbox 3519 4392 3548 4434; x_wconf 73' lang='grc' dir='ltr'><strong><em>ι’</em></strong></span> <span class='ocrx_word' id='word_1_645' title='bbox 3573 4412 3608 4450; x_wconf 89' lang='lat' dir='ltr'><strong><em>a</em></strong></span> 
     </span>
    </p>
   </div>
   <div class='ocr_carea' id='block_1_85' title="bbox 1996 4486 3608 4563">
    <p class='ocr_par' dir='ltr' id='par_1_85' title="bbox 1996 4486 3608 4563">
     <span class='ocr_line' id='line_1_86' title="bbox 1996 4486 3608 4563; baseline 0.001 -17"><span class='ocrx_word' id='word_1_646' title='bbox 1996 4493 2266 4563; x_wconf 83' lang='lat' dir='ltr'><strong><em>juventute</em></strong></span> <span class='ocrx_word' id='word_1_647' title='bbox 2305 4487 2512 4563; x_wconf 89' lang='lat' dir='ltr'><strong><em>(Ibid.,</em></strong></span> <span class='ocrx_word' id='word_1_648' title='bbox 2566 4488 2629 4544; x_wconf 69' lang='lat' dir='ltr'><strong><em>2t</em></strong></span> <span class='ocrx_word' id='word_1_649' title='bbox 2660 4488 2700 4560; x_wconf 94' lang='lat'><strong><em>).</em></strong></span> <span class='ocrx_word' id='word_1_650' title='bbox 2743 4487 2862 4546; x_wconf 83' lang='lat' dir='ltr'><strong><em>Non</em></strong></span> <span class='ocrx_word' id='word_1_651' title='bbox 2895 4503 3026 4560; x_wconf 87' lang='lat' dir='ltr'><strong><em>ergo</em></strong></span> <span class='ocrx_word' id='word_1_652' title='bbox 3069 4486 3252 4557; x_wconf 75' lang='lat' dir='ltr'><strong><em>adhoc</em></strong></span> <span class='ocrx_word' id='word_1_653' title='bbox 3297 4495 3608 4560; x_wconf 82' lang='lat' dir='ltr'><strong><em>percuteret</em></strong></span> 
     </span>
    </p>
   </div>
   <div class='ocr_carea' id='block_1_86' title="bbox 345 4581 3600 4668">
    <p class='ocr_par' dir='ltr' id='par_1_86' title="bbox 345 4581 3600 4668">
     <span class='ocr_line' id='line_1_87' title="bbox 345 4581 3600 4668; baseline -0.001 -25"><span class='ocrx_word' id='word_1_654' title='bbox 345 4589 436 4643; x_wconf 88' lang='grc'>77.</span> <span class='ocrx_word' id='word_1_655' title='bbox 471 4587 695 4643; x_wconf 72' lang='lat' dir='ltr'><strong><em>Set-sus</em></strong></span> <span class='ocrx_word' id='word_1_656' title='bbox 715 4594 896 4640; x_wconf 90' lang='lat' dir='ltr'><strong><em>autem</em></strong></span> <span class='ocrx_word' id='word_1_657' title='bbox 922 4583 1085 4640; x_wconf 89' lang='lat' dir='ltr'><strong><em>altior</em></strong></span> <span class='ocrx_word' id='word_1_658' title='bbox 1113 4582 1219 4638; x_wconf 89' lang='lat' dir='ltr'><strong><em>hoc</em></strong></span> <span class='ocrx_word' id='word_1_659' title='bbox 1244 4583 1446 4639; x_wconf 88' lang='lat' dir='ltr'><strong><em>habet:</em></strong></span> <span class='ocrx_word' id='word_1_660' title='bbox 1477 4582 1565 4638; x_wconf 91' lang='lat' dir='ltr'><strong><em>ubi</em></strong></span> <span class='ocrx_word' id='word_1_661' title='bbox 1596 4581 1895 4653; x_wconf 88' lang='lat' dir='ltr'><strong><em>periculum</em></strong></span> <span class='ocrx_word' id='word_1_662' title='bbox 1923 4603 1976 4668; x_wconf 72' lang='grc' dir='ltr'><strong><em>ι)</em></strong></span> <span class='ocrx_word' id='word_1_663' title='bbox 2006 4598 2224 4642; x_wconf 87' lang='lat' dir='ltr'><strong><em>omnem</em></strong></span> <span class='ocrx_word' id='word_1_664' title='bbox 2268 4592 2492 4648; x_wconf 86' lang='lat' dir='ltr'><strong><em>terram,</em></strong></span> <span class='ocrx_word' id='word_1_665' title='bbox 2539 4583 2679 4640; x_wconf 89' lang='lat' dir='ltr'><strong><em>sicut</em></strong></span> <span class='ocrx_word' id='word_1_666' title='bbox 2706 4581 2861 4649; x_wconf 82' lang='lat' dir='ltr'><strong><em>fecit,</em></strong></span> <span class='ocrx_word' id='word_1_667' title='bbox 2895 4582 3148 4640; x_wconf 88' lang='lat' dir='ltr'><strong><em>omnibus</em></strong></span> <span class='ocrx_word' id='word_1_668' title='bbox 3194 4582 3386 4652; x_wconf 80' lang='lat' dir='ltr'><strong><em>diebus</em></strong></span> <span class='ocrx_word' id='word_1_669' title='bbox 3413 4592 3600 4644; x_wconf 66' lang='lat' dir='ltr'><strong><em>terras.</em></strong></span> 
     </span>
    </p>
   </div>
   <div class='ocr_carea' id='block_1_87' title="bbox 267 4675 3606 4750">
    <p class='ocr_par' dir='ltr' id='par_1_87' title="bbox 267 4675 3606 4750">
     <span class='ocr_line' id='line_1_88' title="bbox 267 4675 3606 4750; baseline -0.002 -12"><span class='ocrx_word' id='word_1_670' title='bbox 267 4690 394 4746; x_wconf 87' lang='lat' dir='ltr'><strong><em>est,</em></strong></span> <span class='ocrx_word' id='word_1_671' title='bbox 448 4680 658 4735; x_wconf 88' lang='lat' dir='ltr'><strong><em>viriles</em></strong></span> <span class='ocrx_word' id='word_1_672' title='bbox 723 4677 970 4749; x_wconf 58' lang='lat' dir='ltr'><strong><em>quaedam</em></strong></span> <span class='ocrx_word' id='word_1_673' title='bbox 1039 4685 1095 4733; x_wconf 87' lang='lat' dir='ltr'><strong><em>et</em></strong></span> <span class='ocrx_word' id='word_1_674' title='bbox 1160 4675 1414 4732; x_wconf 89' lang='lat' dir='ltr'><strong><em>fortiores</em></strong></span> <span class='ocrx_word' id='word_1_675' title='bbox 1474 4676 1897 4747; x_wconf 85' lang='lat' dir='ltr'><strong><em>disceptationes</em></strong></span> <span class='ocrx_word' id='word_1_676' title='bbox 2003 4677 2118 4732; x_wconf 77' lang='lat' dir='ltr'><strong><em>Etsi</em></strong></span> <span class='ocrx_word' id='word_1_677' title='bbox 2147 4678 2518 4734; x_wconf 82' lang='lat' dir='ltr'><strong><em>vindicaverat</em></strong></span> <span class='ocrx_word' id='word_1_678' title='bbox 2554 4676 2607 4732; x_wconf 92' lang='lat' dir='ltr'><strong><em>in</em></strong></span> <span class='ocrx_word' id='word_1_679' title='bbox 2640 4677 2920 4742; x_wconf 86' lang='lat' dir='ltr'><strong><em>hominum</em></strong></span> <span class='ocrx_word' id='word_1_680' title='bbox 2943 4687 3358 4750; x_wconf 83' lang='lat' dir='ltr'><strong><em>genus;tamen</em></strong></span> <span class='ocrx_word' id='word_1_681' title='bbox 3398 4691 3606 4748; x_wconf 82' lang='lat' dir='ltr'><strong><em>cogno-</em></strong></span> 
     </span>
    </p>
   </div>
   <div class='ocr_carea' id='block_1_88' title="bbox 268 4751 1897 4839">
    <p class='ocr_par' dir='ltr' id='par_1_88' title="bbox 268 4751 1897 4839">
     <span class='ocr_line' id='line_1_89' title="bbox 268 4751 1897 4839; baseline -0.006 -9"><span class='ocrx_word' id='word_1_682' title='bbox 268 4772 454 4830; x_wconf 81' lang='lat' dir='ltr'><strong><em>menti</em></strong></span> <span class='ocrx_word' id='word_1_683' title='bbox 508 4771 872 4836; x_wconf 70' lang='lat' dir='ltr'><strong><em>adltmreant,</em></strong></span> <span class='ocrx_word' id='word_1_684' title='bbox 906 4751 959 4824; x_wconf 72' lang='lat' dir='ltr'><strong><em>ei</em></strong></span> <span class='ocrx_word' id='word_1_685' title='bbox 1004 4784 1070 4825; x_wconf 89' lang='lat' dir='ltr'><strong><em>eo</em></strong></span> <span class='ocrx_word' id='word_1_686' title='bbox 1117 4783 1178 4825; x_wconf 87' lang='lat' dir='ltr'><strong><em>se</em></strong></span> <span class='ocrx_word' id='word_1_687' title='bbox 1218 4783 1374 4824; x_wconf 89' lang='lat' dir='ltr'><strong><em>meus</em></strong></span> <span class='ocrx_word' id='word_1_688' title='bbox 1413 4769 1564 4839; x_wconf 90' lang='lat' dir='ltr'><strong><em>quasi</em></strong></span> <span class='ocrx_word' id='word_1_689' title='bbox 1607 4766 1897 4839; x_wconf 81' lang='lat' dir='ltr'><strong><em>quamdam</em></strong></span> 
     </span>
    </p>
   </div>
   <div class='ocr_carea' id='block_1_89' title="bbox 276 4859 1902 4934">
    <p class='ocr_par' dir='ltr' id='par_1_89' title="bbox 276 4859 1902 4934">
     <span class='ocr_line' id='line_1_90' title="bbox 276 4859 1902 4934; baseline -0.006 -13"><span class='ocrx_word' id='word_1_690' title='bbox 276 4874 502 4922; x_wconf 88' lang='lat' dir='ltr'><strong><em>tueatur</em></strong></span> <span class='ocrx_word' id='word_1_691' title='bbox 527 4863 785 4919; x_wconf 89' lang='lat' dir='ltr'><strong><em>sobolem</em></strong></span> <span class='ocrx_word' id='word_1_692' title='bbox 821 4864 1080 4928; x_wconf 79' lang='lat' dir='ltr'><strong><em>ﬁliorum,</em></strong></span> <span class='ocrx_word' id='word_1_693' title='bbox 1112 4877 1223 4934; x_wconf 91' lang='lat' dir='ltr'><strong><em>quo</em></strong></span> <span class='ocrx_word' id='word_1_694' title='bbox 1255 4859 1670 4931; x_wconf 87' lang='lat' dir='ltr'><strong><em>tempestatibus</em></strong></span> <span class='ocrx_word' id='word_1_695' title='bbox 1700 4869 1756 4915; x_wconf 91' lang='lat' dir='ltr'><strong><em>et</em></strong></span> <span class='ocrx_word' id='word_1_696' title='bbox 1779 4875 1902 4931; x_wconf 85' lang='lat' dir='ltr'><strong><em>gra-</em></strong></span> 
     </span>
    </p>
   </div>
   <div class='ocr_carea' id='block_1_90' title="bbox 277 4952 1898 5030">
    <p class='ocr_par' dir='ltr' id='par_1_90' title="bbox 277 4952 1898 5030">
     <span class='ocr_line' id='line_1_91' title="bbox 277 4952 1898 5030; baseline -0.007 -13"><span class='ocrx_word' id='word_1_697' title='bbox 277 4961 535 5017; x_wconf 83' lang='lat' dir='ltr'><strong><em>vioribus</em></strong></span> <span class='ocrx_word' id='word_1_698' title='bbox 579 4957 929 5030; x_wconf 86' lang='lat' dir='ltr'><strong><em>passionibus</em></strong></span> <span class='ocrx_word' id='word_1_699' title='bbox 974 4957 1122 5012; x_wconf 89' lang='lat' dir='ltr'><strong><em>acies</em></strong></span> <span class='ocrx_word' id='word_1_700' title='bbox 1161 4954 1411 5025; x_wconf 71' lang='lat' dir='ltr'><strong><em>quazdam</em></strong></span> <span class='ocrx_word' id='word_1_701' title='bbox 1438 4952 1612 5007; x_wconf 90' lang='lat' dir='ltr'><strong><em>virilis</em></strong></span> <span class='ocrx_word' id='word_1_702' title='bbox 1640 4953 1898 5008; x_wconf 89' lang='lat' dir='ltr'><strong><em>occurrit.</em></strong></span> 
     </span>
    </p>
   </div>
   <div class='ocr_carea' id='block_1_91' title="bbox 281 5047 1907 5120">
    <p class='ocr_par' dir='ltr' id='par_1_91' title="bbox 281 5047 1907 5120">
     <span class='ocr_line' id='line_1_92' title="bbox 281 5047 1907 5120; baseline -0.007 -8"><span class='ocrx_word' id='word_1_703' title='bbox 281 5055 538 5117; x_wconf 78' lang='lat' dir='ltr'><strong><em>Decurso</em></strong></span> <span class='ocrx_word' id='word_1_704' title='bbox 571 5062 758 5108; x_wconf 87' lang='lat' dir='ltr'><strong><em>autem</em></strong></span> <span class='ocrx_word' id='word_1_705' title='bbox 789 5051 1054 5120; x_wconf 88' lang='lat' dir='ltr'><strong><em>periculo,</em></strong></span> <span class='ocrx_word' id='word_1_706' title='bbox 1085 5049 1221 5106; x_wconf 86' lang='lat' dir='ltr'><strong><em>nihil</em></strong></span> <span class='ocrx_word' id='word_1_707' title='bbox 1249 5049 1404 5105; x_wconf 90' lang='lat' dir='ltr'><strong><em>obest</em></strong></span> <span class='ocrx_word' id='word_1_708' title='bbox 1431 5047 1478 5103; x_wconf 84' lang='lat' dir='ltr'><strong><em>si</em></strong></span> <span class='ocrx_word' id='word_1_709' title='bbox 1503 5047 1785 5103; x_wconf 90' lang='lat' dir='ltr'><strong><em>molliores</em></strong></span> <span class='ocrx_word' id='word_1_710' title='bbox 1815 5062 1907 5101; x_wconf 84' lang='lat' dir='ltr'><strong><em>co-</em></strong></span> 
     </span>
    </p>
   </div>
   <div class='ocr_carea' id='block_1_92' title="bbox 278 5140 1907 5220">
    <p class='ocr_par' dir='ltr' id='par_1_92' title="bbox 278 5140 1907 5220">
     <span class='ocr_line' id='line_1_93' title="bbox 278 5140 1907 5220; baseline -0.007 -16"><span class='ocrx_word' id='word_1_711' title='bbox 278 5149 590 5220; x_wconf 84' lang='lat' dir='ltr'><strong><em>gitationes</em></strong></span> <span class='ocrx_word' id='word_1_712' title='bbox 609 5143 962 5199; x_wconf 86' lang='lat' dir='ltr'><strong><em>validioribus</em></strong></span> <span class='ocrx_word' id='word_1_713' title='bbox 987 5143 1340 5212; x_wconf 84' lang='lat' dir='ltr'><strong><em>copulentur;</em></strong></span> <span class='ocrx_word' id='word_1_714' title='bbox 1375 5157 1481 5195; x_wconf 90' lang='lat' dir='ltr'><strong><em>non</em></strong></span> <span class='ocrx_word' id='word_1_715' title='bbox 1507 5150 1562 5195; x_wconf 93' lang='lat' dir='ltr'><strong><em>ut</em></strong></span> <span class='ocrx_word' id='word_1_716' title='bbox 1587 5140 1907 5196; x_wconf 81' lang='lat' dir='ltr'><strong><em>elleminen-</em></strong></span> 
     </span>
    </p>
   </div>
   <div class='ocr_carea' id='block_1_93' title="bbox 280 5235 1911 5303">
    <p class='ocr_par' dir='ltr' id='par_1_93' title="bbox 280 5235 1911 5303">
     <span class='ocr_line' id='line_1_94' title="bbox 280 5235 1911 5303; baseline -0.004 -5"><span class='ocrx_word' id='word_1_717' title='bbox 280 5251 377 5298; x_wconf 89' lang='lat' dir='ltr'><strong><em>tur</em></strong></span> <span class='ocrx_word' id='word_1_718' title='bbox 407 5257 441 5296; x_wconf 92' lang='lat' dir='ltr'><strong><em>a</em></strong></span> <span class='ocrx_word' id='word_1_719' title='bbox 477 5237 832 5294; x_wconf 87' lang='lat' dir='ltr'><strong><em>mollioribus</em></strong></span> <span class='ocrx_word' id='word_1_720' title='bbox 869 5236 1153 5303; x_wconf 77' lang='lat' dir='ltr'><strong><em>fortiores,</em></strong></span> <span class='ocrx_word' id='word_1_721' title='bbox 1183 5236 1280 5292; x_wconf 92' lang='lat' dir='ltr'><strong><em>sed</em></strong></span> <span class='ocrx_word' id='word_1_722' title='bbox 1313 5246 1371 5293; x_wconf 93' lang='lat' dir='ltr'><strong><em>ut</em></strong></span> <span class='ocrx_word' id='word_1_723' title='bbox 1412 5235 1690 5293; x_wconf 88' lang='lat' dir='ltr'><strong><em>molliores</em></strong></span> <span class='ocrx_word' id='word_1_724' title='bbox 1717 5249 1911 5292; x_wconf 88' lang='lat' dir='ltr'><strong><em>sensus</em></strong></span> 
     </span>
    </p>
   </div>
   <div class='ocr_carea' id='block_1_94' title="bbox 282 5331 1908 5405">
    <p class='ocr_par' dir='ltr' id='par_1_94' title="bbox 282 5331 1908 5405">
     <span class='ocr_line' id='line_1_95' title="bbox 282 5331 1908 5405; baseline -0.007 -9"><span class='ocrx_word' id='word_1_725' title='bbox 282 5338 450 5396; x_wconf 77' lang='lat' dir='ltr'><strong><em>velut</em></strong></span> <span class='ocrx_word' id='word_1_726' title='bbox 499 5331 833 5405; x_wconf 86' lang='lat' dir='ltr'><strong><em>quibusdam</em></strong></span> <span class='ocrx_word' id='word_1_727' title='bbox 874 5331 1121 5394; x_wconf 83' lang='lat' dir='ltr'><strong><em>virilibus</em></strong></span> <span class='ocrx_word' id='word_1_728' title='bbox 1171 5331 1513 5398; x_wconf 89' lang='lat' dir='ltr'><strong><em>roborentur,</em></strong></span> <span class='ocrx_word' id='word_1_729' title='bbox 1558 5347 1685 5387; x_wconf 91' lang='lat' dir='ltr'><strong><em>cum</em></strong></span> <span class='ocrx_word' id='word_1_730' title='bbox 1726 5333 1908 5387; x_wconf 85' lang='lat' dir='ltr'><strong><em>omnia</em></strong></span> 
     </span>
    </p>
   </div>
   <div class='ocr_carea' id='block_1_95' title="bbox 364 5512 1916 5580">
    <p class='ocr_par' dir='ltr' id='par_1_95' title="bbox 364 5512 1916 5580">
     <span class='ocr_line' id='line_1_96' title="bbox 364 5512 1916 5580; baseline -0.01 -1"><span class='ocrx_word' id='word_1_731' title='bbox 364 5535 393 5563; x_wconf 64' lang='grc' dir='ltr'><strong>δ</strong></span> <span class='ocrx_word' id='word_1_732' title='bbox 423 5522 488 5580; x_wconf 87' lang='lat' dir='ltr'><strong><em>In</em></strong></span> <span class='ocrx_word' id='word_1_733' title='bbox 533 5515 794 5574; x_wconf 92' lang='lat' dir='ltr'><strong><em>omnibus</em></strong></span> <span class='ocrx_word' id='word_1_734' title='bbox 819 5514 954 5568; x_wconf 91' lang='lat' dir='ltr'><strong><em>edit.</em></strong></span> <span class='ocrx_word' id='word_1_735' title='bbox 986 5512 1325 5568; x_wconf 89' lang='lat' dir='ltr'><strong><em>desideratur</em></strong></span> <span class='ocrx_word' id='word_1_736' title='bbox 1372 5513 1618 5580; x_wconf 87' lang='lat' dir='ltr'><strong><em>verbum,</em></strong></span> <span class='ocrx_word' id='word_1_737' title='bbox 1651 5514 1916 5580; x_wconf 73' lang='lat' dir='ltr'><strong><em>successit,</em></strong></span> 
     </span>
    </p>
   </div>
   <div class='ocr_carea' id='block_1_96' title="bbox 285 5583 1920 5672">
    <p class='ocr_par' dir='ltr' id='par_1_96' title="bbox 285 5583 1920 5672">
     <span class='ocr_line' id='line_1_97' title="bbox 285 5583 1920 5672; baseline -0.007 -21"><span class='ocrx_word' id='word_1_738' title='bbox 285 5596 444 5672; x_wconf 84' lang='lat' dir='ltr'><strong><em>quod</em></strong></span> <span class='ocrx_word' id='word_1_739' title='bbox 493 5607 564 5662; x_wconf 81' lang='lat' dir='ltr'><strong><em>ex</em></strong></span> <span class='ocrx_word' id='word_1_740' title='bbox 615 5587 740 5645; x_wconf 92' lang='lat' dir='ltr'><strong><em>cod.</em></strong></span> <span class='ocrx_word' id='word_1_741' title='bbox 789 5585 981 5652; x_wconf 88' lang='lat' dir='ltr'><strong><em>Corb.,</em></strong></span> <span class='ocrx_word' id='word_1_742' title='bbox 1023 5583 1219 5656; x_wconf 84' lang='lat' dir='ltr'><strong><em>Long.,</em></strong></span> <span class='ocrx_word' id='word_1_743' title='bbox 1252 5585 1405 5642; x_wconf 86' lang='lat' dir='ltr'><strong><em>Colb.</em></strong></span> <span class='ocrx_word' id='word_1_744' title='bbox 1437 5595 1491 5642; x_wconf 90' lang='lat' dir='ltr'><strong><em>et</em></strong></span> <span class='ocrx_word' id='word_1_745' title='bbox 1517 5587 1650 5642; x_wconf 79' lang='lat' dir='ltr'><strong><em>Maz.</em></strong></span> <span class='ocrx_word' id='word_1_746' title='bbox 1684 5584 1920 5647; x_wconf 87' lang='lat' dir='ltr'><strong><em>restitui-</em></strong></span> 
     </span>
    </p>
   </div>
   <div class='ocr_carea' id='block_1_97' title="bbox 288 5683 1919 5801">
    <p class='ocr_par' dir='ltr' id='par_1_97' title="bbox 288 5683 1919 5801">
     <span class='ocr_line' id='line_1_98' title="bbox 288 5683 1919 5801; baseline -0.008 -6"><span class='ocrx_word' id='word_1_747' title='bbox 288 5683 604 5795; x_wconf 47' lang='lat' dir='ltr'><strong><em>mlbsilom.</em></strong></span> <span class='ocrx_word' id='word_1_748' title='bbox 633 5732 766 5790; x_wconf 86' lang='lat' dir='ltr'><strong><em>edit.</em></strong></span> <span class='ocrx_word' id='word_1_749' title='bbox 801 5729 936 5793; x_wconf 89' lang='lat' dir='ltr'><strong><em>sola,</em></strong></span> <span class='ocrx_word' id='word_1_750' title='bbox 982 5744 1045 5783; x_wconf 82' lang='lat' dir='ltr'><strong><em>ea:</em></strong></span> <span class='ocrx_word' id='word_1_751' title='bbox 1093 5727 1432 5783; x_wconf 81' lang='lat' dir='ltr'><strong><em>adolescentia</em></strong></span> <span class='ocrx_word' id='word_1_752' title='bbox 1481 5747 1594 5785; x_wconf 82' lang='lat' dir='ltr'><strong><em>sua.</em></strong></span> <span class='ocrx_word' id='word_1_753' title='bbox 1634 5727 1754 5784; x_wconf 86' lang='lat' dir='ltr'><strong><em>Non</em></strong></span> <span class='ocrx_word' id='word_1_754' title='bbox 1801 5744 1919 5801; x_wconf 79' lang='lat' dir='ltr'><strong><em>ergo</em></strong></span> 
     </span>
    </p>
   </div>
   <div class='ocr_carea' id='block_1_98' title="bbox 295 5799 1922 5886">
    <p class='ocr_par' dir='ltr' id='par_1_98' title="bbox 295 5799 1922 5886">
     <span class='ocr_line' id='line_1_99' title="bbox 295 5799 1922 5886; baseline -0.01 -16"><span class='ocrx_word' id='word_1_755' title='bbox 295 5813 563 5886; x_wconf 78' lang='lat' dir='ltr'><strong><em>adjiciunt</em></strong></span> <span class='ocrx_word' id='word_1_756' title='bbox 589 5814 855 5884; x_wconf 82' lang='lat' dir='ltr'><strong><em>percutere</em></strong></span> <span class='ocrx_word' id='word_1_757' title='bbox 881 5816 1081 5857; x_wconf 86' lang='lat' dir='ltr'><strong><em>omnem</em></strong></span> <span class='ocrx_word' id='word_1_758' title='bbox 1110 5816 1334 5869; x_wconf 80' lang='lat' dir='ltr'><strong><em>carnem,</em></strong></span> <span class='ocrx_word' id='word_1_759' title='bbox 1368 5803 1498 5858; x_wconf 87' lang='lat' dir='ltr'><strong><em>sicut</em></strong></span> <span class='ocrx_word' id='word_1_760' title='bbox 1542 5801 1661 5876; x_wconf 78' lang='lat' dir='ltr'><strong><em>feci,</em></strong></span> <span class='ocrx_word' id='word_1_761' title='bbox 1690 5799 1922 5862; x_wconf 80' lang='lat' dir='ltr'><strong><em>omnibus</em></strong></span> 
     </span>
    </p>
   </div>
   <div class='ocr_carea' id='block_1_99' title="bbox 2004 4770 3614 4845">
    <p class='ocr_par' dir='ltr' id='par_1_99' title="bbox 2004 4770 3614 4845">
     <span class='ocr_line' id='line_1_100' title="bbox 2004 4770 3614 4845; baseline 0.004 -19"><span class='ocrx_word' id='word_1_762' title='bbox 2004 4780 2160 4830; x_wconf 89' lang='lat' dir='ltr'><strong><em>verat</em></strong></span> <span class='ocrx_word' id='word_1_763' title='bbox 2180 4773 2304 4842; x_wconf 89' lang='lat' dir='ltr'><strong><em>quia</em></strong></span> <span class='ocrx_word' id='word_1_764' title='bbox 2337 4770 2578 4828; x_wconf 86' lang='lat' dir='ltr'><strong><em>vindicta</em></strong></span> <span class='ocrx_word' id='word_1_765' title='bbox 2603 4771 2740 4842; x_wconf 82' lang='lat' dir='ltr'><strong><em>legis</em></strong></span> <span class='ocrx_word' id='word_1_766' title='bbox 2763 4772 2830 4828; x_wconf 90' lang='lat' dir='ltr'><strong><em>ad</em></strong></span> <span class='ocrx_word' id='word_1_767' title='bbox 2864 4775 3116 4834; x_wconf 85' lang='lat' dir='ltr'><strong><em>timorem</em></strong></span> <span class='ocrx_word' id='word_1_768' title='bbox 3148 4774 3392 4845; x_wconf 84' lang='lat' dir='ltr'><strong><em>proﬁcit,</em></strong></span> <span class='ocrx_word' id='word_1_769' title='bbox 3423 4783 3476 4832; x_wconf 87' lang='lat' dir='ltr'><strong><em>et</em></strong></span> <span class='ocrx_word' id='word_1_770' title='bbox 3515 4788 3614 4832; x_wconf 68' lang='grc' dir='ltr'><strong><em>ως</em></strong></span> 
     </span>
    </p>
   </div>
   <div class='ocr_carea' id='block_1_100' title="bbox 2006 4866 3609 4940">
    <p class='ocr_par' dir='ltr' id='par_1_100' title="bbox 2006 4866 3609 4940">
     <span class='ocr_line' id='line_1_101' title="bbox 2006 4866 3609 4940; baseline 0.004 -18"><span class='ocrx_word' id='word_1_771' title='bbox 2006 4866 2599 4940; x_wconf 64' lang='grc' dir='ltr'><strong><em>εοὶιίοιιθῃιᾱοειτὶηω,</em></strong></span> <span class='ocrx_word' id='word_1_772' title='bbox 2627 4867 2802 4938; x_wconf 86' lang='lat' dir='ltr'><strong><em>magis</em></strong></span> <span class='ocrx_word' id='word_1_773' title='bbox 2831 4883 2992 4938; x_wconf 88' lang='lat' dir='ltr'><strong><em>quam</em></strong></span> <span class='ocrx_word' id='word_1_774' title='bbox 3020 4867 3090 4936; x_wconf 82' lang='lat' dir='ltr'><strong><em>ad</em></strong></span> <span class='ocrx_word' id='word_1_775' title='bbox 3120 4878 3325 4926; x_wconf 71' lang='lat' dir='ltr'><strong><em>natura:</em></strong></span> <span class='ocrx_word' id='word_1_776' title='bbox 3357 4883 3609 4928; x_wconf 87' lang='lat' dir='ltr'><strong><em>commu-</em></strong></span> 
     </span>
    </p>
   </div>
   <div class='ocr_carea' id='block_1_101' title="bbox 2007 4958 3610 5032">
    <p class='ocr_par' dir='ltr' id='par_1_101' title="bbox 2007 4958 3610 5032">
     <span class='ocr_line' id='line_1_102' title="bbox 2007 4958 3610 5032; baseline 0.001 -20"><span class='ocrx_word' id='word_1_777' title='bbox 2007 4958 2290 5021; x_wconf 84' lang='lat' dir='ltr'><strong><em>tationem,</em></strong></span> <span class='ocrx_word' id='word_1_778' title='bbox 2339 4974 2460 5029; x_wconf 62' lang='lat' dir='ltr'><strong><em>quas</em></strong></span> <span class='ocrx_word' id='word_1_779' title='bbox 2489 4959 2690 5029; x_wconf 89' lang='lat' dir='ltr'><strong><em>corrigi</em></strong></span> <span class='ocrx_word' id='word_1_780' title='bbox 2722 4960 2774 5014; x_wconf 92' lang='lat' dir='ltr'><strong><em>in</em></strong></span> <span class='ocrx_word' id='word_1_781' title='bbox 2806 4960 3083 5032; x_wconf 88' lang='lat' dir='ltr'><strong><em>aliquibus</em></strong></span> <span class='ocrx_word' id='word_1_782' title='bbox 3112 4970 3314 5032; x_wconf 89' lang='lat' dir='ltr'><strong><em>potest,</em></strong></span> <span class='ocrx_word' id='word_1_783' title='bbox 3348 4962 3400 5014; x_wconf 93' lang='lat' dir='ltr'><strong><em>in</em></strong></span> <span class='ocrx_word' id='word_1_784' title='bbox 3431 4959 3610 5016; x_wconf 87' lang='lat' dir='ltr'><strong><em>omni-</em></strong></span> 
     </span>
    </p>
   </div>
   <div class='ocr_carea' id='block_1_102' title="bbox 2009 5051 3612 5125">
    <p class='ocr_par' dir='ltr' id='par_1_102' title="bbox 2009 5051 3612 5125">
     <span class='ocr_line' id='line_1_103' title="bbox 2009 5051 3612 5125; baseline 0.002 -19"><span class='ocrx_word' id='word_1_785' title='bbox 2009 5051 2110 5107; x_wconf 91' lang='lat' dir='ltr'><strong><em>bus</em></strong></span> <span class='ocrx_word' id='word_1_786' title='bbox 2137 5052 2332 5106; x_wconf 86' lang='lat' dir='ltr'><strong><em>mutari</em></strong></span> <span class='ocrx_word' id='word_1_787' title='bbox 2362 5067 2468 5107; x_wconf 91' lang='lat' dir='ltr'><strong><em>non</em></strong></span> <span class='ocrx_word' id='word_1_788' title='bbox 2499 5061 2698 5123; x_wconf 87' lang='lat' dir='ltr'><strong><em>potest.</em></strong></span> <span class='ocrx_word' id='word_1_789' title='bbox 2724 5053 3039 5111; x_wconf 76' lang='lat' dir='ltr'><strong><em>Vindicavit</em></strong></span> <span class='ocrx_word' id='word_1_790' title='bbox 3085 5069 3216 5125; x_wconf 86' lang='lat' dir='ltr'><strong><em>ergo</em></strong></span> <span class='ocrx_word' id='word_1_791' title='bbox 3247 5054 3526 5121; x_wconf 87' lang='lat' dir='ltr'><strong><em>Dominus,</em></strong></span> <span class='ocrx_word' id='word_1_792' title='bbox 3551 5063 3612 5110; x_wconf 90' lang='lat' dir='ltr'><strong><em>ut</em></strong></span> 
     </span>
    </p>
   </div>
   <div class='ocr_carea' id='block_1_103' title="bbox 2010 5146 3607 5218">
    <p class='ocr_par' dir='ltr' id='par_1_103' title="bbox 2010 5146 3607 5218">
     <span class='ocr_line' id='line_1_104' title="bbox 2010 5146 3607 5218; baseline 0.002 -18"><span class='ocrx_word' id='word_1_793' title='bbox 2010 5146 2362 5202; x_wconf 87' lang='lat' dir='ltr'><strong><em>timeremus:</em></strong></span> <span class='ocrx_word' id='word_1_794' title='bbox 2390 5151 2658 5218; x_wconf 88' lang='lat' dir='ltr'><strong><em>pepercit,</em></strong></span> <span class='ocrx_word' id='word_1_795' title='bbox 2687 5157 2744 5202; x_wconf 92' lang='lat' dir='ltr'><strong><em>ut</em></strong></span> <span class='ocrx_word' id='word_1_796' title='bbox 2772 5163 3218 5208; x_wconf 42' lang='lat' dir='ltr'><strong><em>reservareinurr</em></strong></span> <span class='ocrx_word' id='word_1_797' title='bbox 3245 5148 3308 5203; x_wconf 85' lang='lat' dir='ltr'><strong><em>Et</em></strong></span> <span class='ocrx_word' id='word_1_798' title='bbox 3361 5147 3607 5203; x_wconf 87' lang='lat' dir='ltr'><strong><em>vindica-</em></strong></span> 
     </span>
    </p>
   </div>
   <div class='ocr_carea' id='block_1_104' title="bbox 2009 5237 3616 5313">
    <p class='ocr_par' dir='ltr' id='par_1_104' title="bbox 2009 5237 3616 5313">
     <span class='ocr_line' id='line_1_105' title="bbox 2009 5237 3616 5313; baseline 0.001 -18"><span class='ocrx_word' id='word_1_799' title='bbox 2009 5240 2090 5310; x_wconf 84' lang='lat' dir='ltr'><strong><em>vit</em></strong></span> <span class='ocrx_word' id='word_1_800' title='bbox 2134 5239 2305 5296; x_wconf 90' lang='lat' dir='ltr'><strong><em>semel</em></strong></span> <span class='ocrx_word' id='word_1_801' title='bbox 2358 5237 2425 5294; x_wconf 87' lang='lat' dir='ltr'><strong><em>ad</em></strong></span> <span class='ocrx_word' id='word_1_802' title='bbox 2457 5241 2774 5312; x_wconf 85' lang='lat' dir='ltr'><strong><em>exemplum</em></strong></span> <span class='ocrx_word' id='word_1_803' title='bbox 2821 5241 3060 5308; x_wconf 90' lang='lat' dir='ltr'><strong><em>timoris,</em></strong></span> <span class='ocrx_word' id='word_1_804' title='bbox 3103 5239 3348 5313; x_wconf 83' lang='lat' dir='ltr'><strong><em>pepercit</em></strong></span> <span class='ocrx_word' id='word_1_805' title='bbox 3398 5239 3451 5294; x_wconf 89' lang='lat' dir='ltr'><strong><em>in</em></strong></span> <span class='ocrx_word' id='word_1_806' title='bbox 3485 5240 3616 5300; x_wconf 80' lang='lat' dir='ltr'><strong><em>reli-</em></strong></span> 
     </span>
    </p>
   </div>
   <div class='ocr_carea' id='block_1_105' title="bbox 2013 5333 3612 5409">
    <p class='ocr_par' dir='ltr' id='par_1_105' title="bbox 2013 5333 3612 5409">
     <span class='ocr_line' id='line_1_106' title="bbox 2013 5333 3612 5409; baseline -0.001 -18"><span class='ocrx_word' id='word_1_807' title='bbox 2013 5351 2203 5409; x_wconf 64' lang='lat' dir='ltr'><strong><em>quam,</em></strong></span> <span class='ocrx_word' id='word_1_808' title='bbox 2245 5349 2322 5400; x_wconf 26' lang='lat' dir='ltr'><strong><em>ine</em></strong></span> <span class='ocrx_word' id='word_1_809' title='bbox 2355 5334 2731 5394; x_wconf 84' lang='lat' dir='ltr'><strong><em>dominaretur</em></strong></span> <span class='ocrx_word' id='word_1_810' title='bbox 2759 5349 2978 5407; x_wconf 86' lang='lat' dir='ltr'><strong><em>semper</em></strong></span> <span class='ocrx_word' id='word_1_811' title='bbox 3025 5333 3334 5391; x_wconf 88' lang='lat' dir='ltr'><strong><em>amaritudo</em></strong></span> <span class='ocrx_word' id='word_1_812' title='bbox 3361 5335 3612 5405; x_wconf 86' lang='lat' dir='ltr'><strong><em>peccati;</em></strong></span> 
     </span>
    </p>
   </div>
   <div class='ocr_carea' id='block_1_106' title="bbox 2025 5509 3620 5582">
    <p class='ocr_par' dir='ltr' id='par_1_106' title="bbox 2025 5509 3620 5582">
     <span class='ocr_line' id='line_1_107' title="bbox 2025 5509 3620 5582; baseline 0.003 -17"><span class='ocrx_word' id='word_1_813' title='bbox 2025 5513 2205 5568; x_wconf 69' lang='lat' dir='ltr'><strong><em>diebus</em></strong></span> <span class='ocrx_word' id='word_1_814' title='bbox 2228 5523 2399 5569; x_wconf 79' lang='lat' dir='ltr'><strong><em>term.</em></strong></span> <span class='ocrx_word' id='word_1_815' title='bbox 2433 5512 2567 5570; x_wconf 88' lang='lat' dir='ltr'><strong><em>Cum</em></strong></span> <span class='ocrx_word' id='word_1_816' title='bbox 2599 5527 2731 5568; x_wconf 90' lang='lat' dir='ltr'><strong><em>mss.</em></strong></span> <span class='ocrx_word' id='word_1_817' title='bbox 2780 5509 3055 5582; x_wconf 84' lang='lat' dir='ltr'><strong><em>consentit</em></strong></span> <span class='ocrx_word' id='word_1_818' title='bbox 3098 5509 3342 5566; x_wconf 86' lang='lat' dir='ltr'><strong><em>Nobilius</em></strong></span> <span class='ocrx_word' id='word_1_819' title='bbox 3387 5512 3442 5567; x_wconf 90' lang='lat' dir='ltr'><strong><em>in</em></strong></span> <span class='ocrx_word' id='word_1_820' title='bbox 3473 5510 3620 5582; x_wconf 79' lang='lat' dir='ltr'><strong><em>hunc</em></strong></span> 
     </span>
    </p>
   </div>
   <div class='ocr_carea' id='block_1_107' title="bbox 2024 5581 3617 5657">
    <p class='ocr_par' dir='ltr' id='par_1_107' title="bbox 2024 5581 3617 5657">
     <span class='ocr_line' id='line_1_108' title="bbox 2024 5581 3617 5657; baseline 0.001 -17"><span class='ocrx_word' id='word_1_821' title='bbox 2024 5585 2226 5650; x_wconf 89' lang='lat' dir='ltr'><strong><em>locum,</em></strong></span> <span class='ocrx_word' id='word_1_822' title='bbox 2247 5585 2356 5642; x_wconf 85' lang='lat' dir='ltr'><strong><em>nisi</em></strong></span> <span class='ocrx_word' id='word_1_823' title='bbox 2379 5587 2523 5657; x_wconf 84' lang='lat' dir='ltr'><strong><em>quod</em></strong></span> <span class='ocrx_word' id='word_1_824' title='bbox 2553 5584 2716 5657; x_wconf 84' lang='lat' dir='ltr'><strong><em>paulo</em></strong></span> <span class='ocrx_word' id='word_1_825' title='bbox 2741 5585 2993 5657; x_wconf 68' lang='lat' dir='ltr'><strong><em>superius</em></strong></span> <span class='ocrx_word' id='word_1_826' title='bbox 3015 5581 3508 5657; x_wconf 78' lang='lat' dir='ltr'><strong><em>interpunctionem</em></strong></span> <span class='ocrx_word' id='word_1_827' title='bbox 3536 5581 3617 5641; x_wconf 83' lang='lat' dir='ltr'><strong><em>sic</em></strong></span> 
     </span>
    </p>
   </div>
   <div class='ocr_carea' id='block_1_108' title="bbox 2025 5653 3624 5728">
    <p class='ocr_par' dir='ltr' id='par_1_108' title="bbox 2025 5653 3624 5728">
     <span class='ocr_line' id='line_1_109' title="bbox 2025 5653 3624 5728; baseline 0.004 -20"><span class='ocrx_word' id='word_1_828' title='bbox 2025 5672 2091 5726; x_wconf 84' lang='lat' dir='ltr'><strong><em>po</em></strong></span> <span class='ocrx_word' id='word_1_829' title='bbox 2101 5666 2175 5712; x_wconf 90' lang='lat' dir='ltr'><strong><em>tat</em></strong></span> <span class='ocrx_word' id='word_1_830' title='bbox 2189 5671 2314 5713; x_wconf 84' lang='lat' dir='ltr'><strong><em>esse</em></strong></span> <span class='ocrx_word' id='word_1_831' title='bbox 2339 5653 2729 5728; x_wconf 75' lang='lat' dir='ltr'><strong><em>restituendam</em></strong></span> <span class='ocrx_word' id='word_1_832' title='bbox 2750 5673 2764 5708; x_wconf 90' lang='lat'><strong><em>:</em></strong></span> <span class='ocrx_word' id='word_1_833' title='bbox 2787 5654 2858 5728; x_wconf 67' lang='lat' dir='ltr'><strong><em>Et</em></strong></span> <span class='ocrx_word' id='word_1_834' title='bbox 2876 5655 3014 5728; x_wconf 54' lang='lat' dir='ltr'><strong><em>dicit</em></strong></span> <span class='ocrx_word' id='word_1_835' title='bbox 3027 5653 3275 5728; x_wconf 82' lang='lat' dir='ltr'><strong><em>Dominus</em></strong></span> <span class='ocrx_word' id='word_1_836' title='bbox 3288 5658 3582 5728; x_wconf 78' lang='lat' dir='ltr'><strong><em>recogitans</em></strong></span> <span class='ocrx_word' id='word_1_837' title='bbox 3604 5671 3624 5714; x_wconf 85' lang='lat'><strong><em>:-</em></strong></span> 
     </span>
    </p>
   </div>
   <div class='ocr_carea' id='block_1_109' title="bbox 2023 5725 3616 5856">
    <p class='ocr_par' dir='ltr' id='par_1_109' title="bbox 2023 5725 3616 5856">
     <span class='ocr_line' id='line_1_110' title="bbox 2023 5725 3616 5856; baseline -0.001 -71"><span class='ocrx_word' id='word_1_838' title='bbox 2023 5729 2150 5856; x_wconf 57' lang='lat' dir='ltr'><strong><em>glou</em></strong></span> <span class='ocrx_word' id='word_1_839' title='bbox 2202 5728 2469 5854; x_wconf 42' lang='lat' dir='ltr'><strong><em>adjiciism,</em></strong></span> <span class='ocrx_word' id='word_1_840' title='bbox 2519 5738 2622 5782; x_wconf 86' lang='lat' dir='ltr'><strong><em>etc.</em></strong></span> <span class='ocrx_word' id='word_1_841' title='bbox 2685 5725 2840 5794; x_wconf 80' lang='lat' dir='ltr'><strong><em>Quod</em></strong></span> <span class='ocrx_word' id='word_1_842' title='bbox 2874 5726 3103 5793; x_wconf 66' lang='lat' dir='ltr'><strong><em>llobra‘o</em></strong></span> <span class='ocrx_word' id='word_1_843' title='bbox 3140 5726 3335 5788; x_wconf 80' lang='lat' dir='ltr'><strong><em>melius</em></strong></span> <span class='ocrx_word' id='word_1_844' title='bbox 3387 5725 3616 5800; x_wconf 60' lang='lat' dir='ltr'><strong><em>respon-</em></strong></span> 
     </span>
     <span class='ocr_line' id='line_1_111' title="bbox 2062 5816 2392 5856; baseline -0.018 0"><span class='ocrx_word' id='word_1_845' title='bbox 2062 5816 2329 5856; x_wconf 80' lang='lat' dir='ltr'><strong><em>ereasscr</em></strong></span> <span class='ocrx_word' id='word_1_846' title='bbox 2382 5839 2392 5850; x_wconf 90' lang='lat'><strong><em>.</em></strong></span> 
     </span>
    </p>
   </div>
   <div class='ocr_carea' id='block_1_110' title="bbox 2062 5807 2392 5864">
    <p class='ocr_par' dir='ltr' id='par_1_110' title="bbox 2062 5807 2392 5864">
     <span class='ocr_line' id='line_1_112' title="bbox 2062 5807 2392 5864; baseline -0.024 -6"><span class='ocrx_word' id='word_1_847' title='bbox 2062 5817 2152 5862; x_wconf 84' lang='lat' dir='ltr'><strong><em>ere</em></strong></span> <span class='ocrx_word' id='word_1_848' title='bbox 2181 5807 2392 5864; x_wconf 80' lang='lat' dir='ltr'><strong><em>asserit.</em></strong></span> 
     </span>
    </p>
   </div>
  </div>
