4082 6370
558 317 666 377 399
1910 308 2155 367 SANCTI
2194 307 2520 365 AMBROSII
3768 305 3872 364 400

560 436 724 492 simul
754 435 874 505 quia
905 435 948 489 si
979 434 1098 504 quis
1146 441 1362 503 peccata
1407 431 1591 502 cupiat
1621 432 1818 500 swpius
1847 429 2142 498 vindicare,
2174 430 2221 490 A
2251 440 2573 502 rumpuntur
2607 439 2872 500 tempora,
2925 438 3348 502 corrumpuntur
3388 429 3558 486 etiam
3609 426 3727 493 iIIaT
3747 443 3868 499 qua:

559 543 722 600 asper
753 528 919 598 magis
948 541 1107 598 quam
1153 525 1434 582 censorius
1474 524 1722 580 habetur.
1754 524 1989 596 Ideoque
2019 525 2154 580 dicit
2259 524 2598 594 temporibus
2623 522 2734 579 suis
2750 539 2972 594 qumque
2989 524 3296 594 gignuntur.
3325 524 3380 579 Si
3414 531 3596 578 autem
3617 520 3869 578 confusio

561 621 861 678 Dominus:
891 619 1015 674 Non
1035 619 1282 692 adjiciam
1326 620 1465 674 ultra
1496 618 1803 675 maledicere
1829 628 2001 683 terra,
2033 635 2152 690 pro-

558 723 672 786 pter
717 729 874 786 opera
919 713 1214 780 hominum,
1261 711 1315 768 id
1367 721 1473 781 est,
1523 712 1650 784 quia
1693 711 1951 783 pietatem
1996 727 2150 768 suam

554 809 697 866 circa
751 808 1158 865 universitatem
1208 807 1489 864 hominum
1543 807 1716 864 voluit
1763 807 2065 873 declarare,
2097 817 2154 865 et

551 913 733 960 tamen
761 903 1108 960 securitatem
1153 911 1209 960 et
1237 901 1625 974 negligentiam
1680 901 1968 973 quamdam
2000 916 2152 956 men-

551 995 694 1052 tibus
725 995 974 1053 humanis
1009 995 1207 1053 al'ferre
1251 1011 1361 1051 non
1388 994 1598 1062 debuit,
1623 996 1678 1050 in
1729 1009 1930 1066 paucos
1978 994 2151 1051 vindi-

551 1097 658 1155 cat,
696 1089 874 1160 plures
903 1098 1172 1146 reservat.
1196 1089 1398 1146 Deinde
1427 1105 1550 1145 eum
1595 1089 1759 1145 dicit:
1792 1088 1915 1144 Non
1949 1100 1974 1126 α
2006 1089 2149 1162 adji-

549 1185 718 1254 ciam,
765 1185 1006 1242 ostendit
1055 1185 1203 1256 quod
1248 1185 1449 1242 allevet
1479 1185 1650 1256 magis
1679 1199 1947 1240 aerumnas
1975 1184 2150 1240 homi-

548 1293 684 1334 num
707 1294 872 1349 quam
925 1279 1191 1350 ingravet,
1234 1279 1418 1334 sciens
1457 1278 1604 1350 quod
1663 1280 1880 1349 penitus
1923 1289 2149 1351 peccata

548 1369 832 1426 hominum
858 1371 1060 1427 auferri
1093 1388 1200 1426 non
1229 1381 1450 1443 queant.
1483 1372 1778 1443 Tamquam
1820 1371 1874 1426 in
1921 1388 2147 1442 proverc

550 1464 641 1521 hio
677 1483 689 1518 :
721 1463 783 1521 Si
810 1464 930 1535 quis
961 1465 1062 1520 reti
1105 1465 1293 1521 subtili
1335 1465 1556 1520 haurire
1596 1466 1774 1534 cupiat
1823 1481 2038 1535 aquam,
2072 1465 2152 1521 sic

545 1557 637 1629 qui
655 1557 912 1612 malitiam
937 1573 1000 1614 ex
1026 1557 1335 1628 pectoribus
1356 1558 1632 1614 hominum
1658 1567 1884 1613 conatur
1908 1557 2142 1613 auferre.

617 1651 708 1708 8I.
744 1649 771 1689 δ
797 1650 920 1706 Νοη
961 1652 1224 1723 adjiciam,
1259 1652 1452 1722 inquit,
1484 1651 1791 1707 maledicere
1844 1661 1996 1705 terra:
2025 1668 2147 1722 pro-

543 1753 657 1818 pter
706 1755 914 1815 peccata
945 1745 1237 1810 hominum;
1265 1746 1387 1816 quia
1421 1756 1686 1817 permanet
1712 1761 1892 1800 sensus
1922 1745 2146 1798 hominis

2257 619 2328 672 sit
2360 629 2707 689 temporum,
2761 617 3039 689 quomodo
3083 627 3310 688 possunt
3356 616 3686 672 confusione
3729 616 3866 671 facta

2257 712 2419 768 etiam
2451 728 2513 768 ea
2541 728 2662 784 qua:
2688 721 2814 768 sunt
2841 712 3118 783 gignentia
3154 713 3527 783 permanere?
3557 711 3704 782 Ergo
3730 718 3865 765 tem-

2257 820 2387 875 pora
2419 814 2545 860 sunt
2565 822 2687 877 quae
2711 815 2802 861 aut
2832 815 3193 876 corrumpunt
3221 813 3317 860 aut
3347 814 3658 872 reservant,
3711 811 3866 873 prout

2257 897 2374 968 ipsa
2422 898 2504 953 sui
2553 897 2849 955 habuerint
2901 897 3248 970 qualitatem.
3296 897 3531 969 Ideoque
3575 911 3753 951 annus
3794 911 3858 951 ex

2253 990 2544 1047 contrariis
2572 991 2811 1059 ducitur,
2845 1006 2972 1046 vere
2997 1032 3012 1057 ,
3052 999 3314 1046 autumno
3334 1033 3349 1055 ,
3377 998 3566 1046 (estate
3587 1033 3601 1055 ,
3644 988 3860 1061 hyeme,

2253 1084 2391 1139 sicut
2421 1085 2702 1140 harmonia
2717 1084 3003 1140 cantilena:
3021 1085 3305 1156 permixtis
3319 1085 3575 1155 gravibus
3607 1093 3659 1138 et
3694 1083 3860 1137 acutis

2255 1176 2470 1233 videtur
2500 1178 2826 1233 consistere.
2861 1176 2954 1232 Sic
2985 1192 3116 1248 ergo
3154 1188 3209 1233 et
3237 1177 3472 1232 mundus
3498 1176 3603 1232 iste
3635 1192 3700 1230 ex
3735 1192 3860 1231 con-

2255 1270 2434 1323 trariis
2456 1271 2788 1331 continetur.
2821 1285 2950 1325 aere
2981 1278 3035 1323 et
3063 1279 3228 1337 terra,
3255 1269 3362 1340 igni
3388 1279 3442 1324 et
3473 1284 3636 1340 aqua.
3667 1269 3857 1323 Nostra

2251 1377 2468 1432 quoque
2489 1377 2716 1432 corpora
2744 1363 2942 1434 frigore
2962 1371 3015 1416 et
3042 1362 3244 1426 calore,
3269 1364 3497 1417 humore
3520 1372 3574 1416 et
3593 1362 3856 1426 siccitate.

2251 1456 2540 1526 quemdam
2571 1471 2775 1512 naturzc
2802 1457 3050 1512 ordinem
3081 1468 3321 1514 servant.
3363 1457 3496 1512 Nam
3522 1459 3565 1512 si
3601 1458 3856 1512 naturalis

2252 1550 2388 1606 ordo
2417 1565 2483 1605 ac
2506 1567 2760 1607 mensura
2793 1551 3168 1616 confunditur,
3204 1562 3329 1607 tunc
3378 1566 3603 1606 necesse
3645 1561 3730 1605 est
3773 1565 3858 1606 se-

2251 1655 2446 1716 quatur
2476 1646 2750 1702 interitus.
2805 1647 2947 1715 Ergo
2995 1654 3206 1701 certum
3251 1644 3498 1701 Ordinem
3553 1655 3853 1716 temporum

2252 1741 2532 1806 Dominus,
2570 1752 2780 1798 remota
2812 1741 3134 1796 confusione
3161 1742 3367 1809 diluvii,
3400 1741 3468 1797 ad
3498 1755 3857 1812 perseveran-

545 1835 822 1908 diligenter
848 1853 1004 1908 super
1033 1837 1172 1891 mala
1191 1840 1524 1910 ajuventute.
1561 1837 1697 1894 Vide
1731 1836 2003 1908 quomodo
2032 1847 2147 1891 stu-
2178 1833 2224 1893 B
2253 1835 2380 1889 tiam
2413 1835 2597 1889 mundi
2625 1835 2895 1905 promittit
2924 1835 3186 1890 futurum.

541 1919 852 1988 diose"'nos
899 1931 1220 2004 delinquere
1249 1933 1388 1989 Deus
1418 1931 1708 2006 significet,
1759 1932 1992 1989 dicendo
2023 1948 2147 2004 per-

541 2040 768 2084 manere
798 2041 961 2098 super
989 2026 1132 2082 mala
1155 2042 1374 2084 sensum
1415 2027 1651 2082 hominis
1681 2025 2005 2098 diligenter:
2037 2040 2144 2097 quo

543 2116 691 2175 dicto
718 2118 1025 2190 significare
1055 2119 1268 2176 videtur
1314 2119 1604 2191 diligenter
1650 2133 1748 2174 cor
1793 2117 2032 2173 hominis
2075 2116 2142 2172 ad

541 2220 764 2284 peccata
805 2211 1170 2283 propendere,
1216 2224 1270 2268 et
1317 2213 1499 2269 inesse
1529 2210 1816 2282 principali
1849 2221 2034 2266 nostro
2064 2208 2144 2264 lu-

540 2305 752 2362 bricum
780 2305 1154 2377 delinquendi,
1187 2314 1242 2362 et
1266 2307 1410 2376 quod
1440 2304 1592 2375 pejus
1619 2315 1726 2372 est,
1769 2303 2004 2359 studium
2037 2317 2142 2356 non

537 2401 753 2459 deesse.
795 2402 924 2457 Ideo
955 2401 1102 2457 enim
1156 2400 1253 2466 ait,
1298 2400 1594 2472 diligenter,
1627 2399 1783 2470 quasi
1822 2398 2038 2454 Solliciti
2069 2397 2144 2451 si-

539 2511 684 2562 nms,
741 2509 812 2550 ne
863 2493 1178 2548 immunitas
1233 2492 1406 2562 culpa;
1439 2493 1596 2548 nobis
1628 2491 1798 2560 possit
1851 2491 2138 2560 obrepere.

491 2609 494 2614 '
542 2587 752 2644 Deinde
783 2602 890 2641 non
931 2587 986 2641 in
1033 2600 1198 2641 unum
1231 2585 1433 2640 malum
1469 2585 1627 2650 dixit,
1657 2582 1752 2639 sed
1804 2599 1957 2656 super
1983 2582 2140 2636 mala.

539 2677 630 2746 Et,
663 2695 696 2732 a
733 2681 1024 2751 juventute,
1066 2675 1308 2742 addidit;
1348 2691 1415 2732 ex
1442 2677 1534 2732 illa
1561 2678 1704 2732 enim
1752 2686 1913 2732 mtate
1943 2675 2145 2730 crescit

540 2772 766 2840 malitia,
792 2772 938 2828 .licet
967 2771 1096 2827 alibi
1125 2770 1422 2843 legerimus
1452 2770 1595 2841 quod
1626 2784 1732 2825 non
1780 2771 1848 2826 sit
1872 2770 1989 2826 sine
2017 2783 2144 2840 pec-

537 2873 660 2921 cato
686 2879 788 2920 nec
813 2862 975 2918 unius
1024 2863 1132 2920 diei
1185 2862 1364 2919 infans
1397 2861 1538 2936 (Job.
1573 2879 1684 2928 xiv,
1724 2862 1804 2934 5).
1839 2863 1946 2921 Sed
1979 2874 2032 2918 et
2060 2863 2142 2918 in-

536 2957 713 3015 fantia
741 2959 862 3015 sine
901 2968 1125 3030 peccato
1153 2959 1363 3030 nonsit
1401 2969 1620 3031 propter
1644 2959 1887 3029 corporis
1915 2957 2143 3013 infirmi-

539 3063 729 3119 tatem,
759 3053 1036 3124 diligentia
1067 3062 1250 3110 autem
1282 3063 1338 3110 et
1363 3055 1597 3111 studium
1631 3055 1886 3126 peccandi
1918 3054 2142 3125 incipiat

536 3162 568 3204 a
594 3148 904 3220 juvenlute;
939 3159 993 3204 ut
1025 3164 1161 3220 puer
1191 3150 1346 3220 quasi
1399 3151 1644 3204 infirmus
1666 3158 1878 3220 peccet,
1924 3149 2140 3220 juvenis

2324 1929 2412 1984 83.
2456 1928 2630 1985 Altior
2659 1941 2841 1985 autem
2885 1945 3080 1986 sensus
3109 1931 3210 1987 hoc
3239 1930 3424 1999 habet,
3455 1941 3512 1986 ut
3545 1947 3645 2001 per
3672 1947 3855 1989 semen

2251 2025 2615 2097 intelligamus
2643 2026 3009 2098 principium,
3058 2043 3154 2098 per
3202 2043 3433 2082 messem
3483 2026 3848 2096 intelligamus

2249 2119 2436 2175 linem.
2475 2121 2528 2174 In
2569 2130 2798 2192 utroque
2826 2121 3020 2177 salutis
3050 2131 3337 2177 estcausa.
3370 2120 3618 2176 Alterum
3647 2122 3765 2177 sine
3780 2121 3853 2175 al-

2250 2221 2366 2267 tero
2400 2212 2778 2283 imperfectum
2806 2225 2925 2279 est;
2957 2216 3080 2284 quia
3113 2215 3202 2270 ubi
3239 2214 3558 2286 principium
3593 2226 3678 2271 est
3735 2215 3853 2270 finis

2247 2305 2525 2376 quaeritur,
2559 2321 2659 2362 nec
2692 2316 2869 2376 potest
2898 2323 3020 2363 esse
3051 2308 3271 2364 sublato
3302 2309 3407 2363 line
3424 2310 3770 2378 principium,
3796 2318 3848 2364 et

2249 2397 2367 2452 finis
2391 2398 2444 2452 in
2487 2398 2815 2470 principium
2850 2401 3102 2456 recurrit.
3144 2400 3288 2472 Ergo
3330 2416 3552 2472 semper
3581 2402 3632 2456 in
3665 2402 3847 2457 eadem

2247 2507 2600 2548 recursurum
2623 2493 2750 2548 dum
2784 2495 2835 2548 in
2872 2493 2974 2549 hoc
3003 2495 3208 2550 mundo
3248 2505 3354 2562 est,
3387 2511 3562 2564 genus
3593 2503 3850 2550 memorat

2247 2585 2567 2654 humanum,
2591 2596 2650 2640 ut
2674 2601 2794 2642 cum
2824 2586 3234 2655 incipitannus,
3265 2587 3484 2642 finiatur
3519 2605 3531 2642 :
3571 2603 3696 2642 cum
3732 2587 3846 2641 fitti-

2248 2690 2356 2746 lur,
2390 2681 2634 2751 incipiat,
2657 2698 2762 2736 non
2790 2681 2972 2738 medio
2997 2681 3230 2736 mundus
3251 2691 3494 2750 tempore
3529 2683 3846 2737 resolvatur.

2245 2773 2324 2829 Ita
2355 2784 2409 2830 et
2435 2790 2587 2830 mens
2611 2775 2831 2844 quando
2853 2774 3057 2845 aliquid
3077 2775 3286 2830 videtur
3317 2776 3579 2846 incipere,
3601 2775 3667 2830 ad
3693 2776 3845 2831 finem

2247 2882 2415 2938 usque
2438 2868 2764 2936 contendat,
2813 2877 2868 2923 ct
2925 2867 3109 2938 operis
3153 2869 3234 2922 sui
3291 2869 3584 2923 terminum
3626 2877 3842 2938 qua-rat.

2244 2959 2471 3028 Quando
2505 2959 2621 3014 linit
2643 2959 2861 3030 aliquod
2898 2975 3058 3030 opus,
3089 2977 3194 3014 non
3225 2965 3379 3030 quasi
3407 2973 3786 3016 consummato
3817 2958 3842 2996 ά

2246 3065 2415 3120 Opere
2445 3050 2672 3106 ferietur
2700 3069 2714 3106 :
2745 3051 2838 3106 sed
2873 3054 2925 3106 in
2955 3051 3056 3105 alia
3084 3064 3329 3107 recurrat
3350 3068 3536 3124 opera,
3563 3065 3613 3108 et
3640 3068 3845 3122 semper

2246 3143 2586 3199 incrementa
2622 3145 2839 3201 virtutis
2868 3155 3160 3212 exerceat;
3203 3147 3421 3218 quando
3449 3147 3670 3218 quidem
3705 3147 3845 3204 videt

536 3249 811 3313 tamquam
841 3242 1248 3312 improbus,qui
1274 3242 1515 3299 studiose
1529 3243 1711 3312 cupiat
1739 3253 1956 3312 peccata
1978 3242 2138 3314 262
2165 3225 2210 3288 Ο
2245 3235 2386 3306 quod
2419 3235 2470 3290 in
2503 3236 2710 3292 fructus
2741 3253 2872 3293 suos
2919 3255 3138 3309 semper
3169 3249 3190 3276 ο
3220 3250 3363 3295 terra
3412 3253 3720 3306 revocetur,
3762 3239 3841 3310 qui

535 3337 907 3401 committere,
956 3346 1011 3391 et
1047 3338 1100 3391 in
1157 3337 1477 3392 criminibus
1525 3337 1810 3409 glorietur.
1849 3339 2003 3404 Apud
2029 3338 2142 3407 ple-

536 3444 736 3500 rosque
790 3428 934 3484 enim
968 3430 1277 3486 innocentia
1322 3445 1419 3499 pro
1443 3429 1679 3500 ignavia,
1727 3438 1780 3486 et
1820 3429 1979 3500 culpa
2043 3443 2140 3498 pro

535 3523 698 3580 laude
729 3523 979 3579 habetur.
1010 3522 1086 3577 Ita
1105 3537 1164 3578 se
1193 3523 1404 3578 luxuria
1446 3533 1503 3579 et
1529 3522 1740 3579 deliciis
1767 3533 1820 3577 et
1847 3523 2141 3578 adulter-ic-

535 3631 658 3672 rum
704 3615 987 3671 affectibus
1011 3615 1241 3684 juvenes
1284 3615 1492 3684 jactare
1541 3625 1895 3671 consuerunt.
1928 3615 2144 3672 Crescit

535 3721 670 3780 ergo
693 3723 815 3765 cum
854 3707 1108 3764 aetatibus
1136 3707 1314 3778 culpa.
1345 3706 1518 3763 Omne
1547 3707 1713 3778 igitur
1758 3724 1929 3779 genus
1959 3707 2138 3764 homi-

535 3821 670 3862 num
691 3804 804 3876 jam
849 3820 958 3861 non
1006 3801 1435 3859 consumendum
1474 3802 1741 3869 declarat,
1791 3818 1915 3858 cum
1969 3804 2135 3859 dicit:

537 3895 664 3954 Non
694 3897 942 3972 adjiciam
974 3905 1240 3968 percutere
1282 3912 1482 3952 omnem
1503 3912 1754 3953 carnem:
1784 3897 1880 3954 sed
1902 3897 1955 3954 in
1985 3907 2140 3970 parte

534 3990 776 4048 vindicta
800 4001 1074 4048 servatur.

1101 4123 1326 4183 CAPUT
1385 4123 1575 4183 XXIII.

537 4241 691 4311 Quod
721 4242 793 4297 ait
824 4241 1107 4298 Dominus:
1132 4242 1330 4298 Semen
1354 4251 1409 4297 et
1433 4243 1632 4298 messis
1654 4284 1669 4311 ,
1699 4243 1869 4315 frigus
1891 4251 1946 4300 et
1974 4253 2140 4300 aestus

573 4351 682 4390 nou
710 4335 1079 4404 requiescent,
1096 4333 1166 4387 ad
1193 4333 1421 4388 litteram
1440 4344 1488 4388 et
1509 4335 1774 4389 moraliter
1795 4335 2101 4407 explicatur.

615 4449 706 4505 82.
738 4448 877 4517 Quid
909 4450 977 4504 sit
1003 4449 1168 4505 etiam
1201 4447 1344 4520 quod
1375 4448 1451 4502 ait
1481 4465 1494 4504 :
1529 4448 1713 4504 Semen
1740 4458 1788 4504 et
1816 4451 2016 4516 messis,
2049 4451 2144 4522 fri-

539 4561 635 4618 gus
663 4553 710 4599 et
731 4552 908 4609 aratur,
938 4542 1117 4614 hyeme
1168 4552 1215 4597 et
1266 4553 1443 4606 testas,
1475 4552 1496 4582 ο
1529 4542 1613 4598 die
1637 4553 1685 4598 et
1715 4552 1860 4598 nocte
1911 4561 2012 4598 non
2062 4561 2142 4599 re-

2245 3327 2444 3384 diversi
2469 3337 2560 3382 aut
2586 3344 2712 3384 vere
2738 3340 2791 3384 et
2817 3337 3037 3396 aestate,
3085 3338 3146 3384 ut
3201 3331 3255 3385 in
3297 3330 3542 3401 partibus
3584 3331 3838 3396 Orientis,

2246 3433 2336 3479 aut
2361 3433 2548 3480 :estate
2579 3433 2949 3496 autumnoque
2976 3437 3294 3491 nascantur,
3322 3434 3382 3480 ut
3406 3427 3456 3482 in
3492 3426 3842 3498 partibusOc-

2245 3516 2500 3572 cidetttis.

2318 3610 2406 3666 84.
2454 3611 2574 3667 Alio
2599 3620 2847 3682 tempore
2879 3620 3146 3670 terrarum
3176 3613 3465 3670 seminaria
3510 3625 3696 3685 partus
3723 3627 3841 3669 suos

2247 3705 2414 3762 edunt
2441 3725 2454 3761 :
2507 3706 2617 3762 alio
2653 3717 2834 3763 autem
2866 3717 3112 3780 tempore
3141 3710 3349 3764 fructus
3378 3709 3633 3764 arborum
3672 3709 3840 3778 carpi-

2245 3811 2386 3854 mus.
2411 3799 2616 3854 Dividui
2639 3816 2768 3871 ergo
2790 3801 3460 3867 fruetussuntnecessarii,
3486 3802 3646 3874 263
3677 3813 3729 3857 et
3757 3817 3842 3856 vo-

2244 3892 2499 3964 luptuarii
2530 3911 2542 3946 :
2573 3895 2945 3950 neeessariiex
2974 3895 3278 3950 seminibus
3301 3905 3606 3959 terrarum;
3639 3905 3694 3949 at
3723 3908 3840 3950 vero

2247 4000 2312 4041 ex
2345 3985 2600 4041 arborum
2620 3985 2880 4042 fructibus
2913 3987 3266 4057 voluptuarii.
3300 3986 3483 4058 Itaque
3513 4003 3714 4057 corpus
3755 4002 3842 4041 no-

2245 4089 2415 4135 strum
2444 4090 2713 4152 tamquam
2747 4095 2896 4148 vere,
2933 4082 3036 4137 hoc
3066 4091 3180 4146 est,
3227 4097 3388 4148 aere,
3431 4082 3555 4137 cibo
3614 4080 3841 4152 pascitur

2247 4171 2498 4228 naturali.
2539 4172 2557 4210 τ
2590 4175 2702 4249 ’Λέρ
2727 4182 2904 4230 autem
2928 4173 3118 4230 Graeco
3148 4175 3385 4242 nomine,
3422 4189 3520 4230 ver
3542 4174 3738 4230 Latino
3767 4174 3841 4228 di-

2245 4266 2407 4322 citur.
2436 4266 2564 4322 Ideo
2589 4267 2866 4337 Scriptura
2893 4267 2960 4323 de
2990 4268 3233 4339 partibus
3255 4267 3512 4333 Orientis,
3535 4276 3591 4324 et
3618 4267 3840 4322 maxime

2248 4359 2466 4432 JEgypti
2493 4375 2590 4430 per
2619 4375 2778 4429 quam
2801 4359 3056 4416 transivit
3078 4360 3361 4423 Ilebrarus,
3394 4361 3476 4415 vel
3506 4376 3571 4415 ex
3603 4360 3840 4428 partibus

2247 4452 2542 4509 Plimnicire
2597 4455 2829 4525 sumpsit
2889 4455 3216 4524 exemplum.
3274 4453 3468 4511 Anima
3515 4463 3698 4510 autem
3749 4467 3840 4507 vo-

2250 4550 2559 4620 luptuariis,
2591 4550 2694 4603 hoc
2744 4558 2828 4604 est
2881 4549 3164 4620 sapienti-.c
3193 4547 3460 4604 fructibus
3500 4548 3712 4603 alitur:
3755 4545 3840 4602 cui

535 4639 796 4710 quiescent
819 4636 1098 4710 (Gen.vm,
1123 4637 1242 4710 2‘2).
1272 4637 1582 4693 Secundum
1615 4639 1851 4696 litteram
1877 4639 2144 4710 significat
2167 4635 2223 4695 D
2249 4644 2463 4709 iterum,
2490 4652 2549 4697 ut
2575 4643 2786 4714 corpori
2819 4653 3004 4698 nostro
3031 4641 3365 4698 contrarium
3387 4641 3556 4712 frigus
3578 4651 3632 4696 et
3659 4651 3838 4701 mstus.

543 4747 896 4806 permansura
967 4731 1316 4788 manentibus
1371 4731 1671 4788 secundum
1741 4733 2137 4790 institutionem

539 4827 775 4892 Domini,
806 4834 862 4882 et
883 4833 1082 4881 statum
1111 4839 1274 4881 suum
1308 4825 1644 4896 temporibus
1687 4828 1998 4899 incorrupta
2054 4830 2135 4884 fu-

537 4930 658 4979 tura
687 4920 960 4988 animalia,
995 4919 1082 4976 vel
1112 4933 1401 4975 nemorosa
1432 4920 1634 4977 omnia.
1677 4919 1810 4976 Nam
1847 4936 1968 4977 cum
2010 4937 2134 4978 cor-

608 5080 634 5107 η
676 5067 820 5126 Edit.
856 5068 1039 5136 Rom,
1067 5066 1194 5122 Non
1219 5065 1468 5138 adjiciam
1501 5076 1763 5138 percutere
1791 5084 1992 5125 omnem
2017 5086 2134 5124 car-

536 5159 672 5200 nem.

605 5237 633 5277 ι)
674 5236 751 5292 Ita
799 5251 934 5291 mss.
963 5243 1019 5289 et
1046 5232 1240 5304 priscae
1271 5232 1403 5289 edit.
1441 5246 1635 5302 magno
1669 5248 1957 5304 consensu.
1987 5234 2131 5290 Edit.

534 5309 720 5377 Rom,
755 5307 878 5364 Non
907 5303 1189 5380 adjiciam,
1215 5306 1404 5380 inquit,
1432 5306 1568 5358 ultra
1599 5303 1902 5360 maledicere
1923 5317 2136 5380 _terram

535 5393 742 5450 promer
779 5397 940 5452 opera
969 5376 1266 5452 hominum.
1316 5377 1440 5452 quia
1472 5387 1732 5452 permanet
1788 5393 1874 5432 cor
1912 5376 2136 5435 hominis

535 5449 825 5525 diligenter
835 5459 1046 5525 propter
1073 5450 1210 5525 ntala
1232 5465 1296 5525 ea:
1317 5449 1662 5525 adolescentia
1691 5465 1807 5503 sua.

611 5519 724 5580 c'ln
753 5519 866 5580 sola
893 5519 1054 5578 Rom.
1085 5521 1220 5579 edit.
1254 5519 1474 5592 legitur,
1497 5520 1606 5576 dies
1645 5531 1691 5575 et
1721 5537 1846 5576 nox.

605 5613 632 5654 ἀ
663 5617 866 5686 Omnes
886 5616 1016 5672 edit.
1041 5625 1098 5671 et
1120 5616 1300 5686 plures
1336 5629 1468 5670 mss.
1494 5658 1508 5680 ,
1540 5630 1694 5685 opere
1725 5615 1958 5685 ﬁniatur.
2009 5616 2131 5673 Ele-

532 5689 751 5760 gantius
775 5685 940 5742 Corb.
971 5696 1027 5742 et
1051 5687 1246 5759 Long.,
1277 5703 1428 5759 opere
1457 5688 1687 5760 ferietur.

609 5790 632 5817 ι’
662 5779 740 5834 Ita
761 5793 856 5832 sex
887 5793 1017 5833 mss.
1041 5786 1098 5854 e_t
1122 5779 1233 5834 edit
1258 5779 1381 5854 Ain.
1412 5795 1476 5835 ae
1492 5780 1619 5854 Era.
1649 5783 1720 5854 At
1744 5781 1801 5838 in
1815 5781 1936 5854 aliis
1955 5781 2125 5854 legas,

532 5859 670 5909 terra
721 5859 1009 5905 renovetur.
1061 5848 1259 5907 Iterum
1292 5850 1396 5908 hoc
1420 5850 1613 5910 eodem
1666 5853 1787 5913 Ioco
1830 5853 1951 5912 Vat.
2001 5848 2126 5912 cod.

2249 4737 2323 4791 ita
2355 4735 2517 4791 timor
2537 4744 2593 4790 ct
2619 4734 2897 4790 iracundia
2920 4735 3168 4791 videntur
3195 4733 3445 4789 adversa.
3491 4732 3598 4788 Sed
3621 4732 3744 4802 quia
3789 4731 3836 4785 in

2243 4843 2473 4898 corpore
2501 4839 2584 4882 est
2613 4837 2661 4895 Β,
2695 4843 2919 4883 necesse
2946 4837 3028 4883 est
3069 4839 3122 4884 et
3164 4826 3497 4884 iracundiam
3549 4826 3743 4881 habeat
3791 4831 3841 4878 et

2239 4923 2511 4988 timorem,
2539 4937 2640 4977 nec
2665 4928 2845 4993 potest
2871 4921 2988 4977 sine
3012 4921 3114 4976 hac
3144 4936 3268 4977 esse
3297 4934 3579 4990 corporeae
3611 4916 3840 4974 necessi-

2242 5068 2424 5131 habet,
2453 5068 2540 5139 qui
2560 5069 2748 5123 diversi
2779 5084 2893 5125 vere
2933 5079 2980 5124 et
3004 5079 3196 5136 astate,
3244 5078 3590 5137 autumnoque
3623 5081 3838 5122 noscam

2241 5150 2343 5201 tur,
2387 5141 2511 5205 alio,
2552 5150 2658 5195 etc.

2319 5211 2337 5249 τ
2376 5211 2716 5288 Vocem‘Aép
2747 5229 2866 5288 cum
2901 5213 3028 5268 edit.
3059 5212 3403 5288 superiores,
3437 5210 3666 5288 lautitiis,
3698 5224 3824 5288 mss.

2243 5293 2420 5338 autem
2454 5285 2646 5353 partim
2673 5280 2902 5348 Latinis,
2937 5280 3397 5354 pat'littt—Cottl'tlsis
3429 5280 3834 5336 characteribus

2240 5355 2585 5418 exhiberem.
2617 5359 2703 5425 qui
2733 5357 2946 5411 ultimas
2978 5357 3286 5411 edit.Paris.
3316 5368 3834 5425 curavere,sensum

2236 5429 2414 5498 minus
2441 5423 2675 5482 assecuti
2708 5443 3004 5498 reposuere
3030 5445 3043 5481 :
3080 5430 3182 5482 Aer
3201 5438 3370 5480 autem
3402 5423 3582 5498 Gra'co
3612 5426 3832 5484 nomine,
3913 5451 3922 5458 ·

2238 5500 2318 5554 vel
2391 5497 2573 5573 Latino
2635 5497 2842 5573 dicitur.
2903 5499 3060 5573 Male.
3111 5499 3226 5553 Illic
3268 5497 3532 5567 siquidem
3589 5498 3679 5573 ἁέρ
3724 5510 3833 5573 per

2240 5570 2583 5646 ntetathesim
2614 5571 2833 5646 ponitur
2860 5586 2956 5641 pro
2995 5569 3123 5646 E’ap,
3156 5565 3383 5646 vernum
3439 5565 3673 5646 tempus".
3723 5565 3834 5646 Nisi

2237 5643 2478 5698 scribere
2524 5636 2679 5719 [nalis
2726 5658 2820 5712 per
2862 5636 3290 5719 contractionem
3347 5639 3442 5719 ἦρ,
3498 5639 3642 5710 quod
3693 5636 3833 5708 apud

2238 5724 2488 5770 auctores
2518 5713 2777 5784 frequens
2805 5716 3061 5770 occurrit.

2313 5795 2337 5832 8
2363 5785 2438 5839 lta
2465 5779 2872 5841 emendavimus
2901 5800 3032 5841 mss.
3079 5783 3345 5841 subsidio.
3381 5782 3481 5838 Hic
3511 5781 3654 5838 enim
3699 5779 3826 5836 edit.

2190 5916 2193 5919 .
2238 5855 2498 5915 exhibent
2525 5872 2722 5930 magno
2749 5871 3042 5928 consensu,
3080 5858 3133 5914 in
3164 5871 3379 5929 corpore
3401 5863 3498 5926 est,
3533 5864 3582 5910 et
3619 5854 3830 5909 iracun-
