4082 6370
251 337 366 399 401

1356 339 1446 397 DE
1484 339 1620 398 NOE
1661 339 1752 398 ΕΤ
1787 339 1975 400 ARCA
2013 341 2219 400 LIBER
2254 341 2458 402 UNUS.

3475 343 3587 402 402

252 465 378 516 tate
431 467 662 516 naturae.
708 456 780 516 Et
826 456 949 516 ideo
988 470 1142 515 mens
1189 455 1453 528 sapientis
1499 457 1873 514 moderamina
1901 462 1956 522 Α
1984 461 2150 530 cquia
2173 469 2402 532 uterque
2427 458 2708 516 aterrenis
2727 458 2874 516 vitiis
2895 461 3255 533 temperabat.
3283 461 3485 533 lllequi
3513 463 3586 518 ita

247 552 408 624 justa
443 556 758 624 dispensat;
788 569 856 610 ne
888 555 1023 610 iram
1055 561 1111 608 et
1139 552 1390 608 timorem
1440 553 1788 623 permisceat,
1821 563 1880 610 et

256 647 359 703 ﬁat
387 648 645 705 Confusio
677 647 994 718 quaedamin
1025 645 1210 700 animo
1235 645 1384 700 illius
1405 655 1565 717 atque
1589 645 1874 701 diluvium.

335 743 437 799 85.
486 743 586 798 Die
615 758 830 814 quoque
859 753 906 797 et
936 752 1082 796 nocte
1102 740 1244 812 quod
1276 741 1373 807 ait,
1406 757 1504 812 per
1523 741 1666 798 diem
1718 741 1880 798 intel-

252 835 394 909 ligis
419 839 815 894 illuminantem
855 837 1131 904 virtutem,
1158 851 1256 906 per
1285 847 1500 892 noctem
1530 837 1878 907 recognoscis

256 931 621 986 tenebrosam
670 928 1060 996 insipientiam.
1113 926 1300 998 Itaque
1345 927 1481 982 etin
1517 928 1709 984 timore
1737 938 1876 983 tam-

255 1036 433 1093 quam
467 1023 518 1076 in
547 1023 744 1092 frigore
776 1027 956 1090 potest
987 1034 1109 1076 esse
1145 1019 1458 1074 illuminans
1486 1017 1676 1075 virtus.
1709 1019 1876 1076 Simi-

256 1115 396 1172 liter
425 1127 477 1172 ct
499 1115 834 1171 iracundiam
862 1123 1042 1185 potest
1065 1115 1360 1184 reprimere
1388 1113 1786 1182 temperantia;
1818 1120 1876 1168 ut

255 1207 317 1262 in
353 1208 558 1262 timore
604 1206 769 1277 aliqui
815 1221 923 1261 non
969 1206 1184 1277 penitus
1224 1206 1592 1270 resolvantur,
1621 1215 1677 1260 et
1705 1204 1877 1276 magis

255 1299 526 1356 timorem
560 1299 795 1372 dirigant
827 1299 891 1354 ad
922 1314 1088 1371 opera
1115 1299 1357 1354 virtutis.
1392 1296 1558 1353 Verbi
1604 1299 1796 1369 gratia,
1829 1298 1875 1353 si

254 1401 589 1464 persecutor
615 1394 852 1458 insistat,
877 1403 933 1448 ut
959 1394 1077 1464 plus
1110 1393 1280 1448 Deum
1307 1393 1522 1458 timeas,
1539 1401 1591 1448 et
1615 1401 1876 1463 perpetua

255 1489 445 1559 magis
473 1488 762 1559 supplicia,
793 1503 953 1559 quam
981 1489 1269 1558 praesentia
1301 1500 1466 1558 putes
1485 1503 1608 1543 csse
1632 1487 1873 1556 vitanda,

259 1597 394 1655 qua:
419 1582 547 1636 dum
573 1581 751 1646 times,
781 1581 1097 1639 accendaris
1123 1581 1190 1636 ad
1215 1581 1467 1651 gloriam,
1503 1580 1745 1650 perfidiae
1774 1581 1879 1636 ira-

258 1685 358 1730 tus
392 1685 448 1730 et
494 1673 707 1730 sceleri.
757 1673 965 1729 Rursus
1018 1673 1298 1728 iracundia
1350 1687 1645 1730 succensus
1691 1672 1877 1730 divino

259 1770 694 1827 commotionem
724 1770 919 1826 timore
948 1769 1274 1827 modereris.

837 1902 1067 1960 CAPUT
1115 1902 1306 1959 XXIV.

262 2017 350 2074 De
377 2020 719 2091 prarrogativa
744 2018 1011 2091 potestatis
1036 2018 1330 2072 hominibus
1359 2018 1412 2072 in
1445 2027 1631 2074 ca’tera
1665 2017 1870 2072 anima-

347 2116 417 2168 lia
448 2130 538 2185 per
565 2113 964 2169 benedictionem
991 2129 1092 2180 qua
1121 2110 1174 2165 Ν
1181 2128 1239 2166 oe
1264 2129 1378 2166 cum
1401 2113 1509 2167 suis
1531 2113 1752 2166 donatus
1775 2121 1872 2176 est,

347 2207 594 2262 divinitus
633 2207 900 2260 attributa.
935 2205 1000 2259 Et
1030 2207 1286 2277 quomodo
1326 2206 1646 2278 intelligatur
1694 2203 1878 2260 Denti-

348 2317 446 2354 nus
475 2300 665 2354 eisdem
691 2298 986 2353 hominibus
1011 2299 1066 2352 in
1097 2316 1264 2353 escam
1294 2300 1494 2355 dedisse
1519 2301 1694 2354 omnia
1713 2300 1876 2370 repti-

349 2392 443 2461 lia,
473 2407 588 2447 cum
615 2408 789 2446 eorum
817 2392 1056 2464 qutedam
1087 2402 1268 2446 venata
1295 2394 1418 2446 sint.

349 2507 437 2562 86.
481 2506 550 2560 Et
578 2507 831 2561 benedixit
883 2505 1135 2560 Dominus
1189 2506 1309 2562 Noe
1356 2517 1404 2561 et
1447 2507 1584 2578 filios
1636 2509 1768 2577 ejus,
1812 2509 1882 2562 di-

275 2619 399 2658 cens
429 2619 447 2656 :
481 2601 703 2657 Crescite
727 2611 771 2656 et
803 2600 1242 2671 multiplicamini,
1273 2609 1321 2655 et
1358 2602 1552 2671 replete
1592 2610 1814 2668 terram,
1836 2611 1884 2658 et

278 2697 617 2751 dominamini
647 2699 758 2770 ejus
783 2712 800 2750 :
830 2705 876 2749 et
909 2705 932 2732 α
967 2698 1122 2749 tintor
1145 2705 1310 2750 vester
1337 2705 1382 2751 et
1409 2706 1598 2752 tremor
1636 2698 1729 2752 erit
1776 2712 1887 2752 om-

285 2791 440 2845 nibus
469 2791 638 2845 bestiis
671 2801 839 2855 terrte,
873 2799 920 2843 et
949 2790 1186 2844 omnibus
1208 2790 1386 2845 avibus
1412 2792 1547 2858 cadi,
1587 2802 1635 2845 et
1679 2793 1732 2845 in
1783 2808 1887 2844 om-

283 2885 436 2939 nibus
462 2899 576 2952 qua:
597 2893 860 2937 moventur
883 2899 1036 2952 super
1067 2893 1281 2949 terram,
1309 2894 1355 2937 et
1388 2884 1443 2937 in
1476 2883 1709 2938 omnibus
1735 2885 1890 2954 pisci-

287 2977 383 3032 bus
410 2974 900 3043 maris(t’;en.tx,l
937 2987 981 3029 et
1019 2976 1100 3044 “2).
1159 2977 1284 3030 llaec
1330 2978 1688 3047 prmrogativa
1741 2988 1892 3046 pote-

280 3071 447 3135 statis
479 3071 531 3124 in
577 3070 792 3126 czeteris
820 3064 1141 3124 animalibus
1197 3069 1414 3126 videtur
1452 3070 1764 3127 hominibus
1808 3081 1895 3126 at-

290 3165 492 3219 tributa
522 3171 577 3218 ct
608 3162 658 3216 in
692 3161 1066 3233 superioribus
1099 3163 1361 3234 partibus.
1393 3163 1498 3220 Sed
1538 3178 1605 3220 eo
1655 3165 1773 3221 loco
1803 3166 1894 3221 ubi

1981 565 2275 624 generatus
2298 565 2405 622 est,
2425 563 2483 610 ut
2505 553 2642 610 nihil
2675 562 2893 612 terreno
2914 554 3140 613 deberet
3167 557 3416 627 contagio
3441 574 3454 610 :
3480 557 3584 612 iste

1982 649 2072 719 qui
2097 659 2150 704 et
2181 649 2232 704 in
2256 649 2511 720 periculis
2539 648 2716 705 fuerat
2738 648 3092 721 approbatus,
3138 659 3194 706 et
3237 649 3581 706 examinatus

1980 743 2035 799 in
2068 743 2431 813 passionibns,
2462 751 2517 798 ct
2541 751 2790 813 repertus
2819 743 2964 815 quod
3004 744 3057 800 in
3100 745 3422 802 confusione
3468 759 3578 800 non

1981 835 2172 893 fuisset
2200 835 2227 874 (ι
2255 837 2523 893 obnoxius
2552 837 2814 908 passioni.

2051 932 2140 987 87.
2180 929 2357 988 Altior
2406 940 2588 987 autem
2618 946 2812 987 sensus
2841 931 3006 990 habet
3057 932 3203 1005 quod
3229 932 3410 1001 justus
3464 944 3582 987 ma-

1979 1025 2258 1098 gnitudine
2284 1033 2340 1082 et
2376 1025 2724 1082 multitudine
2763 1027 2983 1083 virtutis
3021 1038 3270 1098 augetur,
3295 1036 3458 1098 atque
3485 1025 3584 1082 do-

1980 1119 2175 1184 ctrina;
2205 1127 2255 1174 et
2289 1117 2465 1187 replet
2495 1126 2715 1184 terram,
2753 1119 2907 1190 quasi
2936 1134 3031 1176 cor
3057 1119 3331 1190 quoddam
3371 1120 3423 1176 in
3476 1133 3585 1191 quo

1980 1212 2051 1268 sit
2096 1211 2498 1283 receptaculum
2551 1211 2997 1284 intelligibilium.
3054 1211 3129 1267 Ita
3169 1212 3307 1268 nihil
3351 1227 3582 1268 vacuum

1980 1304 2258 1376 sapientiae
2281 1319 2404 1362 esse
2426 1305 2650 1376 patitur,
2682 1303 2830 1375 quod
2878 1303 3190 1376 insipientia
3241 1304 3414 1376 possit
3436 1305 3587 1360 inva-

1981 1399 2136 1454 dere.
2194 1397 2424 1453 Domitis
2455 1398 2620 1470 igitur
2667 1413 2777 1453 non
2818 1397 2994 1453 solum
3048 1397 3283 1454 terrenis
3331 1397 3586 1454 omnibus

1981 1491 2349 1565 passionibns,
2377 1491 2473 1548 sed
2495 1491 2658 1548 etiam
2681 1491 2933 1548 sensibus
2960 1490 3361 1561 corporalibus,
3380 1490 3586 1547 bestias

1981 1586 2308 1658 quuquesibi
2325 1584 2561 1658 quodam
2579 1595 2790 1642 terrore
2803 1584 3092 1656 subjicltet
3114 1584 3334 1652 timore,
3366 1585 3422 1640 in
3459 1585 3584 1655 qui-

1979 1683 2083 1739 bus
2113 1681 2322 1752 species
2337 1681 2550 1737 videtur
2570 1681 2749 1737 inesse
2765 1680 2984 1737 malitiae
3000 1690 3164 1751 atque
3186 1678 3444 1737 feritatis.
3473 1678 3582 1735 Im-

1980 1776 2129 1831 mitis
2154 1776 2297 1832 e‘nim
2345 1783 2402 1831 et
2435 1775 2665 1846 agrestis
2690 1783 2776 1830 est
2820 1773 2998 1830 omnis
3027 1773 3255 1841 malitia,
3278 1782 3334 1830 et
3361 1771 3583 1829 inflatur

1902 1859 1951 1920 Β
1978 1870 2128 1928 aerio
2149 1868 2382 1941 quodam
2408 1877 2641 1924 tumore.
2663 1867 2774 1925 Nec
2803 1855 2931 1924 illud
2963 1867 3437 1940 obscurum,quod
3459 1881 3588 1938 repo

1977 1965 2089 2020 tilia
2137 1963 2384 2034 quaedam
2435 1962 2716 2019 lethalium
2765 1961 3053 2033 quamdam
3093 1962 3295 2019 habent
3347 1961 3588 2032 speciem

1978 2055 2314 2129 passionum,
2339 2073 2368 2111 a
2393 2057 2592 2128 quibus
2618 2071 2885 2112 venenum
2909 2056 3178 2128 quoddam
3234 2056 3404 2112 menti
3431 2055 3589 2112 vide-

1981 2161 2069 2209 tur
2098 2150 2326 2208 infundi.
2361 2150 2623 2207 Omnibus
2645 2166 2776 2220 ergo
2803 2150 2887 2206 his
2931 2150 3160 2221 imperat
3184 2149 3364 2220 justus
3393 2149 3591 2220 quibus

1981 2260 2087 2302 non
2119 2244 2504 2301 commiscetur
2533 2260 2545 2296 :
2592 2241 2686 2298 sed
2716 2251 2932 2299 coercet
2957 2257 3044 2318 ea,
3075 2242 3121 2297 si
3144 2257 3299 2297 mens
3337 2241 3456 2312 ejus
3481 2255 3592 2298 non

1980 2337 2362 2405 delectatione,
2408 2349 2515 2391 non
2564 2335 2860 2407 cupiditate
2911 2334 3161 2402 ducatur,
3208 2350 3315 2390 non
3377 2333 3594 2390 tristitia

1983 2437 2040 2487 et
2091 2431 2289 2486 timore
2317 2429 2632 2501 frangatur;
2664 2443 2772 2485 non
2809 2428 2972 2484 etiam
3008 2429 3219 2483 luxuria
3248 2436 3411 2498 atque
3459 2426 3601 2483 deli-

1985 2524 2086 2580 ciis
2116 2532 2388 2594 tamquam
2425 2521 2692 2577 lubricum
2718 2530 2774 2578 et
2818 2519 3083 2577 caducum
3109 2519 3233 2575 vitae
3276 2519 3437 2591 hujus
3469 2526 3598 2591 agat

1986 2633 2228 2684 cursum,
2276 2616 2374 2673 sed
2435 2616 2768 2673 continentia
2826 2624 2883 2672 et
2934 2614 3293 2686 temperantia
3339 2613 3523 2686 abigat
3563 2627 3596 2668 a

1989 2725 2049 2768 se
2086 2712 2168 2766 vir
2219 2711 2438 2783 sapiens
2487 2709 2798 2781 huiusmodi
2838 2710 3140 2782 passiones.

2062 2803 2154 2859 88.
2197 2803 2303 2860 Sed
2332 2804 2458 2875 quia
2493 2803 2730 2860 subdidit
2756 2804 2940 2858 statim
2968 2821 2981 2859 :
3010 2803 3200 2858 Omnia
3228 2802 3440 2874 reptilia
3481 2817 3597 2873 qua:

1991 2909 2112 2956 sunt
2142 2900 2287 2967 viva,
2333 2906 2481 2953 erunt
2512 2899 2651 2953 vobis
2677 2899 2732 2952 in
2759 2913 2927 2954 escam
2956 2895 3124 2968 (Gen.
3156 2912 3232 2962 sx,
3255 2894 3336 2968 5);
3360 2911 3429 2951 ne
3453 2893 3596 2952 forte

1996 3003 2050 3050 te
2077 3002 2294 3048 moveat
2311 2993 2438 3064 quia
2467 3001 2595 3048 ante
2623 2991 2693 3048 de
2722 2990 3013 3062 reptilibus
3063 2990 3304 3046 diximus
3357 3003 3600 3046 venena-

1997 3088 2088 3154 tis,
2111 3100 2380 3158 cognosce
2430 3085 2534 3140 alia
2579 3099 2703 3141 esse
2749 3084 2962 3154 reptilia
2992 3094 3278 3148 venenata,
3313 3084 3418 3139 alia
3446 3097 3600 3139 man-

1999 3189 2180 3236 sueta.
2216 3179 2291 3234 De
2345 3177 2646 3235 mansuetis
2694 3178 2858 3249 igitur
2898 3175 3182 3248 reptilibus
3235 3178 3444 3247 accipe,
3475 3191 3601 3248 quas

287 3256 426 3312 dixit
455 3257 595 3327 quod
626 3257 769 3311 Deus
805 3255 1084 3312 hominem
1120 3255 1279 3324 fecit,
1318 3255 1518 3311 dicitur
1547 3275 1560 3312 :
1602 3257 1894 3314 Masculum
1920 3258 1968 3322 C
2000 3275 2100 3331 ειεί
2132 3291 2238 3330 non
2265 3273 2446 3330 omnia
2471 3281 2661 3329 ventre
2685 3280 2740 3327 ει
2766 3280 2988 3343 pectore
3036 3280 3235 3343 mpm"
3279 3270 3422 3328 sicut,
3443 3271 3599 3329 οοιιι-

289 3359 336 3404 et
384 3349 628 3420 feminam
677 3349 795 3419 fecit
824 3365 930 3413 eos,
955 3358 1002 3403 et
1029 3348 1286 3403 benedixit
1313 3349 1385 3404 eis
1412 3349 1587 3404 dicens
1612 3367 1629 3405 :
1672 3349 1896 3406 Crescite

288 3455 336 3500 et
367 3445 823 3512 multiplicamini,
865 3455 914 3498 et
954 3446 1146 3514 replete
1178 3437 1377 3498 terram
1401 3487 1416 3509 ,
1463 3455 1509 3499 et
1558 3446 1898 3500 dominamini

289 3541 422 3611 ejus,
452 3547 496 3590 et
521 3547 820 3609 potestatem
861 3537 1039 3592 habete
1086 3553 1242 3608 super
1269 3538 1436 3610 pisces
1464 3539 1644 3603 maris,
1675 3548 1725 3592 et
1754 3541 1896 3594 vola-

289 3629 426 3696 tilia,
457 3640 504 3683 et
533 3629 720 3684 bestias
750 3639 917 3695 terrm,
953 3639 1001 3685 et
1040 3631 1248 3702 reptilia
1292 3629 1444 3696 (Gen.
1497 3647 1537 3696 ι,
1581 3630 1698 3702 28).
1732 3631 1888 3700 Quod

291 3740 360 3782 eo
382 3724 660 3790 admonui,
692 3736 748 3780 ut
792 3725 1062 3797 intelligas
1084 3727 1356 3796 geminam
1404 3726 1642 3784 hominis
1667 3742 1896 3799 genera-

291 3819 497 3875 tionem
529 3834 844 3890 expressam
878 3837 890 3873 :
927 3836 1086 3875 unam
1116 3821 1412 3877 secundum
1453 3822 1740 3892 imaginem
1775 3823 1891 3890 Dei,

291 3913 522 3968 alteram
549 3912 844 3968 secundum
881 3913 1195 3984 figmentum
1222 3914 1288 3969 de
1308 3915 1422 3970 luto
1441 3924 1623 3972 terrae.
1655 3916 1895 3988 Denique

295 4006 391 4063 illa
420 4006 625 4060 creatio
657 4006 892 4061 hominis
921 4006 989 4060 de
1017 4007 1130 4060 luto
1175 4016 1335 4062 terra:
1360 4007 1574 4062 videtur
1604 4022 1727 4064 esse
1758 4008 1895 4064 facta

296 4108 422 4170 post
451 4098 732 4160 mundum,
762 4107 1049 4170 postquam
1081 4099 1346 4168 requievit
1375 4101 1519 4156 Dens
1545 4102 1613 4156 ab
1641 4103 1897 4171 operibus

295 4193 431 4250 suis.
459 4191 595 4249 Scro
624 4191 1026 4260 quodammodo
1055 4191 1082 4230 ι»
1112 4202 1344 4248 terrente
1368 4201 1559 4248 stature
1584 4194 1894 4265 figmentum

295 4285 553 4358 gignitur.
611 4283 775 4358 264
825 4283 948 4339 Non
974 4295 1086 4340 erat
1117 4285 1294 4356 pluvia
1344 4302 1499 4357 super
1528 4296 1717 4341 terram
1746 4328 1762 4352 ,
1806 4303 1898 4341 nec

297 4383 450 4437 homo
492 4390 682 4434 terram
725 4379 1054 4450 operabatur.
1101 4379 1256 4435 Tunc
1291 4379 1356 4435 de
1393 4379 1515 4434 limo
1560 4390 1709 4436 teme
1745 4380 1898 4449 ﬁnxit

298 4475 441 4532 Deus
481 4476 758 4542 hominem,
801 4484 848 4528 et
876 4474 1166 4545 insul/lavit
1201 4475 1254 4528 in
1283 4474 1470 4546 faciem
1510 4477 1623 4547 ejus
1657 4475 1897 4543 spiritum

298 4571 436 4633 vitaz,
463 4578 509 4624 et
534 4573 701 4640 factus
731 4578 804 4623 est
836 4568 986 4622 homo
1029 4569 1083 4622 in
1113 4568 1340 4622 animum
1362 4569 1605 4624 viventem
1651 4568 1805 4641 (Gen.
1832 4584 1894 4634 ιι,

2001 3371 2105 3437 bri,
2127 3380 2234 3425 tam
2253 3369 2479 3440 exiguos
2500 3379 2678 3423 tamen
2701 3366 2868 3438 pedes
2890 3366 3114 3433 habent,
3137 3375 3193 3422 ut
3216 3381 3408 3438 repere
3429 3367 3602 3438 mgis

1999 3480 2159 3534 quam
2183 3463 2465 3519 ambulare
2490 3461 2799 3518 videantur.
2829 3459 2973 3531 Ergo
3003 3467 3397 3516 venenatorum
3429 3458 3599 3530 repti-

1999 3561 2128 3615 lium
2149 3570 2171 3596 °
2187 3558 2398 3615 similes
2425 3556 2731 3614 immundas
2754 3556 2807 3612 in
2830 3569 3062 3627 corpore
3079 3554 3264 3625 accipe
3293 3553 3595 3626 passiones,

1999 3660 2407 3709 mansuetorum
2437 3657 2616 3706 autem
2663 3648 2911 3704 decoras.
2951 3645 3141 3704 Omnis
3179 3646 3325 3702 enim
3372 3643 3600 3702 affectus

1997 3746 2092 3819 qui
2119 3754 2204 3802 est
2218 3753 2418 3817 praeter
2437 3742 2696 3800 deformis
2717 3740 3444 3808 delectationisillccebram,
3477 3755 3602 3812 pas-

1999 3841 2082 3898 sio
2125 3840 2344 3910 quidem
2372 3847 2480 3904 est,
2508 3837 2603 3895 sed
2634 3837 2772 3893 bona
2817 3837 3020 3906 passio.
3051 3834 3330 3906 Cupiditas
3359 3834 3597 3905 mollior,

2000 3941 2056 3990 et
2083 3933 2183 4000 ira,
2220 3940 2276 3987 et
2307 3931 2468 3986 timor
2491 3970 2507 3995 ,
2543 3930 2626 3986 hie
2671 3929 2847 3984 noxiae
2877 3929 3075 3984 animae
3111 3927 3393 3998 passiones
3430 3935 3595 3993 sunt;

2001 4025 2227 4082 allectus
2240 4034 2419 4080 antem
2440 4023 2665 4088 innoxii,
2686 4023 2965 4093 passiones
2978 4022 3136 4078 bonae
3152 4019 3375 4077 suut.Et
3403 4020 3487 4076 his
3512 4021 3602 4077 vi-

2001 4119 2160 4175 vendi
2189 4118 2404 4189 quidam
2417 4117 2575 4173 nobis
2592 4131 2721 4172 usus
2743 4116 3169 4182 ministratur,et
3183 4129 3342 4172 causa
3364 4131 3378 4168 ε
3405 4112 3597 4170 harum

2001 4211 2125 4268 cibo
2153 4212 2354 4267 utimur
2365 4209 2430 4266 ad
2447 4207 2834 4282 vittegratiam,
2849 4207 3040 4264 harum
3053 4208 3226 4279 epulis
3237 4207 3596 4265 delectamur.

2491 4344 2652 4419 265
2687 4342 2918 4400 CAPUT
2941 4341 3109 4399 xxv.

2001 4461 2082 4517 An
2125 4461 2348 4516 oleribus
2375 4461 2541 4534 magis
2567 4475 2722 4531 quam
2754 4459 2995 4514 carnibus
3016 4458 3321 4514 vescendum
3354 4457 3608 4517 Dominus

2075 4555 2413 4627 praceperit;
2459 4566 2503 4608 et
2525 4554 2956 4625 quemadmodum
2980 4568 3070 4607 nos
3106 4552 3348 4608 munierit
3398 4551 3608 4626 Moyses

303 4663 337 4718 5
361 4673 406 4717 et
432 4662 511 4732 7).
543 4661 637 4718 Ille
659 4672 842 4718 autem
875 4671 1031 4717 sexto
1059 4661 1166 4730 die,
1200 4664 1352 4732 quasi
1383 4662 1626 4732 perfecto
1670 4679 1891 4720 numero

2075 4657 2255 4702 contra
2286 4648 2553 4719 opiniones
2605 4645 3030 4718 philosOphorum
3073 4645 3137 4699 de
3183 4647 3359 4701 anima
3384 4661 3606 4717 quorum

304 4770 412 4826 quo
436 4755 614 4810 omnia
658 4757 911 4811 conclusa
945 4767 1070 4810 sunt
1101 4771 1266 4826 opera
1297 4757 1390 4812 Dei
1417 4799 1431 4821 ,
1464 4758 1619 4828 quasi
1659 4758 1900 4828 perfecta

305 4849 618 4922 operatione
658 4850 988 4904 constitutus
1048 4849 1212 4904 homo
1261 4851 1560 4906 secundum
1611 4851 1901 4920 imaginem

308 4941 403 4996 Dei
425 4949 526 5007 est,
547 4940 635 4996 cui
656 4941 818 4997 etiam
841 4942 943 4998 iste
959 4953 1308 5013 comparatur
1329 4944 1421 5013 qui
1446 4943 1498 4998 in
1512 4942 1906 5014 diluviojnstus

308 5036 561 5094 inventus
595 5045 699 5094 est.
731 5036 800 5092 Et
829 5035 950 5094 ideo
980 5052 1141 5108 supra
1177 5048 1389 5093 terrena
1417 5037 1596 5092 omnia
1627 5052 1750 5094 eum
1778 5052 1904 5094 con-

306 5131 482 5187 stituit
506 5131 667 5197 Deus,
700 5131 839 5187 sicut
871 5139 927 5188 et
969 5131 1119 5186 illum
1147 5131 1215 5186 ad
1241 5130 1528 5202 imaginem
1552 5129 1649 5186 Dei
1683 5129 1906 5200 factum,

313 5297 455 5352 diam
479 5294 626 5349 habet
642 5303 702 5368 et
733 5297 986 5361 timorem,
1027 5312 1120 5352 nec
1143 5303 1305 5368 potest
1330 5296 1438 5352 sine
1458 5297 1556 5350 hac
1576 5311 1684 5352 esse
1707 5297 1761 5352 in
1791 5313 1908 5353 cor-

313 5385 439 5439 pore
459 5367 756 5439 necessitate
785 5377 1001 5422 naturw.

390 5449 414 5478 ιι
444 5437 541 5493 Hic
563 5453 591 5490 a
622 5453 752 5492 mss.
783 5439 837 5492 in
868 5454 934 5493 eo
959 5448 1164 5494 tantum
1191 5440 1454 5495 recedunt
1479 5439 1610 5496 edit.
1633 5449 1742 5495 vet.
1767 5441 1910 5510 quod

219 5530 227 5537 ·
314 5510 573 5568 emittunt
596 5527 637 5584 ἐ
653 5510 830 5584 bestiis
861 5519 1030 5584 ιρι-ηε,
1063 5522 1107 5565 et
1139 5511 1372 5566 omnibus
1405 5513 1581 5566 avibus
1622 5512 1756 5574 (teli,
1784 5523 1829 5566 et
1860 5513 1912 5567 in

315 5584 566 5638 omnibus.
596 5579 740 5635 Etli't.
771 5592 950 5636 autem
979 5582 1137 5637 Rom.
1171 5590 1340 5636 totum
1393 5585 1570 5639 locum
1613 5584 1906 5638 concinna-

315 5665 468 5710 verat
494 5653 547 5707 in
584 5651 727 5706 hunc
759 5653 976 5707 modum
1008 5671 1020 5706 :
1055 5656 1204 5708 timor
1224 5654 1394 5722 vestri,
1425 5664 1471 5710 et
1499 5667 1688 5710 tremor
1707 5655 1802 5709 erit
1825 5671 1912 5709 su-

315 5742 409 5796 per
439 5739 613 5778 omnes
639 5724 828 5780 bestias
851 5734 1020 5790 terrm,
1052 5735 1098 5781 et
1124 5741 1276 5796 super
1313 5729 1484 5782 omnia
1523 5727 1755 5782 volatilia
1777 5727 1911 5792 coeli,

319 5807 368 5854 et
395 5812 547 5868 super
570 5797 744 5851 omnia
767 5813 884 5867 qua:
908 5807 1170 5853 moventur
1190 5812 1340 5868 super
1383 5809 1594 5866 terram,
1645 5808 1692 5852 et
1743 5814 1916 5853 omnes

321 5869 482 5939 pisces
507 5869 686 5936 maris,
710 5877 818 5924 etc.

2078 4741 2224 4795 varia
2267 4740 2458 4811 placita
2496 4741 2790 4810 referuntur
2819 4755 2836 4792 :
2863 4738 2981 4792 item
3023 4753 3124 4807 qua
3169 4739 3368 4793 ratione
3398 4739 3463 4793 sit
3489 4739 3604 4794 dis-

2079 4835 2417 4908 tinguendum
2447 4835 2580 4890 inter
2600 4835 2789 4889 anima:
2813 4842 3010 4906 partem
3048 4833 3357 4889 rationalem
3383 4842 3430 4889 et
3443 4833 3607 4889 sensi-

2081 4931 2271 4996 tivam;
2297 4929 2482 5000 quidve
2501 4929 2680 4984 animo
2699 4930 2914 5000 sanguis
2940 4929 3181 4984 dicatur?

2084 5042 2175 5100 89.
2217 5042 2360 5112 Quid
2406 5051 2489 5099 est
2531 5043 2694 5099 etiam
2739 5042 2883 5114 quod
2929 5043 3040 5099 ait:
3070 5041 3218 5099 Sicut
3255 5042 3400 5098 olera
3432 5041 3611 5112 pabuli

2012 5136 2134 5192 dedi
2162 5137 2304 5194 vobis
2331 5137 2672 5212 omnia(Gen.
2698 5153 2782 5208 is,
2809 5137 2900 5209 3)?
2923 5137 2983 5192 ln
3010 5151 3118 5208 quo
3138 5145 3194 5194 et
3219 5137 3256 5192 ii
3282 5136 3371 5207 qui
3395 5133 3608 5206 simpli-

2087 5299 2117 5339 ι)
2148 5301 2249 5356 Ms.
2275 5299 2470 5372 Long.,
2505 5309 2720 5356 terrente
2739 5296 3035 5353 substantia:
3059 5296 3380 5372 ﬁgmentum.

2093 5383 2115 5411 ο
2159 5373 2301 5428 Edit.
2328 5369 2542 5434 omnes.
2573 5387 2638 5426 ac
2663 5386 2794 5425 mss.
2839 5383 2945 5424 non
2979 5369 3155 5438 pauci,
3185 5369 3313 5438 quia
3337 5373 3612 5437 utrumque

2015 5462 2048 5500 a
2072 5445 2206 5499 vitiis
2229 5445 2439 5499 terrenis
2467 5441 2795 5515 temperabat.
2825 5441 2952 5496 Mss.
2980 5436 3157 5494 'Corb.
3195 5449 3249 5494 et
3278 5436 3461 5505 Colb.,
3487 5436 3610 5510 quia

2016 5526 2116 5625 me"!
2129 5525 2506 5653 qgles’sfltgorh"
2531 5585 2702 5650 Long.
2735 5592 2792 5638 et
2817 5582 2964 5646 Vat.,
2996 5581 3247 5654 ebriamine
3273 5581 3593 5654 confusioni.

2093 5669 2116 5696 ε
2159 5660 2232 5714 lta
2255 5660 2378 5716 cod.
2406 5652 2527 5714 Vat.
2554 5667 2609 5712 et
2635 5655 2768 5710 Maz.
2795 5669 2917 5709 cum
2945 5653 3074 5708 edit.
3109 5652 3237 5708 Mss.
3282 5652 3412 5710 vero
3439 5653 3614 5714 Corb.

2021 5738 2076 5789 et
2103 5730 2286 5797 Colb.,
2318 5729 2584 5786 similesin
2627 5725 2816 5799 mundo
2845 5739 3061 5793 corpore
3093 5725 3380 5799 passiones.
3431 5726 3606 5799 Long.

2024 5804 2237 5869 melius,
2271 5801 2463 5857 similes
2487 5797 2753 5853 immundo
2775 5812 2992 5866 corpore
3021 5797 3305 5869 passiones.
