4082 6370
510 344 615 401 ωε

1853 319 2098 396 seueri
2137 321 2456 394 Attenuat:

3709 332 3834 394 404

511 445 997 530 citerintelliguni,
1015 461 1193 512 utnon
1223 451 1820 526 expendaulsermonis
1847 455 2104 518 examen,
2137 459 2190 519 Α
2217 453 2376 509 rioris
2419 451 2655 508 hominis
2699 451 3018 509 assumatur.
3087 435 3452 524 Hippocrates
3495 461 3683 508 autem
3715 449 3834 508 etsi

515 565 624 610 non
679 553 840 610 nobis
880 551 1131 608 videnlur
1169 563 1290 606 esse
1318 543 1596 604 contrarii.
1647 545 1789 605 Sunt
1840 549 1986 604 enim
2018 545 2108 619 qui

511 651 706 720 putant
749 645 892 717 quod
929 644 1077 700 olera
1114 643 1182 698 ad
1235 649 1417 699 escam
1469 643 1627 698 nobis
1655 641 1751 698 Dei
1799 647 1932 698 nutu
1959 639 2114 696 attri-

512 741 640 794 buta
669 737 980 802 videantur,
1003 745 1110 807 quo
1138 733 1225 790 bis
1251 735 1423 806 magis
1449 749 1610 804 quam
1641 733 1959 790 carnalibus
1981 747 2116 803 epu-

506 831 575 887 lis
603 832 678 886 uti
703 829 1002 885 debeamus
1031 847 1044 884 :
1077 843 1180 900 ego
1209 837 1392 884 autem
1431 827 1665 884 libenter
1695 827 1779 882 his
1803 828 2112 898 acquiesce-

514 935 654 990 rem,
703 931 764 978 ut
801 923 988 993 generi
1013 921 1316 989 hominum,
1343 922 1410 976 ad
1437 921 1828 992 parcimoniam
1860 922 2032 992 magis
2061 930 2117 978 et

510 1015 948 1087 temperantiam,
981 1016 1189 1071 olerum
1215 1029 1346 1070 usus
1371 1015 1724 1080 inolesceret:
1752 1013 1853 1069 nisi
1875 1013 2114 1069 viderem

473 1137 478 1143 ~
507 1111 578 1166 ab
611 1109 696 1166 his
725 1110 818 1182 qui
855 1123 962 1165 non
995 1109 1226 1164 libenter
1245 1109 1540 1176 accipiunt,
1565 1119 1728 1177 posse
1761 1107 1954 1162 referri
1985 1105 2114 1162 mihi

514 1207 638 1275 quia
661 1211 770 1258 non
796 1202 980 1258 omnia
1004 1199 1152 1256 olera
1185 1213 1329 1255 esca:
1361 1199 1641 1254 hominum
1659 1199 2004 1254 inveniamur
2028 1211 2120 1254 ac-

511 1295 825 1352 commoda.
875 1291 1080 1349 Deinde
1112 1293 1241 1363 quia
1289 1297 1396 1347 noti
1443 1307 1606 1347 omne
1636 1290 1914 1346 hominum
1947 1305 2118 1362 genus

513 1388 803 1461 sapieutltc
825 1395 880 1444 et
899 1387 1253 1442 continentia!
1283 1399 1472 1441 amore
1499 1385 1734 1449 ducitur,
1763 1397 1816 1440 ut
1837 1385 2122 1441 continen-

512 1489 640 1544 tiam
663 1488 815 1559 sequi
842 1486 1033 1558 possit.
1065 1485 1131 1539 Et
1177 1483 1302 1540 ideo
1325 1483 1468 1556 quod
1498 1483 1754 1554 generale
1784 1487 2116 1554 prteceptum

514 1585 598 1638 est
624 1579 730 1648 ,ad
776 1577 1173 1651 portiunculam
1214 1583 1515 1646 paucorum
1561 1577 1834 1632 nominum
1867 1575 2120 1632 derivare

512 1683 620 1730 non
651 1663 971 1743 possumus,
1003 1669 1257 1727 omnibus
1285 1669 1431 1726 enim
1479 1669 1789 1726 ltotiiidibus
1843 1667 1948 1724 itoc
1979 1681 2120 1740 pra:-

517 1775 736 1838 ceptum
757 1765 937 1822 datur.-

2215 545 2401 604 Critize
2437 563 2544 604 non
2576 547 2899 620 improbavit
2927 548 3228 618 ingenium,
3260 563 3363 605 nec
3391 547 3834 618 disputationem

2216 641 2333 711 ejus
2361 641 2671 712 redarguit;
2705 651 2882 698 tamen
2907 641 3196 698 sententiae
3228 658 3335 698 non
3368 643 3671 714 acquievit.
3699 639 3834 698 Ari-

2217 735 2440 793 stnteles
2472 739 2784 812 ἓντελεχείαν
2815 737 2950 794 dixit
2987 737 3102 809 (tib.
3135 753 3150 794 ι
3180 737 3242 794 de
3271 737 3480 802 Anima,
3519 743 3652 792 text.
3680 735 3753 794 29
3783 749 3838 793 et

2215 831 2329 903 50).
2365 831 2543 902 ignem
2567 833 2656 886 alii
2683 845 2805 887 esse
2833 827 3143 887 voluerunt.
3173 829 3284 886 Nos
3307 831 3472 900 igitur
3497 813 3824 900 hujusmodi

2218 925 2538 981 divisionem
2571 935 2890 992 teneamus;
2924 929 3332 998 ut'separemus
3359 924 3505 996 quod
3533 933 3619 981 est
3657 923 3832 980 ratio-

2221 1019 2397 1076 nabile
2420 1019 2612 1075 animm
2635 1061 2650 1088 ,
2688 1023 2844 1092 cujus
2871 1021 3174 1077 substantia
3205 1020 3422 1076 divinus
3447 1031 3533 1077 est
3559 1021 3794 1090 spiritus
3811 1063 3830 1089 ,

2219 1113 2360 1168 sicut
2381 1113 2454 1168 ait
2477 1113 2756 1184 Seriptura
2783 1133 2796 1168 :
2827 1113 2962 1182 Quia
2983 1115 3274 1188 insufﬂauit
3298 1115 3348 1170 in
3373 1116 3564 1188 faciem
3591 1116 3701 1185 ejus
3721 1115 3836 1186 spi-

2219 1207 2376 1260 ritum
2401 1208 2515 1262 viue
2537 1207 2692 1277 (Gen.
2721 1225 2777 1274 ii,
2811 1207 2886 1278 7).
2921 1221 2943 1248 ε
2979 1209 3109 1264 Esse
3137 1221 3318 1265 autem
3354 1209 3406 1265 in
3430 1224 3494 1265 ea
3519 1210 3833 1265 nutrimen-

2223 1307 2333 1354 tum
2363 1299 2634 1370 quoddam
2666 1299 2830 1356 vitale
2859 1317 2967 1372 quo
2999 1299 3103 1357 hoc
3137 1315 3340 1372 corpus
3377 1303 3674 1368 animatur,
3705 1315 3830 1357 esse

2221 1393 2384 1449 etiam
2427 1393 2770 1451 delectabile.
2813 1395 3034 1470 illarum
3065 1397 3228 1468 igitur
3253 1403 3308 1451 et
3337 1396 3519 1451 vitalis
3557 1405 3612 1450 et
3639 1395 3826 1451 delec-

2223 1485 2404 1544 tabilis
2433 1489 2628 1544 anima:
2657 1490 2893 1559 partium
2927 1477 3232 1544 substantia
3269 1489 3489 1559 sanguis
3520 1488 3830 1560 appellatur

2221 1595 2249 1634 a
2281 1573 2642 1650 quibusdam;
2683 1579 2810 1636 licet
2849 1581 3011 1638 etiam
3042 1569 3321 1652 Scriptura
3353 1581 3592 1638 dixerit:
3635 1581 3826 1636 Anima

2225 1675 2382 1730 totius
2423 1675 2618 1742 carnis,
2667 1673 2880 1748 sanguis
2931 1684 3003 1730 est
3047 1673 3232 1746 (Leuit.
3285 1689 3420 1738 xvu,
3465 1675 3528 1729 ii
3576 1683 3625 1730 et
3669 1673 3803 1744 seq.)

2227 1765 2453 1838 Proprie
2487 1767 2649 1838 igitur
2674 1768 2912 1823 animam
2952 1767 3134 1823 carnis
3161 1767 3480 1838 sanguinem
3513 1767 3828 1837 appellavit.

589 1860 680 1918 9t).
723 1858 959 1928 ideoque
1019 1849 1430 1914 consideremus
1489 1854 1620 1926 quid
1673 1853 1874 1912 dixerit
1917 1871 1929 1908 :
1965 1853 2118 1910 Sicut
2149 1865 2195 1934 Β
2223 1859 2280 1916 1η
2307 1875 2471 1915 carne
2500 1861 2644 1916 enim
2671 1859 2969 1917 delectatio
2999 1871 3051 1914 et
3085 1859 3264 1931 passio
3301 1867 3414 1924 est,
3455 1874 3562 1915 non
3590 1874 3747 1915 meus
3773 1869 3828 1915 et

520 1956 682 2021 olera,
715 1953 911 2025 inquit,
946 1943 1126 2023 pabuli
1152 1951 1274 2006 dedi
1298 1953 1438 2008 vobis
1467 1951 1658 2016 omnia,
1689 1963 1798 2005 non
1825 1949 1972 2005 olera
2003 1962 2124 2003 om-

520 2048 608 2103 nia
639 2039 765 2102 dedi
810 2047 966 2101 Vobis
986 2041 1053 2100 ad
1075 2055 1280 2101 escam.
1316 2043 1550 2102 Utantur
1576 2042 1738 2114 igitur
1758 2027 1860 2113 qui
1895 2049 2122 2096 utuntur

519 2146 706 2206 carne,
735 2147 1010 2212 tamquam
1032 2139 1291 2206 oleribus,
1339 2147 1446 2194 non
1477 2137 1544 2193 ad
1565 2135 1956 2193 distentionem
1975 2177 1990 2200 ,
2021 2147 2122 2192 nec

524 2233 642 2290 l“ad
683 2234 928 2289 arvinam
973 2229 1246 2302 corporis,
1295 2231 1458 2302 quam
1508 2229 1684 2300 cpuia‘.|
1726 2228 1907 2283 carnis
1943 2227 2123 2282 facere

521 2327 942 2382 ednue'verunt.
993 2323 1104 2381 Sed
1125 2321 1586 2395 quemadmodum
1608 2329 1664 2377 et
1691 2321 1838 2376 olera
1866 2334 1974 2375 non
2007 2333 2124 2374 om-

523 2421 610 2476 nia
639 2419 708 2478 ad
733 2429 874 2479 esea:
901 2425 1058 2476 usum
1089 2417 1291 2474 habilia
1325 2425 1482 2486 sunt,
1507 2417 1578 2472 ita
1611 2416 1776 2473 etiam
1821 2413 1928 2472 non
1958 2429 2124 2470 omne

499 2517 705 2574 ’Vintm
729 2517 922 2588 reptile
945 2512 1357 2572 accommodum
1375 2512 1444 2567 ad
1469 2513 1623 2566 usum
1647 2509 1922 2582 epulandi.
1941 2508 2124 2579 Siqui-

521 2611 646 2668 dem
673 2611 743 2667 ab
767 2609 1023 2667 omnibus
1049 2605 1329 2664 venenatis
1374 2605 1649 2662 abstinere
1674 2603 1938 2661 debemus
1956 2647 1972 2671 ,
1995 2603 2124 2660 licet

524 2710 633 2766 huc
659 2721 874 2779 quoque
899 2703 1229 2778 processerit
1255 2701 1469 2758 luxuria
1490 2745 1505 2769 ,
1557 2703 1617 2757 ut
1656 2699 1832 2772 magis
1884 2697 2125 2755 deiecta-

521 2797 652 2857 tlbni
682 2798 931 2856 consulat
959 2799 1118 2870 quam
1152 2791 1419 2868 periculo,
1451 2795 1578 2853 etitt
1603 2794 1882 2866 plerisque
1911 2801 2125 2849 resecto

526 2893 670 2968 quod
699 2891 899 2949 dicitur
928 2893 1249 2948 venenatum
1277 2889 1602 2946 naturaliter
1627 2889 1826 2951 inesse.
1860 2885 2125 2958 reliquam

527 2987 734 3058 partem
765 2985 831 3041 ad
866 2985 1043 3042 cibum
1071 2983 1344 3048 vindicet;
1377 2983 1498 3052 qua!
1529 2981 1631 3038 et'sl
1663 2987 1768 3035 non
1797 2979 1954 3052 plena
1985 2979 2128 3050 peri-

522 3079 652 3149 culi,
683 3081 860 3135 tamen
891 3079 1058 3136 vietus
1089 3073 1329 3148 periculo
1365 3081 1484 3143 est,
1527 3081 1582 3131 et
1610 3073 1918 3140 corruptela
1947 3073 2124 3145 aliqua

526 3176 748 3231 necesse
765 3177 850 3230 est
873 3173 926 3228 in
957 3170 1122 3227 totius
1141 3173 1365 3228 succum
1406 3171 1467 3224 se
1487 3166 1666 3223 carnis
1693 3155 1970 3222 infuderit.
2005 3165 2130 3220 Ple-

2227 1953 2592 2008 ratiocinatio.
2625 1953 2829 2010 Tamen
2857 1955 2902 2008 si
2936 1951 3228 2024 diligenter
3251 1951 3524 2014 intendas,
3557 1949 3648 2006 hic
3678 1951 3830 2004 locus

2223 2045 2376 2100 illum
2407 2046 2680 2116 explanat.
2714 2046 2847 2100 Cum
2876 2045 3020 2100 enim
3051 2045 3152 2101 hoc
3185 2046 3303 2100 loco
3343 2045 3579 2100 animam
3611 2042 3829 2116 sangui-

2227 2153 2349 2194 nem
2373 2137 2614 2207 dixerit,
2645 2138 2834 2210 utique
2855 2137 3184 2210 significavit
3219 2137 3369 2195 aliud
3395 2152 3522 2194 esse
3549 2138 3785 2192 animam
3807 2175 3826 2204 ,
3873 2127 3878 2130 “

2224 2231 2371 2286 aliud
2415 2231 2758 2300 sanguinem,
2807 2242 2866 2288 ut
2907 2231 2980 2286 sit
3023 2231 3218 2287 animae
3251 2231 3563 2288 substantia
3599 2232 3826 2302 spiritus

2225 2321 2405 2376 vitalis
2433 2339 2446 2375 :
2478 2321 2574 2378 sed
2606 2322 2781 2392 ipsum
2809 2323 3062 2394 spiritum
3091 2323 3311 2378 vitalem
3343 2339 3451 2380 non
3481 2339 3580 2396 per
3613 2339 3676 2380 se
3713 2332 3826 2378 tan-

2225 2421 2339 2470 tum
2367 2423 2422 2470 et
2446 2415 2565 2470 sine
2595 2415 2860 2488 sanguine
2880 2432 3042 2472 usum
3069 2417 3266 2474 aii'erre
3286 2416 3526 2484 vivendi,
3557 2416 3654 2473 sed
3681 2430 3824 2471 com-

2227 2509 2445 2566 misceri
2475 2511 2766 2580 sangu’ihi;
2817 2511 2944 2583 quia
2988 2519 3117 2568 sunt
3155 2527 3275 2583 qua:
3313 2521 3587 2568 vocantur
3612 2510 3822 2566 arteria

2224 2603 2374 2659 velut
2422 2593 2765 2674 receptacula
2817 2605 3072 2676 spiritus,
3121 2621 3244 2678 quae
3282 2621 3386 2663 non
3425 2605 3604 2662 solum
3643 2619 3820 2661 aerem

2227 2705 2421 2768 purum
2470 2693 2906 2768 amplectunluri
2957 2695 3052 2756 sed
3101 2699 3266 2755 etiam
3316 2699 3640 2770 sanguinem
3669 2740 3684 2764 ,
3729 2693 3818 2753 sed

2228 2791 2495 2848 minorem
2537 2789 2697 2864 longe
2732 2793 3010 2864 sanguinis
3041 2793 3369 2866 portionem.
3418 2793 3650 2849 Gemina
3683 2791 3820 2848 enim

2227 2902 2349 2942 cum
2375 2903 2499 2943 vasa
2529 2887 2659 2956 sint,
2687 2879 2832 2944 aliud
2864 2899 2948 2945 est
2978 2905 3128 2946 vente
3153 2905 3274 2962 quae
3295 2887 3421 2963 φλὲψ
3442 2903 3620 2960 graece
3645 2873 3823 2958 appel-

2230 2981 2389 3042 latur.
2416 2979 2560 3036 aliud
2583 2981 2816 3038 arteriae.
2845 2979 2990 3038 Vena
3013 2981 3134 3053 plus
3160 2981 3321 3036 habet
3341 2969 3640 3052 sanguinis,
3663 2992 3820 3050 quam

2229 3075 2480 3146 spiritus,
2515 3075 2618 3132 hoc
2642 3089 2755 3142 ρει,
2783 3073 2910 3153 φλὲψ
2937 3095 2950 3130 :
2983 3077 3184 3132 arteria
3214 3075 3390 3132 minus
3413 3073 3574 3130 habet
3603 3073 3818 3145 sangui-

2232 3173 2347 3232 nis.
2378 3167 2548 3224 multo
2581 3159 2811 3239 amplius
2841 3157 3083 3240 spiritus.
3116 3167 3235 3226 Jam
3269 3167 3590 3238 temperatio
3622 3183 3720 3240 pro
3747 3165 3822 3222 di-

524 3267 678 3339 rilllte
723 3265 884 3323 {illam
927 3265 1136 3336 sagittis
1172 3261 1454 3319 venenatis
1489 3259 1812 3330 transﬁgth
1831 3271 2026 3315 cervos
2063 3267 2120 3314 et
2153 3268 2198 3331 ί]
2229 3261 2490 3318 vei-sitale
2520 3267 2724 3317 natura:
2754 3263 2838 3318 est
2867 3261 3144 3318 hominum
3178 3261 3538 3332 singulorum.

527 3359 832 3430 huiusmodi
861 3357 1072 3413 Velocia
1113 3353 1388 3419 animalia.
1433 3363 1488 3409 et
1511 3361 1696 3424 postea
1747 3361 1958 3408 resecta
1996 3365 2130 3421 qua-

525 3452 652 3508 da‘nt
693 3459 845 3521 parte
873 3451 1278 3516 membrorum,
1312 3447 1520 3518 reliquo
1546 3455 1780 3514 corpore
1826 3445 1896 3498 ad
1947 3443 2127 3500 cibum

527 3551 770 3600 utuntur.

593 3635 686 3694 9i.
727 3634 883 3702 Quod
904 3627 1085 3691 autem
1114 3627 1182 3689 ad
1209 3633 1458 3689 altiorem
1479 3641 1700 3688 sensum
1728 3615 1983 3700 pertinet,
2023 3627 2128 3685 hoc

524 3737 630 3797 est,
663 3730 810 3786 unde
847 3727 1020 3799 magis
1048 3727 1250 3784 dictum
1280 3719 1366 3782 est
1417 3724 1560 3795 quod
1589 3722 1982 3780 irrationabiles
2006 3725 2130 3792 pas-

525 3819 708 3880 siones
738 3825 807 3880 ita
849 3819 1082 3881 debeant
1112 3821 1281 3877 menti
1323 3813 1609 3890 sapientis;
1652 3825 1710 3873 ut
1744 3817 1893 3872 olera
1923 3817 2128 3872 rustico

525 3919 647 3973 este
676 3915 946 3986 subjecta;
975 3921 1139 3986 atque
1163 3912 1234 3970 ita
1265 3911 1350 3967 bis
1377 3921 1594 3966 utamur
1619 3915 1889 3981 tamquam
1921 3907 2132 3978 reptili—

526 4007 624 4066 bus
670 4007 1121 4082 cogitationibus,
1159 4015 1216 4062 ut
1257 4005 1493 4078 agricola
1549 4001 1824 4068 oleribus,
1853 4017 1972 4075 quae
1998 4003 2129 4060 licet

523 4105 719 4160 obesse
747 4117 854 4158 non
885 4111 1139 4174 possmtt,
1170 4101 1275 4157 cibi
1305 4109 1484 4155 tamen
1528 4097 1637 4153 non
1669 4097 1873 4154 habent
1896 4097 2124 4169 gratiam

524 4197 783 4252 fortioris.
815 4193 1086 4252 Getterale
1114 4196 1258 4251 enim
1287 4193 1541 4248 omnibus
1588 4197 1644 4248 et
1669 4201 1960 4249 commune
1988 4207 2127 4264 prae-

523 4299 739 4358 ceptutn
761 4327 778 4356 ,
829 4301 934 4341 nou
963 4288 1154 4342 altiora
1203 4285 1388 4342 indicit
1425 4299 1626 4354 genera
1645 4284 1903 4338 virtutum
1933 4325 1948 4349 ,
2002 4299 2125 4354 quae

525 4383 712 4450 utique
741 4395 1032 4451 paucorum
1063 4387 1209 4436 sunt.
1236 4378 1342 4436 Sed
1370 4388 1424 4434 et
1446 4378 1491 4432 si
1515 4377 1634 4448 quis
1657 4377 1914 4432 virtutum
1937 4377 2126 4448 epulas

525 4457 778 4528 [uiliores
816 4459 920 4528 sibi
948 4459 1206 4527 exhibere
1233 4483 1342 4526 non
1387 4467 1583 4539 possit,
1611 4465 1917 4538 hujusmodi
1945 4469 2124 4524 tamen

527 4551 724 4622 Habeat
771 4565 1086 4635 passiones,
1162 4577 1284 4635 qua:
1349 4578 1457 4619 non
1538 4567 1802 4632 noceant,
1865 4561 1961 4620 sed
2030 4565 2126 4622 de-

523 4651 724 4715 lectent
743 4655 796 4714 ι».
1195 4661 1200 4664 ·

595 4737 688 4809 θὲ.
733 4749 858 4808 ideo
903 4751 955 4806 in
1008 4749 1278 4822 principio
1326 4753 1548 4806 sanctus
1575 4741 1788 4822 Moyses
1817 4747 2128 4807 informairit

524 4841 626 4904 nos
650 4847 813 4918 atque
858 4843 1116 4900 instruxit
1158 4841 1227 4899 de
1275 4839 1640 4898 insut‘iiatimte
1691 4835 1917 4911 animm,
1964 4837 2127 4916 266

523 4953 582 4998 ut
622 4957 728 4998 non
767 4940 1077 4996 laberemur
1119 4925 1464 5007 opinionibus
1507 4925 1739 4993 diversis
1777 4925 2127 5007 philosopho-

523 5035 670 5100 rum,
719 5033 810 5105 qttl
865 5031 966 5087 sibi
1019 5029 1122 5101 ipsi
1169 5037 1423 5084 conStare
1469 5043 1577 5084 non
1631 5037 1876 5098 possmtt.
1951 5025 2126 5085 Pleri-

523 5123 631 5200 que
685 5125 832 5182 enim
887 5124 1035 5178 varia
1090 5130 1413 5188 senserunt,
1499 5129 1557 5176 ut
1627 5120 1827 5176 Critias
1887 5129 1943 5178 et
2005 5121 2125 5193 ejus“

520 5219 1148 5289 discipuli,sanguinem
1199 5229 1320 5269 esse
1367 5214 1604 5268 animam
1647 5213 1916 5278 dicentes,
1965 5214 2124 5270 istam

521 5314 712 5386 utique
740 5309 978 5366 animam
1007 5311 1110 5379 qua
1138 5305 1389 5372 vitimus,
1422 5315 1545 5377 quae
1583 5313 1670 5360 est
1691 5293 1988 5372 sensibilis,
2017 5320 2124 5363 non

520 5391 670 5462 illam
709 5393 946 5461 animam
975 5417 1096 5474 quae
1128 5397 1472 5456 rationabilis
1500 5404 1557 5454 et
1592 5397 1950 5469 intelligibilis
1980 5389 2124 5456 inte-

598 5587 624 5624 ε
663 5583 791 5642 Mss.
819 5581 1194 5651 Curlt.,Vaic.,
1219 5569 1448 5638 Colb.et
1473 5581 1615 5638 Μαι.
1642 5593 1765 5636 eum
1797 5577 2120 5651 quibusdam

521 5657 875 5722 Parisaedilq
899 5653 966 5711 ad
997 5658 1204 5710 ruinam
1224 5653 1477 5723 Corporis.
1545 5722 1559 5726 _
1825 5723 1828 5726 Α

591 5727 622 5770 ιι
663 5727 759 5782 Hic
787 5721 1003 5800 aliquid
1027 5729 1295 5800 omissum
1318 5721 1563 5800 esses-ei
1583 5737 1728 5780 cmco
1749 5723 1950 5795 pateat.
1986 5721 2122 5782 Vide

519 5817 642 5874 qua:
657 5800 733 5874 in
743 5797 1117 5874 admonitione
1131 5797 1202 5854 de
1229 5797 1331 5855 hoc
1355 5797 1613 5854 diximus.

590 5884 611 5912 ο
654 5869 803 5927 Edit.
846 5884 966 5940 qua:
1022 5869 1322 5928 Romanam
1366 5878 1572 5931 secutae
1599 5875 1756 5938 sunt,
1823 5881 2120 5941 reposuere

2302 3353 2392 3410 95.
2435 3353 2615 3410 Altior
2649 3365 2830 3410 autem
2871 3367 3067 3410 sensus
3096 3353 3372 3411 delectare
3405 3363 3458 3410 te
3493 3351 3698 3421 debet,
3733 3351 3819 3425 qui

2229 3449 2499 3522 signiﬁcat
2530 3449 2848 3521 sanguinem
2877 3449 3112 3505 animam
3145 3449 3268 3506 ideo
3287 3449 3516 3514 dictum,
3547 3433 3675 3520 quia
3703 3462 3820 3503 san-

2229 3543 2348 3614 guis
2377 3543 2587 3600 calidus
2611 3551 2665 3598 et
2697 3543 2895 3614 ignitus
2920 3545 3039 3611 est',
3071 3543 3210 3598 sit-ut
3236 3549 3321 3598 est
3344 3542 3534 3598 virtus.
3567 3541 3817 3610 Quicuma

2229 3650 2335 3706 que
2363 3634 2528 3706 igitur
2547 3634 2726 3689 studio
2750 3635 2910 3690 fuerit
2935 3635 3152 3690 virtutis
3179 3649 3462 3702 accensus,
3490 3637 3544 3690 et
3569 3637 3816 3702 vaporem

2229 3727 2403 3784 laudis
2432 3728 2814 3798 assumpserit,
2855 3743 3044 3783 omnes
3081 3727 3307 3784 delicias
3333 3727 3539 3783 ventris
3565 3725 3815 3782 excludit.

2230 3821 2303 3877 Ea
2334 3821 2494 3891 igitur
2524 3821 2910 3890 cogitationum
2943 3837 3066 3893 qua:
3093 3829 3222 3877 sunt
3249 3823 3491 3877 carnalia
3524 3829 3688 3891 atque
3717 3829 3816 3875 ter-

2229 3929 2384 3983 rena,
2427 3914 2480 3969 in
2527 3913 2763 3978 virtutis.
2819 3913 3014 3983 inquit,
3069 3913 3265 3969 ardore
3327 3913 3490 3983 positi
3541 3911 3814 3983 rejicielis,

2229 4009 2382 4080 quasi
2413 4007 2670 4063 inhabilia
2695 4007 2920 4078 spiritali
2945 4005 3085 4061 cibo.
3116 4005 3233 4062 Non
3261 4006 3402 4062 enim
3427 4021 3647 4061 carnem
3670 4021 3816 4061 man-

2229 4099 2491 4166 ducabat,
2535 4099 2636 4155 hoc
2675 4107 2789 4168 est,
2823 4107 3099 4155 terrenum
3144 4099 3362 4170 aliquod
3399 4098 3690 4168 cngitabat,
3731 4095 3816 4168 qui

2229 4191 2400 4249 dixit:
2447 4189 2595 4247 Meus
2639 4193 2782 4247 cibus
2823 4203 2916 4258 est,
2965 4201 3020 4247 ut
3065 4192 3256 4264 faciam
3295 4191 3612 4245 voluntatem
3651 4179 3817 4244 Patris

2227 4287 2328 4342 mei
2353 4287 2442 4358 qui
2475 4287 2527 4340 in
2565 4287 2704 4342 cadis
2734 4293 2808 4341 est
2835 4283 3015 4359 (Joan.
3058 4301 3128 4352 tv,
3162 4283 3277 4356 54),
3308 4283 3482 4339 studia
3517 4271 3816 4338 hominibus

2228 4381 2444 4435 virtutis
2471 4379 2769 4450 inspirans,
2794 4385 2849 4435 et
2875 4375 3226 4450 cupiditatem
3250 4369 3453 4432 divina:
3482 4373 3814 4445 cogitationis

2225 4471 2536 4529 infundens.
2593 4471 2739 4543 Ergo
2786 4481 3022 4528 terrente
3068 4463 3424 4542 cogitationes
3470 4481 3521 4527 et
3573 4459 3812 4536 infirmae,

2227 4565 2378 4637 quasi
2409 4566 2629 4621 evirata:
2653 4571 2708 4621 et
2735 4565 2854 4620 sine
2883 4579 2980 4620 usu
3007 4565 3286 4636 sanguinis
3313 4563 3599 4619 habentur.
3638 4551 3701 4618 Et
3731 4561 3815 4618 ille

2148 4663 2204 4726 D
2230 4659 2472 4716 eviratus
2506 4657 2724 4725 dieitur,
2773 4649 2862 4729 qui
2907 4657 3185 4728 sanguinis
3224 4655 3513 4728 plurimum
3556 4657 3811 4721 amiserit,

2229 4751 2430 4808 etenim
2469 4751 2747 4821 sanguinis
2787 4749 3052 4806 eiiusione
3091 4749 3353 4821 frigescit.
3383 4747 3638 4819 Quisquis
3665 4747 3816 4819 igitur

2228 4841 2462 4914 diligens
2491 4843 2747 4898 virtutum
2776 4847 2888 4910 est,
2923 4841 3077 4898 cibos
3102 4843 3313 4913 ablegat
3338 4851 3392 4896 et
3421 4839 3599 4912 rejicit
3634 4847 3814 4909 corpo-

2227 4935 2372 4992 rales
2393 4977 2408 5002 ,
2453 4933 2556 4990 uisi
2587 4943 2846 5016 quantum
2879 4935 2979 4990 scit
3009 4935 3141 4990 satis
3167 4949 3287 4990 esse
3317 4939 3546 4990 naturae.
3573 4930 3816 5004 Quisquis

2226 5037 2408 5084 autem
2447 5027 2806 5099 negligentior
2845 5025 3119 5099 tamquam
3163 5025 3430 5084 lubricum
3469 5033 3525 5083 et
3561 5035 3815 5098 aqu'osum

2229 5121 2355 5178 vitae
2381 5121 2538 5178 istius
2573 5119 2736 5178 fuerit.
2761 5127 2981 5178 cursum
3009 5133 3259 5188 secutus,
3289 5125 3442 5193 quasi
3467 5111 3683 5176 amissis
3709 5133 3816 5176 ves-

2231 5217 2376 5288 tigiis
2393 5219 2444 5274 in
2471 5227 2680 5276 uterum
2697 5217 2898 5274 decidit
2921 5228 2974 5274 et
2997 5229 3256 5274 ventrem.
3283 5220 3466 5288 Itaque
3487 5233 3548 5272 ea
3566 5230 3689 5290 qua:
3703 5222 3816 5296 sunt

2231 5317 2446 5366 terrena
2469 5299 2758 5378 desiderat,
2979 5311 3086 5366 cibi
3113 5309 3347 5367 cmlestis
3378 5301 3624 5367 alienus:
3656 5321 3710 5368 et
3738 5305 3816 5380 qui

2227 5415 2336 5458 non
2389 5401 2562 5474 possit
2606 5401 2826 5458 dicere:
2879 5401 3079 5458 Nostra
3123 5403 3444 5457 conversatio
3481 5403 3536 5457 in
3571 5403 3714 5458 rariis“
3753 5408 3815 5457 est

2225 5581 2444 5654 partim,
2479 5581 2570 5638 Est
2612 5591 2878 5658 nutanti...
2909 5587 3208 5658 estretiam;
3235 5585 3526 5658 partitum.
3555 5583 3687 5640 Esse
3728 5604 3814 5642 au-

2225 5659 2416 5728 tem}...
2449 5664 2523 5710 est
2552 5657 2725 5710 etiam.
2775 5655 2881 5714 Sed
2931 5657 3037 5728 vel.
3072 5655 3262 5713 omnes
3289 5673 3410 5728 cum
3435 5673 3565 5712 mss.
3599 5670 3816 5728 utroque

2223 5725 2342 5802 loco
2361 5725 2573 5802 legunt,
2597 5743 2703 5782 esse
2727 5747 2749 5802 ;Δ
2776 5729 2863 5784 ubi
2902 5719 3118 5802 aliquod
3142 5745 3172 5784 e
3200 5723 3376 5784 verbis
3401 5729 3650 5799 superius
3681 5719 3815 5801 posi—

2223 5797 2314 5928 :15,
2349 5797 2612 5928 Simirum
2667 5799 2966 5870 volnerant,
2994 5797 3107 5860 'vel
3161 5809 3440 5881 teneamus,
3469 5797 3813 5876 tuente—sup-

2279 5885 2345 5928 en
2387 5885 2500 5928 um.

2219 5885 2476 5943 ptenuum
2485 5908 2500 5926 ο
