4082 6370
246 345 362 409 405

1387 353 1474 412 ne
1507 351 1640 410 nos
1681 317 1767 408 rfr
1807 323 1990 408 Auct
2028 351 2233 409 LIBER
2271 352 2470 413 unus.

3475 354 3583 413 406

246 457 535 547 (Philipp.
563 491 649 546 tn,
679 477 800 552 ΞΟ).
832 476 1068 549 Ideoque
1091 485 1148 532 ut
1176 473 1241 530 ad
1264 482 1506 532 secretos
1530 480 1874 544 provocaret,
1904 471 1953 531 Α
1982 469 2290 527 domorum.
2338 472 2464 529 Illos
2493 486 2623 545 ergo
2658 473 2921 532 Dominus
2959 474 3025 530 ad
3067 473 3290 531 ultionis
3322 473 3579 545 judicium

245 563 326 618 ait
357 565 546 622 idem:
583 567 672 624 Ne
708 570 994 641 tetigeritis,
1027 585 1089 623 ne
1115 567 1567 633 attaminaveritis,
1607 581 1668 620 ne
1703 573 1881 636 gusta-

245 659 432 714 veritis
470 677 592 732 qua:
625 675 746 718 sunt
783 664 854 718 ad
887 663 1231 734 corruptelam
1277 663 1388 732 ipso
1433 678 1553 726 usu,
1594 659 1881 714 secundum

247 764 525 823 prwcepta
549 764 601 808 et
633 755 897 811 doctrinas
925 757 1185 809 hominum
1214 771 1328 822 quae
1345 764 1462 807 sunt
1492 753 1740 808 rationem
1765 752 1881 821 qui-

249 844 372 900 dem
402 845 658 904 habentia
677 850 962 920 sapientite,
984 849 1039 903 in
1069 849 1413 904 observatione
1428 848 1697 921 religionis
1719 857 1764 902 et
1784 847 1881 900 ltit-

247 938 478 996 militate
505 943 707 1005 cordis.
739 961 840 997 non
867 943 920 996 in
941 943 1264 1014 indulgentia
1294 941 1549 1007 corporis,
1582 956 1683 994 non
1708 941 1760 992 in
1789 939 1879 991 lto-

248 1048 384 1112 nore
407 1035 596 1104 aliqua
618 1037 690 1091 ad
709 1037 1026 1090 saturitatem
1046 1045 1092 1091 et
1112 1035 1435 1107 diligentiam
1453 1033 1626 1087 carnis
1650 1031 1875 1103 (Coloss.

247 1138 310 1192 tt,
345 1126 417 1180 21
451 1137 504 1182 et
533 1130 696 1200 seq.).
865 1118 870 1124 ’

840 1261 1075 1320 CAPUT
1113 1262 1308 1318 XXVI.

248 1377 512 1449 Peiorem
547 1381 725 1436 bestiis
766 1398 873 1437 esse
913 1382 1000 1454 qni
1041 1383 1276 1453 fratrem,
1304 1380 1363 1434 id
1401 1388 1496 1443 est,
1529 1376 1759 1449 ejusdem
1788 1392 1882 1431 na-

329 1482 472 1529 tura
497 1485 792 1530 consortem
819 1475 1066 1530 occiderit
1089 1492 1105 1539 ;
1141 1477 1313 1546 majus
1335 1482 1502 1528 tamen
1538 1473 1823 1541 periculum
1849 1489 1882 1525 a

336 1563 604 1639 fratribus
625 1569 748 1638 ipsis
767 1569 1023 1638 germanis
1042 1569 1392 1632 metuendum;
1412 1568 1582 1638 eisque
1598 1569 1880 1636 fraternum

333 1676 538 1714 nomen
588 1678 689 1715 non
729 1659 992 1732 abrogari,
1026 1652 1080 1713 ut
1110 1657 1287 1714 eorum
1330 1659 1492 1728 magis
1518 1669 1755 1730 gravetur
1785 1657 1882 1709 im-

333 1746 548 1823 pietas.°
572 1751 723 1808 Unde
744 1754 938 1806 morale
960 1753 1167 1824 dogma,
1203 1753 1386 1822 cuique
1415 1769 1446 1804 a
1483 1750 1703 1822 propriis
1738 1749 1881 1821 cogi-

1985 562 2439 633 comprehendit,
2487 580 2626 638 quos
2674 567 2849 639 magis
2899 567 3252 624 insidiaturos
3297 565 3402 623 sibi
3455 579 3580 622 esse

1980 655 2256 724 cognovit.

2050 747 2139 802 96.
2186 747 2428 805 Tertium
2446 761 2526 806 est
2545 751 2688 823 quod
2710 751 2762 808 in
2784 764 2853 808 eo
2878 754 3098 810 fratrem
3114 753 3270 818 dixit,
3294 766 3398 808 non
3417 751 3582 824 268

1980 842 2123 913 quod
2150 842 2344 913 dignus
2377 845 2594 912 pictatis
2630 848 2849 904 nomine
2889 848 3162 920 parricida
3199 849 3309 904 sit:
3348 846 3443 904 sed
3475 860 3584 916 quo

1981 935 2152 1006 magis
2177 935 2390 1005 pietatis
2411 945 2667 1007 gravetur
2687 939 2978 1007 vocabulo,
3001 948 3168 1012 atque
3189 938 3315 996 inde
3347 938 3436 995 fiat
3465 953 3584 994 sce—

1981 1025 2108 1083 leris
2141 1032 2532 1085 incrementum
2555 1071 2571 1098 ,
2601 1046 2710 1102 quo
2734 1032 2935 1102 justior
2963 1033 3036 1090 sit
3075 1033 3309 1090 vindicta
3337 1030 3582 1089 scelesti.

1982 1119 2129 1192 Ergo
2173 1122 2434 1178 Dominus
2475 1123 2620 1179 Dens
2652 1134 2839 1180 noster
2881 1126 3142 1182 ultionem
3186 1125 3485 1198 promittit:
3528 1132 3588 1178 ut

1982 1215 2067 1272 vel
2097 1216 2177 1272 sic
2217 1216 2499 1288 frangatur
2526 1229 2674 1274 tnetu
2696 1259 2711 1283 ,
2763 1217 2855 1288 qui
2886 1218 3106 1290 pietatis
3131 1229 3216 1276 est
3244 1219 3484 1283 oblitus;
3531 1227 3590 1273 et

1982 1307 2123 1364 sciat
2168 1309 2312 1378 quod
2354 1309 2570 1366 etiamsi
2611 1309 2857 1365 homines
2897 1309 3116 1380 effugiat
3145 1310 3447 1375 homicida,
3493 1308 3586 1365 Dei

1983 1411 2163 1458 tamen
2199 1403 2463 1473 judicium
2509 1420 2615 1460 non
2656 1405 2827 1474 possit
2859 1402 3121 1470 evadere,
3168 1404 3265 1461 sed
3303 1402 3498 1474 majori
3537 1412 3595 1459 et

1983 1505 2188 1550 aeterno
2219 1497 2484 1568 supplicio
2513 1506 2841 1554 reservetur.

2053 1589 2143 1644 97.
2187 1589 2393 1645 Altiure
2441 1600 2624 1646 autem
2649 1604 2810 1646 sensu
2839 1601 2861 1630 ο
2909 1588 3013 1645 hoc
3061 1587 3434 1660 intelligimus,
3478 1601 3588 1644 non

1983 1682 2159 1738 solum
2187 1683 2256 1738 ab
2282 1695 2662 1740 extraneorum
2696 1683 2905 1740 insidiis
2927 1729 2942 1753 ,
2977 1693 3163 1740 verum
3193 1683 3357 1738 etiam
3390 1699 3419 1737 a
3462 1697 3592 1738 nos-

1983 1778 2104 1842 tris,
2129 1776 2231 1832 hoc
2256 1786 2359 1839 est,
2393 1777 2710 1833 domesticis
2747 1776 3167 1849 cogitationibus
3195 1775 3353 1831 nobis
3381 1790 3586 1832 caven-

332 1843 627 1901 tationibus
666 1863 730 1900 ac
762 1843 925 1901 verbis
961 1846 1262 1900 cavendum.
1309 1845 1490 1913 Qualis
1524 1848 1577 1898 in
1620 1845 1722 1915 (usi
1760 1862 1880 1898 san-
1911 1877 1960 1938 Β
1984 1871 2135 1927 dum.
2163 1872 2370 1927 Deinde
2414 1843 2998 1929 observandum'nobis
3031 1881 3140 1927 non
3168 1872 3346 1928 50mm
3374 1886 3402 1926 θ
3435 1869 3593 1926 mam

332 1940 517 2010 guinis
544 1939 808 1994 auctorem
835 1940 1203 1995 comminatio:
1235 1939 1323 2008 qui
1349 1939 1540 1992 dictum
1567 1938 1631 1992 de
1651 1938 1875 2004 homine,

331 2024 402 2086 ad
451 2029 750 2104 imaginem
786 2031 881 2088 Dei
924 2031 1049 2088 fecit
1079 2045 1241 2089 eum:
1285 2031 1469 2104 quidve
1499 2031 1676 2085 addita
1712 2030 1884 2085 vindi-

333 2137 438 2182 cta:
475 2121 639 2182 causa
681 2145 771 2182 nos
808 2127 1008 2184 doceat.

338 2241 439 2298 9.5.
488 2240 735 2314 Denique
766 2241 911 2298 hunc
941 2257 1160 2297 sensum
1189 2257 1310 2297 esse
1345 2241 1642 2308 posteriora
1680 2254 1876 2311 appro-
1905 2234 1914 2244 ’

260 2327 424 2404 baut;
445 2338 530 2393 sic
545 2337 688 2392 enim
705 2337 800 2392 ait:
827 2334 1032 2392 Etenim
1047 2346 1262 2392 vestrum
1280 2337 1606 2407 sanguinem,
1622 2346 1668 2390 et
1685 2338 1884 2390 anima-

262 2414 387 2482 rum
415 2437 703 2482 vestrarum
727 2430 994 2501 exquiram
1022 2430 1083 2482 de
1103 2428 1332 2484 omnibus
1351 2428 1542 2496 bestiis,
1572 2438 1617 2483 et
1644 2429 1706 2483 de
1727 2445 1886 2484 manu

263 2519 502 2576 hominis
549 2518 701 2595 (Gen.
749 2537 824 2587 ts,
868 2521 950 2592 5).
992 2522 1208 2577 Besuali
1258 2523 1478 2577 malitiae
1526 2522 1884 2593 ctimparavit,

264 2612 384 2668 into
428 2611 594 2668 etiam
637 2624 661 2651 °
703 2615 980 2671 acervavit
1042 2614 1377 2686 iniquitatem
1461 2615 1697 2670 hominis
1741 2615 1883 2672 ultra

266 2706 584 2780 bestiarum
641 2707 944 2776 feritatem,
1004 2707 1277 2764 dicendo:
1335 2708 1414 2764 De
1460 2726 1617 2764 manu
1661 2709 1885 2764 hominis

270 2801 484 2873 fratris.
529 2802 741 2858 Etenim
775 2803 967 2859 bestia:
1012 2803 1143 2858 nihil
1177 2803 1458 2860 nobiscum
1491 2805 1694 2862 habent
1730 2820 1884 2861 com-

273 2908 452 2969 mune
504 2904 735 2958 naturae,
784 2897 936 2951 nullo
973 2897 1120 2951 velut
1166 2897 1409 2953 fraterno
1451 2898 1573 2970 jure
1619 2899 1886 2955 devinctze

275 2996 430 3066 sunt.
470 2989 526 3045 Si
565 2998 771 3045 nocent
800 2987 1111 3044 hominibus
1131 3031 1144 3056 ,
1173 2992 1328 3061 quasi
1359 2991 1634 3047 extraneis
1665 3002 1884 3048 nocent.

276 3079 504 3164 [ﬂaturae
544 3081 669 3152 jura
715 3096 819 3137 non
871 3082 1090 3146 violant,
1137 3083 1512 3155 germanitatis
1554 3100 1662 3140 non
1694 3085 1889 3141 oblivi-

277 3157 516 3231 scuntur
541 3173 815 3232 affectum.
847 3175 973 3232 Ideo
999 3178 1219 3248 gravius
1248 3165 1414 3232 homo
1440 3188 1626 3248 peccat
1654 3181 1747 3252 qui
1782 3180 1890 3236 fra-

1990 1965 2064 2020 tia
2087 1966 2305 2033 mentis,
2343 1980 2529 2022 verum
2559 1966 2720 2022 etiam
2748 1967 2816 2021 ab
2843 1965 2974 2037 ipsis
2990 1963 3334 2020 sermonibus
3363 1963 3588 2019 nostris.

1985 2056 2222 2128 Ideoque
2273 2058 2392 2113 ait:
2423 2059 2500 2112 De
2548 2059 2871 2129 multitoquio
2918 2075 3021 2114 non
3073 2056 3287 2130 e/I'ugies
3329 2067 3595 2130 peccatum

1990 2147 2178 2223 (Prov.
2203 2166 2261 2215 ι.
2294 2151 2406 2222 l9).
2437 2151 2582 2221 Ergo
2607 2151 2709 2207 hoc
2730 2151 3023 2223 significari
3053 2151 3266 2207 videtur
3281 2165 3389 2206 non
3414 2149 3593 2207 solum

1986 2245 2167 2314 aperis
2196 2245 2390 2312 nostri,
2429 2246 2525 2300 sed
2570 2249 2731 2302 etiam
2780 2246 3050 2302 sermonis
3077 2245 3167 2316 qui
3193 2253 3278 2302 est
3302 2246 3471 2314 magis
3494 2245 3591 2300 do-

1990 2338 2265 2404 ntesticus,
2292 2339 2555 2395 rationem
2581 2338 2808 2395 Domino
2839 2353 2960 2395 esse
2986 2336 3336 2396 reddendam.
3373 2337 3441 2393 Et
3469 2336 3595 2396 ideo

1989 2428 2303 2501 diligentius
2354 2430 2839 2499 considerandum,
2909 2447 2977 2488 ne
3027 2431 3113 2488 vel
3172 2445 3453 2497 sermone,
3507 2430 3594 2488 vel

1991 2537 2155 2592 Opere
2193 2521 2578 2579 contrahamus
2621 2522 2915 2590 offensam;
2971 2525 3096 2595 quia
3139 2523 3283 2580 sicut
3324 2538 3421 2579 ore
3467 2536 3600 2579 eon-

1992 2617 2156 2672 fessio
2187 2616 2249 2672 fit
2275 2617 2343 2672 ad
2385 2616 2642 2684 salutem,
2669 2618 2748 2674 sic
2773 2633 2871 2674 ore
2897 2618 2960 2674 fit
2986 2618 3170 2690 lapsus
3203 2617 3271 2674 ad
3292 2628 3547 2675 mortem.

2067 2708 2157 2766 98.
2203 2709 2307 2779 Qui
2341 2709 2600 2778 e/fuderit,
2634 2711 2831 2785 inquit,
2872 2712 3176 2782 sanguinem
3222 2711 3469 2777 ltontinis,
3500 2726 3596 2784 pro

1991 2805 2244 2875 sanguine
2298 2804 2523 2859 hominis
2567 2807 2706 2878 ejus,
2738 2803 3034 2873 eﬂ‘undetur
3062 2802 3222 2878 (Gen.
3251 2818 3330 2871 ts,
3361 2804 3441 2876 6).
3472 2801 3593 2862 Non

1991 2895 2196 2949 erravit
2237 2895 2458 2962 locutio,
2491 2895 2590 2951 sed
2620 2895 2895 2967 emphasis
2921 2905 3029 2960 est,
3072 2895 3126 2952 id
3153 2905 3262 2962 est,
3299 2910 3595 2968 exaggera-

1993 2987 2070 3044 tio
2115 2986 2258 3042 facta
2301 2989 2592 3045 verborum
2646 2997 2754 3056 est,
2788 3003 2856 3045 eo
2894 2988 3039 3060 quod
3068 2988 3114 3044 is
3161 2988 3300 3060 quid
3340 2988 3594 3044 effuderit

1992 3081 2310 3152 sanguinem
2344 3081 2600 3148 hominis,
2657 3081 2773 3151 ipse
2812 3081 2965 3151 quasi
2996 3079 3214 3152 sanguis
3257 3079 3591 3158 effundatur,

1993 3175 2136 3244 quod
2171 3190 2319 3247 spem
2342 3176 2392 3232 ei
2424 3175 2756 3246 posteritatis
2789 3175 3022 3246 eripiat;
3055 3174 3183 3245 quia
3210 3173 3348 3230 sicut
3375 3175 3598 3244 sanguis

277 3267 351 3322 tri
387 3263 678 3323 insidiatur
704 3287 718 3323 :
746 3279 800 3324 et
833 3265 1100 3325 Dominus
1128 3271 1372 3326 severius
1398 3271 1796 3330 vindicaturum
1828 3290 1889 3333 se
1916 3283 1963 3349 ο
1993 3266 2197 3324 eﬂ'usus
2216 3268 2270 3323 in
2295 3276 2517 3333 terram,
2535 3267 2636 3322 hac
2651 3276 2814 3338 atque
2832 3267 2956 3323 illac
2981 3265 3282 3338 spargitur,
3315 3265 3600 3336 itaimpio-

276 3373 407 3415 esse
446 3361 693 3432 promisit
736 3360 961 3418 dicens:
1005 3362 1325 3434 Sanguinem
1371 3365 1593 3421 hominis
1633 3365 1698 3421 de
1734 3383 1889 3422 manu

279 3455 466 3524 fratris
494 3456 608 3526 ejus
645 3455 931 3525 exquiram.
970 3453 1050 3511 An
1081 3469 1187 3510 non
1219 3454 1389 3510 frater
1424 3466 1509 3513 est
1536 3473 1696 3528 quem
1725 3459 1891 3515 ratio-

282 3545 486 3602 nabilis
532 3557 741 3602 natura:
776 3547 1000 3619 quidam
1040 3555 1230 3604 uterus
1272 3548 1493 3616 effudit,
1541 3559 1599 3606 et
1640 3552 1888 3622 ejusdem

283 3641 480 3696 matris
515 3639 675 3696 nobis
701 3641 988 3712 generatio
1017 3642 1338 3712 c0pulavit‘t
1379 3641 1587 3700 Eadem
1614 3644 1760 3701 enim
1791 3661 1888 3700 na-

281 3740 413 3790 tura
452 3734 697 3790 omuium
734 3745 909 3792 mater
950 3745 1038 3792 est
1071 3736 1392 3806 hominum;
1433 3748 1490 3795 et
1531 3739 1655 3796 ideo
1690 3739 1886 3796 fratres

284 3841 481 3884 sumus
503 3841 714 3894 omnes.
747 3843 852 3884 una
889 3837 1052 3896 atque
1081 3829 1272 3886 eadem
1300 3839 1473 3887 matre
1498 3832 1767 3903 generati,
1795 3846 1888 3889 co-

283 3921 669 3992 gnationisque
693 3921 888 3978 eodem
907 3922 1031 3993 jure
1058 3922 1319 3978 devincti.

303 4071 308 4078 ,
361 4014 456 4071 95.
501 4014 736 4085 Ideoque
761 4025 812 4071 et
844 4015 1104 4070 Dominus
1125 4015 1348 4073 fratrem
1377 4016 1670 4090 appellavit
1691 4027 1745 4073 et
1765 4032 1891 4074 eum

287 4107 517 4163 fratrem
533 4121 562 4162 a
577 4122 684 4178 quo
702 4107 918 4178 sanguis
933 4109 1111 4162 fratris
1123 4109 1445 4181 exquiritur,
1465 4110 1770 4181 significans
1787 4126 1895 4167 ma-

285 4189 376 4273 gis
397 4198 566 4256 abhis
587 4197 886 4271 periculum
904 4200 1392 4272 pertimescendum
1413 4205 1502 4272 qui
1527 4201 1772 4259 fraterno
1787 4202 1892 4258 sibi

280 4297 412 4368 jure
433 4294 730 4350 sociantur.
753 4293 889 4350 llinc
906 4296 1104 4350 etenim
1123 4295 1354 4363 insidi-ae,
1373 4295 1498 4352 hinc
1525 4296 1761 4368 pericula
1792 4297 1900 4354 fre-

287 4387 575 4460 quentiora
623 4386 936 4444 hominibus
975 4398 1382 4460 comparantur,
1433 4399 1488 4446 et
1537 4401 1593 4447 ut
1639 4390 1896 4462 specialia

289 4477 845 4550 comprehendamus,
871 4480 1013 4551 quod
1044 4479 1300 4537 fratribus
1329 4481 1617 4554 specialius
1639 4483 1695 4538 in
1719 4483 1894 4540 luere-

292 4571 481 4629 ditatis
507 4572 772 4629 divisione
803 4572 1113 4645 frequenter
1135 4575 1257 4632 odia
1287 4586 1659 4633 succrescunt.
1689 4577 1896 4636 Deinde

295 4667 343 4723 si
368 4667 518 4723 fratri
547 4667 779 4738 amplius
802 4669 1059 4724 eollatutn
1089 4668 1252 4725 fuerit
1279 4686 1308 4726 a
1337 4670 1670 4740 parentibus,
1695 4669 1895 4730 fratres

1995 3377 2115 3422 rum
2174 3361 2351 3416 anima
2386 3370 2409 3398 ο
2446 3375 2724 3430 corporeae
2783 3359 3090 3431 fragilitatis
3145 3374 3298 3415 more
3351 3357 3599 3418 solvatur

1995 3454 2141 3526 (Job.
2156 3470 2225 3510 xx
2237 3469 2352 3518 xm,
2378 3453 2636 3524 28);quia
2661 3453 2795 3512 etde
2818 3455 2996 3510 anima
3018 3453 3222 3510 dictum
3243 3460 3329 3510 est
3355 3461 3593 3514 mortem

1992 3547 2111 3616 ejus
2140 3561 2260 3604 esse
2278 3545 2708 3617 corruptionem,
2735 3563 2802 3602 eo
2823 3546 2966 3618 quod
2997 3547 3186 3617 gratia:
3212 3545 3453 3604 omlestis
3475 3560 3596 3602 mu-

1995 3655 2125 3697 nere
2161 3639 2534 3709 defraudetur,
2577 3648 2634 3697 et
2661 3640 2813 3697 velut
2855 3639 3046 3696 collisa
3094 3639 3318 3698 malitia
3355 3637 3598 3711 scopulis

1993 3734 2328 3790 salubritatis
2348 3748 2462 3790 ante
2482 3748 2683 3804 corpus
2708 3733 3012 3790 imminuat.

2065 3829 2156 3886 99.
2197 3828 2377 3886 Movet
2403 3828 2565 3885 etiam
2595 3829 2886 3900 plerosque
2913 3826 3058 3899 quod
3087 3826 3287 3886 dixerit
3316 3842 3334 3883 :
3359 3826 3442 3883 Ad
3466 3827 3602 3882 imae

1989 3923 2162 3990 ginem
2183 3921 2278 3977 Dei
2291 3922 2409 3992 fecit
2437 3922 2691 3977 hominem
2713 3920 2871 3995 (Gen.
2902 3936 2984 3987 ts,
3013 3919 3070 3992 ϐ)
3101 3939 3114 3976 :
3143 3927 3325 3977 etnon
3354 3919 3595 3978 dixerit:

1994 4014 2079 4072 Ad
2111 4015 2396 4085 imaginem
2419 4029 2633 4081 meam,
2679 4028 2804 4070 cum
2832 4013 2947 4083 ipse
2987 4013 3059 4068 sit
3084 4013 3242 4070 Deus.
3288 4010 3396 4068 Sed
3437 4011 3600 4068 intel-

1997 4109 2102 4180 lige
2128 4118 2183 4164 et
2212 4110 2425 4165 Patrem
2449 4123 2592 4175 esse,
2632 4118 2688 4165 et
2712 4107 2909 4164 Filium
2935 4121 3080 4164 esse.
3122 4106 3192 4162 Et
3228 4105 3356 4164 licet
3382 4121 3480 4178 per
3509 4105 3599 4166 Fi-

1997 4202 2128 4258 lium
2174 4203 2352 4258 omnia
2402 4202 2536 4257 facta
2560 4209 2716 4267 sunt,
2768 4209 2950 4258 tamen
2994 4198 3222 4272 legimus
3264 4199 3392 4270 quia
3435 4197 3599 4258 Pater

2003 4296 2421 4362 feceritomnia,
2455 4304 2512 4353 et
2558 4296 2746 4352 fecerit
2769 4310 2864 4366 per
2889 4293 3118 4361 Filium,
3160 4293 3300 4349 sicut
3331 4292 3600 4364 scriptum

1999 4400 2086 4449 est
2114 4410 2127 4446 :
2160 4390 2348 4448 Omnia
2373 4392 2426 4446 in
2476 4391 2730 4462 sapientia
2769 4389 2937 4460 fecisti
2963 4386 3089 4460 (Ps.
3145 4402 3260 4454 cut,
3305 4385 3423 4460 ει).
3469 4387 3600 4445 Sive

1997 4501 2128 4556 ergo
2165 4484 2324 4540 Pater
2347 4484 2498 4552 dicit,
2525 4483 2594 4540 ad
2639 4483 2927 4555 imaginem
2959 4481 3121 4540 Verbi
3145 4479 3276 4539 fecit
3307 4497 3322 4540 :
3354 4481 3470 4536 sive
3508 4479 3602 4538 Fi-

1999 4579 2102 4635 lius
2122 4579 2274 4646 dicit,
2297 4578 2364 4634 ad
2393 4578 2679 4650 imaginem
2711 4577 2807 4636 Dei
2837 4579 3013 4639 Patris
3043 4577 3187 4636 fecit.
3218 4574 3287 4634 Et
3306 4575 3601 4634 ideofami-

1999 4671 2188 4728 liarem
2212 4671 2502 4742 quamdam
2531 4679 2587 4728 et
2624 4671 2978 4728 domesticam
3000 4671 3110 4727 Deo
3137 4669 3477 4728 demonstrat
3503 4667 3606 4725 ho.

295 4759 389 4840 alii
420 4759 767 4833 indignantur
795 4764 988 4833 magis,
1024 4773 1077 4819 et
1105 4765 1336 4835 gratiam
1369 4781 1398 4820 a
1430 4766 1748 4837 parentibus
1773 4769 1891 4824 col-
1920 4742 1974 4803 D
1999 4765 2162 4821 minis
2179 4779 2304 4822 esse
2330 4774 2611 4834 naturam,
2644 4765 2698 4821 id
2737 4776 2822 4822 est
2868 4763 3207 4822 rationabilis
3233 4763 3468 4821 hominis
3512 4780 3603 4821 se-

297 4853 462 4910 latam
495 4856 785 4928 parricidio
815 4857 1030 4913 auferre
1059 4868 1346 4914 conantur.
1389 4859 1493 4915 Ista
1539 4863 1710 4932 magis
1747 4861 1895 4919 bella

298 4957 569 5019 suspecta,
593 4948 732 5006 bella
765 4964 873 5007 non
902 4948 931 4990 δ
952 4951 1152 5007 civium
1177 4960 1406 5019 tantum,
1430 4952 1527 5009 sed
1556 4953 1892 5027 singularum

373 5113 401 5142 ιι
440 5101 641 5158 Omnes
662 5099 791 5157 edit.
825 5102 1099 5159 acerbavit.
1138 5102 1270 5158 Mss.
1302 5101 1518 5169 melius,
1550 5107 1820 5167 acervavit.
1844 5105 1897 5162 id

297 5184 405 5251 est,
443 5173 772 5251 esagerayit.
823 5175 888 5251 lit
938 5176 1039 5231 hoc
1077 5174 1246 5251 semel
1289 5175 1638 5251 monendum,
1681 5178 1770 5251 ubi
1801 5178 1898 5233 ha-

301 5248 461 5374 }ietnr
488 5248 540 5300 in
573 5245 706 5300 edit'.
740 5246 961 5302 verbum
986 5289 1002 5313 ,
1051 5246 1258 5313 acerbo,
1307 5261 1524 5319 semper
1546 5247 1659 5304 fere
1685 5250 1738 5305 in
1763 5265 1894 5307 mss.

323 5333 430 5374 em.
458 5333 658 5372 acervo.

323 5333 430 5382 egi,
458 5333 658 5372 acervo.

302 5334 430 5428 ως,
458 5334 658 5372 acervo.

325 5460 328 5461 ν
445 5387 541 5445 Hic
585 5389 996 5461 ntagnantunrin
1037 5403 1168 5442 mss.
1216 5397 1326 5443 tum
1357 5388 1408 5443 in
1438 5390 1566 5445 edit.
1599 5393 1896 5461 corruptio.

304 5460 662 5534 CndaCOt‘bu
691 5457 1044 5534 C0|b.,‘_Valc.
1076 5471 1140 5514 ac
1176 5460 1318 5534 edit.
1338 5461 1489 5527 Am.,
1514 5462 1642 5517 Gill.
1666 5471 1718 5517 et
1747 5457 1896 5534 tium-

303 5533 428 5596 dnm
454 5531 786 5605 Paris.,__non
822 5530 917 5605 cibi
978 5539 1198 5605 tantula,
1228 5531 1319 5585 sed
1361 5534 1680 5605 singularum
1717 5530 1897 5589 domo-

304 5622 440 5660 rum.
490 5603 615 5677 mss.
651 5600 796 5663 Vat.,
832 5601 1086 5677 Lo_ng._ct
1112 5601 1237 5656 Era.
1286 5600 1465 5668 edit”:
1607 5606 1698 5659 sed
1723 5607 1893 5677 singu-

309 5678 498 5732 larium
523 5676 814 5728 domorum.
857 5672 993 5727 Aliae
1016 5671 1190 5726 Paris.
1212 5714 1228 5738 ,
1270 5690 1370 5729 non
1407 5677 1500 5730 sibi
1547 5688 1775 5741 tantum,
1806 5671 1899 5731 sed

309 5748 676 5820 singulariumA
698 5743 975 5798 donarunt.
1010 5742 1210 5798 Locum
1250 5757 1428 5802 tamen
1451 5749 1620 5804 ecod.
1655 5750 1789 5803 Maz.
1817 5759 1901 5803 sat

311 5817 827 5876 berierestituimus.

387 5902 408 5929 ε
455 5890 595 5946 Edit.
627 5888 813 5956 Rom.,
845 5903 937 5962 per
958 5885 1054 5942 hoc
1083 5885 1444 5958 intelligimus,
1494 5906 1594 5946 non
1645 5893 1812 5946 solum
1837 5890 1900 5945 ab

1999 4857 2237 4913 cundum
2264 4857 2409 4927 quod
2437 4856 2503 4912 ad
2544 4857 2836 4929 imaginem
2871 4857 2965 4914 Dei
2996 4857 3161 4915 creati
3185 4871 3401 4925 sumus;
3427 4871 3602 4928 eaque

1995 4971 2158 5013 causa
2185 4956 2415 5013 inultum
2445 4971 2552 5013 non
2574 4971 2696 5013 esse
2720 4955 2860 5029 apud
2892 4956 3060 5014 Deum
3084 4955 3227 5027 quod
3256 4955 3310 5010 in
3335 4954 3596 5011 domesti-

2002 5120 2382 5173 extraneorum,
2435 5123 2610 5162 verum
2640 5108 2793 5161 etiam
2835 5123 2868 5160 a
2893 5115 3187 5160 nostrorum
3207 5144 3222 5172 ,
3247 5101 3343 5158 hoc
3377 5113 3474 5170 est,
3501 5103 3600 5158 do-

2002 5183 2326 5237 mesticorum
2347 5178 2758 5252 cogitationibus.
2783 5176 2892 5234 Sed
2911 5177 3197 5233 lectionem
3221 5182 3466 5252 nostram
3487 5188 3603 5252 ma:

2001 5268 2111 5323 gno
2135 5245 2913 5323 consensn'prtefernntmss.
2945 5263 3009 5323 ac
3033 5257 3142 5323 vet.
3168 5245 3300 5302 edit.
3331 5247 3431 5301 nisi
3455 5245 3604 5316 quod

2004 5318 2273 5382 iniisdem
2306 5318 2567 5379 editfvox
2592 5321 2815 5382 insidiis,
2849 5335 2958 5376 non
2981 5318 3203 5389 legitur.
3346 5357 3365 5389 λ
3391 5356 3464 5389 Ἢ,

2076 5394 2103 5433 ά
2144 5395 2462 5451 Ambrosius
2511 5395 2610 5448 hoc
2642 5396 2762 5446 loco
2791 5391 2967 5446 reddit
2992 5385 3315 5446 sententiam
3345 5385 3488 5444 LXX
3516 5386 3604 5444 ln-

2005 5477 2143 5537 terp.
2175 5468 2265 5523 Sic
2288 5470 2431 5520 enim
2461 5466 2533 5519 illi
2562 5483 2575 5519 :
2601 5463 2660 5518 '0
2689 5459 3042 5537 iuxe’atgaiaa
3081 5463 3345 5537 Mpdmou
3364 5463 3476 5537 ituri
3509 5465 3602 5517 τοῦ

2007 5532 2224 5613 uitiato;
2254 5541 2415 5595 αὐτοῦ
2453 5532 2814 5613 ἱκχυθήςι-τὸιὶ.
2839 5532 2941 5590 Ubi
2967 5532 3180 5613 ‘voceni
3209 5532 3268 5585 Ὀ
3299 5533 3494 5613 ἐκχέω-ξ
3515 5547 3606 5613 re-

2010 5601 2137 5665 ferri
2163 5614 2228 5664 ad
2264 5601 2864 5678 νει-Ιηηηῖκχνθήσςται
2914 5601 3259 5678 manifestum
3298 5601 3398 5678 est}
3451 5602 3600 5678 Edit.

2010 5691 2187 5734 tamen
2221 5680 2378 5747 Vulg.
2403 5683 2483 5736 sic
2527 5672 2650 5744 legit
2686 5695 2697 5727 :
2735 5672 3344 5747 Quicumqueeﬂ'uderit
3389 5676 3604 5745 sangui-

2008 5768 2122 5807 nem
2146 5744 2449 5811 humanum,
2481 5746 2740 5818 {nudetur
2770 5747 2976 5818 sanguis
3003 5744 3170 5818 illius.

2083 5833 2107 5861 ε
2150 5823 2223 5878 Ita
2260 5822 2382 5876 cod.
2415 5815 2544 5874 mss.
2584 5825 2637 5869 ct
2656 5815 2790 5869 edit.
2828 5815 2984 5870 Rom.
3025 5816 3144 5872 γει.
3177 5824 3385 5884 autem,
3428 5835 3461 5871 a
3490 5831 3610 5872 ror-

2009 5911 2132 5966 pore
2158 5891 2452 5964 fragilitatis
2480 5901 2623 5942 more
2635 5887 2881 5940 solvatur.
