  <div class='ocr_page' id='page_1' title='image "/cluster/home/n/w/nwhite01/storage/ocr_20150623/14/hvd.32044015471303/209.png"; bbox 0 0 4082 6370; ppageno 0'>
   <div class='ocr_carea' id='block_1_1' title="bbox 500 203 3846 272">
    <p class='ocr_par' dir='ltr' id='par_1_1' title="bbox 500 203 3846 272">
     <span class='ocr_line' id='line_1_1' title="bbox 500 203 3846 272; baseline -0.001 -3"><span class='ocrx_word' id='word_1_1' title='bbox 500 215 524 269; x_wconf 69' lang='lat' dir='ltr'><strong>.l</strong></span> <span class='ocrx_word' id='word_1_2' title='bbox 537 215 605 272; x_wconf 85' lang='grc'><strong>07</strong></span> <span class='ocrx_word' id='word_1_3' title='bbox 1843 206 2093 268; x_wconf 80' lang='lat' dir='ltr'><strong>SANC&#39;I&#39;I</strong></span> <span class='ocrx_word' id='word_1_4' title='bbox 2129 205 2456 268; x_wconf 78' lang='lat' dir='ltr'><strong>AMBROSII</strong></span> <span class='ocrx_word' id='word_1_5' title='bbox 3715 203 3846 266; x_wconf 69' lang='grc' dir='ltr'>ιω</span> 
     </span>
    </p>
   </div>
   <div class='ocr_carea' id='block_1_2' title="bbox 503 323 3840 401">
    <p class='ocr_par' dir='ltr' id='par_1_2' title="bbox 503 323 3840 401">
     <span class='ocr_line' id='line_1_2' title="bbox 503 323 3840 401; baseline -0.001 -16"><span class='ocrx_word' id='word_1_6' title='bbox 503 345 623 386; x_wconf 72' lang='lat' dir='ltr'><strong>mm</strong></span> <span class='ocrx_word' id='word_1_7' title='bbox 653 327 854 386; x_wconf 88' lang='lat' dir='ltr'><strong>animal</strong></span> <span class='ocrx_word' id='word_1_8' title='bbox 871 327 972 387; x_wconf 89' lang='lat' dir='ltr'><strong>sibi</strong></span> <span class='ocrx_word' id='word_1_9' title='bbox 1001 327 1180 386; x_wconf 79' lang='lat' dir='ltr'><strong>videat</strong></span> <span class='ocrx_word' id='word_1_10' title='bbox 1204 325 1497 385; x_wconf 74' lang='lat' dir='ltr'><strong>crudeliter</strong></span> <span class='ocrx_word' id='word_1_11' title='bbox 1523 333 1578 384; x_wconf 93' lang='lat' dir='ltr'><strong>et</strong></span> <span class='ocrx_word' id='word_1_12' title='bbox 1604 324 1767 400; x_wconf 81' lang='lat' dir='ltr'><strong>impie</strong></span> <span class='ocrx_word' id='word_1_13' title='bbox 1807 339 1929 384; x_wconf 87' lang='lat' dir='ltr'><strong>esse</strong></span> <span class='ocrx_word' id='word_1_14' title='bbox 1949 341 2100 384; x_wconf 88' lang='lat' dir='ltr'><strong>com—</strong></span> <span class='ocrx_word' id='word_1_15' title='bbox 2130 326 2185 389; x_wconf 82' lang='grc' dir='ltr'><strong>Α</strong></span> <span class='ocrx_word' id='word_1_16' title='bbox 2207 326 2341 387; x_wconf 87' lang='lat' dir='ltr'><strong>dicit</strong></span> <span class='ocrx_word' id='word_1_17' title='bbox 2359 342 2520 401; x_wconf 88' lang='lat' dir='ltr'><strong>quem</strong></span> <span class='ocrx_word' id='word_1_18' title='bbox 2542 326 2692 381; x_wconf 88' lang='lat' dir='ltr'><strong>aiunt</strong></span> <span class='ocrx_word' id='word_1_19' title='bbox 2717 324 2967 384; x_wconf 77' lang='lat' dir='ltr'><strong>homines</strong></span> <span class='ocrx_word' id='word_1_20' title='bbox 2995 338 3142 392; x_wconf 89' lang='lat' dir='ltr'><strong>esse,</strong></span> <span class='ocrx_word' id='word_1_21' title='bbox 3170 339 3278 398; x_wconf 87' lang='lat' dir='ltr'><strong>quo</strong></span> <span class='ocrx_word' id='word_1_22' title='bbox 3308 323 3628 396; x_wconf 78' lang='lat' dir='ltr'><strong>pluviarum</strong></span> <span class='ocrx_word' id='word_1_23' title='bbox 3661 325 3840 397; x_wconf 80' lang='lat' dir='ltr'><strong>signa</strong></span> 
     </span>
    </p>
   </div>
   <div class='ocr_carea' id='block_1_3' title="bbox 511 419 3836 492">
    <p class='ocr_par' dir='ltr' id='par_1_3' title="bbox 511 419 3836 492">
     <span class='ocr_line' id='line_1_3' title="bbox 511 419 3836 492; baseline -0 -16"><span class='ocrx_word' id='word_1_24' title='bbox 511 423 758 477; x_wconf 80' lang='lat' dir='ltr'><strong>missum.</strong></span> <span class='ocrx_word' id='word_1_25' title='bbox 2204 425 2382 492; x_wconf 83' lang='lat' dir='ltr'><strong>aliqua</strong></span> <span class='ocrx_word' id='word_1_26' title='bbox 2407 421 2751 478; x_wconf 75' lang='lat' dir='ltr'><strong>declarentur</strong></span> <span class='ocrx_word' id='word_1_27' title='bbox 2773 463 2790 490; x_wconf 91' lang='lat'><strong>,</strong></span> <span class='ocrx_word' id='word_1_28' title='bbox 2841 422 2892 477; x_wconf 90' lang='lat' dir='ltr'><strong>in</strong></span> <span class='ocrx_word' id='word_1_29' title='bbox 2921 436 3029 491; x_wconf 90' lang='lat' dir='ltr'><strong>quo</strong></span> <span class='ocrx_word' id='word_1_30' title='bbox 3053 421 3266 476; x_wconf 88' lang='lat' dir='ltr'><strong>colores</strong></span> <span class='ocrx_word' id='word_1_31' title='bbox 3295 419 3498 476; x_wconf 82' lang='lat' dir='ltr'><strong>diversi</strong></span> <span class='ocrx_word' id='word_1_32' title='bbox 3531 430 3836 491; x_wconf 83' lang='lat' dir='ltr'><strong>tamquam</strong></span> 
     </span>
    </p>
   </div>
   <div class='ocr_carea' id='block_1_4' title="bbox 582 510 2101 584">
    <p class='ocr_par' dir='ltr' id='par_1_4' title="bbox 582 510 2101 584">
     <span class='ocr_line' id='line_1_4' title="bbox 582 510 2101 584; baseline 0 -16"><span class='ocrx_word' id='word_1_33' title='bbox 582 514 707 571; x_wconf 85' lang='grc'><strong>100.</strong></span> <span class='ocrx_word' id='word_1_34' title='bbox 747 513 918 569; x_wconf 85' lang='lat' dir='ltr'><strong>Causa</strong></span> <span class='ocrx_word' id='word_1_35' title='bbox 969 526 1099 584; x_wconf 82' lang='lat' dir='ltr'><strong>ergo</strong></span> <span class='ocrx_word' id='word_1_36' title='bbox 1144 512 1398 568; x_wconf 72' lang='lat' dir='ltr'><strong>viudictm</strong></span> <span class='ocrx_word' id='word_1_37' title='bbox 1441 511 1620 567; x_wconf 88' lang='lat' dir='ltr'><strong>addita</strong></span> <span class='ocrx_word' id='word_1_38' title='bbox 1669 510 1825 578; x_wconf 80' lang='lat' dir='ltr'><strong>facit,</strong></span> <span class='ocrx_word' id='word_1_39' title='bbox 1883 521 1942 567; x_wconf 93' lang='lat' dir='ltr'><strong>ut</strong></span> <span class='ocrx_word' id='word_1_40' title='bbox 1992 513 2101 584; x_wconf 87' lang='lat' dir='ltr'><strong>pri-</strong></span> 
     </span>
    </p>
   </div>
   <div class='ocr_carea' id='block_1_5' title="bbox 511 604 2103 677">
    <p class='ocr_par' dir='ltr' id='par_1_5' title="bbox 511 604 2103 677">
     <span class='ocr_line' id='line_1_5' title="bbox 511 604 2103 677; baseline 0.001 -17"><span class='ocrx_word' id='word_1_41' title='bbox 511 625 651 664; x_wconf 79' lang='lat' dir='ltr'><strong>mum</strong></span> <span class='ocrx_word' id='word_1_42' title='bbox 693 607 1041 663; x_wconf 83' lang='lat' dir='ltr'><strong>excludamus</strong></span> <span class='ocrx_word' id='word_1_43' title='bbox 1071 606 1519 677; x_wconf 88' lang='lat' dir='ltr'><strong>philosophorum</strong></span> <span class='ocrx_word' id='word_1_44' title='bbox 1577 604 1936 677; x_wconf 88' lang='lat' dir='ltr'><strong>quorumdam</strong></span> <span class='ocrx_word' id='word_1_45' title='bbox 1985 607 2103 676; x_wconf 87' lang='lat' dir='ltr'><strong>opi—</strong></span> 
     </span>
    </p>
   </div>
   <div class='ocr_carea' id='block_1_6' title="bbox 512 699 2104 771">
    <p class='ocr_par' dir='ltr' id='par_1_6' title="bbox 512 699 2104 771">
     <span class='ocr_line' id='line_1_6' title="bbox 512 699 2104 771; baseline 0.002 -19"><span class='ocrx_word' id='word_1_46' title='bbox 512 702 718 766; x_wconf 80' lang='lat' dir='ltr'><strong>niones,</strong></span> <span class='ocrx_word' id='word_1_47' title='bbox 748 701 840 770; x_wconf 90' lang='lat' dir='ltr'><strong>qui</strong></span> <span class='ocrx_word' id='word_1_48' title='bbox 871 708 1067 771; x_wconf 88' lang='lat' dir='ltr'><strong>negant</strong></span> <span class='ocrx_word' id='word_1_49' title='bbox 1090 699 1258 754; x_wconf 90' lang='lat' dir='ltr'><strong>Deum</strong></span> <span class='ocrx_word' id='word_1_50' title='bbox 1291 699 1495 756; x_wconf 87' lang='lat' dir='ltr'><strong>habere</strong></span> <span class='ocrx_word' id='word_1_51' title='bbox 1517 715 1704 755; x_wconf 90' lang='lat' dir='ltr'><strong>curam</strong></span> <span class='ocrx_word' id='word_1_52' title='bbox 1736 715 1900 770; x_wconf 83' lang='lat' dir='ltr'><strong>super</strong></span> <span class='ocrx_word' id='word_1_53' title='bbox 1930 700 2104 756; x_wconf 83' lang='lat' dir='ltr'><strong>homi-</strong></span> 
     </span>
    </p>
   </div>
   <div class='ocr_carea' id='block_1_7' title="bbox 512 791 2106 864">
    <p class='ocr_par' dir='ltr' id='par_1_7' title="bbox 512 791 2106 864">
     <span class='ocr_line' id='line_1_7' title="bbox 512 791 2106 864; baseline 0.003 -21"><span class='ocrx_word' id='word_1_54' title='bbox 512 808 606 848; x_wconf 75' lang='lat' dir='ltr'><strong>ues</strong></span> <span class='ocrx_word' id='word_1_55' title='bbox 638 811 651 848; x_wconf 91' lang='lat'><strong>:</strong></span> <span class='ocrx_word' id='word_1_56' title='bbox 683 791 882 848; x_wconf 91' lang='lat' dir='ltr'><strong>deinde</strong></span> <span class='ocrx_word' id='word_1_57' title='bbox 920 793 1158 848; x_wconf 87' lang='lat' dir='ltr'><strong>scientes</strong></span> <span class='ocrx_word' id='word_1_58' title='bbox 1189 793 1604 864; x_wconf 59' lang='lat' dir='ltr'><strong>praeregativam</strong></span> <span class='ocrx_word' id='word_1_59' title='bbox 1653 803 1856 848; x_wconf 85' lang='lat' dir='ltr'><strong>nostrae</strong></span> <span class='ocrx_word' id='word_1_60' title='bbox 1885 793 2106 848; x_wconf 82' lang='lat' dir='ltr'><strong>ultionis</strong></span> 
     </span>
    </p>
   </div>
   <div class='ocr_carea' id='block_1_8' title="bbox 510 885 2107 956">
    <p class='ocr_par' dir='ltr' id='par_1_8' title="bbox 510 885 2107 956">
     <span class='ocr_line' id='line_1_8' title="bbox 510 885 2107 956; baseline 0.003 -18"><span class='ocrx_word' id='word_1_61' title='bbox 510 887 645 956; x_wconf 73' lang='lat' dir='ltr'><strong>:‘ptld</strong></span> <span class='ocrx_word' id='word_1_62' title='bbox 679 887 845 941; x_wconf 89' lang='lat' dir='ltr'><strong>Deum</strong></span> <span class='ocrx_word' id='word_1_63' title='bbox 899 901 1155 952; x_wconf 90' lang='lat' dir='ltr'><strong>manere,</strong></span> <span class='ocrx_word' id='word_1_64' title='bbox 1196 901 1374 956; x_wconf 89' lang='lat' dir='ltr'><strong>neque</strong></span> <span class='ocrx_word' id='word_1_65' title='bbox 1424 887 1476 941; x_wconf 93' lang='lat' dir='ltr'><strong>in</strong></span> <span class='ocrx_word' id='word_1_66' title='bbox 1523 886 1660 940; x_wconf 90' lang='lat' dir='ltr'><strong>alios</strong></span> <span class='ocrx_word' id='word_1_67' title='bbox 1704 885 2107 942; x_wconf 84' lang='lat' dir='ltr'><strong>committamus</strong></span> 
     </span>
    </p>
   </div>
   <div class='ocr_carea' id='block_1_9' title="bbox 507 977 2107 1049">
    <p class='ocr_par' dir='ltr' id='par_1_9' title="bbox 507 977 2107 1049">
     <span class='ocr_line' id='line_1_9' title="bbox 507 977 2107 1049; baseline 0 -15"><span class='ocrx_word' id='word_1_68' title='bbox 507 979 645 1046; x_wconf 67' lang='lat' dir='ltr'><strong>quod</strong></span> <span class='ocrx_word' id='word_1_69' title='bbox 676 977 1084 1049; x_wconf 89' lang='lat' dir='ltr'><strong>divinojndicio</strong></span> <span class='ocrx_word' id='word_1_70' title='bbox 1106 978 1490 1034; x_wconf 89' lang='lat' dir='ltr'><strong>vindicandum</strong></span> <span class='ocrx_word' id='word_1_71' title='bbox 1528 978 1638 1043; x_wconf 91' lang='lat' dir='ltr'><strong>sit;</strong></span> <span class='ocrx_word' id='word_1_72' title='bbox 1672 993 1846 1049; x_wconf 91' lang='lat' dir='ltr'><strong>neque</strong></span> <span class='ocrx_word' id='word_1_73' title='bbox 1874 989 2107 1034; x_wconf 89' lang='lat' dir='ltr'><strong>mortem</strong></span> 
     </span>
    </p>
   </div>
   <div class='ocr_carea' id='block_1_10' title="bbox 511 1069 2112 1140">
    <p class='ocr_par' dir='ltr' id='par_1_10' title="bbox 511 1069 2112 1140">
     <span class='ocr_line' id='line_1_10' title="bbox 511 1069 2112 1140; baseline 0.004 -19"><span class='ocrx_word' id='word_1_74' title='bbox 511 1071 609 1138; x_wconf 83' lang='lat' dir='ltr'><strong>ipsi</strong></span> <span class='ocrx_word' id='word_1_75' title='bbox 653 1069 1034 1126; x_wconf 76' lang='lat' dir='ltr'><strong>vehementius</strong></span> <span class='ocrx_word' id='word_1_76' title='bbox 1065 1072 1544 1140; x_wconf 86' lang='lat' dir='ltr'><strong>pertimescamus,</strong></span> <span class='ocrx_word' id='word_1_77' title='bbox 1593 1086 1715 1126; x_wconf 93' lang='lat' dir='ltr'><strong>cum</strong></span> <span class='ocrx_word' id='word_1_78' title='bbox 1739 1071 1971 1126; x_wconf 86' lang='lat' dir='ltr'><strong>sciamus</strong></span> <span class='ocrx_word' id='word_1_79' title='bbox 2018 1087 2112 1127; x_wconf 88' lang='lat' dir='ltr'><strong>ne-</strong></span> 
     </span>
    </p>
   </div>
   <div class='ocr_carea' id='block_1_11' title="bbox 511 1165 2112 1237">
    <p class='ocr_par' dir='ltr' id='par_1_11' title="bbox 511 1165 2112 1237">
     <span class='ocr_line' id='line_1_11' title="bbox 511 1165 2112 1237; baseline 0.003 -20"><span class='ocrx_word' id='word_1_80' title='bbox 511 1166 615 1220; x_wconf 75' lang='lat' dir='ltr'><strong>t-ati</strong></span> <span class='ocrx_word' id='word_1_81' title='bbox 641 1165 878 1222; x_wconf 83' lang='lat' dir='ltr'><strong>hominis</strong></span> <span class='ocrx_word' id='word_1_82' title='bbox 902 1165 1212 1222; x_wconf 89' lang='lat' dir='ltr'><strong>innocentis</strong></span> <span class='ocrx_word' id='word_1_83' title='bbox 1231 1166 1376 1237; x_wconf 90' lang='lat' dir='ltr'><strong>apud</strong></span> <span class='ocrx_word' id='word_1_84' title='bbox 1411 1167 1578 1222; x_wconf 90' lang='lat' dir='ltr'><strong>Deum</strong></span> <span class='ocrx_word' id='word_1_85' title='bbox 1603 1165 1812 1222; x_wconf 89' lang='lat' dir='ltr'><strong>nullum</strong></span> <span class='ocrx_word' id='word_1_86' title='bbox 1833 1181 1954 1223; x_wconf 89' lang='lat' dir='ltr'><strong>esse</strong></span> <span class='ocrx_word' id='word_1_87' title='bbox 1983 1181 2112 1222; x_wconf 90' lang='lat' dir='ltr'><strong>cou-</strong></span> 
     </span>
    </p>
   </div>
   <div class='ocr_carea' id='block_1_12' title="bbox 513 1268 794 1332">
    <p class='ocr_par' dir='ltr' id='par_1_12' title="bbox 513 1268 794 1332">
     <span class='ocr_line' id='line_1_12' title="bbox 513 1268 794 1332; baseline 0.007 -17"><span class='ocrx_word' id='word_1_88' title='bbox 513 1268 794 1332; x_wconf 87' lang='lat' dir='ltr'><strong>temptum.</strong></span> 
     </span>
    </p>
   </div>
   <div class='ocr_carea' id='block_1_13' title="bbox 963 1397 1662 1472">
    <p class='ocr_par' dir='ltr' id='par_1_13' title="bbox 963 1397 1662 1472">
     <span class='ocr_line' id='line_1_13' title="bbox 963 1397 1662 1472; baseline -0.003 -16"><span class='ocrx_word' id='word_1_89' title='bbox 963 1399 1129 1472; x_wconf 73' lang='lat'><strong>269</strong></span> <span class='ocrx_word' id='word_1_90' title='bbox 1177 1397 1409 1455; x_wconf 85' lang='lat' dir='ltr'><strong>CAPUT</strong></span> <span class='ocrx_word' id='word_1_91' title='bbox 1446 1397 1662 1454; x_wconf 79' lang='lat' dir='ltr'><strong>xxvn.</strong></span> 
     </span>
    </p>
   </div>
   <div class='ocr_carea' id='block_1_14' title="bbox 517 1509 2115 1584">
    <p class='ocr_par' dir='ltr' id='par_1_14' title="bbox 517 1509 2115 1584">
     <span class='ocr_line' id='line_1_14' title="bbox 517 1509 2115 1584; baseline -0.001 -16"><span class='ocrx_word' id='word_1_92' title='bbox 517 1512 850 1568; x_wconf 86' lang='lat' dir='ltr'><strong>Promittitur</strong></span> <span class='ocrx_word' id='word_1_93' title='bbox 903 1513 1158 1567; x_wconf 81' lang='lat' dir='ltr'><strong>diluvium</strong></span> <span class='ocrx_word' id='word_1_94' title='bbox 1217 1528 1497 1584; x_wconf 82' lang='lat' dir='ltr'><strong>numquam</strong></span> <span class='ocrx_word' id='word_1_95' title='bbox 1560 1509 1817 1581; x_wconf 75' lang='lat' dir='ltr'><strong>ejusmodi</strong></span> <span class='ocrx_word' id='word_1_96' title='bbox 1883 1510 2115 1581; x_wconf 81' lang='lat' dir='ltr'><strong>futurum</strong></span> 
     </span>
    </p>
   </div>
   <div class='ocr_carea' id='block_1_15' title="bbox 586 1603 2117 1674">
    <p class='ocr_par' dir='ltr' id='par_1_15' title="bbox 586 1603 2117 1674">
     <span class='ocr_line' id='line_1_15' title="bbox 586 1603 2117 1674; baseline -0.004 -12"><span class='ocrx_word' id='word_1_97' title='bbox 586 1623 733 1674; x_wconf 86' lang='lat' dir='ltr'><strong>esse,</strong></span> <span class='ocrx_word' id='word_1_98' title='bbox 777 1615 831 1660; x_wconf 90' lang='lat' dir='ltr'><strong>ut</strong></span> <span class='ocrx_word' id='word_1_99' title='bbox 871 1615 1060 1660; x_wconf 90' lang='lat' dir='ltr'><strong>terram</strong></span> <span class='ocrx_word' id='word_1_100' title='bbox 1099 1621 1300 1660; x_wconf 86' lang='lat' dir='ltr'><strong>onmem</strong></span> <span class='ocrx_word' id='word_1_101' title='bbox 1327 1614 1668 1674; x_wconf 85' lang='lat' dir='ltr'><strong>corrumpat;</strong></span> <span class='ocrx_word' id='word_1_102' title='bbox 1715 1603 1868 1674; x_wconf 84' lang='lat' dir='ltr'><strong>idque</strong></span> <span class='ocrx_word' id='word_1_103' title='bbox 1893 1604 1962 1658; x_wconf 92' lang='lat' dir='ltr'><strong>ad</strong></span> <span class='ocrx_word' id='word_1_104' title='bbox 1999 1603 2117 1656; x_wconf 90' lang='lat' dir='ltr'><strong>ani-</strong></span> 
     </span>
    </p>
   </div>
   <div class='ocr_carea' id='block_1_16' title="bbox 587 1694 2191 1781">
    <p class='ocr_par' dir='ltr' id='par_1_16' title="bbox 587 1694 2191 1781">
     <span class='ocr_line' id='line_1_16' title="bbox 587 1694 2191 1781; baseline -0.002 -27"><span class='ocrx_word' id='word_1_105' title='bbox 587 1701 658 1754; x_wconf 87' lang='lat' dir='ltr'><strong>mi</strong></span> <span class='ocrx_word' id='word_1_106' title='bbox 685 1699 951 1768; x_wconf 87' lang='lat' dir='ltr'><strong>passiones</strong></span> <span class='ocrx_word' id='word_1_107' title='bbox 981 1697 1291 1752; x_wconf 83' lang='lat' dir='ltr'><strong>traducitur.</strong></span> <span class='ocrx_word' id='word_1_108' title='bbox 1324 1695 1391 1751; x_wconf 86' lang='lat' dir='ltr'><strong>In</strong></span> <span class='ocrx_word' id='word_1_109' title='bbox 1420 1712 1546 1751; x_wconf 90' lang='lat' dir='ltr'><strong>arcu</strong></span> <span class='ocrx_word' id='word_1_110' title='bbox 1587 1695 1674 1762; x_wconf 85' lang='lat' dir='ltr'><strong>qui</strong></span> <span class='ocrx_word' id='word_1_111' title='bbox 1705 1694 1897 1748; x_wconf 84' lang='lat' dir='ltr'><strong>dicitur</strong></span> <span class='ocrx_word' id='word_1_112' title='bbox 1921 1710 2115 1759; x_wconf 86' lang='lat' dir='ltr'><strong>ponen-</strong></span> <span class='ocrx_word' id='word_1_113' title='bbox 2145 1721 2191 1781; x_wconf 78' lang='grc' dir='ltr'><strong><em>Β</em></strong></span> 
     </span>
    </p>
   </div>
   <div class='ocr_carea' id='block_1_17' title="bbox 590 1787 2111 1861">
    <p class='ocr_par' dir='ltr' id='par_1_17' title="bbox 590 1787 2111 1861">
     <span class='ocr_line' id='line_1_17' title="bbox 590 1787 2111 1861; baseline -0.003 -15"><span class='ocrx_word' id='word_1_114' title='bbox 590 1793 688 1847; x_wconf 86' lang='lat' dir='ltr'><strong>dus</strong></span> <span class='ocrx_word' id='word_1_115' title='bbox 731 1794 787 1846; x_wconf 86' lang='lat' dir='ltr'><strong>in</strong></span> <span class='ocrx_word' id='word_1_116' title='bbox 839 1790 1088 1858; x_wconf 81' lang='lat' dir='ltr'><strong>nubibus,</strong></span> <span class='ocrx_word' id='word_1_117' title='bbox 1139 1806 1239 1845; x_wconf 91' lang='lat' dir='ltr'><strong>non</strong></span> <span class='ocrx_word' id='word_1_118' title='bbox 1280 1788 1671 1861; x_wconf 84' lang='lat' dir='ltr'><strong>intelligendam</strong></span> <span class='ocrx_word' id='word_1_119' title='bbox 1714 1787 1899 1842; x_wconf 87' lang='lat' dir='ltr'><strong>iridem</strong></span> <span class='ocrx_word' id='word_1_120' title='bbox 1941 1798 2111 1844; x_wconf 84' lang='lat' dir='ltr'><strong>osten-</strong></span> 
     </span>
    </p>
   </div>
   <div class='ocr_carea' id='block_1_18' title="bbox 592 1881 2118 1951">
    <p class='ocr_par' dir='ltr' id='par_1_18' title="bbox 592 1881 2118 1951">
     <span class='ocr_line' id='line_1_18' title="bbox 592 1881 2118 1951; baseline -0.002 -12"><span class='ocrx_word' id='word_1_121' title='bbox 592 1886 765 1951; x_wconf 83' lang='lat' dir='ltr'><strong>ditur,</strong></span> <span class='ocrx_word' id='word_1_122' title='bbox 797 1885 886 1940; x_wconf 87' lang='lat' dir='ltr'><strong>sed</strong></span> <span class='ocrx_word' id='word_1_123' title='bbox 929 1884 1116 1939; x_wconf 80' lang='lat' dir='ltr'><strong>divince</strong></span> <span class='ocrx_word' id='word_1_124' title='bbox 1153 1883 1353 1938; x_wconf 88' lang='lat' dir='ltr'><strong>virtutis</strong></span> <span class='ocrx_word' id='word_1_125' title='bbox 1395 1882 1730 1938; x_wconf 86' lang='lat' dir='ltr'><strong>intensionem</strong></span> <span class='ocrx_word' id='word_1_126' title='bbox 1771 1897 1832 1935; x_wconf 89' lang='lat' dir='ltr'><strong>ac</strong></span> <span class='ocrx_word' id='word_1_127' title='bbox 1859 1881 2118 1936; x_wconf 81' lang='lat' dir='ltr'><strong>remissio-</strong></span> 
     </span>
    </p>
   </div>
   <div class='ocr_carea' id='block_1_19' title="bbox 589 1995 726 2035">
    <p class='ocr_par' dir='ltr' id='par_1_19' title="bbox 589 1995 726 2035">
     <span class='ocr_line' id='line_1_19' title="bbox 589 1995 726 2035; baseline 0 -1"><span class='ocrx_word' id='word_1_128' title='bbox 589 1995 726 2035; x_wconf 85' lang='lat' dir='ltr'><strong>nem.</strong></span> 
     </span>
    </p>
   </div>
   <div class='ocr_carea' id='block_1_20' title="bbox 594 2095 2120 2169">
    <p class='ocr_par' dir='ltr' id='par_1_20' title="bbox 594 2095 2120 2169">
     <span class='ocr_line' id='line_1_20' title="bbox 594 2095 2120 2169; baseline -0.006 -14"><span class='ocrx_word' id='word_1_129' title='bbox 594 2099 719 2156; x_wconf 84' lang='grc'><strong>101.</strong></span> <span class='ocrx_word' id='word_1_130' title='bbox 763 2108 790 2137; x_wconf 73' lang='grc' dir='ltr'>α</span> <span class='ocrx_word' id='word_1_131' title='bbox 821 2097 945 2154; x_wconf 84' lang='grc' dir='ltr'><strong>Νοη</strong></span> <span class='ocrx_word' id='word_1_132' title='bbox 978 2099 1114 2165; x_wconf 87' lang='lat' dir='ltr'><strong>erit,</strong></span> <span class='ocrx_word' id='word_1_133' title='bbox 1152 2098 1358 2169; x_wconf 89' lang='lat' dir='ltr'><strong>inquit,</strong></span> <span class='ocrx_word' id='word_1_134' title='bbox 1391 2095 1679 2163; x_wconf 87' lang='lat' dir='ltr'><strong>diluvium,</strong></span> <span class='ocrx_word' id='word_1_135' title='bbox 1724 2102 1781 2148; x_wconf 88' lang='lat' dir='ltr'><strong>ut</strong></span> <span class='ocrx_word' id='word_1_136' title='bbox 1827 2101 2120 2164; x_wconf 81' lang='lat' dir='ltr'><strong>corrumpat</strong></span> 
     </span>
    </p>
   </div>
   <div class='ocr_carea' id='block_1_21' title="bbox 521 2185 2118 2265">
    <p class='ocr_par' dir='ltr' id='par_1_21' title="bbox 521 2185 2118 2265">
     <span class='ocr_line' id='line_1_21' title="bbox 521 2185 2118 2265; baseline -0.006 -14"><span class='ocrx_word' id='word_1_137' title='bbox 521 2211 724 2251; x_wconf 83' lang='lat' dir='ltr'><strong>onmem</strong></span> <span class='ocrx_word' id='word_1_138' title='bbox 753 2203 941 2250; x_wconf 87' lang='lat' dir='ltr'><strong>terram</strong></span> <span class='ocrx_word' id='word_1_139' title='bbox 969 2192 1123 2265; x_wconf 78' lang='lat' dir='ltr'><strong>(Gen.</strong></span> <span class='ocrx_word' id='word_1_140' title='bbox 1150 2209 1225 2258; x_wconf 80' lang='lat' dir='ltr'><strong>ix,</strong></span> <span class='ocrx_word' id='word_1_141' title='bbox 1251 2190 1365 2264; x_wconf 85' lang='grc'><strong>11).</strong></span> <span class='ocrx_word' id='word_1_142' title='bbox 1397 2190 1626 2244; x_wconf 87' lang='lat' dir='ltr'><strong>Dubium</strong></span> <span class='ocrx_word' id='word_1_143' title='bbox 1652 2186 1868 2243; x_wconf 86' lang='lat' dir='ltr'><strong>videtur</strong></span> <span class='ocrx_word' id='word_1_144' title='bbox 1893 2205 1905 2241; x_wconf 91' lang='lat'><strong>:</strong></span> <span class='ocrx_word' id='word_1_145' title='bbox 1939 2185 2118 2242; x_wconf 84' lang='lat' dir='ltr'><strong>utrum</strong></span> 
     </span>
    </p>
   </div>
   <div class='ocr_carea' id='block_1_22' title="bbox 521 2278 2122 2352">
    <p class='ocr_par' dir='ltr' id='par_1_22' title="bbox 521 2278 2122 2352">
     <span class='ocr_line' id='line_1_22' title="bbox 521 2278 2122 2352; baseline -0.007 -8"><span class='ocrx_word' id='word_1_146' title='bbox 521 2289 668 2344; x_wconf 87' lang='lat' dir='ltr'><strong>enim</strong></span> <span class='ocrx_word' id='word_1_147' title='bbox 696 2330 710 2352; x_wconf 89' lang='lat'><strong>,</strong></span> <span class='ocrx_word' id='word_1_148' title='bbox 743 2287 994 2341; x_wconf 85' lang='lat' dir='ltr'><strong>diluvium</strong></span> <span class='ocrx_word' id='word_1_149' title='bbox 1025 2302 1126 2340; x_wconf 89' lang='lat' dir='ltr'><strong>non</strong></span> <span class='ocrx_word' id='word_1_150' title='bbox 1170 2285 1299 2348; x_wconf 85' lang='lat' dir='ltr'><strong>erit,</strong></span> <span class='ocrx_word' id='word_1_151' title='bbox 1333 2280 1742 2351; x_wconf 87' lang='lat' dir='ltr'><strong>intelligendum</strong></span> <span class='ocrx_word' id='word_1_152' title='bbox 1773 2279 1841 2332; x_wconf 90' lang='lat' dir='ltr'><strong>sit</strong></span> <span class='ocrx_word' id='word_1_153' title='bbox 1868 2278 2010 2350; x_wconf 90' lang='lat' dir='ltr'><strong>quod</strong></span> <span class='ocrx_word' id='word_1_154' title='bbox 2040 2278 2122 2333; x_wconf 91' lang='lat' dir='ltr'><strong>di-</strong></span> 
     </span>
    </p>
   </div>
   <div class='ocr_carea' id='block_1_23' title="bbox 520 2370 2123 2448">
    <p class='ocr_par' dir='ltr' id='par_1_23' title="bbox 520 2370 2123 2448">
     <span class='ocr_line' id='line_1_23' title="bbox 520 2370 2123 2448; baseline -0.006 -12"><span class='ocrx_word' id='word_1_155' title='bbox 520 2381 728 2436; x_wconf 80' lang='lat' dir='ltr'><strong>luvium</strong></span> <span class='ocrx_word' id='word_1_156' title='bbox 756 2386 1073 2448; x_wconf 87' lang='lat' dir='ltr'><strong>corrumpat</strong></span> <span class='ocrx_word' id='word_1_157' title='bbox 1111 2387 1342 2440; x_wconf 90' lang='lat' dir='ltr'><strong>terram;</strong></span> <span class='ocrx_word' id='word_1_158' title='bbox 1374 2376 1477 2429; x_wconf 90' lang='lat' dir='ltr'><strong>hoc</strong></span> <span class='ocrx_word' id='word_1_159' title='bbox 1516 2372 1660 2428; x_wconf 89' lang='lat' dir='ltr'><strong>enim</strong></span> <span class='ocrx_word' id='word_1_160' title='bbox 1692 2371 1895 2427; x_wconf 84' lang='lat' dir='ltr'><strong>diluvia</strong></span> <span class='ocrx_word' id='word_1_161' title='bbox 1949 2370 2123 2427; x_wconf 81' lang='lat' dir='ltr'><strong>facere</strong></span> 
     </span>
    </p>
   </div>
   <div class='ocr_carea' id='block_1_24' title="bbox 524 2465 2122 2535">
    <p class='ocr_par' dir='ltr' id='par_1_24' title="bbox 524 2465 2122 2535">
     <span class='ocr_line' id='line_1_24' title="bbox 524 2465 2122 2535; baseline -0.008 -6"><span class='ocrx_word' id='word_1_162' title='bbox 524 2481 857 2529; x_wconf 88' lang='lat' dir='ltr'><strong>consuerunt</strong></span> <span class='ocrx_word' id='word_1_163' title='bbox 881 2490 894 2526; x_wconf 72' lang='grc' dir='ltr'><em>τ</em></span> <span class='ocrx_word' id='word_1_164' title='bbox 921 2487 988 2526; x_wconf 89' lang='lat' dir='ltr'><strong>an</strong></span> <span class='ocrx_word' id='word_1_165' title='bbox 1017 2485 1150 2526; x_wconf 91' lang='lat' dir='ltr'><strong>vero</strong></span> <span class='ocrx_word' id='word_1_166' title='bbox 1175 2484 1282 2524; x_wconf 90' lang='lat' dir='ltr'><strong>non</strong></span> <span class='ocrx_word' id='word_1_167' title='bbox 1312 2469 1412 2524; x_wconf 88' lang='lat' dir='ltr'><strong>erit</strong></span> <span class='ocrx_word' id='word_1_168' title='bbox 1443 2467 1546 2520; x_wconf 90' lang='lat' dir='ltr'><strong>tale</strong></span> <span class='ocrx_word' id='word_1_169' title='bbox 1569 2465 1830 2521; x_wconf 79' lang='lat' dir='ltr'><strong>diluvium</strong></span> <span class='ocrx_word' id='word_1_170' title='bbox 1851 2479 1958 2535; x_wconf 91' lang='lat' dir='ltr'><strong>quo</strong></span> <span class='ocrx_word' id='word_1_171' title='bbox 1981 2475 2122 2520; x_wconf 90' lang='lat' dir='ltr'><strong>terra</strong></span> 
     </span>
    </p>
   </div>
   <div class='ocr_carea' id='block_1_25' title="bbox 525 2557 2122 2633">
    <p class='ocr_par' dir='ltr' id='par_1_25' title="bbox 525 2557 2122 2633">
     <span class='ocr_line' id='line_1_25' title="bbox 525 2557 2122 2633; baseline -0.006 -13"><span class='ocrx_word' id='word_1_172' title='bbox 525 2564 704 2620; x_wconf 87' lang='lat' dir='ltr'><strong>omnis</strong></span> <span class='ocrx_word' id='word_1_173' title='bbox 734 2571 1144 2633; x_wconf 86' lang='lat' dir='ltr'><strong>corrumpatur,</strong></span> <span class='ocrx_word' id='word_1_174' title='bbox 1179 2559 1320 2631; x_wconf 90' lang='lat' dir='ltr'><strong>quod</strong></span> <span class='ocrx_word' id='word_1_175' title='bbox 1353 2558 1652 2628; x_wconf 86' lang='lat' dir='ltr'><strong>posteriora</strong></span> <span class='ocrx_word' id='word_1_176' title='bbox 1680 2557 1966 2628; x_wconf 89' lang='lat' dir='ltr'><strong>aperiunt,</strong></span> <span class='ocrx_word' id='word_1_177' title='bbox 2001 2569 2122 2610; x_wconf 89' lang='lat' dir='ltr'><strong>cum</strong></span> 
     </span>
    </p>
   </div>
   <div class='ocr_carea' id='block_1_26' title="bbox 526 2649 2127 2722">
    <p class='ocr_par' dir='ltr' id='par_1_26' title="bbox 526 2649 2127 2722">
     <span class='ocr_line' id='line_1_26' title="bbox 526 2649 2127 2722; baseline -0.006 -7"><span class='ocrx_word' id='word_1_178' title='bbox 526 2659 660 2715; x_wconf 90' lang='lat' dir='ltr'><strong>dicit</strong></span> <span class='ocrx_word' id='word_1_179' title='bbox 696 2673 913 2712; x_wconf 87' lang='lat' dir='ltr'><strong>onmem</strong></span> <span class='ocrx_word' id='word_1_180' title='bbox 965 2665 1164 2711; x_wconf 89' lang='lat' dir='ltr'><strong>terram</strong></span> <span class='ocrx_word' id='word_1_181' title='bbox 1214 2670 1321 2709; x_wconf 92' lang='lat' dir='ltr'><strong>non</strong></span> <span class='ocrx_word' id='word_1_182' title='bbox 1353 2650 1850 2722; x_wconf 73' lang='lat' dir='ltr'><strong>corrumpendum?</strong></span> <span class='ocrx_word' id='word_1_183' title='bbox 1877 2649 2127 2706; x_wconf 88' lang='lat' dir='ltr'><strong>Ostendit</strong></span> 
     </span>
    </p>
   </div>
   <div class='ocr_carea' id='block_1_27' title="bbox 530 2740 2125 2817">
    <p class='ocr_par' dir='ltr' id='par_1_27' title="bbox 530 2740 2125 2817">
     <span class='ocr_line' id='line_1_27' title="bbox 530 2740 2125 2817; baseline -0.007 -11"><span class='ocrx_word' id='word_1_184' title='bbox 530 2753 676 2808; x_wconf 89' lang='lat' dir='ltr'><strong>enim</strong></span> <span class='ocrx_word' id='word_1_185' title='bbox 703 2749 906 2805; x_wconf 88' lang='lat' dir='ltr'><strong>diluvia</strong></span> <span class='ocrx_word' id='word_1_186' title='bbox 937 2746 1158 2817; x_wconf 90' lang='lat' dir='ltr'><strong>quidem</strong></span> <span class='ocrx_word' id='word_1_187' title='bbox 1193 2759 1316 2801; x_wconf 83' lang='lat' dir='ltr'><strong>esse</strong></span> <span class='ocrx_word' id='word_1_188' title='bbox 1344 2744 1520 2800; x_wconf 81' lang='lat' dir='ltr'><strong>futura</strong></span> <span class='ocrx_word' id='word_1_189' title='bbox 1541 2785 1557 2810; x_wconf 92' lang='lat'><strong>,</strong></span> <span class='ocrx_word' id='word_1_190' title='bbox 1587 2740 1683 2799; x_wconf 90' lang='lat' dir='ltr'><strong>sed</strong></span> <span class='ocrx_word' id='word_1_191' title='bbox 1715 2757 1821 2798; x_wconf 92' lang='lat' dir='ltr'><strong>non</strong></span> <span class='ocrx_word' id='word_1_192' title='bbox 1844 2741 1970 2797; x_wconf 90' lang='lat' dir='ltr'><strong>talia</strong></span> <span class='ocrx_word' id='word_1_193' title='bbox 2002 2744 2125 2813; x_wconf 86' lang='lat' dir='ltr'><strong>qui-</strong></span> 
     </span>
    </p>
   </div>
   <div class='ocr_carea' id='block_1_28' title="bbox 526 2838 1536 2914">
    <p class='ocr_par' dir='ltr' id='par_1_28' title="bbox 526 2838 1536 2914">
     <span class='ocr_line' id='line_1_28' title="bbox 526 2838 1536 2914; baseline -0.008 -15"><span class='ocrx_word' id='word_1_194' title='bbox 526 2843 631 2899; x_wconf 85' lang='lat' dir='ltr'><strong>bus</strong></span> <span class='ocrx_word' id='word_1_195' title='bbox 663 2844 832 2914; x_wconf 86' lang='lat' dir='ltr'><strong>possit</strong></span> <span class='ocrx_word' id='word_1_196' title='bbox 860 2840 1039 2897; x_wconf 90' lang='lat' dir='ltr'><strong>omnis</strong></span> <span class='ocrx_word' id='word_1_197' title='bbox 1070 2849 1210 2895; x_wconf 92' lang='lat' dir='ltr'><strong>terra</strong></span> <span class='ocrx_word' id='word_1_198' title='bbox 1239 2838 1536 2908; x_wconf 87' lang='lat' dir='ltr'><strong>corrumpi.</strong></span> 
     </span>
    </p>
   </div>
   <div class='ocr_carea' id='block_1_29' title="bbox 602 2928 2126 3001">
    <p class='ocr_par' dir='ltr' id='par_1_29' title="bbox 602 2928 2126 3001">
     <span class='ocr_line' id='line_1_29' title="bbox 602 2928 2126 3001; baseline -0.006 -10"><span class='ocrx_word' id='word_1_199' title='bbox 602 2936 725 2992; x_wconf 76' lang='grc'><strong>102.</strong></span> <span class='ocrx_word' id='word_1_200' title='bbox 775 2935 978 2991; x_wconf 88' lang='lat' dir='ltr'><strong>Sensus</strong></span> <span class='ocrx_word' id='word_1_201' title='bbox 1023 2943 1202 2988; x_wconf 89' lang='lat' dir='ltr'><strong>autem</strong></span> <span class='ocrx_word' id='word_1_202' title='bbox 1249 2932 1352 2998; x_wconf 85' lang='lat' dir='ltr'><strong>hoc</strong></span> <span class='ocrx_word' id='word_1_203' title='bbox 1395 2930 1559 2985; x_wconf 88' lang='lat' dir='ltr'><strong>altior</strong></span> <span class='ocrx_word' id='word_1_204' title='bbox 1599 2929 1797 2995; x_wconf 86' lang='lat' dir='ltr'><strong>habet,</strong></span> <span class='ocrx_word' id='word_1_205' title='bbox 1843 2928 1988 3001; x_wconf 92' lang='lat' dir='ltr'><strong>quod</strong></span> <span class='ocrx_word' id='word_1_206' title='bbox 2014 2928 2126 2998; x_wconf 91' lang='lat' dir='ltr'><strong>jam</strong></span> 
     </span>
    </p>
   </div>
   <div class='ocr_carea' id='block_1_30' title="bbox 527 3020 2128 3103">
    <p class='ocr_par' dir='ltr' id='par_1_30' title="bbox 527 3020 2128 3103">
     <span class='ocr_line' id='line_1_30' title="bbox 527 3020 2128 3103; baseline -0.006 -18"><span class='ocrx_word' id='word_1_207' title='bbox 527 3029 868 3103; x_wconf 86' lang='lat' dir='ltr'><strong>providentia</strong></span> <span class='ocrx_word' id='word_1_208' title='bbox 919 3027 1097 3082; x_wconf 87' lang='lat' dir='ltr'><strong>l&#39;utura</strong></span> <span class='ocrx_word' id='word_1_209' title='bbox 1127 3026 1198 3080; x_wconf 88' lang='lat' dir='ltr'><strong>sit</strong></span> <span class='ocrx_word' id='word_1_210' title='bbox 1236 3025 1489 3091; x_wconf 89' lang='lat' dir='ltr'><strong>Domini,</strong></span> <span class='ocrx_word' id='word_1_211' title='bbox 1531 3038 1599 3078; x_wconf 91' lang='lat' dir='ltr'><strong>ne</strong></span> <span class='ocrx_word' id='word_1_212' title='bbox 1631 3031 1834 3078; x_wconf 90' lang='lat' dir='ltr'><strong>tantum</strong></span> <span class='ocrx_word' id='word_1_213' title='bbox 1883 3023 1956 3077; x_wconf 89' lang='lat' dir='ltr'><strong>sit</strong></span> <span class='ocrx_word' id='word_1_214' title='bbox 1990 3020 2128 3077; x_wconf 84' lang='lat' dir='ltr'><strong>dilu-</strong></span> 
     </span>
    </p>
   </div>
   <div class='ocr_carea' id='block_1_31' title="bbox 2206 515 3837 580">
    <p class='ocr_par' dir='ltr' id='par_1_31' title="bbox 2206 515 3837 580">
     <span class='ocr_line' id='line_1_31' title="bbox 2206 515 3837 580; baseline -0.001 -8"><span class='ocrx_word' id='word_1_215' title='bbox 2206 517 2484 572; x_wconf 85' lang='lat' dir='ltr'><strong>radiorum</strong></span> <span class='ocrx_word' id='word_1_216' title='bbox 2508 517 2643 572; x_wconf 90' lang='lat' dir='ltr'><strong>solis</strong></span> <span class='ocrx_word' id='word_1_217' title='bbox 2671 531 2812 571; x_wconf 88' lang='lat' dir='ltr'><strong>nunc</strong></span> <span class='ocrx_word' id='word_1_218' title='bbox 2837 515 3198 580; x_wconf 85' lang='lat' dir='ltr'><strong>rutilantium,</strong></span> <span class='ocrx_word' id='word_1_219' title='bbox 3228 530 3373 570; x_wconf 91' lang='lat' dir='ltr'><strong>nunc</strong></span> <span class='ocrx_word' id='word_1_220' title='bbox 3395 515 3603 570; x_wconf 90' lang='lat' dir='ltr'><strong>lumine</strong></span> <span class='ocrx_word' id='word_1_221' title='bbox 3634 516 3837 571; x_wconf 85' lang='lat' dir='ltr'><strong>lucen-</strong></span> 
     </span>
    </p>
   </div>
   <div class='ocr_carea' id='block_1_32' title="bbox 2209 607 3838 679">
    <p class='ocr_par' dir='ltr' id='par_1_32' title="bbox 2209 607 3838 679">
     <span class='ocr_line' id='line_1_32' title="bbox 2209 607 3838 679; baseline 0 -16"><span class='ocrx_word' id='word_1_222' title='bbox 2209 610 2339 664; x_wconf 90' lang='lat' dir='ltr'><strong>tium</strong></span> <span class='ocrx_word' id='word_1_223' title='bbox 2367 609 2599 664; x_wconf 90' lang='lat' dir='ltr'><strong>clariore</strong></span> <span class='ocrx_word' id='word_1_224' title='bbox 2629 607 2966 679; x_wconf 83' lang='lat' dir='ltr'><strong>ﬁgurantur:</strong></span> <span class='ocrx_word' id='word_1_225' title='bbox 2998 607 3142 663; x_wconf 91' lang='lat' dir='ltr'><strong>unde</strong></span> <span class='ocrx_word' id='word_1_226' title='bbox 3181 617 3237 664; x_wconf 91' lang='lat' dir='ltr'><strong>et</strong></span> <span class='ocrx_word' id='word_1_227' title='bbox 3291 607 3468 677; x_wconf 86' lang='lat' dir='ltr'><strong>pluvia</strong></span> <span class='ocrx_word' id='word_1_228' title='bbox 3515 607 3708 662; x_wconf 78' lang='lat' dir='ltr'><strong>futura</strong></span> <span class='ocrx_word' id='word_1_229' title='bbox 3752 608 3838 663; x_wconf 85' lang='lat' dir='ltr'><strong>si-</strong></span> 
     </span>
    </p>
   </div>
   <div class='ocr_carea' id='block_1_33' title="bbox 2207 699 3829 776">
    <p class='ocr_par' dir='ltr' id='par_1_33' title="bbox 2207 699 3829 776">
     <span class='ocr_line' id='line_1_33' title="bbox 2207 699 3829 776; baseline -0.001 -19"><span class='ocrx_word' id='word_1_230' title='bbox 2207 703 2592 776; x_wconf 86' lang='lat' dir='ltr'><strong>guiliratur,eo</strong></span> <span class='ocrx_word' id='word_1_231' title='bbox 2616 703 2760 772; x_wconf 87' lang='lat' dir='ltr'><strong>quod</strong></span> <span class='ocrx_word' id='word_1_232' title='bbox 2789 702 3147 757; x_wconf 88' lang='lat' dir='ltr'><strong>inconstantia</strong></span> <span class='ocrx_word' id='word_1_233' title='bbox 3181 701 3429 772; x_wconf 85' lang='lat' dir='ltr'><strong>quaedam</strong></span> <span class='ocrx_word' id='word_1_234' title='bbox 3445 700 3777 756; x_wconf 83' lang='lat' dir='ltr'><strong>serenitatis</strong></span> <span class='ocrx_word' id='word_1_235' title='bbox 3797 699 3829 738; x_wconf 73' lang='grc' dir='ltr'>ι’</span> 
     </span>
    </p>
   </div>
   <div class='ocr_carea' id='block_1_34' title="bbox 2208 793 3834 865">
    <p class='ocr_par' dir='ltr' id='par_1_34' title="bbox 2208 793 3834 865">
     <span class='ocr_line' id='line_1_34' title="bbox 2208 793 3834 865; baseline -0.004 -11"><span class='ocrx_word' id='word_1_236' title='bbox 2208 798 2539 854; x_wconf 87' lang='lat' dir='ltr'><strong>versicolora</strong></span> <span class='ocrx_word' id='word_1_237' title='bbox 2570 797 2754 865; x_wconf 89' lang='lat' dir='ltr'><strong>specie</strong></span> <span class='ocrx_word' id='word_1_238' title='bbox 2793 796 3222 852; x_wconf 87' lang='lat' dir='ltr'><strong>demonstretur.</strong></span> <span class='ocrx_word' id='word_1_239' title='bbox 3250 793 3453 850; x_wconf 84' lang='lat' dir='ltr'><strong>Arcum</strong></span> <span class='ocrx_word' id='word_1_240' title='bbox 3497 793 3652 849; x_wconf 89' lang='lat' dir='ltr'><strong>hunc</strong></span> <span class='ocrx_word' id='word_1_241' title='bbox 3701 793 3834 849; x_wconf 87' lang='lat' dir='ltr'><strong>irim</strong></span> 
     </span>
    </p>
   </div>
   <div class='ocr_carea' id='block_1_35' title="bbox 2209 885 3833 961">
    <p class='ocr_par' dir='ltr' id='par_1_35' title="bbox 2209 885 3833 961">
     <span class='ocr_line' id='line_1_35' title="bbox 2209 885 3833 961; baseline -0.001 -18"><span class='ocrx_word' id='word_1_242' title='bbox 2209 890 2427 961; x_wconf 88' lang='lat' dir='ltr'><strong>quidam</strong></span> <span class='ocrx_word' id='word_1_243' title='bbox 2449 890 2726 960; x_wconf 88' lang='lat' dir='ltr'><strong>appellant</strong></span> <span class='ocrx_word' id='word_1_244' title='bbox 2759 906 2771 942; x_wconf 91' lang='lat'>:</span> <span class='ocrx_word' id='word_1_245' title='bbox 2801 888 2894 944; x_wconf 90' lang='lat' dir='ltr'><strong>sed</strong></span> <span class='ocrx_word' id='word_1_246' title='bbox 2923 887 3064 944; x_wconf 87' lang='lat' dir='ltr'><strong>absit</strong></span> <span class='ocrx_word' id='word_1_247' title='bbox 3090 895 3152 943; x_wconf 92' lang='lat' dir='ltr'><strong>ut</strong></span> <span class='ocrx_word' id='word_1_248' title='bbox 3174 887 3317 942; x_wconf 90' lang='lat' dir='ltr'><strong>hunc</strong></span> <span class='ocrx_word' id='word_1_249' title='bbox 3345 901 3535 942; x_wconf 88' lang='lat' dir='ltr'><strong>arcum</strong></span> <span class='ocrx_word' id='word_1_250' title='bbox 3567 885 3671 941; x_wconf 90' lang='lat' dir='ltr'><strong>Dei</strong></span> <span class='ocrx_word' id='word_1_251' title='bbox 3697 899 3833 942; x_wconf 79' lang='lat' dir='ltr'><strong>esse</strong></span> 
     </span>
    </p>
   </div>
   <div class='ocr_carea' id='block_1_36' title="bbox 2212 977 3835 1050">
    <p class='ocr_par' dir='ltr' id='par_1_36' title="bbox 2212 977 3835 1050">
     <span class='ocr_line' id='line_1_36' title="bbox 2212 977 3835 1050; baseline -0.002 -12"><span class='ocrx_word' id='word_1_252' title='bbox 2212 981 2480 1038; x_wconf 85' lang='lat' dir='ltr'><strong>dicamus.</strong></span> <span class='ocrx_word' id='word_1_253' title='bbox 2515 981 2609 1036; x_wconf 92' lang='lat' dir='ltr'><strong>llic</strong></span> <span class='ocrx_word' id='word_1_254' title='bbox 2646 981 2790 1037; x_wconf 91' lang='lat' dir='ltr'><strong>enim</strong></span> <span class='ocrx_word' id='word_1_255' title='bbox 2829 993 2990 1034; x_wconf 89' lang='lat' dir='ltr'><strong>arcus</strong></span> <span class='ocrx_word' id='word_1_256' title='bbox 3028 979 3119 1050; x_wconf 92' lang='lat' dir='ltr'><strong>qui</strong></span> <span class='ocrx_word' id='word_1_257' title='bbox 3147 979 3243 1035; x_wconf 92' lang='lat' dir='ltr'><strong>iris</strong></span> <span class='ocrx_word' id='word_1_258' title='bbox 3268 978 3504 1044; x_wconf 90' lang='lat' dir='ltr'><strong>dicitur,</strong></span> <span class='ocrx_word' id='word_1_259' title='bbox 3539 993 3647 1050; x_wconf 86' lang='lat' dir='ltr'><strong>per</strong></span> <span class='ocrx_word' id='word_1_260' title='bbox 3676 977 3835 1034; x_wconf 82' lang='lat' dir='ltr'><strong>diem</strong></span> 
     </span>
    </p>
   </div>
   <div class='ocr_carea' id='block_1_37' title="bbox 2213 1071 3834 1144">
    <p class='ocr_par' dir='ltr' id='par_1_37' title="bbox 2213 1071 3834 1144">
     <span class='ocr_line' id='line_1_37' title="bbox 2213 1071 3834 1144; baseline 0 -16"><span class='ocrx_word' id='word_1_261' title='bbox 2213 1075 2383 1130; x_wconf 87' lang='lat' dir='ltr'><strong>videri</strong></span> <span class='ocrx_word' id='word_1_262' title='bbox 2415 1074 2587 1140; x_wconf 87' lang='lat' dir='ltr'><strong>solet,</strong></span> <span class='ocrx_word' id='word_1_263' title='bbox 2618 1083 2776 1128; x_wconf 88' lang='lat' dir='ltr'><strong>nocte</strong></span> <span class='ocrx_word' id='word_1_264' title='bbox 2808 1087 2913 1128; x_wconf 92' lang='lat' dir='ltr'><strong>non</strong></span> <span class='ocrx_word' id='word_1_265' title='bbox 2962 1080 3206 1143; x_wconf 84' lang='lat' dir='ltr'><strong>apparet.</strong></span> <span class='ocrx_word' id='word_1_266' title='bbox 3253 1071 3433 1127; x_wconf 89' lang='lat' dir='ltr'><strong>Etiam</strong></span> <span class='ocrx_word' id='word_1_267' title='bbox 3486 1087 3587 1144; x_wconf 86' lang='lat' dir='ltr'><strong>per</strong></span> <span class='ocrx_word' id='word_1_268' title='bbox 3637 1073 3834 1143; x_wconf 85' lang='lat' dir='ltr'><strong>ipsum</strong></span> 
     </span>
    </p>
   </div>
   <div class='ocr_carea' id='block_1_38' title="bbox 2214 1165 3834 1237">
    <p class='ocr_par' dir='ltr' id='par_1_38' title="bbox 2214 1165 3834 1237">
     <span class='ocr_line' id='line_1_38' title="bbox 2214 1165 3834 1237; baseline -0.001 -13"><span class='ocrx_word' id='word_1_269' title='bbox 2214 1169 2355 1225; x_wconf 91' lang='lat' dir='ltr'><strong>diem</strong></span> <span class='ocrx_word' id='word_1_270' title='bbox 2384 1212 2399 1237; x_wconf 87' lang='lat'><strong>,</strong></span> <span class='ocrx_word' id='word_1_271' title='bbox 2430 1168 2475 1224; x_wconf 90' lang='lat' dir='ltr'><strong>si</strong></span> <span class='ocrx_word' id='word_1_272' title='bbox 2498 1168 2763 1224; x_wconf 85' lang='lat' dir='ltr'><strong>obductus</strong></span> <span class='ocrx_word' id='word_1_273' title='bbox 2789 1182 2886 1224; x_wconf 91' lang='lat' dir='ltr'><strong>aer</strong></span> <span class='ocrx_word' id='word_1_274' title='bbox 2911 1167 3070 1223; x_wconf 88' lang='lat' dir='ltr'><strong>tetris</strong></span> <span class='ocrx_word' id='word_1_275' title='bbox 3109 1166 3342 1222; x_wconf 85' lang='lat' dir='ltr'><strong>nubibus</strong></span> <span class='ocrx_word' id='word_1_276' title='bbox 3375 1165 3540 1222; x_wconf 80' lang='lat' dir='ltr'><strong>fuerit</strong></span> <span class='ocrx_word' id='word_1_277' title='bbox 3565 1209 3582 1234; x_wconf 93' lang='lat'><strong>,</strong></span> <span class='ocrx_word' id='word_1_278' title='bbox 3612 1181 3726 1223; x_wconf 89' lang='lat' dir='ltr'><strong>nec</strong></span> <span class='ocrx_word' id='word_1_279' title='bbox 3752 1167 3834 1223; x_wconf 85' lang='lat' dir='ltr'><strong>sic</strong></span> 
     </span>
    </p>
   </div>
   <div class='ocr_carea' id='block_1_39' title="bbox 2215 1257 3835 1333">
    <p class='ocr_par' dir='ltr' id='par_1_39' title="bbox 2215 1257 3835 1333">
     <span class='ocr_line' id='line_1_39' title="bbox 2215 1257 3835 1333; baseline 0 -17"><span class='ocrx_word' id='word_1_280' title='bbox 2215 1262 2430 1333; x_wconf 86' lang='lat' dir='ltr'><strong>quidem</strong></span> <span class='ocrx_word' id='word_1_281' title='bbox 2454 1259 2693 1327; x_wconf 86' lang='lat' dir='ltr'><strong>videtur,</strong></span> <span class='ocrx_word' id='word_1_282' title='bbox 2725 1260 2778 1315; x_wconf 92' lang='lat' dir='ltr'><strong>ni</strong></span> <span class='ocrx_word' id='word_1_283' title='bbox 2805 1259 2943 1316; x_wconf 83' lang='lat' dir='ltr'><strong>torte</strong></span> <span class='ocrx_word' id='word_1_284' title='bbox 2972 1275 3096 1315; x_wconf 91' lang='lat' dir='ltr'><strong>cum</strong></span> <span class='ocrx_word' id='word_1_285' title='bbox 3123 1259 3406 1331; x_wconf 76' lang='lat' dir='ltr'><strong>graviores</strong></span> <span class='ocrx_word' id='word_1_286' title='bbox 3429 1257 3607 1315; x_wconf 85' lang='lat' dir='ltr'><strong>nubes</strong></span> <span class='ocrx_word' id='word_1_287' title='bbox 3626 1273 3696 1315; x_wconf 88' lang='lat' dir='ltr'><strong>se</strong></span> <span class='ocrx_word' id='word_1_288' title='bbox 3718 1272 3835 1316; x_wconf 72' lang='lat' dir='ltr'><strong>om-</strong></span> 
     </span>
    </p>
   </div>
   <div class='ocr_carea' id='block_1_40' title="bbox 2216 1353 2692 1425">
    <p class='ocr_par' dir='ltr' id='par_1_40' title="bbox 2216 1353 2692 1425">
     <span class='ocr_line' id='line_1_40' title="bbox 2216 1353 2692 1425; baseline -0.004 -16"><span class='ocrx_word' id='word_1_289' title='bbox 2216 1354 2395 1425; x_wconf 86' lang='lat' dir='ltr'><strong>perint</strong></span> <span class='ocrx_word' id='word_1_290' title='bbox 2427 1353 2692 1409; x_wconf 84' lang='lat' dir='ltr'><strong>relaxare.</strong></span> 
     </span>
    </p>
   </div>
   <div class='ocr_carea' id='block_1_41' title="bbox 2290 1444 3828 1519">
    <p class='ocr_par' dir='ltr' id='par_1_41' title="bbox 2290 1444 3828 1519">
     <span class='ocr_line' id='line_1_41' title="bbox 2290 1444 3828 1519; baseline -0.003 -16"><span class='ocrx_word' id='word_1_291' title='bbox 2290 1447 2414 1504; x_wconf 75' lang='grc'><strong>104.</strong></span> <span class='ocrx_word' id='word_1_292' title='bbox 2460 1447 2601 1519; x_wconf 87' lang='lat' dir='ltr'><strong>Ergo</strong></span> <span class='ocrx_word' id='word_1_293' title='bbox 2647 1446 2929 1502; x_wconf 81' lang='lat' dir='ltr'><strong>videamus</strong></span> <span class='ocrx_word' id='word_1_294' title='bbox 2974 1460 3042 1502; x_wconf 90' lang='lat' dir='ltr'><strong>ne</strong></span> <span class='ocrx_word' id='word_1_295' title='bbox 3086 1445 3212 1517; x_wconf 85' lang='lat' dir='ltr'><strong>quia</strong></span> <span class='ocrx_word' id='word_1_296' title='bbox 3241 1459 3400 1501; x_wconf 87' lang='lat' dir='ltr'><strong>arcus</strong></span> <span class='ocrx_word' id='word_1_297' title='bbox 3438 1459 3550 1516; x_wconf 86' lang='lat' dir='ltr'><strong>quo</strong></span> <span class='ocrx_word' id='word_1_298' title='bbox 3601 1444 3828 1516; x_wconf 71' lang='lat' dir='ltr'><strong>sagitta</strong></span> 
     </span>
    </p>
   </div>
   <div class='ocr_carea' id='block_1_42' title="bbox 2215 1537 3832 1614">
    <p class='ocr_par' dir='ltr' id='par_1_42' title="bbox 2215 1537 3832 1614">
     <span class='ocr_line' id='line_1_42' title="bbox 2215 1537 3832 1614; baseline -0.002 -18"><span class='ocrx_word' id='word_1_299' title='bbox 2215 1542 2510 1614; x_wconf 87' lang='lat' dir='ltr'><strong>jaciuntur,</strong></span> <span class='ocrx_word' id='word_1_300' title='bbox 2539 1557 2682 1597; x_wconf 91' lang='lat' dir='ltr'><strong>nunc</strong></span> <span class='ocrx_word' id='word_1_301' title='bbox 2712 1540 2974 1606; x_wconf 87' lang='lat' dir='ltr'><strong>tenditur,</strong></span> <span class='ocrx_word' id='word_1_302' title='bbox 3008 1555 3155 1596; x_wconf 90' lang='lat' dir='ltr'><strong>nunc</strong></span> <span class='ocrx_word' id='word_1_303' title='bbox 3179 1539 3495 1604; x_wconf 71' lang='lat' dir='ltr'><strong>resolvitur,</strong></span> <span class='ocrx_word' id='word_1_304' title='bbox 3526 1537 3832 1607; x_wconf 74' lang='lat' dir='ltr'><strong>Quamdam</strong></span> 
     </span>
    </p>
   </div>
   <div class='ocr_carea' id='block_1_43' title="bbox 2221 1632 3833 1706">
    <p class='ocr_par' dir='ltr' id='par_1_43' title="bbox 2221 1632 3833 1706">
     <span class='ocr_line' id='line_1_43' title="bbox 2221 1632 3833 1706; baseline -0.002 -14"><span class='ocrx_word' id='word_1_305' title='bbox 2221 1637 2590 1692; x_wconf 77' lang='lat' dir='ltr'><strong>cxtensionem</strong></span> <span class='ocrx_word' id='word_1_306' title='bbox 2611 1645 2661 1690; x_wconf 87' lang='lat' dir='ltr'><strong>et</strong></span> <span class='ocrx_word' id='word_1_307' title='bbox 2689 1635 3067 1692; x_wconf 88' lang='lat' dir='ltr'><strong>remissionem</strong></span> <span class='ocrx_word' id='word_1_308' title='bbox 3091 1633 3337 1689; x_wconf 85' lang='lat' dir='ltr'><strong>videatur</strong></span> <span class='ocrx_word' id='word_1_309' title='bbox 3352 1632 3636 1704; x_wconf 82' lang='lat' dir='ltr'><strong>Scriptura</strong></span> <span class='ocrx_word' id='word_1_310' title='bbox 3661 1632 3833 1706; x_wconf 70' lang='lat' dir='ltr'><strong>27o</strong></span> 
     </span>
    </p>
   </div>
   <div class='ocr_carea' id='block_1_44' title="bbox 2220 1725 3821 1800">
    <p class='ocr_par' dir='ltr' id='par_1_44' title="bbox 2220 1725 3821 1800">
     <span class='ocr_line' id='line_1_44' title="bbox 2220 1725 3821 1800; baseline -0.003 -16"><span class='ocrx_word' id='word_1_311' title='bbox 2220 1730 2555 1800; x_wconf 81' lang='lat' dir='ltr'><strong>signiﬁcare,</strong></span> <span class='ocrx_word' id='word_1_312' title='bbox 2608 1743 2706 1799; x_wconf 87' lang='lat' dir='ltr'><strong>per</strong></span> <span class='ocrx_word' id='word_1_313' title='bbox 2758 1743 2919 1799; x_wconf 91' lang='lat' dir='ltr'><strong>quam</strong></span> <span class='ocrx_word' id='word_1_314' title='bbox 2967 1742 3143 1796; x_wconf 89' lang='lat' dir='ltr'><strong>neque</strong></span> <span class='ocrx_word' id='word_1_315' title='bbox 3174 1725 3388 1797; x_wconf 89' lang='lat' dir='ltr'><strong>penitus</strong></span> <span class='ocrx_word' id='word_1_316' title='bbox 3435 1740 3533 1796; x_wconf 88' lang='lat' dir='ltr'><strong>per</strong></span> <span class='ocrx_word' id='word_1_317' title='bbox 3585 1725 3821 1780; x_wconf 82' lang='lat' dir='ltr'><strong>nimiam</strong></span> 
     </span>
    </p>
   </div>
   <div class='ocr_carea' id='block_1_45' title="bbox 2221 1819 3825 1894">
    <p class='ocr_par' dir='ltr' id='par_1_45' title="bbox 2221 1819 3825 1894">
     <span class='ocr_line' id='line_1_45' title="bbox 2221 1819 3825 1894; baseline -0.004 -13"><span class='ocrx_word' id='word_1_318' title='bbox 2221 1827 2594 1882; x_wconf 76' lang='lat' dir='ltr'><strong>cxtensionem</strong></span> <span class='ocrx_word' id='word_1_319' title='bbox 2637 1824 2888 1881; x_wconf 87' lang='lat' dir='ltr'><strong>universa</strong></span> <span class='ocrx_word' id='word_1_320' title='bbox 2930 1833 3286 1894; x_wconf 88' lang='lat' dir='ltr'><strong>rumpantur;</strong></span> <span class='ocrx_word' id='word_1_321' title='bbox 3329 1821 3427 1878; x_wconf 90' lang='lat' dir='ltr'><strong>sed</strong></span> <span class='ocrx_word' id='word_1_322' title='bbox 3457 1822 3529 1877; x_wconf 90' lang='lat' dir='ltr'><strong>sit</strong></span> <span class='ocrx_word' id='word_1_323' title='bbox 3570 1819 3825 1891; x_wconf 66' lang='lat' dir='ltr'><strong>quaedam</strong></span> 
     </span>
    </p>
   </div>
   <div class='ocr_carea' id='block_1_46' title="bbox 2223 1911 3830 1990">
    <p class='ocr_par' dir='ltr' id='par_1_46' title="bbox 2223 1911 3830 1990">
     <span class='ocr_line' id='line_1_46' title="bbox 2223 1911 3830 1990; baseline -0.005 -14"><span class='ocrx_word' id='word_1_324' title='bbox 2223 1935 2478 1976; x_wconf 88' lang='lat' dir='ltr'><strong>mensura</strong></span> <span class='ocrx_word' id='word_1_325' title='bbox 2500 1961 2515 1984; x_wconf 91' lang='lat'><strong>,</strong></span> <span class='ocrx_word' id='word_1_326' title='bbox 2557 1928 2615 1975; x_wconf 90' lang='lat' dir='ltr'><strong>et</strong></span> <span class='ocrx_word' id='word_1_327' title='bbox 2641 1917 2916 1990; x_wconf 88' lang='lat' dir='ltr'><strong>quoddam</strong></span> <span class='ocrx_word' id='word_1_328' title='bbox 2948 1916 3149 1972; x_wconf 78' lang='lat' dir='ltr'><strong>divina:</strong></span> <span class='ocrx_word' id='word_1_329' title='bbox 3193 1916 3408 1972; x_wconf 84' lang='lat' dir='ltr'><strong>virtutis</strong></span> <span class='ocrx_word' id='word_1_330' title='bbox 3437 1929 3696 1971; x_wconf 76' lang='lat' dir='ltr'><strong>examen.</strong></span> <span class='ocrx_word' id='word_1_331' title='bbox 3732 1911 3830 1968; x_wconf 87' lang='lat' dir='ltr'><strong>Est</strong></span> 
     </span>
    </p>
   </div>
   <div class='ocr_carea' id='block_1_47' title="bbox 2222 2005 3831 2084">
    <p class='ocr_par' dir='ltr' id='par_1_47' title="bbox 2222 2005 3831 2084">
     <span class='ocr_line' id='line_1_47' title="bbox 2222 2005 3831 2084; baseline -0.006 -16"><span class='ocrx_word' id='word_1_332' title='bbox 2222 2028 2354 2084; x_wconf 87' lang='lat' dir='ltr'><strong>ergo</strong></span> <span class='ocrx_word' id='word_1_333' title='bbox 2386 2011 2557 2067; x_wconf 83' lang='lat' dir='ltr'><strong>virtus</strong></span> <span class='ocrx_word' id='word_1_334' title='bbox 2587 2010 2876 2067; x_wconf 78' lang='lat' dir='ltr'><strong>invisibilis</strong></span> <span class='ocrx_word' id='word_1_335' title='bbox 2896 2009 2993 2066; x_wconf 88' lang='lat' dir='ltr'><strong>Dei</strong></span> <span class='ocrx_word' id='word_1_336' title='bbox 3022 2023 3145 2080; x_wconf 66' lang='lat' dir='ltr'><strong>qua:</strong></span> <span class='ocrx_word' id='word_1_337' title='bbox 3173 2018 3229 2064; x_wconf 89' lang='lat' dir='ltr'><strong>et</strong></span> <span class='ocrx_word' id='word_1_338' title='bbox 3259 2005 3442 2078; x_wconf 90' lang='lat' dir='ltr'><strong>specie</strong></span> <span class='ocrx_word' id='word_1_339' title='bbox 3485 2005 3650 2061; x_wconf 81' lang='lat' dir='ltr'><strong>istius</strong></span> <span class='ocrx_word' id='word_1_340' title='bbox 3669 2017 3831 2060; x_wconf 86' lang='lat' dir='ltr'><strong>arcus</strong></span> 
     </span>
    </p>
   </div>
   <div class='ocr_carea' id='block_1_48' title="bbox 2225 2099 3829 2174">
    <p class='ocr_par' dir='ltr' id='par_1_48' title="bbox 2225 2099 3829 2174">
     <span class='ocr_line' id='line_1_48' title="bbox 2225 2099 3829 2174; baseline -0.006 -11"><span class='ocrx_word' id='word_1_341' title='bbox 2225 2101 2552 2164; x_wconf 65' lang='lat' dir='ltr'><strong>e&#39;xtendendi</strong></span> <span class='ocrx_word' id='word_1_342' title='bbox 2593 2116 2650 2164; x_wconf 91' lang='lat' dir='ltr'><strong>et</strong></span> <span class='ocrx_word' id='word_1_343' title='bbox 2677 2104 2993 2162; x_wconf 91' lang='lat' dir='ltr'><strong>remittendi</strong></span> <span class='ocrx_word' id='word_1_344' title='bbox 3034 2103 3348 2160; x_wconf 90' lang='lat' dir='ltr'><strong>moderatur</strong></span> <span class='ocrx_word' id='word_1_345' title='bbox 3378 2116 3482 2174; x_wconf 87' lang='lat' dir='ltr'><strong>pro</strong></span> <span class='ocrx_word' id='word_1_346' title='bbox 3509 2099 3695 2156; x_wconf 89' lang='lat' dir='ltr'><strong>divina</strong></span> <span class='ocrx_word' id='word_1_347' title='bbox 3738 2112 3829 2154; x_wconf 92' lang='lat' dir='ltr'><strong>vo-</strong></span> 
     </span>
    </p>
   </div>
   <div class='ocr_carea' id='block_1_49' title="bbox 2226 2191 3828 2270">
    <p class='ocr_par' dir='ltr' id='par_1_49' title="bbox 2226 2191 3828 2270">
     <span class='ocr_line' id='line_1_49' title="bbox 2226 2191 3828 2270; baseline -0.006 -13"><span class='ocrx_word' id='word_1_348' title='bbox 2226 2202 2436 2257; x_wconf 89' lang='lat' dir='ltr'><strong>luntate</strong></span> <span class='ocrx_word' id='word_1_349' title='bbox 2456 2242 2472 2268; x_wconf 92' lang='lat'><strong>,</strong></span> <span class='ocrx_word' id='word_1_350' title='bbox 2506 2198 2880 2256; x_wconf 72' lang='lat' dir='ltr'><strong>misericordia</strong></span> <span class='ocrx_word' id='word_1_351' title='bbox 2907 2241 2922 2264; x_wconf 88' lang='lat'><strong>,</strong></span> <span class='ocrx_word' id='word_1_352' title='bbox 2956 2206 3227 2270; x_wconf 85' lang='lat' dir='ltr'><strong>potestate</strong></span> <span class='ocrx_word' id='word_1_353' title='bbox 3251 2237 3268 2262; x_wconf 94' lang='lat'><strong>,</strong></span> <span class='ocrx_word' id='word_1_354' title='bbox 3293 2210 3414 2265; x_wconf 71' lang='lat' dir='ltr'><strong>qua:</strong></span> <span class='ocrx_word' id='word_1_355' title='bbox 3441 2209 3622 2265; x_wconf 90' lang='lat' dir='ltr'><strong>neque</strong></span> <span class='ocrx_word' id='word_1_356' title='bbox 3648 2191 3828 2248; x_wconf 85' lang='lat' dir='ltr'><strong>omnia</strong></span> 
     </span>
    </p>
   </div>
   <div class='ocr_carea' id='block_1_50' title="bbox 2226 2286 3827 2362">
    <p class='ocr_par' dir='ltr' id='par_1_50' title="bbox 2226 2286 3827 2362">
     <span class='ocr_line' id='line_1_50' title="bbox 2226 2286 3827 2362; baseline -0.007 -11"><span class='ocrx_word' id='word_1_357' title='bbox 2226 2294 2482 2351; x_wconf 86' lang='lat' dir='ltr'><strong>eonlundi</strong></span> <span class='ocrx_word' id='word_1_358' title='bbox 2525 2294 2690 2348; x_wconf 90' lang='lat' dir='ltr'><strong>nimia</strong></span> <span class='ocrx_word' id='word_1_359' title='bbox 2730 2293 3033 2359; x_wconf 89' lang='lat' dir='ltr'><strong>solutione,</strong></span> <span class='ocrx_word' id='word_1_360' title='bbox 3079 2305 3257 2362; x_wconf 91' lang='lat' dir='ltr'><strong>neque</strong></span> <span class='ocrx_word' id='word_1_361' title='bbox 3284 2288 3522 2357; x_wconf 87' lang='lat' dir='ltr'><strong>dirumpi</strong></span> <span class='ocrx_word' id='word_1_362' title='bbox 3561 2287 3731 2342; x_wconf 89' lang='lat' dir='ltr'><strong>nimia</strong></span> <span class='ocrx_word' id='word_1_363' title='bbox 3759 2286 3827 2340; x_wconf 81' lang='lat' dir='ltr'><strong>ir-</strong></span> 
     </span>
    </p>
   </div>
   <div class='ocr_carea' id='block_1_51' title="bbox 2229 2378 3823 2458">
    <p class='ocr_par' dir='ltr' id='par_1_51' title="bbox 2229 2378 3823 2458">
     <span class='ocr_line' id='line_1_51' title="bbox 2229 2378 3823 2458; baseline -0.006 -17"><span class='ocrx_word' id='word_1_364' title='bbox 2229 2402 2290 2442; x_wconf 92' lang='lat' dir='ltr'><strong>ru</strong></span> <span class='ocrx_word' id='word_1_365' title='bbox 2302 2387 2480 2456; x_wconf 81' lang='lat' dir='ltr'><strong>ptione</strong></span> <span class='ocrx_word' id='word_1_366' title='bbox 2510 2386 2768 2458; x_wconf 88' lang='lat' dir='ltr'><strong>patiatur.</strong></span> <span class='ocrx_word' id='word_1_367' title='bbox 2801 2386 2973 2454; x_wconf 90' lang='lat' dir='ltr'><strong>Quam</strong></span> <span class='ocrx_word' id='word_1_368' title='bbox 3002 2383 3130 2440; x_wconf 91' lang='lat' dir='ltr'><strong>ideo</strong></span> <span class='ocrx_word' id='word_1_369' title='bbox 3155 2382 3207 2438; x_wconf 93' lang='lat' dir='ltr'><strong>in</strong></span> <span class='ocrx_word' id='word_1_370' title='bbox 3239 2381 3477 2437; x_wconf 90' lang='lat' dir='ltr'><strong>nubibus</strong></span> <span class='ocrx_word' id='word_1_371' title='bbox 3505 2379 3644 2435; x_wconf 87' lang='lat' dir='ltr'><strong>dicit</strong></span> <span class='ocrx_word' id='word_1_372' title='bbox 3670 2378 3823 2449; x_wconf 89' lang='lat' dir='ltr'><strong>poni,</strong></span> 
     </span>
    </p>
   </div>
   <div class='ocr_carea' id='block_1_52' title="bbox 2227 2471 3826 2550">
    <p class='ocr_par' dir='ltr' id='par_1_52' title="bbox 2227 2471 3826 2550">
     <span class='ocr_line' id='line_1_52' title="bbox 2227 2471 3826 2550; baseline -0.006 -16"><span class='ocrx_word' id='word_1_373' title='bbox 2227 2480 2352 2550; x_wconf 89' lang='lat' dir='ltr'><strong>quia</strong></span> <span class='ocrx_word' id='word_1_374' title='bbox 2381 2487 2507 2532; x_wconf 90' lang='lat' dir='ltr'><strong>tuuc</strong></span> <span class='ocrx_word' id='word_1_375' title='bbox 2539 2477 2771 2532; x_wconf 82' lang='lat' dir='ltr'><strong>maxime</strong></span> <span class='ocrx_word' id='word_1_376' title='bbox 2797 2491 2935 2548; x_wconf 87' lang='lat' dir='ltr'><strong>opus</strong></span> <span class='ocrx_word' id='word_1_377' title='bbox 2973 2484 3057 2530; x_wconf 89' lang='lat' dir='ltr'><strong>est</strong></span> <span class='ocrx_word' id='word_1_378' title='bbox 3081 2474 3278 2530; x_wconf 76' lang='lat' dir='ltr'><strong>divinae</strong></span> <span class='ocrx_word' id='word_1_379' title='bbox 3305 2473 3512 2528; x_wconf 78' lang='lat' dir='ltr'><strong>auxilio</strong></span> <span class='ocrx_word' id='word_1_380' title='bbox 3541 2471 3826 2544; x_wconf 79' lang='lat' dir='ltr'><strong>providen-</strong></span> 
     </span>
    </p>
   </div>
   <div class='ocr_carea' id='block_1_53' title="bbox 2228 2565 3824 2642">
    <p class='ocr_par' dir='ltr' id='par_1_53' title="bbox 2228 2565 3824 2642">
     <span class='ocr_line' id='line_1_53' title="bbox 2228 2565 3824 2642; baseline -0.006 -15"><span class='ocrx_word' id='word_1_381' title='bbox 2228 2573 2341 2637; x_wconf 78' lang='lat' dir='ltr'><strong>tiae,</strong></span> <span class='ocrx_word' id='word_1_382' title='bbox 2377 2570 2596 2642; x_wconf 88' lang='lat' dir='ltr'><strong>quando</strong></span> <span class='ocrx_word' id='word_1_383' title='bbox 2641 2572 2856 2642; x_wconf 78' lang='lat' dir='ltr'><strong>agmina</strong></span> <span class='ocrx_word' id='word_1_384' title='bbox 2887 2568 3110 2624; x_wconf 90' lang='lat' dir='ltr'><strong>nubium</strong></span> <span class='ocrx_word' id='word_1_385' title='bbox 3138 2568 3190 2623; x_wconf 93' lang='lat' dir='ltr'><strong>in</strong></span> <span class='ocrx_word' id='word_1_386' title='bbox 3224 2565 3491 2638; x_wconf 85' lang='lat' dir='ltr'><strong>procellas</strong></span> <span class='ocrx_word' id='word_1_387' title='bbox 3536 2574 3824 2634; x_wconf 73' lang='lat' dir='ltr'><strong>tempesm-</strong></span> 
     </span>
    </p>
   </div>
   <div class='ocr_carea' id='block_1_54' title="bbox 2232 2661 3822 2736">
    <p class='ocr_par' dir='ltr' id='par_1_54' title="bbox 2232 2661 3822 2736">
     <span class='ocr_line' id='line_1_54' title="bbox 2232 2661 3822 2736; baseline -0.009 -14"><span class='ocrx_word' id='word_1_388' title='bbox 2232 2675 2420 2735; x_wconf 65' lang='lat' dir='ltr'><strong>tesilne</strong></span> <span class='ocrx_word' id='word_1_389' title='bbox 2442 2672 2727 2736; x_wconf 86' lang='lat' dir='ltr'><strong>coguntur.</strong></span> <span class='ocrx_word' id='word_1_390' title='bbox 2757 2663 2991 2731; x_wconf 86' lang='lat' dir='ltr'><strong>Ideoque</strong></span> <span class='ocrx_word' id='word_1_391' title='bbox 3019 2661 3150 2716; x_wconf 86' lang='lat' dir='ltr'><strong>dicit</strong></span> <span class='ocrx_word' id='word_1_392' title='bbox 3176 2679 3188 2715; x_wconf 91' lang='lat'>:</span> <span class='ocrx_word' id='word_1_393' title='bbox 3215 2661 3407 2714; x_wconf 83' lang='lat' dir='ltr'><strong>Arcum</strong></span> <span class='ocrx_word' id='word_1_394' title='bbox 3446 2673 3618 2711; x_wconf 83' lang='lat' dir='ltr'><strong>meum</strong></span> <span class='ocrx_word' id='word_1_395' title='bbox 3643 2670 3822 2726; x_wconf 83' lang='lat' dir='ltr'><strong>ponant</strong></span> 
     </span>
    </p>
   </div>
   <div class='ocr_carea' id='block_1_55' title="bbox 2227 2749 3823 2826">
    <p class='ocr_par' dir='ltr' id='par_1_55' title="bbox 2227 2749 3823 2826">
     <span class='ocr_line' id='line_1_55' title="bbox 2227 2749 3823 2826; baseline -0.008 -13"><span class='ocrx_word' id='word_1_396' title='bbox 2227 2759 2281 2813; x_wconf 89' lang='lat' dir='ltr'><strong>in</strong></span> <span class='ocrx_word' id='word_1_397' title='bbox 2328 2757 2495 2823; x_wconf 85' lang='lat' dir='ltr'><strong>nube,</strong></span> <span class='ocrx_word' id='word_1_398' title='bbox 2547 2772 2652 2812; x_wconf 91' lang='lat' dir='ltr'><strong>non</strong></span> <span class='ocrx_word' id='word_1_399' title='bbox 2685 2757 2935 2826; x_wconf 77' lang='lat' dir='ltr'><strong>sagittam</strong></span> <span class='ocrx_word' id='word_1_400' title='bbox 2975 2768 3194 2826; x_wconf 85' lang='lat' dir='ltr'><strong>ponam.</strong></span> <span class='ocrx_word' id='word_1_401' title='bbox 3228 2751 3401 2806; x_wconf 84' lang='lat' dir='ltr'><strong>Arcus</strong></span> <span class='ocrx_word' id='word_1_402' title='bbox 3445 2749 3590 2805; x_wconf 89' lang='lat' dir='ltr'><strong>enim</strong></span> <span class='ocrx_word' id='word_1_403' title='bbox 3634 2749 3823 2803; x_wconf 86' lang='lat' dir='ltr'><strong>instru-</strong></span> 
     </span>
    </p>
   </div>
   <div class='ocr_carea' id='block_1_56' title="bbox 2229 2841 3821 2922">
    <p class='ocr_par' dir='ltr' id='par_1_56' title="bbox 2229 2841 3821 2922">
     <span class='ocr_line' id='line_1_56' title="bbox 2229 2841 3821 2922; baseline -0.009 -15"><span class='ocrx_word' id='word_1_404' title='bbox 2229 2863 2474 2907; x_wconf 84' lang='lat' dir='ltr'><strong>mentum</strong></span> <span class='ocrx_word' id='word_1_405' title='bbox 2497 2849 2804 2922; x_wconf 70' lang='lat' dir='ltr'><strong>jaculauda:</strong></span> <span class='ocrx_word' id='word_1_406' title='bbox 2833 2848 3042 2918; x_wconf 73' lang='lat' dir='ltr'><strong>sagittte</strong></span> <span class='ocrx_word' id='word_1_407' title='bbox 3079 2855 3184 2902; x_wconf 90' lang='lat' dir='ltr'><strong>est.</strong></span> <span class='ocrx_word' id='word_1_408' title='bbox 3215 2843 3400 2916; x_wconf 85' lang='lat' dir='ltr'><strong>Itaque</strong></span> <span class='ocrx_word' id='word_1_409' title='bbox 3443 2857 3552 2898; x_wconf 91' lang='lat' dir='ltr'><strong>non</strong></span> <span class='ocrx_word' id='word_1_410' title='bbox 3597 2841 3717 2912; x_wconf 86' lang='lat' dir='ltr'><strong>ipse</strong></span> <span class='ocrx_word' id='word_1_411' title='bbox 3743 2853 3821 2894; x_wconf 87' lang='lat' dir='ltr'><strong>ar-</strong></span> 
     </span>
    </p>
   </div>
   <div class='ocr_carea' id='block_1_57' title="bbox 2231 2931 3820 3013">
    <p class='ocr_par' dir='ltr' id='par_1_57' title="bbox 2231 2931 3820 3013">
     <span class='ocr_line' id='line_1_57' title="bbox 2231 2931 3820 3013; baseline -0.011 -10"><span class='ocrx_word' id='word_1_412' title='bbox 2231 2961 2327 3003; x_wconf 90' lang='lat' dir='ltr'><strong>cus</strong></span> <span class='ocrx_word' id='word_1_413' title='bbox 2358 2946 2622 3010; x_wconf 87' lang='lat' dir='ltr'><strong>vulnerat,</strong></span> <span class='ocrx_word' id='word_1_414' title='bbox 2654 2942 2751 2998; x_wconf 88' lang='lat' dir='ltr'><strong>sed</strong></span> <span class='ocrx_word' id='word_1_415' title='bbox 2777 2941 2994 3013; x_wconf 78' lang='lat' dir='ltr'><strong>sagitta.</strong></span> <span class='ocrx_word' id='word_1_416' title='bbox 3041 2940 3111 2996; x_wconf 90' lang='lat' dir='ltr'><strong>Et</strong></span> <span class='ocrx_word' id='word_1_417' title='bbox 3138 2939 3260 2996; x_wconf 89' lang='lat' dir='ltr'><strong>ideo</strong></span> <span class='ocrx_word' id='word_1_418' title='bbox 3291 2937 3554 2992; x_wconf 90' lang='lat' dir='ltr'><strong>Dominus</strong></span> <span class='ocrx_word' id='word_1_419' title='bbox 3596 2935 3649 2990; x_wconf 91' lang='lat' dir='ltr'><strong>in</strong></span> <span class='ocrx_word' id='word_1_420' title='bbox 3690 2931 3820 2988; x_wconf 84' lang='lat' dir='ltr'><strong>nube</strong></span> 
     </span>
    </p>
   </div>
   <div class='ocr_carea' id='block_1_58' title="bbox 2231 3025 3818 3110">
    <p class='ocr_par' dir='ltr' id='par_1_58' title="bbox 2231 3025 3818 3110">
     <span class='ocr_line' id='line_1_58' title="bbox 2231 3025 3818 3110; baseline -0.009 -15"><span class='ocrx_word' id='word_1_421' title='bbox 2231 3054 2419 3095; x_wconf 88' lang='lat' dir='ltr'><strong>arcum</strong></span> <span class='ocrx_word' id='word_1_422' title='bbox 2452 3039 2622 3110; x_wconf 90' lang='lat' dir='ltr'><strong>magis</strong></span> <span class='ocrx_word' id='word_1_423' title='bbox 2648 3053 2808 3110; x_wconf 89' lang='lat' dir='ltr'><strong>quam</strong></span> <span class='ocrx_word' id='word_1_424' title='bbox 2841 3037 3093 3108; x_wconf 78' lang='lat' dir='ltr'><strong>sagittam</strong></span> <span class='ocrx_word' id='word_1_425' title='bbox 3116 3034 3296 3106; x_wconf 91' lang='lat' dir='ltr'><strong>ponit,</strong></span> <span class='ocrx_word' id='word_1_426' title='bbox 3326 3031 3379 3087; x_wconf 91' lang='lat' dir='ltr'><strong>id</strong></span> <span class='ocrx_word' id='word_1_427' title='bbox 3407 3038 3490 3086; x_wconf 90' lang='lat' dir='ltr'><strong>est</strong></span> <span class='ocrx_word' id='word_1_428' title='bbox 3511 3072 3526 3096; x_wconf 89' lang='lat'><strong>,</strong></span> <span class='ocrx_word' id='word_1_429' title='bbox 3559 3043 3666 3084; x_wconf 88' lang='lat' dir='ltr'><strong>non</strong></span> <span class='ocrx_word' id='word_1_430' title='bbox 3698 3025 3818 3082; x_wconf 87' lang='lat' dir='ltr'><strong>illud</strong></span> 
     </span>
    </p>
   </div>
   <div class='ocr_carea' id='block_1_59' title="bbox 526 3116 3815 3204">
    <p class='ocr_par' dir='ltr' id='par_1_59' title="bbox 526 3116 3815 3204">
     <span class='ocr_line' id='line_1_59' title="bbox 526 3116 3815 3204; baseline -0.005 -26"><span class='ocrx_word' id='word_1_431' title='bbox 526 3123 671 3178; x_wconf 84' lang='lat' dir='ltr'><strong>vium</strong></span> <span class='ocrx_word' id='word_1_432' title='bbox 701 3121 1062 3192; x_wconf 86' lang='lat' dir='ltr'><strong>corporalium</strong></span> <span class='ocrx_word' id='word_1_433' title='bbox 1097 3120 1434 3190; x_wconf 86' lang='lat' dir='ltr'><strong>passionum,</strong></span> <span class='ocrx_word' id='word_1_434' title='bbox 1466 3125 1524 3173; x_wconf 88' lang='grc' dir='ltr'><strong>ιιι</strong></span> <span class='ocrx_word' id='word_1_435' title='bbox 1553 3118 1732 3183; x_wconf 85' lang='lat' dir='ltr'><strong>anima</strong></span> <span class='ocrx_word' id='word_1_436' title='bbox 1749 3117 1928 3172; x_wconf 88' lang='lat' dir='ltr'><strong>omnis</strong></span> <span class='ocrx_word' id='word_1_437' title='bbox 1956 3116 2128 3171; x_wconf 90' lang='lat' dir='ltr'><strong>ittter-</strong></span> <span class='ocrx_word' id='word_1_438' title='bbox 2154 3120 2199 3183; x_wconf 73' lang='grc' dir='ltr'><strong>ρ</strong></span> <span class='ocrx_word' id='word_1_439' title='bbox 2234 3133 2376 3204; x_wconf 67' lang='lat' dir='ltr'><strong>quod</strong></span> <span class='ocrx_word' id='word_1_440' title='bbox 2412 3133 2701 3198; x_wconf 54' lang='lat' dir='ltr'><strong>vulneret;</strong></span> <span class='ocrx_word' id='word_1_441' title='bbox 2736 3130 2832 3186; x_wconf 66' lang='lat' dir='ltr'><strong>sed</strong></span> <span class='ocrx_word' id='word_1_442' title='bbox 2873 3129 3016 3200; x_wconf 70' lang='lat' dir='ltr'><strong>quod</strong></span> <span class='ocrx_word' id='word_1_443' title='bbox 3053 3128 3247 3183; x_wconf 52' lang='lat' dir='ltr'><strong>habeat</strong></span> <span class='ocrx_word' id='word_1_444' title='bbox 3272 3125 3500 3182; x_wconf 56' lang='grc' dir='ltr'><strong>νει-νοτίς</strong></span> <span class='ocrx_word' id='word_1_445' title='bbox 3527 3121 3777 3179; x_wconf 70' lang='lat' dir='ltr'><strong>indicium</strong></span> <span class='ocrx_word' id='word_1_446' title='bbox 3800 3158 3815 3185; x_wconf 65' lang='grc'><strong><em>,</em></strong></span> 
     </span>
    </p>
   </div>
   <div class='ocr_carea' id='block_1_60' title="bbox 526 3210 2129 3287">
    <p class='ocr_par' dir='ltr' id='par_1_60' title="bbox 526 3210 2129 3287">
     <span class='ocr_line' id='line_1_60' title="bbox 526 3210 2129 3287; baseline -0.006 -13"><span class='ocrx_word' id='word_1_447' title='bbox 526 3227 636 3274; x_wconf 88' lang='lat' dir='ltr'><strong>eat.</strong></span> <span class='ocrx_word' id='word_1_448' title='bbox 669 3216 737 3272; x_wconf 89' lang='lat' dir='ltr'><strong>Et</strong></span> <span class='ocrx_word' id='word_1_449' title='bbox 779 3215 998 3287; x_wconf 86' lang='lat' dir='ltr'><strong>quidem</strong></span> <span class='ocrx_word' id='word_1_450' title='bbox 1041 3230 1151 3269; x_wconf 91' lang='lat' dir='ltr'><strong>non</strong></span> <span class='ocrx_word' id='word_1_451' title='bbox 1193 3213 1370 3269; x_wconf 87' lang='lat' dir='ltr'><strong>audeo</strong></span> <span class='ocrx_word' id='word_1_452' title='bbox 1398 3213 1580 3269; x_wconf 89' lang='lat' dir='ltr'><strong>dicere</strong></span> <span class='ocrx_word' id='word_1_453' title='bbox 1605 3213 1736 3283; x_wconf 84' lang='lat' dir='ltr'><strong>&#39;qttia</strong></span> <span class='ocrx_word' id='word_1_454' title='bbox 1777 3210 1994 3267; x_wconf 89' lang='lat' dir='ltr'><strong>videtur</strong></span> <span class='ocrx_word' id='word_1_455' title='bbox 2023 3210 2129 3265; x_wconf 93' lang='lat' dir='ltr'><strong>Do-</strong></span> 
     </span>
    </p>
   </div>
   <div class='ocr_carea' id='block_1_61' title="bbox 527 3302 2130 3376">
    <p class='ocr_par' dir='ltr' id='par_1_61' title="bbox 527 3302 2130 3376">
     <span class='ocr_line' id='line_1_61' title="bbox 527 3302 2130 3376; baseline -0.006 -10"><span class='ocrx_word' id='word_1_456' title='bbox 527 3310 710 3366; x_wconf 77' lang='lat' dir='ltr'><strong>minus</strong></span> <span class='ocrx_word' id='word_1_457' title='bbox 742 3318 1015 3373; x_wconf 86' lang='lat' dir='ltr'><strong>statuere,</strong></span> <span class='ocrx_word' id='word_1_458' title='bbox 1061 3305 1205 3376; x_wconf 89' lang='lat' dir='ltr'><strong>quod</strong></span> <span class='ocrx_word' id='word_1_459' title='bbox 1250 3305 1450 3361; x_wconf 90' lang='lat' dir='ltr'><strong>nullius</strong></span> <span class='ocrx_word' id='word_1_460' title='bbox 1480 3305 1661 3360; x_wconf 91' lang='lat' dir='ltr'><strong>anima</strong></span> <span class='ocrx_word' id='word_1_461' title='bbox 1699 3303 1873 3374; x_wconf 89' lang='lat' dir='ltr'><strong>possit</strong></span> <span class='ocrx_word' id='word_1_462' title='bbox 1917 3302 2130 3373; x_wconf 87' lang='lat' dir='ltr'><strong>penitus</strong></span> 
     </span>
    </p>
   </div>
   <div class='ocr_carea' id='block_1_62' title="bbox 527 3395 2129 3469">
    <p class='ocr_par' dir='ltr' id='par_1_62' title="bbox 527 3395 2129 3469">
     <span class='ocr_line' id='line_1_62' title="bbox 527 3395 2129 3469; baseline -0.007 -10"><span class='ocrx_word' id='word_1_463' title='bbox 527 3403 780 3460; x_wconf 79' lang='lat' dir='ltr'><strong>interire.</strong></span> <span class='ocrx_word' id='word_1_464' title='bbox 799 3401 939 3468; x_wconf 87' lang='lat' dir='ltr'><strong>Quid</strong></span> <span class='ocrx_word' id='word_1_465' title='bbox 966 3400 1108 3455; x_wconf 89' lang='lat' dir='ltr'><strong>enim</strong></span> <span class='ocrx_word' id='word_1_466' title='bbox 1131 3399 1201 3455; x_wconf 90' lang='lat' dir='ltr'><strong>de</strong></span> <span class='ocrx_word' id='word_1_467' title='bbox 1222 3398 1489 3469; x_wconf 83' lang='lat' dir='ltr'><strong>parricida</strong></span> <span class='ocrx_word' id='word_1_468' title='bbox 1514 3397 1783 3454; x_wconf 83' lang='lat' dir='ltr'><strong>dicimus?</strong></span> <span class='ocrx_word' id='word_1_469' title='bbox 1807 3395 1944 3464; x_wconf 88' lang='lat' dir='ltr'><strong>Quid</strong></span> <span class='ocrx_word' id='word_1_470' title='bbox 1967 3395 2129 3450; x_wconf 90' lang='lat' dir='ltr'><strong>etiam</strong></span> 
     </span>
    </p>
   </div>
   <div class='ocr_carea' id='block_1_63' title="bbox 530 3488 2131 3561">
    <p class='ocr_par' dir='ltr' id='par_1_63' title="bbox 530 3488 2131 3561">
     <span class='ocr_line' id='line_1_63' title="bbox 530 3488 2131 3561; baseline -0.006 -10"><span class='ocrx_word' id='word_1_471' title='bbox 530 3495 602 3552; x_wconf 88' lang='lat' dir='ltr'><strong>de</strong></span> <span class='ocrx_word' id='word_1_472' title='bbox 631 3493 934 3550; x_wconf 88' lang='lat' dir='ltr'><strong>homicida?</strong></span> <span class='ocrx_word' id='word_1_473' title='bbox 963 3493 1101 3561; x_wconf 87' lang='lat' dir='ltr'><strong>Quid</strong></span> <span class='ocrx_word' id='word_1_474' title='bbox 1129 3491 1198 3547; x_wconf 92' lang='lat' dir='ltr'><strong>de</strong></span> <span class='ocrx_word' id='word_1_475' title='bbox 1228 3492 1512 3548; x_wconf 89' lang='lat' dir='ltr'><strong>adultero?</strong></span> <span class='ocrx_word' id='word_1_476' title='bbox 1543 3490 1682 3560; x_wconf 89' lang='lat' dir='ltr'><strong>Quid</strong></span> <span class='ocrx_word' id='word_1_477' title='bbox 1713 3490 1779 3545; x_wconf 90' lang='lat' dir='ltr'><strong>de</strong></span> <span class='ocrx_word' id='word_1_478' title='bbox 1803 3488 2131 3561; x_wconf 64' lang='lat' dir='ltr'><strong>praevarica-</strong></span> 
     </span>
    </p>
   </div>
   <div class='ocr_carea' id='block_1_64' title="bbox 533 3579 2132 3657">
    <p class='ocr_par' dir='ltr' id='par_1_64' title="bbox 533 3579 2132 3657">
     <span class='ocr_line' id='line_1_64' title="bbox 533 3579 2132 3657; baseline -0.008 -11"><span class='ocrx_word' id='word_1_479' title='bbox 533 3590 691 3646; x_wconf 87' lang='lat' dir='ltr'><strong>tore?</strong></span> <span class='ocrx_word' id='word_1_480' title='bbox 721 3589 867 3655; x_wconf 83' lang='lat' dir='ltr'><strong>Quas</strong></span> <span class='ocrx_word' id='word_1_481' title='bbox 888 3587 935 3643; x_wconf 92' lang='lat' dir='ltr'><strong>ei</strong></span> <span class='ocrx_word' id='word_1_482' title='bbox 968 3597 1148 3657; x_wconf 83' lang='lat' dir='ltr'><strong>partes</strong></span> <span class='ocrx_word' id='word_1_483' title='bbox 1180 3585 1374 3641; x_wconf 83' lang='lat' dir='ltr'><strong>animae</strong></span> <span class='ocrx_word' id='word_1_484' title='bbox 1406 3585 1470 3640; x_wconf 89' lang='lat' dir='ltr'><strong>ad</strong></span> <span class='ocrx_word' id='word_1_485' title='bbox 1507 3584 1722 3639; x_wconf 85' lang='lat' dir='ltr'><strong>veniam</strong></span> <span class='ocrx_word' id='word_1_486' title='bbox 1751 3579 2132 3639; x_wconf 84' lang='lat' dir='ltr'><strong>reservamus?</strong></span> 
     </span>
    </p>
   </div>
   <div class='ocr_carea' id='block_1_65' title="bbox 537 3672 2133 3751">
    <p class='ocr_par' dir='ltr' id='par_1_65' title="bbox 537 3672 2133 3751">
     <span class='ocr_line' id='line_1_65' title="bbox 537 3672 2133 3751; baseline -0.008 -14"><span class='ocrx_word' id='word_1_487' title='bbox 537 3680 691 3738; x_wconf 86' lang='lat' dir='ltr'><strong>Unde</strong></span> <span class='ocrx_word' id='word_1_488' title='bbox 733 3679 903 3751; x_wconf 85' lang='lat' dir='ltr'><strong>magis</strong></span> <span class='ocrx_word' id='word_1_489' title='bbox 937 3677 1071 3733; x_wconf 88' lang='lat' dir='ltr'><strong>illud</strong></span> <span class='ocrx_word' id='word_1_490' title='bbox 1116 3677 1352 3733; x_wconf 87' lang='lat' dir='ltr'><strong>arbitror</strong></span> <span class='ocrx_word' id='word_1_491' title='bbox 1379 3675 1525 3748; x_wconf 88' lang='lat' dir='ltr'><strong>quod</strong></span> <span class='ocrx_word' id='word_1_492' title='bbox 1571 3683 1832 3747; x_wconf 90' lang='lat' dir='ltr'><strong>provocet</strong></span> <span class='ocrx_word' id='word_1_493' title='bbox 1869 3672 2133 3728; x_wconf 88' lang='lat' dir='ltr'><strong>Dominus</strong></span> 
     </span>
    </p>
   </div>
   <div class='ocr_carea' id='block_1_66' title="bbox 533 3767 2132 3843">
    <p class='ocr_par' dir='ltr' id='par_1_66' title="bbox 533 3767 2132 3843">
     <span class='ocr_line' id='line_1_66' title="bbox 533 3767 2132 3843; baseline -0.005 -13"><span class='ocrx_word' id='word_1_494' title='bbox 533 3774 680 3830; x_wconf 90' lang='lat' dir='ltr'><strong>Deus</strong></span> <span class='ocrx_word' id='word_1_495' title='bbox 702 3816 716 3842; x_wconf 88' lang='lat'><strong>,</strong></span> <span class='ocrx_word' id='word_1_496' title='bbox 750 3782 808 3828; x_wconf 92' lang='lat' dir='ltr'><strong>ut</strong></span> <span class='ocrx_word' id='word_1_497' title='bbox 837 3773 998 3829; x_wconf 89' lang='lat' dir='ltr'><strong>etiam</strong></span> <span class='ocrx_word' id='word_1_498' title='bbox 1026 3772 1072 3827; x_wconf 93' lang='lat' dir='ltr'><strong>si</strong></span> <span class='ocrx_word' id='word_1_499' title='bbox 1099 3773 1219 3843; x_wconf 89' lang='lat' dir='ltr'><strong>quis</strong></span> <span class='ocrx_word' id='word_1_500' title='bbox 1257 3771 1490 3827; x_wconf 86' lang='lat' dir='ltr'><strong>leviores</strong></span> <span class='ocrx_word' id='word_1_501' title='bbox 1516 3771 1657 3826; x_wconf 91' lang='lat' dir='ltr'><strong>alias</strong></span> <span class='ocrx_word' id='word_1_502' title='bbox 1688 3768 1884 3825; x_wconf 90' lang='lat' dir='ltr'><strong>haheat</strong></span> <span class='ocrx_word' id='word_1_503' title='bbox 1925 3767 2132 3839; x_wconf 85' lang='lat' dir='ltr'><strong>passio-</strong></span> 
     </span>
    </p>
   </div>
   <div class='ocr_carea' id='block_1_67' title="bbox 533 3863 2134 3938">
    <p class='ocr_par' dir='ltr' id='par_1_67' title="bbox 533 3863 2134 3938">
     <span class='ocr_line' id='line_1_67' title="bbox 533 3863 2134 3938; baseline -0.006 -13"><span class='ocrx_word' id='word_1_504' title='bbox 533 3882 667 3935; x_wconf 90' lang='lat' dir='ltr'><strong>nes,</strong></span> <span class='ocrx_word' id='word_1_505' title='bbox 725 3883 833 3923; x_wconf 91' lang='lat' dir='ltr'><strong>non</strong></span> <span class='ocrx_word' id='word_1_506' title='bbox 883 3867 1099 3938; x_wconf 90' lang='lat' dir='ltr'><strong>penitus</strong></span> <span class='ocrx_word' id='word_1_507' title='bbox 1149 3865 1388 3920; x_wconf 89' lang='lat' dir='ltr'><strong>divinam</strong></span> <span class='ocrx_word' id='word_1_508' title='bbox 1421 3864 1680 3934; x_wconf 88' lang='lat' dir='ltr'><strong>desperet</strong></span> <span class='ocrx_word' id='word_1_509' title='bbox 1722 3863 1986 3934; x_wconf 77' lang='lat' dir='ltr'><strong>gratiam,</strong></span> <span class='ocrx_word' id='word_1_510' title='bbox 2032 3875 2134 3916; x_wconf 89' lang='lat' dir='ltr'><strong>nec</strong></span> 
     </span>
    </p>
   </div>
   <div class='ocr_carea' id='block_1_68' title="bbox 533 3952 2133 4019">
    <p class='ocr_par' dir='ltr' id='par_1_68' title="bbox 533 3952 2133 4019">
     <span class='ocr_line' id='line_1_68' title="bbox 533 3952 2133 4019; baseline -0.008 -1"><span class='ocrx_word' id='word_1_511' title='bbox 533 3962 857 4019; x_wconf 88' lang='lat' dir='ltr'><strong>omnimodis</strong></span> <span class='ocrx_word' id='word_1_512' title='bbox 901 3960 1167 4017; x_wconf 89' lang='lat' dir='ltr'><strong>victurum</strong></span> <span class='ocrx_word' id='word_1_513' title='bbox 1210 3973 1270 4014; x_wconf 91' lang='lat' dir='ltr'><strong>se</strong></span> <span class='ocrx_word' id='word_1_514' title='bbox 1315 3973 1438 4014; x_wconf 88' lang='lat' dir='ltr'><strong>esse</strong></span> <span class='ocrx_word' id='word_1_515' title='bbox 1477 3956 1712 4013; x_wconf 85' lang='lat' dir='ltr'><strong>dilﬁdat.</strong></span> <span class='ocrx_word' id='word_1_516' title='bbox 1741 3955 1848 4012; x_wconf 89' lang='lat' dir='ltr'><strong>Sed</strong></span> <span class='ocrx_word' id='word_1_517' title='bbox 1880 3954 2044 4011; x_wconf 91' lang='lat' dir='ltr'><strong>etiam</strong></span> <span class='ocrx_word' id='word_1_518' title='bbox 2087 3952 2133 4007; x_wconf 91' lang='lat' dir='ltr'><strong>si</strong></span> 
     </span>
    </p>
   </div>
   <div class='ocr_carea' id='block_1_69' title="bbox 534 4050 2130 4123">
    <p class='ocr_par' dir='ltr' id='par_1_69' title="bbox 534 4050 2130 4123">
     <span class='ocr_line' id='line_1_69' title="bbox 534 4050 2130 4123; baseline -0.006 -11"><span class='ocrx_word' id='word_1_519' title='bbox 534 4064 620 4112; x_wconf 90' lang='lat' dir='ltr'><strong>est</strong></span> <span class='ocrx_word' id='word_1_520' title='bbox 650 4057 992 4121; x_wconf 84' lang='lat' dir='ltr'><strong>luxuriosus,</strong></span> <span class='ocrx_word' id='word_1_521' title='bbox 1036 4069 1138 4109; x_wconf 91' lang='lat' dir='ltr'><strong>nec</strong></span> <span class='ocrx_word' id='word_1_522' title='bbox 1168 4061 1349 4123; x_wconf 88' lang='lat' dir='ltr'><strong>potest</strong></span> <span class='ocrx_word' id='word_1_523' title='bbox 1377 4051 1614 4107; x_wconf 91' lang='lat' dir='ltr'><strong>studium</strong></span> <span class='ocrx_word' id='word_1_524' title='bbox 1644 4052 1817 4107; x_wconf 90' lang='lat' dir='ltr'><strong>vitare</strong></span> <span class='ocrx_word' id='word_1_525' title='bbox 1862 4050 2093 4105; x_wconf 66' lang='lat' dir='ltr'><strong>luxuriae</strong></span> <span class='ocrx_word' id='word_1_526' title='bbox 2114 4090 2130 4114; x_wconf 94' lang='lat'><strong>,</strong></span> 
     </span>
    </p>
   </div>
   <div class='ocr_carea' id='block_1_70' title="bbox 535 4144 2131 4215">
    <p class='ocr_par' dir='ltr' id='par_1_70' title="bbox 535 4144 2131 4215">
     <span class='ocr_line' id='line_1_70' title="bbox 535 4144 2131 4215; baseline -0.006 -10"><span class='ocrx_word' id='word_1_527' title='bbox 535 4151 607 4206; x_wconf 90' lang='lat' dir='ltr'><strong>ab</strong></span> <span class='ocrx_word' id='word_1_528' title='bbox 635 4149 902 4204; x_wconf 86' lang='lat' dir='ltr'><strong>adulterio</strong></span> <span class='ocrx_word' id='word_1_529' title='bbox 931 4157 1110 4203; x_wconf 91' lang='lat' dir='ltr'><strong>tamen</strong></span> <span class='ocrx_word' id='word_1_530' title='bbox 1151 4147 1365 4202; x_wconf 87' lang='lat' dir='ltr'><strong>studeat</strong></span> <span class='ocrx_word' id='word_1_531' title='bbox 1403 4155 1706 4215; x_wconf 87' lang='lat' dir='ltr'><strong>temperare</strong></span> <span class='ocrx_word' id='word_1_532' title='bbox 1735 4163 1749 4211; x_wconf 92' lang='lat'><strong>;</strong></span> <span class='ocrx_word' id='word_1_533' title='bbox 1781 4145 1852 4199; x_wconf 90' lang='lat' dir='ltr'><strong>sit</strong></span> <span class='ocrx_word' id='word_1_534' title='bbox 1877 4144 2131 4215; x_wconf 90' lang='lat' dir='ltr'><strong>epulandi</strong></span> 
     </span>
    </p>
   </div>
   <div class='ocr_carea' id='block_1_71' title="bbox 534 4236 2134 4308">
    <p class='ocr_par' dir='ltr' id='par_1_71' title="bbox 534 4236 2134 4308">
     <span class='ocr_line' id='line_1_71' title="bbox 534 4236 2134 4308; baseline -0.007 -9"><span class='ocrx_word' id='word_1_535' title='bbox 534 4241 825 4299; x_wconf 84' lang='lat' dir='ltr'><strong>delectatio</strong></span> <span class='ocrx_word' id='word_1_536' title='bbox 848 4282 863 4306; x_wconf 94' lang='lat'><strong>,</strong></span> <span class='ocrx_word' id='word_1_537' title='bbox 911 4255 1018 4294; x_wconf 92' lang='lat' dir='ltr'><strong>non</strong></span> <span class='ocrx_word' id='word_1_538' title='bbox 1045 4237 1327 4308; x_wconf 87' lang='lat' dir='ltr'><strong>stuprandi</strong></span> <span class='ocrx_word' id='word_1_539' title='bbox 1373 4238 1463 4291; x_wconf 90' lang='lat' dir='ltr'><strong>sit.</strong></span> <span class='ocrx_word' id='word_1_540' title='bbox 1498 4238 1672 4292; x_wconf 84' lang='lat' dir='ltr'><strong>Etiam</strong></span> <span class='ocrx_word' id='word_1_541' title='bbox 1704 4238 1747 4291; x_wconf 91' lang='lat' dir='ltr'><strong>si</strong></span> <span class='ocrx_word' id='word_1_542' title='bbox 1797 4237 1982 4291; x_wconf 91' lang='lat' dir='ltr'><strong>nescio</strong></span> <span class='ocrx_word' id='word_1_543' title='bbox 2013 4236 2134 4306; x_wconf 88' lang='lat' dir='ltr'><strong>quis</strong></span> 
     </span>
    </p>
   </div>
   <div class='ocr_carea' id='block_1_72' title="bbox 535 4329 2134 4406">
    <p class='ocr_par' dir='ltr' id='par_1_72' title="bbox 535 4329 2134 4406">
     <span class='ocr_line' id='line_1_72' title="bbox 535 4329 2134 4406; baseline -0.009 -11"><span class='ocrx_word' id='word_1_544' title='bbox 535 4352 733 4395; x_wconf 89' lang='lat' dir='ltr'><strong>avarus</strong></span> <span class='ocrx_word' id='word_1_545' title='bbox 763 4337 853 4406; x_wconf 89' lang='lat' dir='ltr'><strong>qui</strong></span> <span class='ocrx_word' id='word_1_546' title='bbox 885 4335 1060 4389; x_wconf 90' lang='lat' dir='ltr'><strong>aliena</strong></span> <span class='ocrx_word' id='word_1_547' title='bbox 1089 4332 1345 4402; x_wconf 91' lang='lat' dir='ltr'><strong>diripuit,</strong></span> <span class='ocrx_word' id='word_1_548' title='bbox 1371 4331 1534 4400; x_wconf 83' lang='lat' dir='ltr'><strong>ejecit</strong></span> <span class='ocrx_word' id='word_1_549' title='bbox 1561 4330 1796 4400; x_wconf 90' lang='lat' dir='ltr'><strong>pupillos</strong></span> <span class='ocrx_word' id='word_1_550' title='bbox 1823 4373 1836 4396; x_wconf 94' lang='lat'><strong>,</strong></span> <span class='ocrx_word' id='word_1_551' title='bbox 1886 4329 2134 4384; x_wconf 87' lang='lat' dir='ltr'><strong>elimina-</strong></span> 
     </span>
    </p>
   </div>
   <div class='ocr_carea' id='block_1_73' title="bbox 536 4422 2136 4496">
    <p class='ocr_par' dir='ltr' id='par_1_73' title="bbox 536 4422 2136 4496">
     <span class='ocr_line' id='line_1_73' title="bbox 536 4422 2136 4496; baseline -0.006 -11"><span class='ocrx_word' id='word_1_552' title='bbox 536 4431 616 4486; x_wconf 93' lang='lat' dir='ltr'><strong>vit</strong></span> <span class='ocrx_word' id='word_1_553' title='bbox 644 4429 853 4493; x_wconf 87' lang='lat' dir='ltr'><strong>viduas,</strong></span> <span class='ocrx_word' id='word_1_554' title='bbox 885 4427 968 4482; x_wconf 86' lang='lat' dir='ltr'><strong>vel</strong></span> <span class='ocrx_word' id='word_1_555' title='bbox 997 4436 1184 4496; x_wconf 88' lang='lat' dir='ltr'><strong>postea</strong></span> <span class='ocrx_word' id='word_1_556' title='bbox 1218 4433 1399 4478; x_wconf 89' lang='lat' dir='ltr'><strong>tamen</strong></span> <span class='ocrx_word' id='word_1_557' title='bbox 1435 4424 1486 4477; x_wconf 91' lang='lat' dir='ltr'><strong>in</strong></span> <span class='ocrx_word' id='word_1_558' title='bbox 1517 4422 1895 4492; x_wconf 65' lang='lat' dir='ltr'><strong>paenitentiam</strong></span> <span class='ocrx_word' id='word_1_559' title='bbox 1921 4437 2136 4493; x_wconf 86' lang='lat' dir='ltr'><strong>regres-</strong></span> 
     </span>
    </p>
   </div>
   <div class='ocr_carea' id='block_1_74' title="bbox 2233 3220 3326 3285">
    <p class='ocr_par' dir='ltr' id='par_1_74' title="bbox 2233 3220 3326 3285">
     <span class='ocr_line' id='line_1_74' title="bbox 2233 3220 3326 3285; baseline -0.007 -1"><span class='ocrx_word' id='word_1_560' title='bbox 2233 3228 2474 3285; x_wconf 85' lang='lat' dir='ltr'><strong>vulncris</strong></span> <span class='ocrx_word' id='word_1_561' title='bbox 2497 3225 2749 3284; x_wconf 75' lang='lat' dir='ltr'><strong>ellectum</strong></span> <span class='ocrx_word' id='word_1_562' title='bbox 2772 3223 2974 3280; x_wconf 88' lang='lat' dir='ltr'><strong>habere</strong></span> <span class='ocrx_word' id='word_1_563' title='bbox 2995 3237 3102 3278; x_wconf 91' lang='lat' dir='ltr'><strong>non</strong></span> <span class='ocrx_word' id='word_1_564' title='bbox 3133 3220 3326 3277; x_wconf 88' lang='lat' dir='ltr'><strong>soleat.</strong></span> 
     </span>
    </p>
   </div>
   <div class='ocr_carea' id='block_1_75' title="bbox 2781 3355 3289 3418">
    <p class='ocr_par' dir='ltr' id='par_1_75' title="bbox 2781 3355 3289 3418">
     <span class='ocr_line' id='line_1_75' title="bbox 2781 3355 3289 3418; baseline -0.016 0"><span class='ocrx_word' id='word_1_565' title='bbox 2781 3359 3011 3418; x_wconf 84' lang='lat' dir='ltr'><strong>CAPUT</strong></span> <span class='ocrx_word' id='word_1_566' title='bbox 3050 3355 3289 3415; x_wconf 77' lang='lat' dir='ltr'><strong>XXVIII.</strong></span> 
     </span>
    </p>
   </div>
   <div class='ocr_carea' id='block_1_76' title="bbox 2234 3465 3800 3545">
    <p class='ocr_par' dir='ltr' id='par_1_76' title="bbox 2234 3465 3800 3545">
     <span class='ocr_line' id='line_1_76' title="bbox 2234 3465 3800 3545; baseline -0.011 -9"><span class='ocrx_word' id='word_1_567' title='bbox 2234 3480 2571 3536; x_wconf 77' lang='lat' dir='ltr'><strong>Enumeratis</strong></span> <span class='ocrx_word' id='word_1_568' title='bbox 2602 3478 2766 3533; x_wconf 85' lang='lat' dir='ltr'><strong>tribus</strong></span> <span class='ocrx_word' id='word_1_569' title='bbox 2795 3474 2912 3531; x_wconf 88' lang='lat' dir='ltr'><strong>Noe</strong></span> <span class='ocrx_word' id='word_1_570' title='bbox 2935 3475 3079 3545; x_wconf 82' lang='lat' dir='ltr'><strong>ﬁliis,</strong></span> <span class='ocrx_word' id='word_1_571' title='bbox 3109 3471 3490 3544; x_wconf 84' lang='lat' dir='ltr'><strong>generationem</strong></span> <span class='ocrx_word' id='word_1_572' title='bbox 3515 3467 3678 3522; x_wconf 77' lang='lat' dir='ltr'><strong>Citam</strong></span> <span class='ocrx_word' id='word_1_573' title='bbox 3696 3465 3800 3520; x_wconf 83' lang='lat' dir='ltr'><strong>ideo</strong></span> 
     </span>
    </p>
   </div>
   <div class='ocr_carea' id='block_1_77' title="bbox 2306 3558 3814 3646">
    <p class='ocr_par' dir='ltr' id='par_1_77' title="bbox 2306 3558 3814 3646">
     <span class='ocr_line' id='line_1_77' title="bbox 2306 3558 3814 3646; baseline -0.01 -20"><span class='ocrx_word' id='word_1_574' title='bbox 2306 3574 2453 3646; x_wconf 81' lang='lat' dir='ltr'><strong>prius</strong></span> <span class='ocrx_word' id='word_1_575' title='bbox 2492 3589 2601 3627; x_wconf 84' lang='lat' dir='ltr'><strong>esse</strong></span> <span class='ocrx_word' id='word_1_576' title='bbox 2641 3578 2976 3626; x_wconf 86' lang='lat' dir='ltr'><strong>memoratam</strong></span> <span class='ocrx_word' id='word_1_577' title='bbox 3000 3609 3016 3635; x_wconf 94' lang='lat'><strong>,</strong></span> <span class='ocrx_word' id='word_1_578' title='bbox 3062 3576 3118 3622; x_wconf 87' lang='lat' dir='ltr'><strong>ut</strong></span> <span class='ocrx_word' id='word_1_579' title='bbox 3147 3568 3260 3640; x_wconf 85' lang='lat' dir='ltr'><strong>ejus</strong></span> <span class='ocrx_word' id='word_1_580' title='bbox 3299 3574 3566 3638; x_wconf 87' lang='lat' dir='ltr'><strong>peccatum</strong></span> <span class='ocrx_word' id='word_1_581' title='bbox 3605 3558 3814 3630; x_wconf 70' lang='lat' dir='ltr'><strong>ampliﬁ-</strong></span> 
     </span>
    </p>
   </div>
   <div class='ocr_carea' id='block_1_78' title="bbox 2305 3653 3814 3733">
    <p class='ocr_par' dir='ltr' id='par_1_78' title="bbox 2305 3653 3814 3733">
     <span class='ocr_line' id='line_1_78' title="bbox 2305 3653 3814 3733; baseline -0.011 -11"><span class='ocrx_word' id='word_1_582' title='bbox 2305 3677 2471 3732; x_wconf 79' lang='lat' dir='ltr'><strong>cetur,</strong></span> <span class='ocrx_word' id='word_1_583' title='bbox 2502 3677 2552 3720; x_wconf 90' lang='lat' dir='ltr'><strong>et</strong></span> <span class='ocrx_word' id='word_1_584' title='bbox 2580 3682 2647 3720; x_wconf 80' lang='lat' dir='ltr'><strong>ea:</strong></span> <span class='ocrx_word' id='word_1_585' title='bbox 2667 3665 2845 3720; x_wconf 86' lang='lat' dir='ltr'><strong>eodem</strong></span> <span class='ocrx_word' id='word_1_586' title='bbox 2873 3664 3106 3733; x_wconf 76' lang='lat' dir='ltr'><strong>profecta</strong></span> <span class='ocrx_word' id='word_1_587' title='bbox 3128 3658 3292 3728; x_wconf 88' lang='lat' dir='ltr'><strong>impia</strong></span> <span class='ocrx_word' id='word_1_588' title='bbox 3327 3655 3594 3728; x_wconf 85' lang='lat' dir='ltr'><strong>generatio</strong></span> <span class='ocrx_word' id='word_1_589' title='bbox 3619 3653 3814 3707; x_wconf 81' lang='lat' dir='ltr'><strong>demon-</strong></span> 
     </span>
    </p>
   </div>
   <div class='ocr_carea' id='block_1_79' title="bbox 2306 3743 3812 3830">
    <p class='ocr_par' dir='ltr' id='par_1_79' title="bbox 2306 3743 3812 3830">
     <span class='ocr_line' id='line_1_79' title="bbox 2306 3743 3812 3830; baseline -0.011 -16"><span class='ocrx_word' id='word_1_590' title='bbox 2306 3768 2500 3814; x_wconf 87' lang='lat' dir='ltr'><strong>stretur</strong></span> <span class='ocrx_word' id='word_1_591' title='bbox 2531 3773 2549 3812; x_wconf 81' lang='lat'><strong>.&#39;</strong></span> <span class='ocrx_word' id='word_1_592' title='bbox 2579 3758 2720 3830; x_wconf 90' lang='lat' dir='ltr'><strong>quod</strong></span> <span class='ocrx_word' id='word_1_593' title='bbox 2759 3755 3029 3810; x_wconf 84' lang='lat' dir='ltr'><strong>moraliter</strong></span> <span class='ocrx_word' id='word_1_594' title='bbox 3053 3752 3116 3807; x_wconf 89' lang='lat' dir='ltr'><strong>de</strong></span> <span class='ocrx_word' id='word_1_595' title='bbox 3156 3751 3295 3806; x_wconf 89' lang='lat' dir='ltr'><strong>mala</strong></span> <span class='ocrx_word' id='word_1_596' title='bbox 3321 3749 3561 3822; x_wconf 85' lang='lat' dir='ltr'><strong>passione</strong></span> <span class='ocrx_word' id='word_1_597' title='bbox 3586 3743 3812 3818; x_wconf 74' lang='lat' dir='ltr'><strong>improbis</strong></span> 
     </span>
    </p>
   </div>
   <div class='ocr_carea' id='block_1_80' title="bbox 2307 3845 3272 3926">
    <p class='ocr_par' dir='ltr' id='par_1_80' title="bbox 2307 3845 3272 3926">
     <span class='ocr_line' id='line_1_80' title="bbox 2307 3845 3272 3926; baseline -0.006 -20"><span class='ocrx_word' id='word_1_598' title='bbox 2307 3852 2566 3926; x_wconf 81' lang='lat' dir='ltr'><strong>passionis</strong></span> <span class='ocrx_word' id='word_1_599' title='bbox 2587 3851 2832 3924; x_wconf 88' lang='lat' dir='ltr'><strong>genitrice</strong></span> <span class='ocrx_word' id='word_1_600' title='bbox 2857 3845 3272 3919; x_wconf 87' lang='lat' dir='ltr'><strong>intelligendum.</strong></span> 
     </span>
    </p>
   </div>
   <div class='ocr_carea' id='block_1_81' title="bbox 2312 3954 3814 4036">
    <p class='ocr_par' dir='ltr' id='par_1_81' title="bbox 2312 3954 3814 4036">
     <span class='ocr_line' id='line_1_81' title="bbox 2312 3954 3814 4036; baseline -0.009 -11"><span class='ocrx_word' id='word_1_601' title='bbox 2312 3967 2435 4025; x_wconf 83' lang='grc'><strong>105.</strong></span> <span class='ocrx_word' id='word_1_602' title='bbox 2482 3970 2598 4036; x_wconf 84' lang='lat' dir='ltr'><strong>Qua</strong></span> <span class='ocrx_word' id='word_1_603' title='bbox 2627 3967 2840 4023; x_wconf 90' lang='lat' dir='ltr'><strong>ratione</strong></span> <span class='ocrx_word' id='word_1_604' title='bbox 2867 3973 3046 4020; x_wconf 86' lang='lat' dir='ltr'><strong>autem</strong></span> <span class='ocrx_word' id='word_1_605' title='bbox 3075 3977 3198 4018; x_wconf 92' lang='lat' dir='ltr'><strong>cum</strong></span> <span class='ocrx_word' id='word_1_606' title='bbox 3221 3975 3385 4033; x_wconf 88' lang='lat' dir='ltr'><strong>supra</strong></span> <span class='ocrx_word' id='word_1_607' title='bbox 3410 3968 3523 4014; x_wconf 90' lang='lat' dir='ltr'><strong>tres</strong></span> <span class='ocrx_word' id='word_1_608' title='bbox 3549 3957 3692 4013; x_wconf 79' lang='lat' dir='ltr'><strong>filios</strong></span> <span class='ocrx_word' id='word_1_609' title='bbox 3717 3954 3814 4012; x_wconf 76' lang='lat' dir='ltr'><strong>Noe</strong></span> 
     </span>
    </p>
   </div>
   <div class='ocr_carea' id='block_1_82' title="bbox 2237 4050 3809 4134">
    <p class='ocr_par' dir='ltr' id='par_1_82' title="bbox 2237 4050 3809 4134">
     <span class='ocr_line' id='line_1_82' title="bbox 2237 4050 3809 4134; baseline -0.01 -14"><span class='ocrx_word' id='word_1_610' title='bbox 2237 4062 2678 4134; x_wconf 88' lang='lat' dir='ltr'><strong>computaverit,</strong></span> <span class='ocrx_word' id='word_1_611' title='bbox 2708 4059 2862 4127; x_wconf 85' lang='lat' dir='ltr'><strong>Sent,</strong></span> <span class='ocrx_word' id='word_1_612' title='bbox 2893 4057 3090 4124; x_wconf 81' lang='lat' dir='ltr'><strong>Citam,</strong></span> <span class='ocrx_word' id='word_1_613' title='bbox 3136 4055 3368 4126; x_wconf 75' lang='lat' dir='ltr'><strong>lapiteth</strong></span> <span class='ocrx_word' id='word_1_614' title='bbox 3405 4053 3563 4127; x_wconf 83' lang='lat' dir='ltr'><strong>(Gen.</strong></span> <span class='ocrx_word' id='word_1_615' title='bbox 3594 4069 3670 4118; x_wconf 80' lang='lat' dir='ltr'><strong>Ix,</strong></span> <span class='ocrx_word' id='word_1_616' title='bbox 3699 4050 3809 4122; x_wconf 86' lang='grc'><strong>18),</strong></span> 
     </span>
    </p>
   </div>
   <div class='ocr_carea' id='block_1_83' title="bbox 2237 4143 3812 4224">
    <p class='ocr_par' dir='ltr' id='par_1_83' title="bbox 2237 4143 3812 4224">
     <span class='ocr_line' id='line_1_83' title="bbox 2237 4143 3812 4224; baseline -0.009 -13"><span class='ocrx_word' id='word_1_617' title='bbox 2237 4156 2344 4212; x_wconf 90' lang='lat' dir='ltr'><strong>hoc</strong></span> <span class='ocrx_word' id='word_1_618' title='bbox 2369 4156 2494 4211; x_wconf 88' lang='lat' dir='ltr'><strong>loco</strong></span> <span class='ocrx_word' id='word_1_619' title='bbox 2514 4155 2678 4210; x_wconf 90' lang='lat' dir='ltr'><strong>unius</strong></span> <span class='ocrx_word' id='word_1_620' title='bbox 2698 4150 3180 4224; x_wconf 87' lang='lat' dir='ltr'><strong>comprehenderit</strong></span> <span class='ocrx_word' id='word_1_621' title='bbox 3205 4147 3368 4204; x_wconf 91' lang='lat' dir='ltr'><strong>medii</strong></span> <span class='ocrx_word' id='word_1_622' title='bbox 3402 4147 3497 4202; x_wconf 86' lang='lat' dir='ltr'><strong>lilii</strong></span> <span class='ocrx_word' id='word_1_623' title='bbox 3520 4143 3812 4218; x_wconf 82' lang='lat' dir='ltr'><strong>generatio-</strong></span> 
     </span>
    </p>
   </div>
   <div class='ocr_carea' id='block_1_84' title="bbox 2237 4233 3810 4317">
    <p class='ocr_par' dir='ltr' id='par_1_84' title="bbox 2237 4233 3810 4317">
     <span class='ocr_line' id='line_1_84' title="bbox 2237 4233 3810 4317; baseline -0.01 -12"><span class='ocrx_word' id='word_1_624' title='bbox 2237 4249 2407 4305; x_wconf 81' lang='lat' dir='ltr'><strong>nem?</strong></span> <span class='ocrx_word' id='word_1_625' title='bbox 2439 4248 2552 4303; x_wconf 84' lang='lat' dir='ltr'><strong>Hoc</strong></span> <span class='ocrx_word' id='word_1_626' title='bbox 2578 4256 2664 4303; x_wconf 90' lang='lat' dir='ltr'><strong>est</strong></span> <span class='ocrx_word' id='word_1_627' title='bbox 2689 4243 2837 4317; x_wconf 89' lang='lat' dir='ltr'><strong>quod</strong></span> <span class='ocrx_word' id='word_1_628' title='bbox 2867 4244 2942 4299; x_wconf 88' lang='lat' dir='ltr'><strong>ait</strong></span> <span class='ocrx_word' id='word_1_629' title='bbox 2969 4260 2982 4296; x_wconf 89' lang='lat'><strong>:</strong></span> <span class='ocrx_word' id='word_1_630' title='bbox 3007 4239 3169 4297; x_wconf 78' lang='lat' dir='ltr'><strong>Citam</strong></span> <span class='ocrx_word' id='word_1_631' title='bbox 3199 4252 3370 4296; x_wconf 87' lang='lat' dir='ltr'><strong>autem</strong></span> <span class='ocrx_word' id='word_1_632' title='bbox 3394 4249 3541 4312; x_wconf 87' lang='lat' dir='ltr'><strong>pater</strong></span> <span class='ocrx_word' id='word_1_633' title='bbox 3562 4246 3669 4293; x_wconf 87' lang='lat' dir='ltr'><strong>erat</strong></span> <span class='ocrx_word' id='word_1_634' title='bbox 3693 4233 3810 4290; x_wconf 85' lang='lat' dir='ltr'><strong>Clut-</strong></span> 
     </span>
    </p>
   </div>
   <div class='ocr_carea' id='block_1_85' title="bbox 2237 4330 3810 4409">
    <p class='ocr_par' dir='ltr' id='par_1_85' title="bbox 2237 4330 3810 4409">
     <span class='ocr_line' id='line_1_85' title="bbox 2237 4330 3810 4409; baseline -0.008 -12"><span class='ocrx_word' id='word_1_635' title='bbox 2237 4359 2373 4397; x_wconf 88' lang='lat' dir='ltr'><strong>naan</strong></span> <span class='ocrx_word' id='word_1_636' title='bbox 2397 4357 2417 4397; x_wconf 92' lang='lat'><strong><em>:</em></strong></span> <span class='ocrx_word' id='word_1_637' title='bbox 2447 4342 2537 4395; x_wconf 79' lang='lat' dir='ltr'><strong>isti</strong></span> <span class='ocrx_word' id='word_1_638' title='bbox 2564 4350 2665 4396; x_wconf 84' lang='lat' dir='ltr'><strong>tres</strong></span> <span class='ocrx_word' id='word_1_639' title='bbox 2693 4347 2836 4394; x_wconf 87' lang='lat' dir='ltr'><strong>erant</strong></span> <span class='ocrx_word' id='word_1_640' title='bbox 2863 4338 2962 4407; x_wconf 80' lang='lat' dir='ltr'><strong>ﬁlii</strong></span> <span class='ocrx_word' id='word_1_641' title='bbox 2996 4335 3111 4391; x_wconf 84' lang='lat' dir='ltr'><strong>Noe</strong></span> <span class='ocrx_word' id='word_1_642' title='bbox 3137 4333 3327 4409; x_wconf 88' lang='lat' dir='ltr'><strong>(Ibid.,</strong></span> <span class='ocrx_word' id='word_1_643' title='bbox 3357 4334 3469 4405; x_wconf 84' lang='lat' dir='ltr'><strong>I9).</strong></span> <span class='ocrx_word' id='word_1_644' title='bbox 3503 4333 3569 4388; x_wconf 87' lang='lat' dir='ltr'><strong>Et</strong></span> <span class='ocrx_word' id='word_1_645' title='bbox 3597 4330 3810 4386; x_wconf 79' lang='lat' dir='ltr'><strong>maxime</strong></span> 
     </span>
    </p>
   </div>
   <div class='ocr_carea' id='block_1_86' title="bbox 2202 4408 3810 4504">
    <p class='ocr_par' dir='ltr' id='par_1_86' title="bbox 2202 4408 3810 4504">
     <span class='ocr_line' id='line_1_86' title="bbox 2202 4408 3810 4504; baseline -0.008 -12"><span class='ocrx_word' id='word_1_646' title='bbox 2202 4408 2206 4411; x_wconf 24' lang='lat'>.</span> <span class='ocrx_word' id='word_1_647' title='bbox 2240 4450 2362 4492; x_wconf 92' lang='lat' dir='ltr'><strong>cum</strong></span> <span class='ocrx_word' id='word_1_648' title='bbox 2397 4435 2474 4490; x_wconf 90' lang='lat' dir='ltr'><strong>illi</strong></span> <span class='ocrx_word' id='word_1_649' title='bbox 2504 4434 2612 4490; x_wconf 92' lang='lat' dir='ltr'><strong>duo</strong></span> <span class='ocrx_word' id='word_1_650' title='bbox 2637 4433 2799 4504; x_wconf 89' lang='lat' dir='ltr'><strong>justi,</strong></span> <span class='ocrx_word' id='word_1_651' title='bbox 2833 4432 2938 4488; x_wconf 90' lang='lat' dir='ltr'><strong>iste</strong></span> <span class='ocrx_word' id='word_1_652' title='bbox 2967 4408 3178 4486; x_wconf 84' lang='lat' dir='ltr'><strong>medius</strong></span> <span class='ocrx_word' id='word_1_653' title='bbox 3210 4430 3465 4499; x_wconf 83' lang='lat' dir='ltr'><strong>injustas.</strong></span> <span class='ocrx_word' id='word_1_654' title='bbox 3492 4425 3676 4496; x_wconf 84' lang='lat' dir='ltr'><strong>lnjusti</strong></span> <span class='ocrx_word' id='word_1_655' title='bbox 3697 4437 3810 4494; x_wconf 84' lang='lat' dir='ltr'><strong>ergo</strong></span> 
     </span>
    </p>
   </div>
   <div class='ocr_carea' id='block_1_87' title="bbox 538 4509 3808 4601">
    <p class='ocr_par' dir='ltr' id='par_1_87' title="bbox 538 4509 3808 4601">
     <span class='ocr_line' id='line_1_87' title="bbox 538 4509 3808 4601; baseline -0.006 -23"><span class='ocrx_word' id='word_1_656' title='bbox 538 4537 633 4578; x_wconf 92' lang='lat' dir='ltr'><strong>sus</strong></span> <span class='ocrx_word' id='word_1_657' title='bbox 677 4522 929 4575; x_wconf 87' lang='lat' dir='ltr'><strong>restituat</strong></span> <span class='ocrx_word' id='word_1_658' title='bbox 968 4517 1110 4588; x_wconf 90' lang='lat' dir='ltr'><strong>quod</strong></span> <span class='ocrx_word' id='word_1_659' title='bbox 1153 4515 1397 4572; x_wconf 85' lang='lat' dir='ltr'><strong>abstulit.</strong></span> <span class='ocrx_word' id='word_1_660' title='bbox 1449 4516 1690 4585; x_wconf 81' lang='lat' dir='ltr'><strong>Denique</strong></span> <span class='ocrx_word' id='word_1_661' title='bbox 1718 4514 1978 4569; x_wconf 71' lang='lat' dir='ltr'><strong>Zachaaus</strong></span> <span class='ocrx_word' id='word_1_662' title='bbox 2009 4515 2133 4571; x_wconf 87' lang='lat' dir='ltr'><strong>ideo</strong></span> <span class='ocrx_word' id='word_1_663' title='bbox 2163 4509 2211 4568; x_wconf 86' lang='lat' dir='ltr'><strong>D</strong></span> <span class='ocrx_word' id='word_1_664' title='bbox 2243 4531 2393 4601; x_wconf 60' lang='lat' dir='ltr'><strong>prius</strong></span> <span class='ocrx_word' id='word_1_665' title='bbox 2437 4529 2754 4601; x_wconf 49' lang='lat' dir='ltr'><strong>generatio,</strong></span> <span class='ocrx_word' id='word_1_666' title='bbox 2800 4541 2960 4596; x_wconf 61' lang='lat' dir='ltr'><strong>quam</strong></span> <span class='ocrx_word' id='word_1_667' title='bbox 2997 4528 3272 4597; x_wconf 51' lang='lat' dir='ltr'><strong>iustorum</strong></span> <span class='ocrx_word' id='word_1_668' title='bbox 3330 4521 3808 4593; x_wconf 67' lang='grc' dir='ltr'><strong>οοηιρτειιεηάίιυτ,</strong></span> 
     </span>
    </p>
   </div>
   <div class='ocr_carea' id='block_1_88' title="bbox 537 4609 2136 4682">
    <p class='ocr_par' dir='ltr' id='par_1_88' title="bbox 537 4609 2136 4682">
     <span class='ocr_line' id='line_1_88' title="bbox 537 4609 2136 4682; baseline -0.005 -10"><span class='ocrx_word' id='word_1_669' title='bbox 537 4616 752 4673; x_wconf 89' lang='lat' dir='ltr'><strong>veniam</strong></span> <span class='ocrx_word' id='word_1_670' title='bbox 781 4612 1000 4679; x_wconf 89' lang='lat' dir='ltr'><strong>meruit,</strong></span> <span class='ocrx_word' id='word_1_671' title='bbox 1033 4612 1157 4682; x_wconf 90' lang='lat' dir='ltr'><strong>quia</strong></span> <span class='ocrx_word' id='word_1_672' title='bbox 1190 4624 1295 4665; x_wconf 89' lang='lat' dir='ltr'><strong>non</strong></span> <span class='ocrx_word' id='word_1_673' title='bbox 1325 4609 1499 4665; x_wconf 85' lang='lat' dir='ltr'><strong>soluat</strong></span> <span class='ocrx_word' id='word_1_674' title='bbox 1529 4609 1906 4665; x_wconf 88' lang='lat' dir='ltr'><strong>restituturum</strong></span> <span class='ocrx_word' id='word_1_675' title='bbox 1933 4624 2011 4674; x_wconf 90' lang='lat' dir='ltr'><strong>se,</strong></span> <span class='ocrx_word' id='word_1_676' title='bbox 2038 4609 2136 4665; x_wconf 83' lang='lat' dir='ltr'><strong>sed</strong></span> 
     </span>
    </p>
   </div>
   <div class='ocr_carea' id='block_1_89' title="bbox 539 4704 2133 4784">
    <p class='ocr_par' dir='ltr' id='par_1_89' title="bbox 539 4704 2133 4784">
     <span class='ocr_line' id='line_1_89' title="bbox 539 4704 2133 4784; baseline -0.003 -19"><span class='ocrx_word' id='word_1_677' title='bbox 539 4707 900 4784; x_wconf 85' lang='lat' dir='ltr'><strong>quadruplum</strong></span> <span class='ocrx_word' id='word_1_678' title='bbox 971 4705 1222 4776; x_wconf 87' lang='lat' dir='ltr'><strong>promisit</strong></span> <span class='ocrx_word' id='word_1_679' title='bbox 1300 4704 1496 4774; x_wconf 87' lang='lat' dir='ltr'><strong>quibus</strong></span> <span class='ocrx_word' id='word_1_680' title='bbox 1547 4705 1722 4775; x_wconf 88' lang='lat' dir='ltr'><strong>aliqua</strong></span> <span class='ocrx_word' id='word_1_681' title='bbox 1790 4704 2133 4772; x_wconf 88' lang='lat' dir='ltr'><strong>sustulisset,</strong></span> 
     </span>
    </p>
   </div>
   <div class='ocr_carea' id='block_1_90' title="bbox 538 4796 2135 4876">
    <p class='ocr_par' dir='ltr' id='par_1_90' title="bbox 538 4796 2135 4876">
     <span class='ocr_line' id='line_1_90' title="bbox 538 4796 2135 4876; baseline -0.003 -18"><span class='ocrx_word' id='word_1_682' title='bbox 538 4801 871 4876; x_wconf 89' lang='lat' dir='ltr'><strong>pauperibus</strong></span> <span class='ocrx_word' id='word_1_683' title='bbox 895 4813 1109 4872; x_wconf 87' lang='lat' dir='ltr'><strong>quoque</strong></span> <span class='ocrx_word' id='word_1_684' title='bbox 1138 4796 1485 4869; x_wconf 88' lang='lat' dir='ltr'><strong>medietatem</strong></span> <span class='ocrx_word' id='word_1_685' title='bbox 1515 4799 1599 4854; x_wconf 90' lang='lat' dir='ltr'><strong>sui</strong></span> <span class='ocrx_word' id='word_1_686' title='bbox 1627 4797 1939 4870; x_wconf 84' lang='lat' dir='ltr'><strong>patrimonii</strong></span> <span class='ocrx_word' id='word_1_687' title='bbox 1961 4798 2135 4854; x_wconf 89' lang='lat' dir='ltr'><strong>dona-</strong></span> 
     </span>
    </p>
   </div>
   <div class='ocr_carea' id='block_1_91' title="bbox 454 4907 744 4955">
    <p class='ocr_par' dir='ltr' id='par_1_91' title="bbox 454 4907 744 4955">
     <span class='ocr_line' id='line_1_91' title="bbox 454 4907 744 4955; baseline -0.021 1"><span class='ocrx_word' id='word_1_688' title='bbox 454 4935 461 4942; x_wconf 87' lang='lat'><strong>-</strong></span> <span class='ocrx_word' id='word_1_689' title='bbox 539 4907 744 4955; x_wconf 86' lang='lat' dir='ltr'><strong>turum.</strong></span> 
     </span>
    </p>
   </div>
   <div class='ocr_carea' id='block_1_92' title="bbox 612 4983 2129 5056">
    <p class='ocr_par' dir='ltr' id='par_1_92' title="bbox 612 4983 2129 5056">
     <span class='ocr_line' id='line_1_92' title="bbox 612 4983 2129 5056; baseline -0.003 -10"><span class='ocrx_word' id='word_1_690' title='bbox 612 4991 736 5047; x_wconf 83' lang='grc'><strong>105.</strong></span> <span class='ocrx_word' id='word_1_691' title='bbox 778 4985 1200 5045; x_wconf 86' lang='lat' dir='ltr'><strong>Cousideremus</strong></span> <span class='ocrx_word' id='word_1_692' title='bbox 1249 4983 1411 5040; x_wconf 90' lang='lat' dir='ltr'><strong>etiam</strong></span> <span class='ocrx_word' id='word_1_693' title='bbox 1463 4983 1777 5056; x_wconf 84' lang='lat' dir='ltr'><strong>diligentius</strong></span> <span class='ocrx_word' id='word_1_694' title='bbox 1831 4985 1959 5055; x_wconf 90' lang='lat' dir='ltr'><strong>quid</strong></span> <span class='ocrx_word' id='word_1_695' title='bbox 2018 4985 2129 5051; x_wconf 89' lang='lat' dir='ltr'><strong>sit,</strong></span> 
     </span>
    </p>
   </div>
   <div class='ocr_carea' id='block_1_93' title="bbox 536 5079 2131 5160">
    <p class='ocr_par' dir='ltr' id='par_1_93' title="bbox 536 5079 2131 5160">
     <span class='ocr_line' id='line_1_93' title="bbox 536 5079 2131 5160; baseline -0.006 -17"><span class='ocrx_word' id='word_1_696' title='bbox 536 5085 681 5160; x_wconf 86' lang='lat' dir='ltr'><strong>quod</strong></span> <span class='ocrx_word' id='word_1_697' title='bbox 710 5086 785 5140; x_wconf 91' lang='lat' dir='ltr'><strong>ait</strong></span> <span class='ocrx_word' id='word_1_698' title='bbox 809 5102 822 5138; x_wconf 90' lang='lat'><strong>:</strong></span> <span class='ocrx_word' id='word_1_699' title='bbox 852 5084 1043 5151; x_wconf 79' lang='lat' dir='ltr'><strong>Arcum</strong></span> <span class='ocrx_word' id='word_1_700' title='bbox 1064 5097 1234 5135; x_wconf 82' lang='lat' dir='ltr'><strong>meum</strong></span> <span class='ocrx_word' id='word_1_701' title='bbox 1265 5094 1450 5151; x_wconf 87' lang='lat' dir='ltr'><strong>ponam</strong></span> <span class='ocrx_word' id='word_1_702' title='bbox 1481 5079 1533 5132; x_wconf 87' lang='lat' dir='ltr'><strong>in</strong></span> <span class='ocrx_word' id='word_1_703' title='bbox 1561 5079 1712 5146; x_wconf 87' lang='lat' dir='ltr'><strong>nube,</strong></span> <span class='ocrx_word' id='word_1_704' title='bbox 1739 5088 1786 5133; x_wconf 93' lang='lat' dir='ltr'><strong>et</strong></span> <span class='ocrx_word' id='word_1_705' title='bbox 1807 5081 1900 5133; x_wconf 88' lang='lat' dir='ltr'><strong>erit</strong></span> <span class='ocrx_word' id='word_1_706' title='bbox 1923 5081 2131 5152; x_wconf 89' lang='lat' dir='ltr'><strong>signum</strong></span> 
     </span>
    </p>
   </div>
   <div class='ocr_carea' id='block_1_94' title="bbox 535 5174 2132 5237">
    <p class='ocr_par' dir='ltr' id='par_1_94' title="bbox 535 5174 2132 5237">
     <span class='ocr_line' id='line_1_94' title="bbox 535 5174 2132 5237; baseline -0.004 -2"><span class='ocrx_word' id='word_1_707' title='bbox 535 5180 821 5237; x_wconf 83' lang='lat' dir='ltr'><strong>testamenti</strong></span> <span class='ocrx_word' id='word_1_708' title='bbox 848 5177 1027 5232; x_wconf 68' lang='grc' dir='ltr'><strong>(ειενηὶ</strong></span> <span class='ocrx_word' id='word_1_709' title='bbox 1053 5176 1188 5229; x_wconf 84' lang='lat' dir='ltr'><strong>inter</strong></span> <span class='ocrx_word' id='word_1_710' title='bbox 1219 5190 1298 5229; x_wconf 88' lang='lat' dir='ltr'><strong>me</strong></span> <span class='ocrx_word' id='word_1_711' title='bbox 1316 5183 1363 5226; x_wconf 92' lang='lat' dir='ltr'><strong>et</strong></span> <span class='ocrx_word' id='word_1_712' title='bbox 1392 5174 1526 5226; x_wconf 84' lang='lat' dir='ltr'><strong>inter</strong></span> <span class='ocrx_word' id='word_1_713' title='bbox 1553 5181 1742 5226; x_wconf 80' lang='lat' dir='ltr'><strong>terrain</strong></span> <span class='ocrx_word' id='word_1_714' title='bbox 1771 5189 1790 5227; x_wconf 92' lang='lat'><em>:</em></span> <span class='ocrx_word' id='word_1_715' title='bbox 1820 5181 1868 5227; x_wconf 88' lang='lat' dir='ltr'><strong>et</strong></span> <span class='ocrx_word' id='word_1_716' title='bbox 1889 5174 1985 5228; x_wconf 88' lang='lat' dir='ltr'><strong>erit</strong></span> <span class='ocrx_word' id='word_1_717' title='bbox 2015 5191 2132 5229; x_wconf 88' lang='lat' dir='ltr'><strong>cum</strong></span> 
     </span>
    </p>
   </div>
   <div class='ocr_carea' id='block_1_95' title="bbox 534 5267 2132 5342">
    <p class='ocr_par' dir='ltr' id='par_1_95' title="bbox 534 5267 2132 5342">
     <span class='ocr_line' id='line_1_95' title="bbox 534 5267 2132 5342; baseline -0.004 -13"><span class='ocrx_word' id='word_1_718' title='bbox 534 5275 887 5330; x_wconf 85' lang='lat' dir='ltr'><strong>innubilavero</strong></span> <span class='ocrx_word' id='word_1_719' title='bbox 913 5270 1070 5326; x_wconf 89' lang='lat' dir='ltr'><strong>nubes</strong></span> <span class='ocrx_word' id='word_1_720' title='bbox 1093 5285 1246 5342; x_wconf 85' lang='lat' dir='ltr'><strong>super</strong></span> <span class='ocrx_word' id='word_1_721' title='bbox 1278 5278 1484 5330; x_wconf 86' lang='lat' dir='ltr'><strong>terram,</strong></span> <span class='ocrx_word' id='word_1_722' title='bbox 1519 5267 1714 5336; x_wconf 83' lang='lat' dir='ltr'><strong>parebit</strong></span> <span class='ocrx_word' id='word_1_723' title='bbox 1740 5283 1890 5322; x_wconf 86' lang='lat' dir='ltr'><strong>arcus</strong></span> <span class='ocrx_word' id='word_1_724' title='bbox 1911 5284 2054 5322; x_wconf 86' lang='lat' dir='ltr'><strong>meus</strong></span> <span class='ocrx_word' id='word_1_725' title='bbox 2078 5270 2132 5324; x_wconf 86' lang='lat' dir='ltr'><strong>in</strong></span> 
     </span>
    </p>
   </div>
   <div class='ocr_carea' id='block_1_96' title="bbox 535 5359 2130 5434">
    <p class='ocr_par' dir='ltr' id='par_1_96' title="bbox 535 5359 2130 5434">
     <span class='ocr_line' id='line_1_96' title="bbox 535 5359 2130 5434; baseline -0.003 -11"><span class='ocrx_word' id='word_1_726' title='bbox 535 5369 686 5434; x_wconf 85' lang='lat' dir='ltr'><strong>nube,</strong></span> <span class='ocrx_word' id='word_1_727' title='bbox 708 5377 754 5422; x_wconf 90' lang='lat' dir='ltr'><strong>et</strong></span> <span class='ocrx_word' id='word_1_728' title='bbox 771 5382 966 5420; x_wconf 74' lang='lat' dir='ltr'><strong>memor</strong></span> <span class='ocrx_word' id='word_1_729' title='bbox 995 5379 1079 5419; x_wconf 88' lang='lat' dir='ltr'><strong>ero</strong></span> <span class='ocrx_word' id='word_1_730' title='bbox 1108 5362 1394 5417; x_wconf 85' lang='lat' dir='ltr'><strong>testamenti</strong></span> <span class='ocrx_word' id='word_1_731' title='bbox 1416 5361 1515 5415; x_wconf 79' lang='lat' dir='ltr'><strong>mei</strong></span> <span class='ocrx_word' id='word_1_732' title='bbox 1535 5359 1686 5433; x_wconf 84' lang='lat' dir='ltr'><strong>(Gen.</strong></span> <span class='ocrx_word' id='word_1_733' title='bbox 1711 5378 1788 5427; x_wconf 83' lang='lat' dir='ltr'><strong>ix,</strong></span> <span class='ocrx_word' id='word_1_734' title='bbox 1820 5363 1886 5418; x_wconf 79' lang='grc'><strong>15</strong></span> <span class='ocrx_word' id='word_1_735' title='bbox 1906 5374 1954 5418; x_wconf 91' lang='lat' dir='ltr'><strong>et</strong></span> <span class='ocrx_word' id='word_1_736' title='bbox 1970 5363 2130 5434; x_wconf 87' lang='lat' dir='ltr'><strong>scq.).</strong></span> 
     </span>
    </p>
   </div>
   <div class='ocr_carea' id='block_1_97' title="bbox 529 5455 2128 5528">
    <p class='ocr_par' dir='ltr' id='par_1_97' title="bbox 529 5455 2128 5528">
     <span class='ocr_line' id='line_1_97' title="bbox 529 5455 2128 5528; baseline -0.001 -12"><span class='ocrx_word' id='word_1_737' title='bbox 529 5461 648 5517; x_wconf 80' lang='lat' dir='ltr'><strong>Non</strong></span> <span class='ocrx_word' id='word_1_738' title='bbox 691 5461 836 5516; x_wconf 87' lang='lat' dir='ltr'><strong>enim</strong></span> <span class='ocrx_word' id='word_1_739' title='bbox 859 5459 1001 5515; x_wconf 90' lang='lat' dir='ltr'><strong>sicut</strong></span> <span class='ocrx_word' id='word_1_740' title='bbox 1025 5457 1272 5528; x_wconf 86' lang='lat' dir='ltr'><strong>plerique</strong></span> <span class='ocrx_word' id='word_1_741' title='bbox 1322 5455 1692 5522; x_wconf 86' lang='lat' dir='ltr'><strong>arbitrantur,</strong></span> <span class='ocrx_word' id='word_1_742' title='bbox 1727 5470 1913 5512; x_wconf 90' lang='lat' dir='ltr'><strong>arcum</strong></span> <span class='ocrx_word' id='word_1_743' title='bbox 1963 5457 2128 5514; x_wconf 91' lang='lat' dir='ltr'><strong>istum</strong></span> 
     </span>
    </p>
   </div>
   <div class='ocr_carea' id='block_1_98' title="bbox 536 5597 2133 5669">
    <p class='ocr_par' dir='ltr' id='par_1_98' title="bbox 536 5597 2133 5669">
     <span class='ocr_line' id='line_1_98' title="bbox 536 5597 2133 5669; baseline 0.001 -17"><span class='ocrx_word' id='word_1_744' title='bbox 536 5604 577 5652; x_wconf 66' lang='grc' dir='ltr'><strong>ἐξ</strong></span> <span class='ocrx_word' id='word_1_745' title='bbox 611 5610 637 5638; x_wconf 78' lang='grc' dir='ltr'><strong>ιι</strong></span> <span class='ocrx_word' id='word_1_746' title='bbox 669 5602 797 5655; x_wconf 84' lang='lat' dir='ltr'><strong>Mss.</strong></span> <span class='ocrx_word' id='word_1_747' title='bbox 829 5609 884 5657; x_wconf 89' lang='lat' dir='ltr'><strong>et</strong></span> <span class='ocrx_word' id='word_1_748' title='bbox 909 5608 1020 5657; x_wconf 88' lang='lat' dir='ltr'><strong>vet.</strong></span> <span class='ocrx_word' id='word_1_749' title='bbox 1053 5599 1184 5655; x_wconf 88' lang='lat' dir='ltr'><strong>edit.</strong></span> <span class='ocrx_word' id='word_1_750' title='bbox 1209 5599 1298 5654; x_wconf 90' lang='lat' dir='ltr'><strong>hic</strong></span> <span class='ocrx_word' id='word_1_751' title='bbox 1323 5598 1690 5662; x_wconf 82' lang='lat' dir='ltr'><strong>consentiunt,</strong></span> <span class='ocrx_word' id='word_1_752' title='bbox 1722 5597 1824 5652; x_wconf 73' lang='lat' dir='ltr'><strong>nisi</strong></span> <span class='ocrx_word' id='word_1_753' title='bbox 1857 5598 2000 5669; x_wconf 76' lang='lat' dir='ltr'><strong>quad</strong></span> <span class='ocrx_word' id='word_1_754' title='bbox 2032 5614 2133 5668; x_wconf 93' lang='lat' dir='ltr'><strong>pro</strong></span> 
     </span>
    </p>
   </div>
   <div class='ocr_carea' id='block_1_99' title="bbox 539 5671 2122 5740">
    <p class='ocr_par' dir='ltr' id='par_1_99' title="bbox 539 5671 2122 5740">
     <span class='ocr_line' id='line_1_99' title="bbox 539 5671 2122 5740; baseline -0.001 -13"><span class='ocrx_word' id='word_1_755' title='bbox 539 5688 741 5728; x_wconf 86' lang='lat' dir='ltr'><strong>omnem</strong></span> <span class='ocrx_word' id='word_1_756' title='bbox 760 5681 965 5738; x_wconf 81' lang='lat' dir='ltr'><strong>terram,</strong></span> <span class='ocrx_word' id='word_1_757' title='bbox 989 5673 1321 5728; x_wconf 89' lang='lat' dir='ltr'><strong>recentiores</strong></span> <span class='ocrx_word' id='word_1_758' title='bbox 1337 5671 1546 5740; x_wconf 86' lang='lat' dir='ltr'><strong>aliquot</strong></span> <span class='ocrx_word' id='word_1_759' title='bbox 1567 5684 1697 5724; x_wconf 89' lang='lat' dir='ltr'><strong>mss.</strong></span> <span class='ocrx_word' id='word_1_760' title='bbox 1719 5685 1840 5725; x_wconf 90' lang='lat' dir='ltr'><strong>cum</strong></span> <span class='ocrx_word' id='word_1_761' title='bbox 1859 5679 1967 5725; x_wconf 91' lang='lat' dir='ltr'><strong>vet.</strong></span> <span class='ocrx_word' id='word_1_762' title='bbox 1991 5672 2122 5726; x_wconf 92' lang='lat' dir='ltr'><strong>edit.</strong></span> 
     </span>
    </p>
   </div>
   <div class='ocr_carea' id='block_1_100' title="bbox 538 5741 2121 5816">
    <p class='ocr_par' dir='ltr' id='par_1_100' title="bbox 538 5741 2121 5816">
     <span class='ocr_line' id='line_1_100' title="bbox 538 5741 2121 5816; baseline -0.001 -17"><span class='ocrx_word' id='word_1_763' title='bbox 538 5745 723 5814; x_wconf 86' lang='lat' dir='ltr'><strong>legunt</strong></span> <span class='ocrx_word' id='word_1_764' title='bbox 744 5784 758 5808; x_wconf 92' lang='lat'><strong>,</strong></span> <span class='ocrx_word' id='word_1_765' title='bbox 791 5758 988 5799; x_wconf 86' lang='lat' dir='ltr'><strong>omnem</strong></span> <span class='ocrx_word' id='word_1_766' title='bbox 1015 5742 1292 5799; x_wconf 83' lang='lat' dir='ltr'><strong>hominem.</strong></span> <span class='ocrx_word' id='word_1_767' title='bbox 1327 5741 1456 5798; x_wconf 89' lang='lat' dir='ltr'><strong>Sed.</strong></span> <span class='ocrx_word' id='word_1_768' title='bbox 1491 5743 1647 5798; x_wconf 77' lang='lat' dir='ltr'><strong>Rom.</strong></span> <span class='ocrx_word' id='word_1_769' title='bbox 1681 5741 1814 5798; x_wconf 89' lang='lat' dir='ltr'><strong>edit.</strong></span> <span class='ocrx_word' id='word_1_770' title='bbox 1850 5743 1924 5798; x_wconf 89' lang='lat' dir='ltr'><strong>ita</strong></span> <span class='ocrx_word' id='word_1_771' title='bbox 1958 5757 2121 5816; x_wconf 86' lang='lat' dir='ltr'><strong>repo-</strong></span> 
     </span>
    </p>
   </div>
   <div class='ocr_carea' id='block_1_101' title="bbox 2240 4615 3808 4694">
    <p class='ocr_par' dir='ltr' id='par_1_101' title="bbox 2240 4615 3808 4694">
     <span class='ocr_line' id='line_1_101' title="bbox 2240 4615 3808 4694; baseline -0.009 -14"><span class='ocrx_word' id='word_1_772' title='bbox 2240 4623 2431 4694; x_wconf 89' lang='lat' dir='ltr'><strong>Neqne</strong></span> <span class='ocrx_word' id='word_1_773' title='bbox 2472 4622 2618 4678; x_wconf 89' lang='lat' dir='ltr'><strong>enim</strong></span> <span class='ocrx_word' id='word_1_774' title='bbox 2648 4634 2940 4691; x_wconf 82' lang='lat' dir='ltr'><strong>possumus</strong></span> <span class='ocrx_word' id='word_1_775' title='bbox 2968 4633 3168 4690; x_wconf 86' lang='lat' dir='ltr'><strong>negare</strong></span> <span class='ocrx_word' id='word_1_776' title='bbox 3214 4615 3359 4688; x_wconf 91' lang='lat' dir='ltr'><strong>quod</strong></span> <span class='ocrx_word' id='word_1_777' title='bbox 3402 4615 3663 4682; x_wconf 86' lang='lat' dir='ltr'><strong>scriptum</strong></span> <span class='ocrx_word' id='word_1_778' title='bbox 3697 4621 3808 4668; x_wconf 88' lang='lat' dir='ltr'><strong>est:</strong></span> 
     </span>
    </p>
   </div>
   <div class='ocr_carea' id='block_1_102' title="bbox 2243 4704 3808 4780">
    <p class='ocr_par' dir='ltr' id='par_1_102' title="bbox 2243 4704 3808 4780">
     <span class='ocr_line' id='line_1_102' title="bbox 2243 4704 3808 4780; baseline -0.01 -6"><span class='ocrx_word' id='word_1_779' title='bbox 2243 4715 2339 4774; x_wconf 89' lang='lat' dir='ltr'><strong>sed</strong></span> <span class='ocrx_word' id='word_1_780' title='bbox 2385 4714 2456 4771; x_wconf 87' lang='lat' dir='ltr'><strong>ad</strong></span> <span class='ocrx_word' id='word_1_781' title='bbox 2486 4712 2915 4770; x_wconf 86' lang='lat' dir='ltr'><strong>coacervandum</strong></span> <span class='ocrx_word' id='word_1_782' title='bbox 2962 4711 3222 4767; x_wconf 90' lang='lat' dir='ltr'><strong>delictum</strong></span> <span class='ocrx_word' id='word_1_783' title='bbox 3275 4710 3446 4780; x_wconf 91' lang='lat' dir='ltr'><strong>ipsius</strong></span> <span class='ocrx_word' id='word_1_784' title='bbox 3493 4705 3669 4762; x_wconf 88' lang='lat' dir='ltr'><strong>addita</strong></span> <span class='ocrx_word' id='word_1_785' title='bbox 3709 4704 3808 4775; x_wconf 86' lang='lat' dir='ltr'><strong>ejus</strong></span> 
     </span>
    </p>
   </div>
   <div class='ocr_carea' id='block_1_103' title="bbox 2239 4802 3809 4881">
    <p class='ocr_par' dir='ltr' id='par_1_103' title="bbox 2239 4802 3809 4881">
     <span class='ocr_line' id='line_1_103' title="bbox 2239 4802 3809 4881; baseline -0.01 -14"><span class='ocrx_word' id='word_1_786' title='bbox 2239 4821 2325 4867; x_wconf 89' lang='lat' dir='ltr'><strong>est</strong></span> <span class='ocrx_word' id='word_1_787' title='bbox 2349 4808 2661 4881; x_wconf 85' lang='lat' dir='ltr'><strong>generatio;</strong></span> <span class='ocrx_word' id='word_1_788' title='bbox 2693 4807 2819 4877; x_wconf 93' lang='lat' dir='ltr'><strong>quia</strong></span> <span class='ocrx_word' id='word_1_789' title='bbox 2846 4821 2968 4862; x_wconf 93' lang='lat' dir='ltr'><strong>cum</strong></span> <span class='ocrx_word' id='word_1_790' title='bbox 3002 4803 3228 4859; x_wconf 89' lang='lat' dir='ltr'><strong>haberet</strong></span> <span class='ocrx_word' id='word_1_791' title='bbox 3258 4802 3427 4857; x_wconf 88' lang='lat' dir='ltr'><strong>lilium</strong></span> <span class='ocrx_word' id='word_1_792' title='bbox 3467 4810 3524 4856; x_wconf 91' lang='lat' dir='ltr'><strong>et</strong></span> <span class='ocrx_word' id='word_1_793' title='bbox 3569 4808 3711 4870; x_wconf 86' lang='lat' dir='ltr'><strong>pater</strong></span> <span class='ocrx_word' id='word_1_794' title='bbox 3737 4811 3809 4852; x_wconf 90' lang='lat' dir='ltr'><strong>es-</strong></span> 
     </span>
    </p>
   </div>
   <div class='ocr_carea' id='block_1_104' title="bbox 2239 4891 3806 4970">
    <p class='ocr_par' dir='ltr' id='par_1_104' title="bbox 2239 4891 3806 4970">
     <span class='ocr_line' id='line_1_104' title="bbox 2239 4891 3806 4970; baseline -0.01 -11"><span class='ocrx_word' id='word_1_795' title='bbox 2239 4899 2355 4970; x_wconf 87' lang='lat' dir='ltr'><strong>set,</strong></span> <span class='ocrx_word' id='word_1_796' title='bbox 2388 4901 2536 4956; x_wconf 90' lang='lat' dir='ltr'><strong>solus</strong></span> <span class='ocrx_word' id='word_1_797' title='bbox 2565 4901 2682 4970; x_wconf 90' lang='lat' dir='ltr'><strong>ipse</strong></span> <span class='ocrx_word' id='word_1_798' title='bbox 2721 4910 2930 4970; x_wconf 88' lang='lat' dir='ltr'><strong>patrem</strong></span> <span class='ocrx_word' id='word_1_799' title='bbox 2961 4912 3066 4952; x_wconf 92' lang='lat' dir='ltr'><strong>non</strong></span> <span class='ocrx_word' id='word_1_800' title='bbox 3094 4896 3380 4968; x_wconf 89' lang='lat' dir='ltr'><strong>cognovit,</strong></span> <span class='ocrx_word' id='word_1_801' title='bbox 3415 4895 3508 4966; x_wconf 92' lang='lat' dir='ltr'><strong>qui</strong></span> <span class='ocrx_word' id='word_1_802' title='bbox 3542 4891 3707 4963; x_wconf 87' lang='lat' dir='ltr'><strong>magis</strong></span> <span class='ocrx_word' id='word_1_803' title='bbox 3727 4905 3806 4946; x_wconf 87' lang='lat' dir='ltr'><strong>co-</strong></span> 
     </span>
    </p>
   </div>
   <div class='ocr_carea' id='block_1_105' title="bbox 2241 4987 3807 5067">
    <p class='ocr_par' dir='ltr' id='par_1_105' title="bbox 2241 4987 3807 5067">
     <span class='ocr_line' id='line_1_105' title="bbox 2241 4987 3807 5067; baseline -0.007 -17"><span class='ocrx_word' id='word_1_804' title='bbox 2241 5009 2510 5067; x_wconf 84' lang='lat' dir='ltr'><strong>gnoscere</strong></span> <span class='ocrx_word' id='word_1_805' title='bbox 2551 4993 2848 5050; x_wconf 87' lang='lat' dir='ltr'><strong>debuisset.</strong></span> <span class='ocrx_word' id='word_1_806' title='bbox 2882 4991 2952 5046; x_wconf 88' lang='lat' dir='ltr'><strong>Et</strong></span> <span class='ocrx_word' id='word_1_807' title='bbox 2988 4989 3112 5046; x_wconf 90' lang='lat' dir='ltr'><strong>ideo</strong></span> <span class='ocrx_word' id='word_1_808' title='bbox 3142 4988 3450 5060; x_wconf 91' lang='lat' dir='ltr'><strong>improbum</strong></span> <span class='ocrx_word' id='word_1_809' title='bbox 3495 4987 3690 5041; x_wconf 88' lang='lat' dir='ltr'><strong>habere</strong></span> <span class='ocrx_word' id='word_1_810' title='bbox 3714 4999 3807 5062; x_wconf 83' lang='lat' dir='ltr'><strong>me-</strong></span> 
     </span>
    </p>
   </div>
   <div class='ocr_carea' id='block_1_106' title="bbox 2239 5077 3805 5156">
    <p class='ocr_par' dir='ltr' id='par_1_106' title="bbox 2239 5077 3805 5156">
     <span class='ocr_line' id='line_1_106' title="bbox 2239 5077 3805 5156; baseline -0.008 -13"><span class='ocrx_word' id='word_1_811' title='bbox 2239 5087 2350 5143; x_wconf 90' lang='lat' dir='ltr'><strong>ruit</strong></span> <span class='ocrx_word' id='word_1_812' title='bbox 2380 5086 2572 5151; x_wconf 83' lang='lat' dir='ltr'><strong>lilium,</strong></span> <span class='ocrx_word' id='word_1_813' title='bbox 2597 5087 2722 5155; x_wconf 90' lang='lat' dir='ltr'><strong>quia</strong></span> <span class='ocrx_word' id='word_1_814' title='bbox 2753 5084 3034 5156; x_wconf 91' lang='lat' dir='ltr'><strong>improbus</strong></span> <span class='ocrx_word' id='word_1_815' title='bbox 3062 5083 3235 5138; x_wconf 83' lang='lat' dir='ltr'><strong>fuerat</strong></span> <span class='ocrx_word' id='word_1_816' title='bbox 3264 5081 3426 5152; x_wconf 88' lang='lat' dir='ltr'><strong>patri.</strong></span> <span class='ocrx_word' id='word_1_817' title='bbox 3459 5079 3637 5136; x_wconf 93' lang='lat' dir='ltr'><strong>Simul</strong></span> <span class='ocrx_word' id='word_1_818' title='bbox 3661 5077 3805 5148; x_wconf 83' lang='lat' dir='ltr'><strong>signi-</strong></span> 
     </span>
    </p>
   </div>
   <div class='ocr_carea' id='block_1_107' title="bbox 2239 5171 3806 5242">
    <p class='ocr_par' dir='ltr' id='par_1_107' title="bbox 2239 5171 3806 5242">
     <span class='ocr_line' id='line_1_107' title="bbox 2239 5171 3806 5242; baseline -0.009 -5"><span class='ocrx_word' id='word_1_819' title='bbox 2239 5179 2365 5237; x_wconf 81' lang='lat' dir='ltr'><strong>ﬁcat</strong></span> <span class='ocrx_word' id='word_1_820' title='bbox 2409 5195 2479 5236; x_wconf 77' lang='lat' dir='ltr'><strong>ex</strong></span> <span class='ocrx_word' id='word_1_821' title='bbox 2514 5178 2608 5234; x_wconf 94' lang='lat' dir='ltr'><strong>illo</strong></span> <span class='ocrx_word' id='word_1_822' title='bbox 2638 5178 2897 5234; x_wconf 83' lang='lat' dir='ltr'><strong>Chanaan</strong></span> <span class='ocrx_word' id='word_1_823' title='bbox 2931 5175 3274 5232; x_wconf 68' lang='lat' dir='ltr'><strong>Cltananaeos</strong></span> <span class='ocrx_word' id='word_1_824' title='bbox 3315 5173 3482 5229; x_wconf 77' lang='lat' dir='ltr'><strong>fuisse</strong></span> <span class='ocrx_word' id='word_1_825' title='bbox 3507 5214 3522 5238; x_wconf 92' lang='lat'><strong>,</strong></span> <span class='ocrx_word' id='word_1_826' title='bbox 3577 5171 3664 5241; x_wconf 91' lang='lat' dir='ltr'><strong>qui</strong></span> <span class='ocrx_word' id='word_1_827' title='bbox 3705 5178 3806 5242; x_wconf 87' lang='lat' dir='ltr'><strong>post</strong></span> 
     </span>
    </p>
   </div>
   <div class='ocr_carea' id='block_1_108' title="bbox 2236 5258 3802 5343">
    <p class='ocr_par' dir='ltr' id='par_1_108' title="bbox 2236 5258 3802 5343">
     <span class='ocr_line' id='line_1_108' title="bbox 2236 5258 3802 5343; baseline -0.006 -15"><span class='ocrx_word' id='word_1_828' title='bbox 2236 5272 2438 5328; x_wconf 87' lang='lat' dir='ltr'><strong>multas</strong></span> <span class='ocrx_word' id='word_1_829' title='bbox 2463 5271 2857 5343; x_wconf 87' lang='lat' dir='ltr'><strong>generationes</strong></span> <span class='ocrx_word' id='word_1_830' title='bbox 2884 5285 2914 5325; x_wconf 91' lang='lat' dir='ltr'><strong>a</strong></span> <span class='ocrx_word' id='word_1_831' title='bbox 2958 5258 3162 5340; x_wconf 73' lang='lat' dir='ltr'><strong>populo</strong></span> <span class='ocrx_word' id='word_1_832' title='bbox 3194 5267 3343 5338; x_wconf 85' lang='lat' dir='ltr'><strong>justo</strong></span> <span class='ocrx_word' id='word_1_833' title='bbox 3372 5266 3618 5341; x_wconf 78' lang='lat' dir='ltr'><strong>oppressi</strong></span> <span class='ocrx_word' id='word_1_834' title='bbox 3648 5278 3802 5320; x_wconf 60' lang='lat' dir='ltr'><strong>cesseo</strong></span> 
     </span>
    </p>
   </div>
   <div class='ocr_carea' id='block_1_109' title="bbox 2235 5357 3806 5437">
    <p class='ocr_par' dir='ltr' id='par_1_109' title="bbox 2235 5357 3806 5437">
     <span class='ocr_line' id='line_1_109' title="bbox 2235 5357 3806 5437; baseline -0.007 -15"><span class='ocrx_word' id='word_1_835' title='bbox 2235 5375 2366 5423; x_wconf 88' lang='lat' dir='ltr'><strong>runt</strong></span> <span class='ocrx_word' id='word_1_836' title='bbox 2409 5367 2462 5421; x_wconf 90' lang='lat' dir='ltr'><strong>in</strong></span> <span class='ocrx_word' id='word_1_837' title='bbox 2504 5367 2622 5436; x_wconf 86' lang='lat' dir='ltr'><strong>ejus</strong></span> <span class='ocrx_word' id='word_1_838' title='bbox 2660 5365 3094 5437; x_wconf 86' lang='lat' dir='ltr'><strong>possessionem.</strong></span> <span class='ocrx_word' id='word_1_839' title='bbox 3122 5364 3417 5418; x_wconf 81' lang='lat' dir='ltr'><strong>Auctorem</strong></span> <span class='ocrx_word' id='word_1_840' title='bbox 3459 5373 3592 5430; x_wconf 86' lang='lat' dir='ltr'><strong>ergo</strong></span> <span class='ocrx_word' id='word_1_841' title='bbox 3619 5357 3806 5413; x_wconf 84' lang='lat' dir='ltr'><strong>Chana-</strong></span> 
     </span>
    </p>
   </div>
   <div class='ocr_carea' id='block_1_110' title="bbox 2239 5450 3804 5522">
    <p class='ocr_par' dir='ltr' id='par_1_110' title="bbox 2239 5450 3804 5522">
     <span class='ocr_line' id='line_1_110' title="bbox 2239 5450 3804 5522; baseline -0.007 -6"><span class='ocrx_word' id='word_1_842' title='bbox 2239 5475 2478 5516; x_wconf 74' lang='lat' dir='ltr'><strong>nazorum</strong></span> <span class='ocrx_word' id='word_1_843' title='bbox 2525 5459 2780 5516; x_wconf 89' lang='lat' dir='ltr'><strong>Chanaan</strong></span> <span class='ocrx_word' id='word_1_844' title='bbox 2832 5457 2996 5513; x_wconf 79' lang='lat' dir='ltr'><strong>fuisse</strong></span> <span class='ocrx_word' id='word_1_845' title='bbox 3041 5455 3387 5511; x_wconf 79' lang='lat' dir='ltr'><strong>manifestum</strong></span> <span class='ocrx_word' id='word_1_846' title='bbox 3431 5462 3552 5518; x_wconf 91' lang='lat' dir='ltr'><strong>est,</strong></span> <span class='ocrx_word' id='word_1_847' title='bbox 3591 5451 3681 5522; x_wconf 89' lang='lat' dir='ltr'><strong>qui</strong></span> <span class='ocrx_word' id='word_1_848' title='bbox 3722 5450 3804 5506; x_wconf 85' lang='lat' dir='ltr'><strong>luit</strong></span> 
     </span>
    </p>
   </div>
   <div class='ocr_carea' id='block_1_111' title="bbox 2227 5579 3801 5667">
    <p class='ocr_par' dir='ltr' id='par_1_111' title="bbox 2227 5579 3801 5667">
     <span class='ocr_line' id='line_1_111' title="bbox 2227 5579 3801 5667; baseline -0.006 -12"><span class='ocrx_word' id='word_1_849' title='bbox 2227 5600 2337 5656; x_wconf 91' lang='lat' dir='ltr'><strong>suit</strong></span> <span class='ocrx_word' id='word_1_850' title='bbox 2369 5617 2381 5654; x_wconf 94' lang='lat'><strong>:</strong></span> <span class='ocrx_word' id='word_1_851' title='bbox 2416 5599 2538 5654; x_wconf 89' lang='lat' dir='ltr'><strong>Non</strong></span> <span class='ocrx_word' id='word_1_852' title='bbox 2571 5599 2711 5654; x_wconf 87' lang='lat' dir='ltr'><strong>ultra</strong></span> <span class='ocrx_word' id='word_1_853' title='bbox 2738 5598 2864 5663; x_wconf 88' lang='lat' dir='ltr'><strong>erit,</strong></span> <span class='ocrx_word' id='word_1_854' title='bbox 2897 5579 3063 5667; x_wconf 67' lang='lat' dir='ltr'><strong>inquit</strong></span> <span class='ocrx_word' id='word_1_855' title='bbox 3083 5638 3098 5665; x_wconf 91' lang='lat'><strong>,</strong></span> <span class='ocrx_word' id='word_1_856' title='bbox 3133 5595 3389 5649; x_wconf 80' lang='lat' dir='ltr'><strong>diluvium</strong></span> <span class='ocrx_word' id='word_1_857' title='bbox 3422 5605 3590 5662; x_wconf 68' lang='lat' dir='ltr'><strong>aqum.</strong></span> <span class='ocrx_word' id='word_1_858' title='bbox 3625 5589 3801 5647; x_wconf 61' lang='lat' dir='ltr'><strong>Cetera</strong></span> 
     </span>
    </p>
   </div>
   <div class='ocr_carea' id='block_1_112' title="bbox 2237 5673 2703 5729">
    <p class='ocr_par' dir='ltr' id='par_1_112' title="bbox 2237 5673 2703 5729">
     <span class='ocr_line' id='line_1_112' title="bbox 2237 5673 2703 5729; baseline -0.015 0"><span class='ocrx_word' id='word_1_859' title='bbox 2237 5682 2296 5729; x_wconf 90' lang='lat' dir='ltr'><strong>ut</strong></span> <span class='ocrx_word' id='word_1_860' title='bbox 2317 5687 2417 5727; x_wconf 88' lang='lat' dir='ltr'><strong>nos</strong></span> <span class='ocrx_word' id='word_1_861' title='bbox 2449 5673 2499 5726; x_wconf 92' lang='lat' dir='ltr'><strong>in</strong></span> <span class='ocrx_word' id='word_1_862' title='bbox 2531 5679 2703 5726; x_wconf 83' lang='lat' dir='ltr'><strong>textu.</strong></span> 
     </span>
    </p>
   </div>
   <div class='ocr_carea' id='block_1_113' title="bbox 2232 5735 3793 5822">
    <p class='ocr_par' dir='ltr' id='par_1_113' title="bbox 2232 5735 3793 5822">
     <span class='ocr_line' id='line_1_113' title="bbox 2232 5735 3793 5822; baseline -0.011 -19"><span class='ocrx_word' id='word_1_863' title='bbox 2232 5793 2251 5817; x_wconf 41' lang='grc' dir='ltr'>ι</span> <span class='ocrx_word' id='word_1_864' title='bbox 2271 5815 2290 5822; x_wconf 88' lang='lat'><em>_</em></span> <span class='ocrx_word' id='word_1_865' title='bbox 2302 5742 2333 5783; x_wconf 74' lang='grc' dir='ltr'>ι)</span> <span class='ocrx_word' id='word_1_866' title='bbox 2353 5743 2646 5812; x_wconf 82' lang='lat' dir='ltr'><strong>Maz.cod.,</strong></span> <span class='ocrx_word' id='word_1_867' title='bbox 2661 5740 2850 5798; x_wconf 89' lang='lat' dir='ltr'><strong>diversi</strong></span> <span class='ocrx_word' id='word_1_868' title='bbox 2873 5740 3072 5798; x_wconf 80' lang='lat' dir='ltr'><strong>colores</strong></span> <span class='ocrx_word' id='word_1_869' title='bbox 3093 5739 3187 5796; x_wconf 82' lang='lat' dir='ltr'><strong>illa</strong></span> <span class='ocrx_word' id='word_1_870' title='bbox 3206 5738 3374 5810; x_wconf 83' lang='lat' dir='ltr'><strong>specie</strong></span> <span class='ocrx_word' id='word_1_871' title='bbox 3392 5735 3793 5791; x_wconf 72' lang='lat' dir='ltr'><strong>demonstrantur.</strong></span> 
     </span>
    </p>
   </div>
  </div>
