4082 6370
199 382 202 383 ν
237 311 347 373 409

1346 316 1437 374 DE
1474 316 1611 378 NOE
1651 317 1742 376 ET
1780 317 1966 377 ARCA
2006 319 2209 380 LIBER
2249 321 2452 382 UNUS.

3436 328 3548 386 410

238 431 386 489 filius
441 431 602 507 hujus
651 403 968 507 (Iliam-qni
1027 433 1226 504 impius
1277 433 1332 488 in
1400 444 1558 506 patre
1610 434 1842 491 exstitit.
1873 440 1925 499 Α
1951 452 2082 492 vero
2121 439 2259 509 alius
2285 438 2558 496 fructuum
2587 438 2818 497 utilitate
2844 440 3102 512 pascitur.
3145 441 3293 509 Quos
3336 441 3548 500 fructus

314 527 438 583 106.
486 529 662 584 Altior
705 538 885 585 autem
930 541 1127 584 sensus
1172 525 1453 582 nominum
1512 526 1844 598 interpreta-

242 618 392 675 tione
421 621 689 692 signatur.
736 620 910 678 Chatn
939 619 1084 676 enim
1115 619 1263 675 calor
1293 627 1410 684 est,
1444 616 1698 673 Chanaan
1729 630 1841 673 tur-

241 713 391 770 batio
417 730 628 771 eorum.
664 716 768 786 Qui
792 717 941 772 enim
983 714 1161 782 calet,
1203 714 1468 786 continuo
1506 723 1756 770 movetur
1787 721 1843 768 et

241 808 621 878 perturbatur;
668 809 898 879 ideoque
929 806 1339 864 evidentissime
1369 807 1682 863 declaratur
1731 820 1838 862 non

242 909 352 954 tam
384 900 660 957 hominem
689 912 897 972 patrem
930 901 1212 955 hominum
1239 899 1408 956 fuisse
1442 918 1455 954 :
1488 899 1585 956 sed
1634 901 1841 971 passio-

239 1006 366 1047 nem
395 993 591 1049 malam
639 993 900 1064 improha:
929 994 1202 1065 passionis
1233 995 1630 1065 generatricem
1652 1034 1666 1060 ,
1715 1009 1839 1064 quae

239 1093 391 1141 esset
430 1099 459 1139 a
501 1088 670 1156 patris
720 1087 1006 1155 moribus,
1061 1087 1164 1142 hoc
1209 1095 1324 1153 est,
1358 1087 1428 1143 ab
1473 1103 1572 1143 usu
1626 1088 1842 1142 virtutis

237 1177 440 1233 aliena.

703 1297 864 1368 271
905 1295 1138 1353 CAPUT
1177 1295 1369 1352 xxnt.

239 1425 514 1495 Quomodo
551 1427 668 1484 Noe
709 1431 878 1498 [actus
911 1433 976 1487 sit
1003 1432 1276 1503 agricola;
1315 1433 1510 1503 quodve
1537 1435 1672 1488 inter
1699 1434 1841 1507 agri-

305 1522 474 1581 colam
507 1532 556 1575 et
584 1535 910 1595 aperatorem
941 1536 1091 1580 terra:
1128 1526 1407 1581 discrimen
1449 1543 1466 1582 :
1495 1536 1544 1582 et
1581 1528 1837 1599 quomodo

309 1630 517 1669 carnem
547 1633 697 1670 suout
728 1618 861 1672 alter
904 1621 1125 1687 excolit,
1166 1621 1300 1674 alter
1343 1623 1632 1693 aperatur?
1665 1621 1839 1689 Quare

309 1707 443 1760 idem
479 1705 599 1766 Noe
627 1708 824 1763 vineam
855 1711 1076 1780 primum
1107 1712 1448 1780 plantaverit,
1490 1714 1546 1766 id
1593 1723 1701 1780 est,
1730 1731 1836 1768 rem

311 1817 411 1854 non
457 1804 838 1870 necessariam,
879 1821 995 1858 cum
1013 1806 1182 1874 [antes
1221 1810 1290 1860 ad
1328 1817 1503 1877 potum
1533 1808 1787 1879 sufﬁciant
1816 1828 1834 1863 :

304 1909 399 1946 cur
420 1886 576 1947 etiam
606 1897 671 1949 tle
701 1896 792 1950 illo
826 1897 1080 1968 scriptum
1109 1915 1128 1952 :
1161 1898 1229 1954 Et
1260 1900 1403 1956 bibit
1431 1901 1499 1956 de
1527 1903 1653 1956 vino
1687 1922 1700 1956 :
1745 1903 1834 1958 ubi

303 1985 368 2041 de
396 1988 601 2058 gemina
627 1987 898 2053 ebrietate;
926 2006 987 2044 ac
1023 1999 1286 2062 postremo
1311 1992 1378 2048 de
1405 1996 1610 2064 gemina
1639 1995 1830 2051 animte

304 2080 588 2135 nudatione
609 2081 898 2137 disseritur.

306 2191 431 2249 107.
474 2191 546 2247 Et
575 2195 725 2264 erepit
757 2195 876 2253 Noe
903 2197 1056 2254 homo
1075 2201 1306 2272 agricola
1343 2221 1453 2259 esse
1491 2216 1640 2261 terra:
1671 2205 1826 2278 (Gen.

233 2300 312 2351 Ix,
340 2285 456 2357 20).
485 2285 712 2343 Videtur
732 2289 949 2360 quidem
977 2293 1148 2361 prima
1181 2296 1362 2365 specie
1384 2296 1517 2354 Ada:
1545 2299 1621 2354 illi
1651 2301 1738 2371 qui
1762 2300 1830 2356 de

233 2386 376 2434 terra
404 2383 574 2436 factus
607 2393 722 2448 est,
755 2386 1054 2455 comparari
1098 2385 1212 2443 Noe
1251 2389 1334 2444 vir
1359 2390 1572 2460 justus;
1604 2393 1727 2464 quia
1775 2405 1830 2450 et

229 2467 299 2524 de
328 2469 421 2526 illo
447 2475 704 2543 scriptum
730 2484 814 2530 est
845 2476 991 2546 quod
1034 2477 1102 2534 de
1133 2481 1386 2550 paradiso
1417 2484 1620 2554 ejectus
1647 2501 1828 2557 crepe-

232 2561 307 2618 rit
347 2566 564 2634 Operari
612 2576 811 2623 terram
859 2568 1014 2642 (Gen.
1048 2586 1139 2639 ιιι,
1170 2573 1263 2645 23)
1297 2594 1310 2629 :
1343 2575 1412 2631 de
1465 2579 1567 2634 isto
1613 2595 1829 2652 quoque

229 2660 488 2730 quoniam
512 2675 764 2732 egressus
782 2679 847 2718 es
880 2680 1002 2720 arca
1031 2665 1203 2723 factus
1225 2670 1296 2724 sit
1323 2672 1575 2741 agricola.
1613 2676 1677 2728 Et
1705 2693 1828 2746 pro-

231 2753 527 2823 pemodum
549 2753 603 2808 in
639 2766 868 2827 utroque
889 2771 1246 2828 praecesserat
1269 2763 1514 2833 quaedam
1547 2765 1714 2822 forma
1747 2768 1828 2824 di-

228 2844 398 2910 luvii,
443 2847 565 2917 quia
595 2859 650 2902 et
675 2858 702 2886 ﬂ
733 2849 846 2906 Noe
885 2862 1008 2922 post
1048 2853 1312 2911 diluvium
1339 2899 1353 2924 ,
1393 2869 1448 2914 et
1489 2861 1658 2916 Adam
1705 2877 1827 2934 post

230 2939 417 2995 mundi
443 2942 885 2997 constitutionem
903 2946 1200 3003 secundum
1225 2954 1533 3020 figmentum
1557 2957 1822 3025 corporis.

227 3033 362 3090 Nam
393 3044 449 3090 tit
481 3037 712 3094 mundus
743 3039 914 3107 fieret,
945 3053 1270 3115 congregata
1300 3056 1384 3103 est
1411 3065 1547 3121 aqua
1576 3051 1630 3106 in
1663 3069 1823 3108 unam

227 3129 704 3201 congregationem
733 3174 748 3196 ,
782 3142 841 3188 ttt
887 3133 1165 3192 videretur
1210 3149 1351 3195 terra
1383 3158 1503 3211 qua:
1549 3153 1674 3199 ante
1716 3161 1821 3200 non

1947 528 2344 600 haheatjustus
2373 535 2643 605 agnoscis.
2669 534 2901 590 Fructus
2927 544 3107 591 autem
3139 537 3382 608 spiritus,
3417 537 3548 592 cha-

1944 622 2099 687 ritas,
2133 625 2410 694 gaudium,
2448 642 2584 697 pax,
2617 628 2903 697 patientia,
2941 628 3174 684 bonitas.
3207 629 3389 685 Bot‘ttts
3415 643 3546 701 ergo

1942 722 2176 791 agricola
2210 722 2374 779 habet
2398 725 2827 794 continentiam,
2876 726 3180 782 castitatem
3207 769 3220 791 ,
3246 736 3303 782 ut
3348 727 3391 782 si
3422 740 3544 797 qua)

1942 817 2165 872 arbores
2195 818 2304 872 cito
2335 829 2633 874 curvantur
2666 819 2718 874 in
2750 830 2971 885 terram,
3007 831 3060 876 et
3091 821 3315 876 effusius
3339 820 3544 892 germi-

1942 922 2069 967 nant
2091 955 2104 977 ,
2137 927 2229 968 eas
2251 912 2399 968 velut
2437 914 2672 984 quadam
2701 916 3075 987 temperantia:
3107 931 3218 972 sure
3249 916 3388 972 falce
3419 930 3544 973 suc-

1939 1007 2116 1079 cidat,
2153 1018 2209 1063 ut
2249 1009 2506 1079 abjiciattl.
2553 1009 2696 1081 quod
2746 1011 3018 1066 infirmum
3072 1020 3189 1078 est,
3232 1012 3542 1084 germinent

1940 1101 2084 1171 quod
2112 1101 2390 1158 decnrum.

2013 1194 2137 1249 109.
2166 1194 2302 1263 Quid
2333 1195 2578 1266 estquod
2603 1195 2782 1266 justus
2805 1196 3036 1265 primum
3069 1195 3278 1251 vineam
3311 1195 3536 1266 plantat,

1940 1295 1995 1342 et
2024 1302 2130 1341 non
2161 1297 2252 1340 aut
2280 1287 2514 1342 triticum
2539 1298 2632 1342 aut
2657 1288 2960 1342 hordeum?
2989 1286 3143 1343 Unde
3171 1298 3351 1342 autem
3383 1289 3538 1342 vinea

1939 1387 2061 1450 p0st
2088 1379 2352 1434 diluvium
2382 1380 2898 1451 corruptionemque
2933 1381 3138 1434 terrae?
3185 1379 3290 1434 Sed
3322 1378 3390 1433 de
3432 1377 3540 1432 hoc

1937 1489 2102 1544 supra
2145 1474 2380 1528 diximus
2409 1473 2562 1546 (Cap.
2611 1476 2677 1531 19
2709 1484 2752 1529 ει
2783 1474 2915 1547 Ξυ);
2962 1472 3085 1545 quia
3117 1474 3262 1528 veris
3291 1481 3542 1542 tempore

1938 1569 2100 1626 etiam
2150 1579 2523 1640 corruptarum
2573 1570 2783 1626 radices
2834 1570 3020 1625 vitium
3066 1568 3330 1640 pullulare
3375 1567 3539 1639 272

1939 1672 2249 1734 potuerunt.
2284 1662 2440 1719 Unde
2479 1673 2534 1718 et
2583 1662 2712 1718 illud
2766 1662 2972 1733 majore
3019 1659 3392 1716 sollicitudine
3428 1661 3542 1714 sol-

1939 1755 2171 1810 vendum
2197 1754 2452 1823 arbitror,
2486 1756 2608 1826 quia
2636 1757 2815 1825 justus
2849 1755 2996 1826 prius
3021 1769 3140 1826 qua}
3171 1751 3537 1822 voluptuatia,

1868 1843 1914 1903 B
1941 1865 2100 1921 quant
2133 1865 2252 1921 qute
2281 1852 2590 1904 necessaria
2624 1861 2745 1904 sunt
2771 1850 3018 1920 requirit.
3063 1847 3363 1904 Necessarii
3389 1845 3534 1902 enim

1939 1940 2145 1997 fructus
2173 1950 2300 1996 sunt
2331 1941 2489 1996 tritici
2530 1950 2584 1996 et
2614 1943 2838 2007 hordei,
2883 1944 2999 1996 sine
3029 1942 3223 2012 quibus
3255 1955 3361 1994 non
3406 1953 3534 2010 pos-

1934 2049 2120 2091 sumus
2151 2035 2332 2091 vivere
2361 2052 2373 2088 :
2406 2036 2589 2090 vinum
2618 2044 2797 2090 autem
2821 2035 3216 2105 anuptuarium
3242 2075 3256 2100 ,
3280 2042 3334 2088 et
3364 2045 3530 2087 causa

1934 2127 2315 2184 delectationis
2343 2126 2553 2183 datum.
2586 2127 2740 2196 Quod
2773 2129 2895 2199 quia
2923 2127 3100 2197 justus
3130 2132 3248 2194 est,
3280 2125 3400 2179 ideo
3429 2123 3534 2180 sibi

1933 2223 2106 2295 magis
2136 2221 2240 2278 hoc
2268 2222 2411 2293 quod
2435 2223 2734 2278 secundum
2767 2231 2904 2288 erat,
2934 2236 3094 2293 quam
3125 2220 3268 2290 quod
3299 2221 3532 2290 primum

1931 2325 2048 2382 est,
2091 2315 2404 2370 vindicavit.
2465 2315 2780 2370 Necessaria
2831 2316 2972 2369 enim
3022 2314 3277 2368 alimenta
3318 2310 3531 2366 vivendi

1935 2411 2045 2465 Deo
2072 2408 2285 2476 detulit,
2321 2418 2343 2447 ο
2377 2408 2520 2479 quod
2569 2418 2704 2465 erat.
2740 2408 3085 2479 Superﬂuum
3133 2417 3312 2463 autem
3345 2406 3530 2461 vinum

1932 2503 2262 2570 hominibus,
2295 2509 2350 2558 et
2383 2518 2490 2557 non
2523 2502 2918 2557 necessarium.

2005 2598 2128 2653 ΗΟ.
2170 2597 2274 2652 Sed
2305 2597 2443 2652 forte
2483 2597 2634 2652 dicas
2667 2597 2740 2652 ita
2784 2599 2904 2652 sine
2946 2604 3072 2666 potu
3105 2608 3213 2649 non
3246 2606 3406 2663 posse
3433 2589 3532 2646 ho-

1930 2696 2104 2751 mines
2144 2695 2361 2762 vivere,
2396 2694 2849 2768 quemadmodum
2882 2697 3042 2750 etiam
3075 2693 3191 2748 sine
3223 2691 3366 2747 cibo.
3419 2687 3524 2743 Ne—

1933 2793 2204 2846 ccssarius
2246 2801 2331 2846 est
2361 2807 2492 2862 ergo
2537 2801 2727 2862 potus,
2766 2791 2910 2845 sicut
2937 2789 3088 2844 cibus
3133 2805 3144 2841 :
3179 2802 3285 2841 non
3330 2784 3533 2838 abnuo.

1929 2883 2029 2941 Siti
2064 2884 2246 2953 utique
2287 2884 2628 2938 necessarius
2667 2899 2696 2938 a
2744 2882 2974 2936 Domino
3012 2881 3378 2936 constitutus:
3415 2891 3522 2932 non

1930 2990 2194 3045 repugno.
2246 2977 2312 3029 Et
2359 2975 2483 3030 ideo
2532 2975 2600 3029 ad
2644 2983 2826 3045 potum
2871 2973 3235 3029 necessarium
3268 2971 3446 3025 fontes
3474 2978 3529 3023 et

1930 3065 2151 3121 ﬂumina
2195 3067 2450 3122 convenit
2496 3066 2783 3132 derivare,
2827 3082 2948 3137 qua:
2988 3081 3098 3120 non
3147 3066 3329 3134 utiquc
3359 3077 3524 3117 manu

1933 3160 2166 3216 hominis
2199 3161 2412 3226 effecta,
2448 3161 2544 3216 sed
2577 3161 2790 3215 Domini
2815 3162 2910 3216 Dei
2940 3163 3110 3215 nostri
3134 3161 3286 3230 jussu
3315 3167 3371 3213 et
3394 3171 3525 3238 opt;-

226 3232 442 3293 poterat
474 3239 568 3294 per
596 3239 857 3296 aquarum
885 3227 1260 3286 confusionem
1287 3232 1480 3289 videri.
1516 3236 1656 3307 Ergo
1684 3237 1821 3294 sicut

1932 3256 2145 3308 ratione
2171 3254 2468 3309 fluxerunt.
2503 3250 2572 3309 At
2612 3271 2679 3310 ne
2710 3256 2837 3325 quia
2874 3254 3110 3310 diximus
3153 3252 3522 3324 Operatinnem

223 3317 320 3374 ille
361 3318 689 3390 primigenes
722 3322 979 3392 magister
1031 3331 1228 3379 terram
1272 3327 1483 3383 videtur
1525 3340 1781 3401 operatus
1806 3375 1820 3399 ,

223 3411 298 3466 ita
321 3412 482 3467 etiam
536 3428 790 3484 egressus
830 3431 895 3470 ex
935 3430 1057 3472 arca
1087 3416 1199 3472 Noe
1227 3420 1600 3477 seminationis
1627 3434 1679 3479 et
1710 3426 1824 3480 cul-

225 3512 360 3560 turae
388 3515 580 3561 auctor
600 3515 680 3562 est
708 3505 904 3564 factus.
940 3509 1064 3564 llaec
1093 3519 1352 3580 putantur
1380 3513 1574 3570 similia
1613 3533 1626 3570 :
1653 3517 1748 3572 sed
1776 3519 1820 3572 si

223 3600 390 3656 verba
435 3591 752 3659 consideres
798 3618 921 3675 quae
958 3603 1069 3674 jam
1108 3605 1214 3660 vim
1259 3622 1454 3664 sensus
1483 3610 1693 3667 altioris
1727 3628 1823 3668 ex-

224 3693 499 3763 primunt,
532 3694 678 3750 aliud
738 3703 823 3752 est
877 3708 1221 3768 operatorem
1274 3711 1430 3756 terra:
1462 3717 1623 3772 esse,
1672 3705 1818 3762 aliud

222 3787 537 3859 agricolam.
581 3792 736 3847 Alius
776 3794 920 3849 enim
966 3803 1238 3868 tamquam
1273 3803 1627 3867 mercenarii,
1677 3803 1818 3860 alius

225 3889 499 3951 tamquam
534 3886 938 3953 patrisfamilias
965 3888 1083 3944 loco
1111 3890 1373 3961 fungitur.
1405 3893 1646 3965 Denique
1683 3894 1817 3952 Cain

145 4017 152 4034 ,
221 3974 315 4044 qui
345 3973 570 4030 fratrem
599 3977 828 4043 occidit,
860 3989 974 4034 erat
996 3984 1278 4052 operarius
1307 3992 1488 4041 terrm.
1516 3987 1582 4041 Et
1605 3997 1660 4042 ut
1679 3990 1817 4045 scias

221 4067 345 4139 quia
377 4071 594 4138 Operari
622 4079 821 4125 terram
852 4075 1021 4144 magis
1044 4077 1243 4131 servile
1273 4093 1434 4148 quam
1465 4080 1692 4136 liberum
1725 4086 1815 4146 sit.

131 4159 144 4229 ζ
219 4159 516 4215 maledicto
549 4162 884 4230 parricidalis
905 4166 1020 4236 ejus
1043 4169 1288 4236 Operatio
1315 4171 1816 4238 comprehenditur.

217 4257 465 4328 Denique
501 4260 764 4329 scriptum
797 4271 880 4317 est
915 4280 926 4316 ;
963 4263 1227 4329 Quoniam
1263 4268 1556 4337 operaberis
1585 4279 1812 4337 terram,

217 4360 267 4406 et
296 4367 398 4405 non
436 4352 640 4424 augebit
689 4355 927 4409 virtutem
977 4373 1127 4411 suam
1171 4359 1296 4413 dare
1340 4361 1429 4415 tibi
1462 4377 1480 4415 :
1519 4378 1723 4434 gemens
1772 4374 1818 4418 et

218 4454 440 4501 tremens
470 4447 570 4502 eris
599 4464 753 4519 super
784 4459 970 4504 terram
1003 4451 1154 4522 (Gen.
1187 4470 1256 4520 tv,
1296 4455 1406 4525 12).

290 4537 415 4592 108.
459 4535 624 4592 Terra
656 4550 836 4595 autem
868 4557 999 4597 caro
1022 4553 1206 4600 nostra
1233 4555 1318 4602 est
1347 4563 1505 4618 quam
1536 4549 1816 4621 improbus

1930 3347 2178 3414 Domini,
2225 3349 2291 3403 ad
2336 3347 2466 3402 illud
2499 3357 2817 3421 retorqueas
2843 3351 2982 3419 quod
3011 3351 3255 3418 Operatio
3281 3346 3414 3402 Cain
3449 3345 3527 3399 vi-

1927 3439 2084 3495 detur
2115 3441 2533 3496 tnaledit-tiones
2563 3442 2850 3508 habuisse;
2882 3443 3164 3498 Considera
3199 3456 3302 3495 non
3333 3453 3527 3510 opera-

1929 3532 2130 3587 tionem
2165 3533 2439 3588 maledicti
2463 3550 2660 3590 nomen
2682 3536 2949 3606 accipcre,
2974 3535 3069 3590 sed
3092 3534 3234 3606 quod
3260 3534 3521 3604 scriptum

1924 3633 2007 3679 est
2029 3664 2042 3690 ,
2067 3626 2280 3695 Operari
2313 3635 2532 3681 terram.
2567 3627 2670 3695 Qui
2695 3627 2838 3682 enim
2871 3638 3128 3697 operatur
3152 3637 3350 3682 terram
3377 3641 3522 3680 mer-

1923 3718 2177 3774 cenarius
2210 3727 2311 3773 est.
2361 3719 2453 3775 Ille
2492 3728 2673 3776 autem
2705 3737 2812 3776 non
2840 3721 3210 3776 mercenarius
3237 3761 3251 3784 ,
3285 3717 3378 3774 sed
3411 3717 3520 3772 Do-

1923 3813 2122 3878 minus,
2158 3812 2246 3882 qui
2279 3814 2355 3868 ait
2387 3830 2400 3867 :
2436 3811 2595 3866 Pater
2624 3830 2766 3868 meus
2795 3830 2954 3885 usque
2983 3811 3133 3867 modo
3167 3820 3444 3882 aperatur,
3473 3819 3521 3863 et

1921 3922 2012 3976 ego
2041 3921 2229 3973 aperor
2261 3890 2460 3976 (Joan.
2487 3923 2519 3960 v
2543 3948 2559 3972 ,
2598 3908 2706 3979 17).
2741 3908 2880 3976 Quid
2923 3917 3179 3978 cperatttr
3209 3901 3520 3974 hujusntodi

1920 4001 2216 4069 operator?
2264 3999 2403 4054 Audi
2431 4017 2444 4055 :
2473 3999 2624 4055 Meus
2654 4001 2800 4054 cibus
2821 4011 2896 4056 est
2918 4044 2932 4069 ,
2966 4009 3022 4053 ut
3047 4000 3236 4070 faciam
3274 3998 3518 4050 volunta-

1921 4103 2020 4145 tem
2047 4090 2221 4146 Patris
2250 4095 2348 4148 mei
2377 4094 2463 4163 qui
2489 4094 2541 4146 in
2573 4095 2712 4148 rte/is
2739 4105 2810 4148 est
2837 4093 3016 4166 (Jonn.
3045 4106 3124 4156 tv,
3157 4091 3273 4161 54).

1992 4184 2116 4237 iii.
2170 4183 2237 4237 Et
2281 4184 2437 4252 bibit,
2471 4185 2674 4255 inquit,
2722 4185 2786 4240 de
2827 4187 2983 4253 vino,
3028 4193 3075 4239 et
3119 4181 3402 4238 inebriatus
3443 4189 3520 4235 est

1921 4273 2077 4346 (Gen.
2111 4291 2186 4344 ιχ,
2228 4276 2346 4343 21).
2377 4276 2494 4332 Non
2526 4277 2689 4344 dixit,
2719 4279 2903 4334 vinum
2933 4277 3104 4344 bibit;
3139 4292 3317 4348 neque
3338 4273 3519 4346 justus

1919 4368 2106 4423 viuum
2134 4369 2304 4424 ebibit
2328 4387 2342 4435 ;
2366 4370 2462 4426 sed
2488 4370 2552 4424 de
2582 4372 2718 4436 vino,
2756 4373 2857 4426 hoc
2884 4381 2988 4439 est,
3021 4369 3090 4425 dc
3121 4371 3237 4440 ejus
3266 4369 3519 4440 portione

1917 4461 2124 4520 libavit.
2171 4462 2382 4517 Ehriosi
2433 4472 2515 4518 est
2551 4479 2712 4519 omne
2754 4463 3051 4519 absorbere
3090 4463 3272 4518 vinum
3299 4504 3315 4529 ,
3347 4469 3401 4517 et
3430 4462 3516 4517 in-

1924 4557 2284 4624 temperantis
2314 4571 2579 4612 evacuare
2606 4558 2748 4626 quod
2785 4558 3084 4628 sumpserit
3117 4573 3129 4610 :
3163 4552 3188 4592 ἀ
3222 4556 3520 4612 continenti

218 4638 495 4700 operatur,
521 4630 694 4687 bonus
717 4643 895 4690 autem
918 4637 1134 4692 excolit.
1161 4636 1188 4675 ι)
1206 4638 1304 4695 llle
1329 4641 1482 4710 quasi
1505 4643 1810 4699 mercedem
1844 4651 1892 4712 D
1919 4658 2098 4703 autem
2129 4650 2387 4706 utendum
2415 4667 2668 4707 mensura
2696 4653 2932 4723 legitima
2966 4662 3067 4707 est.
3103 4652 3398 4708 Ehrietatis
3421 4650 3522 4704 ita-

216 4735 424 4796 quarrat
459 4741 489 4781 e
547 4735 730 4795 terra;
798 4728 902 4785 iste
942 4730 1094 4802 quasi
1121 4731 1276 4787 bonae
1319 4731 1525 4791 fructus
1553 4738 1731 4808 capiat
1757 4748 1813 4794 et

216 4820 444 4891 gratiam
463 4821 796 4893 discipliutn;
823 4827 1063 4896 utmagis
1086 4826 1417 4882 fructiferum
1441 4827 1602 4884 faciat
1623 4847 1808 4902 agrum

213 4928 392 4979 suum,
429 4924 482 4970 et
511 4917 602 4986 qui
637 4918 846 4973 Domini
876 4920 1045 4989 possit
1072 4921 1410 4992 respondere
1453 4927 1681 4982 culturis
1706 4969 1721 4994 ,
1756 4938 1810 4984 et

215 5005 604 5077 indulgentiam
631 5010 856 5066 cultoris
882 5011 1150 5067 ostendat.
1181 5011 1444 5082 Operator
1468 5028 1648 5072 autem
1681 5018 1809 5090 quid

213 5101 362 5158 aliud
393 5103 494 5157 nisi
525 5119 706 5160 escam
752 5109 1131 5164 tantummodo
1171 5111 1414 5180 corporis
1455 5112 1536 5165 sui
1580 5113 1807 5182 quaerit,

213 5194 423 5250 ventris
448 5197 618 5265 magis
645 5198 765 5252 usui
790 5200 1034 5268 studens,
1066 5211 1230 5273 atque
1259 5202 1310 5256 id
1337 5201 1511 5257 solum
1535 5205 1808 5272 explicare

212 5293 526 5351 contentus,
557 5288 700 5357 quod
729 5289 830 5345 sibi
865 5292 1128 5362 prodesse
1158 5294 1330 5364 possit
1361 5293 1428 5349 ad
1454 5293 1807 5354 vietum?llle

281 5482 308 5511 ι
342 5472 418 5553 Ita
447 5488 579 5553 mss.
604 5483 791 5553 et_v_et.
818 5476 953 5532 edit.
999 5477 1156 5533 Rom.
1189 5496 1350 5547 vero,
1385 5480 1503 5537 Noe
1525 5492 1638 5553 post
1662 5483 1803 5540 dilu-

206 5546 535 5622 vium_via:it,
569 5555 618 5601 et
647 5547 958 5603 Adam......
989 5552 1224 5618 corporis
1247 5546 1498 5622 formatus
1525 5546 1618 5610 est.

276 5615 304 5656 δ
338 5616 484 5696 Ειιίι.
508 5634 724 5696 omnes
747 5664 760 5685 ,
796 5629 852 5675 et
887 5636 1020 5696 mss.
1069 5615 1302 5692 aliquot,
1344 5627 1524 5696 quaerit
1573 5643 1600 5680 e
1629 5637 1797 5695 terra,

206 5688 301 5744 iste
325 5690 474 5766 quasi
500 5691 846 5766 boniufructus
873 5693 1010 5766 capit
1039 5688 1262 5764 gratiam
1289 5688 1601 5766 disciplina.
1629 5688 1796 5758 Corb:

206 5774 356 5832 vero,
376 5759 584 5832 7L0ug.,
607 5759 761 5820 εδει).
793 5774 846 5818 et
875 5759 1130 5831 Maz.,'ut
1158 5782 1256 5822 nos
1287 5767 1339 5822 in
1370 5759 1537 5825 testu.

206 5855 254 5906 ι
281 5842 304 5870 ο
336 5831 617 5892 Manifesta
643 5844 728 5892 est
756 5834 862 5895 hoc
888 5837 1011 5892 loco
1037 5837 1251 5905 lacuna,
1280 5839 1377 5896 sed
1410 5842 1496 5896 cui
1527 5857 1627 5900 nec
1652 5858 1788 5902 mss.

1920 4757 2024 4813 quc
2052 4744 2261 4814 species
2290 4746 2505 4816 gemina
2551 4755 2656 4812 est,
2690 4762 2794 4801 una
2840 4763 2957 4816 qua:
2991 4746 3371 4801 titubationem
3401 4759 3525 4802 Cor-

1917 4839 2038 4908 pori
2069 4838 2258 4893 aﬂ'erat
2286 4881 2300 4905 ,
2355 4849 2522 4909 atque
2571 4840 2693 4910 ejus
2735 4841 3046 4911 supplantet
3097 4839 3359 4910 vestigia,
3393 4853 3521 4892 sen-

1917 4945 2149 4999 sumque
2179 4931 2464 5002 perturbet
2496 4949 2509 4986 :
2545 4932 2715 4989 altera
2746 4948 2867 5003 qua:
2904 4942 3140 4988 mentem
3182 4931 3399 4986 virtutis
3427 4944 3520 4984 va-

1918 5034 2074 5094 poret
2101 5026 2307 5095 gratia,
2341 5034 2397 5082 et
2431 5039 2648 5082 omnem
2683 5026 3052 5082 inlirmitatem
3090 5024 3335 5080 videatur
3366 5037 3520 5076 aver-

1920 5127 2055 5176 tere.
2089 5119 2244 5176 Unde
2265 5120 2562 5192 Apostolus
2591 5123 2666 5176 ait
2693 5139 2705 5176 :
2747 5120 2879 5176 Vino
2909 5121 3110 5175 modico
3140 5128 3283 5173 utere
3305 5125 3518 5188 propter

1916 5217 2208 5285 frequentes
2232 5227 2348 5280 tuas
2370 5216 2698 5287 inﬁrmitates
2723 5215 2778 5288 (Ι
2803 5214 2937 5271 Tim.
2968 5229 3024 5280 v,
3049 5211 3165 5284 23).
3191 5211 3343 5268 Sicut
3368 5207 3513 5265 enim

1917 5305 2026 5363 isto
2052 5307 2275 5365 bibendi
2302 5309 2681 5366 moderamine
2712 5310 2897 5365 vinum
2928 5321 3037 5363 non
3060 5304 3364 5362 infirmitati
3390 5311 3474 5360 est
3496 5341 3514 5373 ,

1915 5508 2015 5569 nec
2043 5495 2174 5550 edit.
2201 5497 2405 5554 mederi
2455 5506 2675 5569 queant.
2714 5497 2970 5569 Putamus
3015 5505 3194 5569 tamen
3241 5509 3362 5549 eam
3405 5509 3512 5550 non

1912 5567 2054 5640 male
2099 5570 2340 5640 suppleri
2382 5567 2540 5640 posse
2587 5570 2766 5623 addita
2810 5567 3301 5640 voculaiprimum,
3351 5581 3513 5638 quam

1910 5635 2271 5695 nihilominus
2305 5635 2562 5695 inducere
2592 5642 2643 5693 in
2679 5651 2881 5695 textum
2915 5635 3166 5694 ausi'non
3194 5635 3402 5693 sumus.

1977 5707 2003 5746 ιι
2035 5710 2126 5766 Sic
2153 5712 2480 5778 mss.Corb.,
2505 5711 2655 5766 tzolb.
2685 5723 2739 5765 et
2768 5710 2900 5764 Maz.
2929 5710 3072 5765 Edit.
3097 5719 3275 5766 autem
3298 5725 3510 5782 omnes,

1903 5783 2214 5838 continentia
2237 5794 2404 5840 autem
2435 5783 2608 5837 utendi
2639 5798 2878 5837 mensura
2906 5784 3136 5854 legitima
3163 5793 3260 5840 est.
