4082 6370
574 278 679 359 tit

1888 274 1911 291 ’
1932 292 2177 365 SANCTI
2218 280 2544 362 Auenosu

3806 305 3917 361 412

594 422 695 479 sed
723 421 921 490 saluti,
945 432 1105 494 atque
1127 436 1343 477 omnem
1376 398 1748 479 inﬁrmitatem
1779 420 1979 479 allevat
2000 436 2197 493 corpo-
2224 424 2274 484 Α
2311 419 2455 478 Vidit
2482 419 2645 478 Citam
2674 423 3003 480 nudationem
3030 426 3193 495 patris
3218 440 3237 490 ;
3268 423 3370 482 sed
3402 440 3417 480 :
3455 421 3606 479 Vidit
3630 420 3791 478 Chaer
3820 441 3914 496 po-

592 514 672 570 ris
701 534 714 570 :
748 515 820 570 ita
845 513 1003 570 etiam
1035 515 1273 570 ebrietas
1304 513 1395 570 illa
1426 514 1684 585 praeclara
1712 530 1929 571 omnem
1963 514 2191 570 inﬁrmi-

589 602 759 664 tatem
783 606 961 664 carnis
990 607 1261 673 excludit,
1294 608 1361 662 de
1391 625 1494 680 qua
1535 610 1797 677 scriptum
1829 618 1913 665 est
1943 627 1955 663 :
1993 607 2062 663 Et
2090 626 2188 679 po-

590 702 767 757 culum
804 700 1062 757 inebrians
1094 706 1262 772 anam
1295 704 1603 772 praclarum
1634 714 1706 758 est
1739 702 1859 774 (Ps.
1903 719 2013 759 χχιι
2038 746 2054 769 ,
2085 700 2183 773 5)!

587 809 711 866 qum
732 796 802 849 sit
828 795 925 849 ista
951 794 1227 851 ebrietas?
1258 796 1619 862 lnebriamini,
1644 796 1838 868 inquit,
1866 815 1967 851 non
1998 799 2114 852 vino
2133 800 2187 853 in

581 905 684 959 quo
714 899 787 943 est
811 888 1019 944 luxuria
1042 904 1061 944 :
1083 890 1172 943 sed
1201 890 1486 960 intplemini
1514 889 1719 961 Spiritu
1751 902 1925 945 sancto
1949 892 1967 961 (
1988 890 2182 961 Epltes.

584 998 642 1051 ν,
673 968 803 1055 18),
835 984 974 1041 sicut
1004 984 1299 1056 Apostolus
1328 983 1484 1039 dixit.
1524 984 1592 1039 Et
1619 984 1917 1039 secundum
1951 986 2183 1041 litteram

583 1077 752 1141 initur
798 1079 978 1134 cautio
1021 1090 1138 1144 est,
1184 1086 1242 1133 et
1295 1078 1591 1134 secundum
1623 1079 1871 1134 altiorem
1922 1080 2184 1148 sapientis

587 1170 833 1237 (sensum,
861 1170 1099 1225 laudatio
1127 1178 1230 1225 est.
1259 1168 1463 1226 Cantus
1482 1178 1567 1225 est
1594 1170 1685 1241 qui
1711 1170 1815 1226 etsi
1844 1170 2095 1239 nudatur,
2132 1173 2189 1228 in

587 1259 755 1317 domo
779 1272 957 1318 tamen
992 1261 1229 1317 nudatur
1258 1277 1351 1316 sua
1375 1306 1389 1330 ,
1436 1261 1527 1317 ubi
1567 1263 1903 1333 operimenta
1942 1279 2048 1319 non
2088 1262 2188 1320 de-

585 1353 732 1421 sint,
765 1365 821 1409 et
864 1353 1113 1424 qumdam
1162 1353 1399 1425 tegmina
1450 1354 1765 1421 ebrietatis;
1810 1364 1867 1411 ut
1916 1355 2045 1412 vitia
2092 1370 2191 1412 sua

585 1448 739 1503 norit
767 1447 1126 1503 abscondere.

666 1539 791 1594 “2.
832 1540 1148 1612 Corporalia
1187 1541 1354 1613 igitur
1398 1541 1599 1597 nudum
1636 1557 1834 1615 corpus
1865 1552 2052 1615 tegunt
2082 1585 2097 1612 ,
2134 1551 2195 1598 ut

591 1618 907 1704 parieteset
929 1643 1070 1690 tecta
1097 1652 1110 1689 :
1145 1636 1339 1691 animae
1367 1645 1546 1691 autem
1577 1653 1697 1709 qua:
1717 1638 1825 1692 sint
1855 1639 2195 1708 operimenta

594 1723 898 1782 videamus.
934 1726 1045 1784 Sed
1093 1735 1218 1784 tunc
1249 1730 1583 1800 operimenta
1608 1729 1922 1802 frcperimus
1942 1777 1956 1800 ,
1987 1733 2030 1788 si
2060 1749 2198 1788 enu-

2297 524 2374 569 ter
2420 512 2670 571 Chanaan
2703 516 2856 589 (Gen.
2891 533 2967 584 ιι,
2998 518 3135 589 22)?
3196 517 3405 587 Utique
3436 516 3697 572 Chanaan
3749 526 3912 574 natus

2294 624 2402 665 non
2434 619 2591 665 erat:
2643 625 2741 667 cur
2786 626 2918 682 ergo
2945 628 3142 668 nomen
3186 611 3406 667 addidit
3448 610 3582 676 ﬁlii;
3632 610 3733 666 nisi
3768 620 3911 667 utet

2294 702 2427 758 vitio
2456 706 2695 760 auctoris
2723 704 3119 762 deformaretur
3152 704 3477 769 ha‘redilas,
3508 714 3567 759 et
3593 716 3782 760 auctor
3808 704 3906 761 ﬁlii

2292 798 2536 869 nequitia
2564 800 2926 868 gravaretur?
2982 799 3048 855 Et
3074 812 3229 871 pater
3262 800 3429 872 igitur
3463 799 3518 853 in
3565 798 3678 854 ﬁlio
3704 840 3720 863 ,
3766 808 3824 855 et
3850 799 3905 856 in

2294 900 2448 961 patre
2476 890 2623 947 ﬁlius
2652 893 3069 964 retlarguuntur,
3102 892 3375 949 habentes
3407 893 3682 957 stultitim,
3713 894 3904 969 nequi-

2293 983 2380 1037 tiae
2405 1024 2419 1045 .
2455 983 2751 1052 impietatis
2788 1001 3005 1056 quoque
3050 1000 3346 1041 commune
3377 987 3746 1041 consortium.
3795 986 3905 1042 Nec

2293 1086 2503 1147 poterat
2533 1078 2650 1133 ﬁeri
2680 1087 2738 1133 ut
2772 1079 2973 1136 bonum
3021 1088 3314 1151 generaret
3369 1080 3546 1135 ﬁlium
3573 1120 3590 1147 ,
3641 1080 3736 1151 qui
3784 1082 3900 1151 ipse

2291 1170 2438 1226 bono
2464 1172 2604 1242 patri
2637 1188 2890 1242 nequam,
2914 1183 2970 1230 et
2999 1174 3137 1230 ﬁlius
3164 1183 3221 1230 et
3253 1184 3471 1230 naturae
3496 1183 3555 1231 et
3580 1173 3899 1231 eruditionis

2291 1263 2531 1335 degener
2558 1266 2880 1322 exstitisset.
2929 1265 3055 1323 llaec
3083 1267 3393 1323 secundum
3426 1267 3687 1323 litteram.

2367 1359 2495 1415 115.
2536 1359 2691 1427 Quod
2732 1371 2918 1417 autem
2964 1361 3032 1418 ad
3068 1362 3327 1418 altiorem
3366 1377 3599 1419 sensum
3646 1362 3897 1433 pertinet,

2297 1466 2488 1509 omnes
2517 1468 2700 1510 mores
2729 1455 2950 1525 pessimi
2978 1457 3264 1512 erroribus
3295 1455 3650 1513 delectantur
3678 1458 3895 1513 alienis:

2298 1561 2400 1601 nec
2426 1548 2603 1603 solum
2633 1548 2939 1617 erroribus,
2973 1548 3071 1605 sed
3101 1551 3269 1605 etiam
3302 1550 3373 1606 iis
3404 1566 3535 1621 qua:
3566 1551 3697 1621 ipsis
3720 1550 3898 1604 viden-

2305 1649 2394 1697 tur
2417 1642 2555 1698 mala
2582 1658 2740 1710 esse,
2783 1644 2997 1699 etiamsi
3023 1659 3131 1699 non
3162 1644 3294 1700 sint.
3368 1644 3593 1701 Nudum
3623 1645 3766 1700 enim
3794 1643 3897 1699 Noe

2302 1750 2362 1791 se
2392 1752 2501 1792 non
2534 1739 2806 1796 sentiebat
2833 1740 2925 1809 qui
2952 1740 3150 1795 amictu
3178 1745 3303 1794 erat
3344 1739 3579 1795 indutus
3603 1740 3893 1808 sapientiai.

596 1815 875 1875 dationem
898 1819 1017 1889 ejus
1045 1820 1479 1879 discusserimus.
1507 1824 1735 1881 Gemina
1760 1838 1940 1883 autem
1972 1826 2195 1883 nudatio
2227 1838 2275 1898 B
2302 1832 2545 1905 Denique
2589 1850 2692 1891 nec
2720 1834 2890 1891 Adam
2945 1835 2997 1890 in
3048 1834 3310 1905 paradiso
3350 1836 3569 1906 positus
3605 1833 3804 1889 nudum
3842 1848 3895 1889 se

596 1912 885 1983 sapientis.
913 1912 1142 1969 Gemino
1186 1913 1354 1985 igitur
1398 1918 1597 1973 amictu
1631 1933 1787 1974 mens
1816 1929 1999 1975 nostra
2032 1922 2197 1976 vesti-

598 2014 709 2081 tur,
742 2008 785 2063 si
809 2016 900 2063 aut
946 2019 1223 2081 peccatum
1254 2009 1571 2081 imprudens
1612 2012 1927 2079 admiserit;
1960 2017 2076 2071 haec
2113 2025 2200 2072 est

595 2092 743 2156 enim
772 2101 1028 2157 enudatio
1051 2104 1200 2160 velut
1229 2104 1392 2178 273
1416 2105 1583 2162 ebria:
1618 2107 1835 2171 mentis,
1886 2115 1944 2162 ut
1992 2109 2201 2164 nesciat

597 2192 744 2264 quod
776 2190 1077 2267 delinquat,
1108 2212 1259 2266 quau
1291 2214 1413 2267 qua:
1446 2197 1761 2254 temulentia
1784 2200 2012 2271 quadam
2046 2202 2203 2272 igno-

601 2292 795 2347 rantiae
822 2293 878 2349 in
906 2295 1096 2349 vitium
1127 2294 1362 2352 deduma
1393 2295 1608 2352 labatur
1638 2315 1653 2351 :
1684 2306 1778 2352 aut
1804 2313 1990 2354 rursus
2031 2301 2202 2372 negli—

599 2390 798 2458 gentia:
824 2398 878 2444 et
909 2391 1227 2456 ignorantiae
1278 2408 1473 2447 somno
1519 2394 1729 2464 sepulta
1768 2409 2010 2450 errorem
2044 2411 2204 2451 suum

606 2490 633 2517 ει
672 2496 779 2536 non
810 2481 1036 2537 nesciat.
1068 2482 1200 2551 Quae
1228 2497 1349 2538 cum
1382 2484 1753 2551 inciderimus,
1790 2485 1899 2541 imo
1919 2502 2040 2542 cum
2081 2503 2207 2556 pec-

602 2583 725 2629 cata
758 2574 909 2645 plura
935 2575 1285 2632 inciderimus
1311 2566 1474 2633 etiam
1497 2593 1594 2648 per
1618 2578 1900 2633 scientiam
1928 2579 2033 2650 (est
2057 2580 2205 2636 enim

605 2668 870 2723 naturalis
896 2668 1142 2739 qua'dam
1174 2671 1337 2725 etiam
1371 2680 1573 2727 nostra:
1592 2662 1921 2727 inﬁrmitatis
1944 2673 2203 2739 ebrietas,

605 2771 665 2817 ut
688 2762 892 2832 impetu
922 2758 1299 2820 delectationis
1330 2763 1575 2821 feramur
1597 2766 1648 2821 in
1679 2766 1890 2834 vitium,
1922 2768 2061 2823 sicut
2091 2768 2206 2838 ple-

604 2848 1002 2924 riquejuvenili
1031 2856 1244 2912 accensi
1272 2856 1476 2923 calore,
1519 2868 1613 2913 aut
1645 2858 1853 2915 luxnria
1884 2868 1939 2915 et
1968 2858 2209 2916 delecta-

606 2945 756 3003 tione
783 2940 1070 3012 llammati,
1106 2956 1199 3003 aut
1227 2948 1464 3004 avaritiae
1491 2951 1632 3021 rapti
1677 2949 2025 3023 cupiditate),
2058 2960 2209 3007 certe

603 3038 860 3096 omnibus
894 3040 975 3095 his
1005 3039 1272 3097 medicina
1301 3054 1599 3113 quaeratur,
1625 3052 1684 3098 ut
1707 3043 1904 3115 aliquis
1933 3053 2077 3114 tegat
2108 3044 2210 3099 liu-

594 3133 842 3206 jdsmodi
872 3132 1239 3191 inﬁrmitatem
1267 3124 1442 3206 suam,
1472 3139 1707 3209 primum
1739 3138 1944 3210 pudore
1967 3139 2206 3210 quodam

2306 1927 2550 1997 putabat,
2585 1929 2686 1983 nisi
2712 1938 2897 1997 postea
2923 1942 3082 1998 quam
3117 1926 3608 1999 praevaricationis
3635 1926 3896 1982 commisit

2301 2036 2569 2076 errorem.
2607 2020 2637 2060 δ
2665 2021 2733 2077 Et
2764 2021 3086 2093 redopertus
3113 2022 3319 2076 amictu
3347 2021 3642 2092 sapientiae
3665 2034 3727 2075 ac
3750 2019 3898 2089 justi-

2304 2114 2414 2180 tire,
2436 2116 2814 2172 mandatorum
2837 2117 3142 2172 caelestium
3169 2116 3637 2187 praevaricatione
3658 2114 3895 2176 nudatus,

2304 2208 2507 2264 nudum
2540 2224 2599 2266 se
2630 2208 2783 2274 vidit,
2814 2219 2869 2264 et
2894 2209 3037 2264 foliis
3067 2208 3441 2277 aperiendum
3478 2209 3706 2281 putavit.
3755 2205 3899 2263 Ridet

2308 2300 2469 2371 igitur
2494 2300 2664 2356 Cham
2695 2302 2953 2357 nudatum
2993 2310 3208 2373 patrem
3248 2302 3473 2358 videns.
3525 2301 3717 2358 Omnis
3765 2315 3901 2354 nam

2306 2410 2412 2464 (Ιιιθ
2442 2396 2606 2469 274
2632 2396 2911 2466 improbus
2938 2396 3201 2468 quoniam
3241 2397 3364 2466 ipse
3390 2396 3589 2452 devius
3614 2394 3899 2464 disciplina:

2307 2497 2392 2543 est
2414 2528 2430 2554 ,
2469 2491 2697 2543 aliorum
2728 2490 2911 2558 lapsus
2942 2505 3050 2544 non
3081 2490 3259 2544 solum
3294 2504 3398 2560 pro
3428 2490 3517 2544 sui
3546 2486 3747 2544 erroris
3774 2486 3901 2541 sola-

2310 2584 2385 2639 tio
2413 2584 2632 2655 accipit,
2662 2584 2806 2655 quod
2834 2594 3120 2641 c0nsortes
3149 2584 3432 2640 invenerit
3464 2583 3643 2654 culpae
3669 2601 3682 2637 :
3731 2594 3899 2635 verum

2316 2678 2482 2733 etiam
2530 2678 2779 2747 improbo
2808 2679 3020 2733 laetatur
3044 2676 3239 2733 aﬁ‘eetn
3266 2720 3281 2742 ,
3326 2686 3613 2748 tamquam
3657 2689 3751 2731 sua
3798 2674 3899 2744 ipse

2310 2768 2504 2824 delicta
2536 2770 2860 2826 correxerit.
2904 2769 3039 2825 Mala
3084 2784 3241 2824 mens
3277 2783 3415 2840 ergo
3445 2770 3668 2823 laetatur
3713 2777 3895 2838 praeter

2311 2860 2647 2929 prOpositum
2679 2860 2882 2932 aliquid
2930 2850 3195 2916 accidisse
3246 2860 3530 2928 sapienti;
3572 2873 3698 2914 cum
3737 2856 3901 2927 utique

2311 2953 2557 3021 corporis
2600 2955 2783 3025 lapsus
2822 2954 2873 3009 in
2922 2954 3056 3007 vitio
3083 2966 3209 3008 esse
3259 2967 3372 3008 non
3422 2952 3666 3017 debeat,
3710 2947 3899 3005 etiamsi

2313 3047 2496 3114 lapsus
2547 3056 2764 3117 putetur
2793 3089 2807 3113 ,
2857 3048 2957 3102 nisi
3010 3045 3227 3101 animus
3255 3061 3480 3117 quoque
3528 3045 3817 3101 inclinetur
3854 3042 3900 3095 in

2312 3137 2548 3207 culpam.
2612 3140 2895 3195 Postremo
2925 3139 3210 3195 veniabilia
3257 3139 3584 3209 judicentur
3616 3132 3901 3209 bujusmodi

603 3237 661 3285 et
687 3228 1047 3296 verecundia;
1081 3228 1317 3286 utetiam
1346 3230 1390 3287 si
1422 3231 1475 3286 in
1507 3231 1719 3287 lubrico
1748 3232 1816 3288 sit
1842 3232 2020 3289 adhuc
2056 3233 2201 3303 posi-
2233 3234 2280 3298 Ο
2310 3238 2523 3297 errata,
2576 3246 2685 3287 non
2715 3232 2841 3288 odio
2874 3231 3288 3303 prosequenda,
3340 3249 3453 3287 non
3490 3231 3741 3288 habenda
3776 3228 3901 3284 ludi-

604 3328 695 3376 tus
739 3319 1129 3392 delinquendi,
1170 3322 1263 3379 det
1291 3333 1469 3380 tamen
1518 3323 1915 3380 emendationis
1963 3325 2199 3396 insigne.

611 3398 831 3467 Etenim
860 3412 1149 3483 plurimum
1172 3415 1397 3472 interest
1428 3426 1606 3472 utrum
1636 3425 1851 3487 peccata
1875 3431 1970 3471 sua
1996 3417 2207 3489 jactare

611 3504 904 3563 desideret.
936 3508 993 3562 ln
1022 3509 1196 3563 altero
1244 3511 1388 3565 enim
1424 3513 1597 3582 turpis
1639 3510 1971 3581 impudentia
1993 3554 2007 3579 ,
2047 3510 2101 3567 in
2127 3512 2210 3568 al-

608 3607 729 3655 tero
758 3599 1056 3656 tolerabilis
1089 3601 1409 3658 verecundia
1438 3619 1591 3676 spem
1625 3602 1820 3661 futurae
1843 3607 2207 3663 correctionis

604 3691 872 3750 ostendit.

676 3785 802 3842 M3.
838 3786 957 3843 Alia
987 3795 1072 3842 est
1101 3794 1280 3844 autem
1318 3784 1616 3845 denudatio
1645 3791 1862 3852 animae.
1899 3790 2022 3863 quia
2054 3782 2205 3846 velut

603 3875 894 3950 quamdam
926 3876 1197 3935 sarcinam
1225 3880 1475 3949 corporis
1505 3879 1696 3952 abjicit
1722 3893 1881 3953 atque
1910 3883 2209 3951 exuit,sic-

604 3980 660 4027 ut
691 3972 1004 4043 sepulcrum
1050 3973 1318 4044 quoddam
1345 3976 1526 4031 carnis
1572 3976 1861 4048 effugiens.
1891 3977 2210 4049 Sepulcrum

610 4063 756 4122 enim
789 4073 981 4135 patens
1011 4076 1095 4121 est
1119 4076 1304 4139 guttur
1336 4069 1649 4138 ltujusmodi
1682 4068 1984 4137 hominum,
2017 4072 2072 4126 in
2103 4085 2212 4141 quo

613 4156 868 4227 sepulcro
900 4156 1049 4215 velut
1077 4158 1437 4215 attumulatur
1465 4161 1643 4216 anima
1677 4161 2132 4219 delectationibus
2157 4169 2215 4219 et

617 4237 975 4317 cupiditatum
1007 4248 1347 4321 passionibus
1376 4260 1601 4307 onerata
1629 4251 1879 4307 diversis.
1930 4254 2092 4309 Exuit
2119 4253 2216 4326 igi-

616 4350 708 4396 tur
736 4355 796 4397 se
824 4358 855 4398 a
886 4344 1239 4414 congestiOne
1267 4355 1503 4413 terrena,
1533 4356 1590 4401 et
1616 4345 1770 4417 quasi
1805 4347 1939 4402 retia
1965 4349 2213 4419 qtuedam

615 4428 941 4490 circumfusa
973 4437 1157 4493 evadit
1183 4449 1343 4509 atque
1372 4439 1562 4510 eﬂ'ugit
1589 4480 1605 4507 ,
1650 4455 2006 4512 quaecumque
2046 4457 2106 4499 se
2145 4444 2215 4498 ab

615 4526 766 4603 omni
797 4523 1082 4583 nudaverit
1111 4529 1423 4598 passionum
1458 4531 1653 4602 laqueo
1677 4572 1693 4598 ,
1725 4542 1781 4587 et
1809 4547 2027 4590 onmem
2065 4536 2214 4590 illam

614 4618 916 4693 deformem
946 4622 1182 4692 speciem
1213 4632 1441 4682 terrente
1471 4626 1610 4683 labis
1638 4628 1920 4697 averterit,
1950 4639 2009 4686 ut
2042 4628 2216 4686 lucem
2241 4626 2297 4691 D

621 4706 804 4770 videat
832 4714 1049 4774 decoris
1075 4717 1287 4775 aeterni.

1190 4853 1417 4915 CAPUT
1464 4858 1636 4915 XXX.

623 4964 798 5031 Quare
825 4958 987 5024 Citam
1018 4978 1125 5026 tum
1155 4964 1321 5029 dictus
1369 4977 1435 5032 sit
1479 4987 1623 5047 pater
1650 4972 1929 5049 Chanaan,
1977 4997 2094 5036 cum
2137 4980 2222 5037 hic

697 5058 930 5118 nandum
960 5060 1090 5121 esset
1131 5070 1376 5139 genitus;
1422 5081 1470 5127 ει
1515 5084 1619 5142 qua
1664 5072 1865 5127 ratione
1902 5073 1955 5128 in
2002 5088 2222 5145 persona

693 5152 855 5212 Citam
909 5156 1105 5228 patrem
1162 5161 1439 5219 deridentis
1498 5162 1892 5236 intelligendam
1955 5164 2216 5238 improbos

696 5252 889 5316 ainnes,
918 5248 963 5305 si
990 5247 1145 5307 bonos
1172 5254 1308 5310 viros
1337 5255 1391 5309 in
1417 5256 1629 5326 culpant
1656 5254 1903 5311 incidisse
1932 5258 2219 5328 contingat,

699 5344 975 5399 exsultare.

2311 3321 2449 3377 brio.
2481 3322 2587 3379 Sed
2616 3341 2792 3391 mens,
2820 3334 2879 3379 ut
2906 3324 3046 3391 dixi,
3078 3324 3349 3394 improba,
3377 3340 3503 3380 cum
3534 3331 3691 3396 putat
3706 3333 3900 3379 errasse

2312 3416 2660 3485 sapientem,
2708 3417 3073 3473 insultandum
3128 3417 3431 3473 arbitratur
3486 3418 3537 3473 ei
3602 3416 3755 3487 cujus
3808 3410 3900 3468 sibi

2314 3520 2460 3580 putat
2492 3526 2673 3567 mores
2701 3527 2824 3569 esse
2854 3513 3156 3568 contrarios
3179 3554 3195 3580 ,
3245 3512 3395 3583 quod
3433 3520 3720 3583 peccatum
3760 3522 3899 3565 suum

2312 3605 2461 3660 velut
2498 3601 2925 3679 tacito'quodam
2969 3606 3235 3678 sapientis
3266 3608 3595 3664 testimonio
3622 3605 3897 3675 redargua-

2313 3709 2439 3766 tur;
2472 3717 2647 3773 eoque
2675 3702 2963 3757 laetandum
2995 3701 3131 3770 sibi,
3158 3701 3304 3771 quod
3329 3702 3485 3772 justo
3512 3702 3634 3756 viro
3661 3713 3763 3754 nec
3789 3711 3897 3755 etu-

2314 3794 2449 3850 ditio
2475 3795 2643 3865 ipsius
2674 3795 2958 3867 profuerit,
2986 3810 3088 3851 nec
3114 3794 3327 3865 justitia
3360 3794 3663 3866 suffragata
3696 3792 3788 3858 sit,
3816 3801 3901 3845 nec

2315 3901 2378 3944 ea
2405 3903 2527 3958 quae
2553 3888 2849 3944 secundum
2877 3903 3075 3959 corpus
3101 3896 3251 3955 sunt,
3299 3887 3601 3944 habuerint
3632 3896 3903 3957 prosperos

2316 3995 2527 4036 cursus.
2576 3982 2701 4037 llaec
2725 3982 2869 4038 enim
2901 3997 3000 4053 pro
3024 3984 3255 4038 summis
3284 3984 3449 4040 bonis
3475 3982 3627 4055 apud
3652 3980 3904 4059 improbos

2326 4076 2663 4133 :estimantur
2686 4076 2739 4132 in
2768 4077 2977 4132 divitiis
2999 4089 3095 4132 aut
3130 4077 3342 4134 honore
3366 4080 3569 4148 posita,
3599 4092 3722 4149 qua:
3750 4086 3903 4130 tamen

2320 4168 2532 4224 nullum
2568 4168 2802 4225 fructum
2836 4170 2904 4225 ad
2944 4169 3159 4226 laudem
3194 4170 3416 4226 virtutis
3441 4169 3755 4225 conferunt.
3793 4165 3904 4221 Pro-

2319 4269 2501 4330 pterea
2529 4259 2853 4331 insipientitc
2882 4261 3197 4317 defensores
3224 4261 3486 4318 videntur
3508 4304 3524 4329 ,
3568 4264 3660 4334 qui
3702 4258 3891 4316 virtutis

2320 4362 2619 4408 amatorem
2650 4369 3039 4427 prosperorum
3071 4370 3303 4411 munere
3330 4354 3812 4421 esse‘fraudatum,
3834 4350 3907 4423 qui

2320 4459 2483 4500 onme
2530 4446 2732 4501 bonum
2783 4447 3181 4517 temporalibus
3232 4450 3410 4521 magis
3447 4465 3617 4521 quam
3659 4446 3908 4521 perpetuis

2323 4537 2701 4594 mstimandum
2749 4548 2954 4611 putant.

2885 4675 3118 4733 CAPUT
3153 4674 3352 4733 XXXI.

2335 4790 2458 4847 Sent
2489 4800 2535 4846 et
2560 4784 2786 4863 Japltetlt
2818 4794 2981 4865 pietas
3016 4787 3450 4864 commendatur;
3481 4804 3531 4853 et
3560 4796 3687 4870 quid
3713 4792 3775 4852 rit
3802 4788 3913 4865 quod

2395 4893 2674 4939 retrorsum
2705 4886 2950 4942 dicuntur
2977 4885 3294 4955 ambulasse,
3323 4889 3635 4958 exponitur.
3661 4888 3792 4943 Tum
3817 4900 3914 4957 quo-

2396 4976 2549 5031 modo
2579 4979 2777 5034 sobrius
2808 4981 2978 5050 factus
3010 4980 3075 5034 sit
3109 4978 3246 5033 Noe.
3296 4977 3540 5049 Denique
3572 4998 3669 5035 cur
3699 4980 3910 5049 Scriptu-

2400 5087 2497 5135 ra,
2543 5087 2658 5124 cum
2706 5074 2848 5141 prius
2873 5071 3037 5128 Chant
3063 5073 3291 5127 medium
3330 5075 3626 5146 posuisset,
3667 5090 3779 5130 eum
3805 5083 3916 5126 nunc

2390 5163 2649 5233 juniorent
2681 5166 3038 5235 appellaverit.

2404 5276 2531 5330 116.
2572 5276 2713 5343 Quid
2760 5288 2845 5333 est
2878 5278 3022 5348 quod
3060 5277 3187 5335 Sem
3232 5286 3280 5333 et
3305 5276 3545 5349 Japhetlt
3591 5278 3916 5350 imposuerunt

2330 5370 2683 5425 vestimentum
2706 5386 2862 5441 super
2890 5370 3131 5425 humeros
3152 5387 3297 5438 suos,
3323 5380 3373 5426 et
3397 5380 3742 5442 perrexerunt
3766 5378 3921 5422 γείτονα

706 5434 829 5514 114.
882 5459 1079 5529 Quaero
1128 5476 1273 5517 nullo
1314 5476 1412 5518 cur
1460 5476 1571 5519 non
1617 5454 1938 5532 simpliciter
1983 5462 2222 5520 dixerit:
2333 5478 2468 5529 sum,
2499 5470 2545 5516 et
2576 5472 2889 5529 operuerunt
2919 5462 3117 5517 nudum
3148 5472 3349 5534 patrem
3371 5502 3388 5531 ,
3437 5474 3488 5519 et
3519 5476 3539 5503 ο
3572 5480 3679 5519 non
3713 5462 3919 5518 viderunt

643 5699 675 5737 η
710 5624 736 5654 ἰ
764 5619 965 5742 prunes
999 5626 1132 5681 edit.
1154 5666 1171 5693 ,
1220 5642 1451 5682 errorem
1494 5638 1646 5682 suum
1690 5625 1905 5678 nesciat.
1963 5624 2091 5681 Mss.
2122 5642 2226 5682 non

677 5701 809 5740 εεεηι
838 5731 851 5742 .
958 5738 966 5742 -

677 5701 851 5743 escutt.

714 5738 1097 5837 {aisnn'l‘orm
1116 5776 1186 5837 get
1212 5746 1358 5825 Vale.
1387 5785 1511 5824 cum
1540 5768 1675 5825 edit.
1702 5765 1975 5837 omnibus,
2007 5745 2075 5821 Et
2105 5782 2225 5822 reus

653 5829 872 5896 amictu;
899 5829 1086 5899 Corb.,
1114 5834 1285 5908 Long.
1310 5849 1366 5897 et
1388 5839 1570 5909 (2011).,
1600 5838 1670 5897 Et
1696 5829 2035 5909 adapertus;
2058 5837 2222 5908 Mam,

2335 5624 2404 5680 Et
2430 5634 2780 5701 recompertus
2805 5628 3016 5681 amictu.
3050 5627 3261 5682 Ca-tera
3291 5640 3429 5683 mss.
3462 5638 3634 5700 atque
3662 5628 3791 5683 edit.
3817 5640 3922 5701 pro-

2333 5696 2627 5768 pemodum
2662 5698 2805 5755 inter
2830 5715 2890 5754 se
2914 5702 3293 5755 consentiunt.

2411 5777 2433 5805 ε
2478 5767 2623 5825 Edit.
2659 5770 2819 5827 Rom.
2843 5810 2859 5841 ,
2910 5782 2958 5827 et
3006 5771 3170 5844 {acies
3194 5786 3374 5828 eorum
3406 5786 3515 5827 non
3542 5767 3807 5840 viderunt,
3831 5779 3919 5828 etc.
