4082 6370
207 325 316 382 H7
1202 327 1269 382 IN
1297 327 1540 387 LIBROS
1595 327 1682 385 DE
1721 326 2059 389 ABRAHAM
2096 330 2490 390 ADMONITIO.
3426 332 3527 392 ΗΒ

776 613 895 696 ΙΝ
950 613 1360 698 LIBROS
1408 615 1569 698 DE
1629 615 2205 699 ABRAHAM
2262 620 2980 714 ADMONITIO.

245 859 247 861 ’
279 867 472 924 Totum
495 871 662 942 operis
685 871 841 942 hujus
868 880 1226 942 argumentum
1257 869 1461 938 tametsi
1487 870 1654 940 prima
1672 870 1787 943 ipsa
1813 871 2044 944 ejusdem
2066 875 2218 928 verba
2243 873 2371 930 satis
2397 885 2574 942 aperte
2594 879 2866 948 complecti
2886 881 3177 952 videantur,
3209 892 3378 940 tamen
3407 899 3528 939 cum

203 975 314 1013 non
346 961 555 1016 omnino
583 963 691 1017 suis
715 972 920 1016 careant
951 961 1370 1037 difficultatibus,
1395 963 1574 1017 lectori
1602 964 1810 1018 minime
1829 964 2089 1038 ingratum
2117 983 2209 1022 nos
2235 968 2552 1023 credidimus
2573 986 2681 1026 esse
2703 973 2955 1042 facturas,
2988 977 3033 1030 si
3062 993 3152 1032 eas
3181 977 3251 1031 ad
3271 981 3526 1051 majorem

203 1054 442 1109 lectionis
471 1055 771 1124 facilitatem
797 1057 880 1110 hic
909 1057 1132 1112 enodare
1160 1073 1220 1112 ac
1249 1057 1477 1112 evolrere
1505 1073 1831 1112 conaremur.

280 1145 365 1201 De
393 1148 542 1202 titulo
566 1149 771 1220 quidem
803 1150 875 1204 ita
914 1150 1038 1222 legis
1073 1149 1214 1222 (Lib.
1254 1167 1293 1218 ι,
1321 1167 1440 1220 cap.
1478 1149 1552 1222 l),
1588 1151 1860 1206 Abraham
1906 1151 2029 1208 libri
2060 1152 2222 1223 hujus
2255 1155 2574 1212 titulus'est.
2605 1158 2802 1226 Quibus
2830 1176 2858 1214 e
2886 1162 3091 1217 vocibus
3128 1165 3332 1235 gemina
3361 1172 3531 1232 potest

202 1246 352 1300 nasci
379 1246 653 1301 dubitatio.
686 1246 923 1304 Primum
951 1248 1087 1302 enim
1114 1265 1208 1302 cur
1236 1248 1555 1315 Ambrosius,
1579 1248 1701 1302 libri
1729 1247 1906 1318 hujus,
1937 1249 2088 1316 dixit,
2123 1265 2227 1305 non
2257 1251 2556 1308 librorum?
2583 1253 2850 1310 Dividitur
2874 1267 3009 1312 certe
3027 1261 3389 1313 commentatio
3410 1259 3526 1314 hate

198 1339 256 1392 in
283 1337 417 1393 duas
439 1338 638 1406 libros;
663 1349 711 1394 et
739 1340 1042 1395 divisionem
1067 1341 1296 1410 aliquam
1324 1342 1669 1396 necessariam
1695 1358 1804 1396 esse
1826 1351 1934 1395 tum
1957 1360 2201 1412 maguum
2229 1343 2361 1398 illud
2385 1347 2650 1417 utriusque
2671 1347 2949 1403 discrimen
2979 1351 3116 1404 clare
3136 1353 3381 1421 loquitur,
3414 1361 3526 1404 tum

198 1443 412 1486 sanctus
443 1433 553 1500 ipse
583 1434 798 1499 Auctor,
828 1435 915 1503 qui
952 1434 1132 1504 primis
1161 1435 1454 1488 earumdem
1479 1434 1724 1487 librarum
1755 1436 2008 1506 capitibus
2041 1435 2443 1492 lucubrationem
2474 1457 2622 1493 suam
2657 1458 2712 1496 se
2765 1443 3100 1512 partiturum,
3138 1455 3290 1512 atque
3310 1446 3437 1498 adeo
3470 1445 3526 1499 id

196 1530 299 1583 sibi
323 1531 436 1600 jant
456 1529 520 1584 ab
544 1530 691 1585 initio
720 1533 874 1601 primi
900 1532 1060 1604 fuisse
1090 1533 1412 1604 propositum
1443 1533 1568 1586 satis
1593 1532 1838 1586 declarat.
1871 1533 2201 1603 Quapropter
2227 1534 2371 1588 nobis
2403 1537 2797 1604 persuaderetur
2825 1538 2966 1590 haud
2985 1537 3159 1590 invitis
3189 1538 3324 1591 illud
3353 1540 3526 1607 aperis

199 1623 336 1677 libro
366 1625 520 1679 unico
545 1625 608 1679 ab
629 1625 900 1680 Ambrosio
932 1627 1380 1698 comprehensum,
1411 1625 1645 1696 partibus
1677 1642 1794 1679 vero
1819 1625 2017 1705 duabus
2045 1641 2063 1680 :
2099 1636 2150 1679 at
2175 1627 2291 1680 illas
2323 1629 2509 1682 secutis
2540 1629 2853 1699 temporibus
2885 1628 3136 1683 librorum
3174 1630 3425 1684 vocabulo
3454 1631 3518 1684 ab

196 1717 266 1772 iis
297 1717 398 1786 qui
425 1735 748 1789 summopere
788 1719 991 1775 easdem
1033 1722 1166 1774 inter
1205 1737 1258 1774 se
1298 1719 1588 1789 discrepare
1624 1719 2126 1785 animadverterunt,
2168 1722 2330 1791 fuisse
2365 1723 2658 1794 inscriptas.
2691 1723 2896 1779 Etenim
2926 1725 3055 1779 liber
3091 1725 3286 1794 printus
3324 1743 3355 1779 tt
3380 1722 3523 1779 Joua

197 1809 649 1863 Aurelianensium
690 1811 951 1882 episcopo,
1000 1813 1088 1882 qui
1128 1812 1222 1866 sub
1268 1810 1456 1865 Carolo
1497 1809 1650 1865 Calvo
1678 1813 1991 1880 imperatore
2023 1815 2222 1882 floruit,
2272 1815 2324 1869 in
2365 1814 2457 1870 lib.
2505 1832 2541 1871 ιι
2573 1817 2638 1872 de
2675 1815 2915 1873 Institut.
2963 1819 3140 1886 laicali
3186 1819 3326 1873 haud
3362 1823 3521 1879 semel

194 1903 498 1958 nominatur
518 1902 684 1975 (Cap.
717 1904 772 1968 2,
809 1904 866 1969 4,
903 1907 958 1970 5,
987 1904 1108 1976 29);
1138 1914 1189 1958 et
1225 1905 1364 1975 apud
1395 1903 1666 1976 Hugonem
1708 1906 1770 1959 de
1800 1917 1976 1961 sancto
2023 1907 2228 1962 Victore
2255 1909 2440 1964 citatus
2481 1912 2734 1982 reperitur
2771 1912 2898 1967 liber
2931 1915 3187 1969 secundus
3218 1912 3358 1987 (Lib.
3390 1931 3426 1970 ιι
3458 1914 3524 1972 de

191 1995 384 2060 claust.
412 1996 600 2062 anim.,
623 2013 740 2066 cap.
756 1997 832 2066 8).
868 1998 1093 2051 Alteram
1115 2006 1286 2052 autem
1315 1998 1453 2050 circa
1481 1999 1685 2052 titulum
1716 1997 2076 2068 difﬁcultatem
2105 2010 2266 2054 movet
2291 2001 2429 2070 quod
2455 2001 2735 2056 Gratianus
2762 2003 2876 2076 (25,
2906 2021 2957 2072 q.
2985 2005 3040 2069 5,
3071 2022 3117 2058 c.
3154 2004 3330 2074 Dicat,
3358 2015 3404 2060 et
3424 2006 3520 2074 52,

190 2106 245 2159 q.
275 2089 312 2141 τε
339 2097 385 2143 et
415 2087 471 2154 4,
506 2087 662 2160 etc.),
693 2107 754 2144 ac
792 2087 858 2143 Β.
895 2089 1119 2145 Thomas
1152 2089 1289 2162 (2-2.
1314 2107 1364 2161 q.
1399 2089 1490 2156 66,
1522 2108 1572 2144 a.
1607 2089 1661 2154 8,
1693 2107 1744 2142 a.
1781 2089 1831 2154 l;
1865 2087 2030 2156 lbid.,
2074 2107 2124 2160 q.
2162 2091 2289 2157 154,
2329 2108 2382 2145 a.
2415 2093 2448 2146 6
2479 2102 2529 2146 et
2568 2093 2718 2164 alibi)
2752 2093 2945 2164 aliique
2971 2095 3208 2150 nonnulli
3234 2112 3350 2165 qua:
3380 2098 3523 2152 testi—

193 2186 374 2238 mania
413 2200 475 2239 ex
500 2183 598 2238 hac
636 2194 860 2240 tractatu
888 2185 1232 2256 depromunt,
1277 2203 1336 2241 ea
1375 2186 1426 2240 in
1461 2185 1600 2239 libro
1637 2184 1703 2238 de
1732 2183 2063 2239 Patriarchis
2102 2195 2305 2238 exstare
2348 2185 2546 2239 dicunt.
2600 2185 2706 2241 Sed
2744 2204 2776 2240 a
2802 2187 2907 2256 fide
2944 2189 3241 2259 neutiquam
3275 2189 3522 2246 abhorret

197 2286 436 2332 auctores
464 2275 584 2332 illas
619 2278 674 2331 in
708 2279 964 2345 excerptis
1006 2295 1068 2332 ac
1107 2278 1252 2332 libris
1292 2278 1400 2332 suis
1433 2277 1538 2333 SS.
1570 2276 1786 2330 Patrum
1824 2294 1981 2349 opera
2009 2293 2067 2331 ea
2097 2278 2243 2331 titulo
2268 2280 2355 2349 qui
2391 2288 2511 2332 tunc
2547 2280 2792 2349 temporis
2833 2282 3072 2336 usitatior
3108 2292 3252 2345 erat,
3298 2283 3518 2339 laudare

201 2371 402 2426 solitos.
441 2368 785 2435 Quamobrem
807 2371 900 2425 diu
924 2381 1073 2425 antea
1095 2370 1230 2424 hanc
1252 2381 1536 2424 memorato
1556 2370 1698 2439 aperi
1720 2374 1912 2439 factam
1943 2371 2331 2439 inscriptionem
2352 2371 2476 2439 jure
2506 2370 2720 2425 dixeris.
2757 2371 2820 2425 Et
2849 2377 2982 2444 forte
3008 2389 3110 2427 non
3141 2375 3275 2428 alius
3295 2373 3417 2428 huic
3443 2375 3521 2430 rei

192 2456 371 2512 locum
414 2459 636 2529 dederit,
678 2479 830 2532 quam
858 2461 1216 2518 Cassiodorus.
1261 2461 1391 2518 Cum
1429 2462 1564 2517 enim
1604 2463 1676 2515 ita
1715 2464 1990 2533 loquitur:
2023 2461 2156 2516 Item
2200 2470 2422 2517 sanctus
2455 2461 2777 2519 Ambrosius
2819 2464 2887 2520 de
2933 2465 3262 2523 Patriarchis
3305 2478 3519 2537 septem

196 2549 369 2606 libros
410 2553 602 2620 edidit,
643 2557 733 2624 qui
778 2555 947 2609 multa
987 2555 1106 2610 loca
1157 2555 1357 2609 veteris
1388 2553 1722 2609 Testamenti
1766 2553 1923 2608 lactis
1949 2554 2349 2624 quteStionibus
2376 2556 2620 2610 suaviter
2647 2557 2905 2612 enodavit
2931 2558 3034 2630 (De
3055 2557 3232 2614 quit.
3261 2561 3364 2616 div.
3397 2560 3516 2616 lect.

190 2667 312 2720 cap.
343 2649 404 2721 I),
425 2651 750 2707 dubiumnon
772 2663 844 2706 est
873 2653 996 2724 quin
1024 2653 1159 2706 inter
1179 2651 1311 2706 alios
1334 2651 1493 2705 libras
1523 2651 1586 2705 de
1613 2649 1940 2704 Patriarchis
1963 2659 2238 2704 tractatum
2262 2667 2460 2722 quoque
2487 2651 2549 2705 de
2573 2651 2838 2706 Abraham
2867 2655 3163 2724 complexus
3191 2655 3372 2724 fuerit.
3405 2653 3522 2710 Nec

189 2744 329 2798 illud
372 2747 615 2815 cuiquam
643 2746 922 2801 absurdum
961 2746 1124 2800 rideri
1167 2745 1333 2809 debet,
1383 2745 1590 2816 quando
1620 2759 1798 2798 revera
1828 2754 2036 2799 sanctus
2079 2741 2273 2798 Doctor
2310 2744 2373 2800 de
2411 2746 2684 2816 pracipuis
2724 2747 3036 2818 patriarchis
3071 2750 3520 2805 commentationes

193 2839 606 2907 elucubraverit,
645 2857 771 2910 quas
812 2843 1023 2912 ipsemet
1057 2841 1206 2894 initio
1234 2839 1353 2894 libri
1390 2839 1456 2894 de
1487 2839 1690 2908 Joseph
1719 2848 1970 2902 recenset,
2011 2850 2164 2908 atque
2193 2839 2323 2892 inter
2351 2855 2405 2892 se
2434 2849 2720 2910 comparat.
2767 2838 2836 2895 Ut
2877 2850 2932 2894 ut
2960 2842 3049 2906 sit,
3082 2841 3318 2896 dubitare
3355 2853 3521 2913 potest

192 2951 340 2989 nemo
377 2936 496 2989 huic
522 2936 621 3004 ipsi
661 2935 723 2990 de
759 2952 858 3006 quo
883 2937 1162 3006 loquimur,
1192 2937 1337 3006 operi
1365 2935 1573 2989 titulum
1606 2934 1672 2988 de
1709 2931 1980 2988 Abraham
2019 2932 2243 2986 inditum
2280 2932 2343 2985 ab
2374 2933 2642 2987 Ambrosio
2681 2935 2862 3004 fuisse,
2892 2935 3042 3001 cuius
3079 2936 3234 2990 etiam
3264 2938 3338 2990 rei
3380 2937 3516 2992 ratio

191 3031 304 3086 htec
334 3031 398 3085 ab
426 3033 540 3102 ipso
569 3033 810 3087 redditur
844 3049 862 3087 :
893 3031 1188 3101 Quoniam,
1220 3033 1421 3102 inquit,
1457 3047 1552 3100 per
1583 3028 1827 3084 ordinem
1860 3027 2020 3097 hujus
2068 3027 2659 3097 quoqueLPntriarcbze
2692 3039 2842 3098 gesta
2883 3030 3232 3086 considerare
3274 3030 3519 3087 animum

190 3125 380 3180 subiit.
422 3125 619 3194 Quibus
647 3144 772 3182 sane
801 3127 962 3181 verbis
1005 3127 1173 3197 aperis
1201 3141 1401 3181 summa
1426 3123 1572 3193 quasi
1608 3121 1769 3177 oculis
1797 3121 2091 3193 subjicitur.
2138 3120 2398 3188 Quocirca
2432 3120 2567 3174 illud
2605 3137 2708 3176 non
2737 3121 2864 3189 alio,
2897 3138 3049 3193 quam
3075 3123 3140 3178 de
3161 3124 3427 3179 Abraham
3464 3128 3520 3181 in

191 3235 315 3272 mss.
351 3219 658 3288 inscriptum
685 3219 835 3273 titulo
865 3219 1092 3291 reperire
1113 3229 1205 3274 est.

264 3309 551 3380 Proﬁtetur
575 3330 772 3384 quoque
797 3321 1003 3367 sanctus
1025 3313 1248 3367 Antistes
1268 3329 1374 3368 sese
1399 3322 1451 3366 ut
1475 3313 1558 3367 isti
1587 3311 2003 3366 cammentationi
2041 3310 2232 3381 stylum
2258 3309 2568 3374 admoveret,
2600 3309 2776 3364 divina
2805 3312 3116 3368 auctoritate
3142 3313 3303 3385 fuisse
3323 3315 3516 3372 induc-

191 3414 299 3460 tum
318 3404 403 3475 (L.
423 3423 460 3472 ι,
480 3423 524 3461 c.
544 3409 586 3476 ι)
603 3424 616 3460 :
635 3407 766 3461 Cum
782 3407 1047 3463 Dominus
1067 3409 1205 3462 Deus
1235 3418 1440 3472 noster,
1476 3406 1662 3478 inquit,
1689 3403 2093 3475 hunclocupleti
2107 3403 2506 3459 benedictionis
2520 3418 2633 3458 sua:
2646 3402 2778 3459 dote
2791 3403 3095 3467 donaverit,
3116 3416 3174 3460 ut
3199 3406 3320 3476 ejus
3338 3411 3518 3478 gratia

196 3509 520 3570 promicaret
545 3511 805 3570 caeteros,
835 3502 1104 3557 institutio
1133 3503 1430 3572 corrigeret
1459 3518 1473 3555 :
1509 3501 1722 3572 Moyses
1745 3514 1960 3569 quoque
1982 3497 2300 3553 imitandum
2332 3497 2584 3552 eumdem
2607 3497 2765 3552 nobis
2783 3497 3157 3569 descripserit,
3189 3507 3295 3553 etc.
3330 3498 3519 3573 Itaque

192 3598 312 3667 pius
337 3595 534 3652 Doctor
564 3609 795 3654 sanctum
822 3596 1187 3653 Patriarcham
1218 3596 1540 3650 auditoribus
1565 3595 1673 3649 suis
1701 3603 1790 3647 aut
1822 3593 2094 3648 lectoribus
2121 3609 2180 3646 eo
2205 3591 2426 3646 consilio
2461 3593 2679 3662 ponebat
2705 3592 2768 3647 ob
2795 3595 2993 3658 oculos,
3021 3602 3076 3646 ut
3106 3593 3175 3647 ad
3204 3597 3316 3668 ejus
3345 3611 3520 3650 exent-

192 3698 332 3767 plar,
364 3709 622 3769 tamquam
652 3701 719 3754 ad
749 3699 1036 3770 speculum,
1063 3697 1306 3751 vitiorum
1328 3711 1525 3750 cwnum
1558 3694 1897 3764 detergerent,
1927 3703 2078 3761 atque
2114 3689 2182 3742 ad
2214 3689 2650 3744 absolutissimam
2681 3689 2800 3743 vita?
2827 3704 2888 3743 ac
2917 3687 3184 3759 sapientiae
3205 3687 3519 3745 Christiana:

191 3794 554 3848 contenderent
581 3796 968 3866 perfectionem.
999 3793 1063 3848 At
1084 3811 1200 3849 vero
1220 3809 1334 3863 qua:
1353 3792 1434 3846 his
1456 3790 1742 3860 subjungit,
1770 3789 1897 3842 satis
1919 3788 2150 3841 indicant
2175 3802 2291 3839 eum
2319 3803 2420 3840 non
2443 3787 2591 3841 modo
2613 3787 2681 3842 ad
2710 3787 2986 3857 fovendam
3018 3788 3518 3856 promovendamque

187 3886 602 3942 Christianorum
627 3890 864 3957 pietatem
881 3889 1218 3952 allaborasse,
1242 3902 1416 3941 verum
1443 3887 1595 3939 etiam
1614 3884 1681 3936 ad
1708 3880 2086 3953 explodendam
2111 3879 2541 3950 philosOpharum
2560 3882 2858 3942 vanitatem,
2877 3881 2966 3950 qui
2983 3881 3233 3957 sapientis
3259 3874 3408 3951 cujus
3433 3879 3523 3933 ille

182 3979 361 4035 vivam
387 3997 446 4035 ac
463 3983 683 4036 solidam
708 3983 762 4036 in
783 3983 1074 4036 Abrahamo
1090 3981 1360 4053 imaginem
1382 3980 1575 4034 luxisse
1595 3977 1933 4041 demonstrat,
1961 3975 2360 4030 commentitiam
2386 3975 2553 4028 solum
2571 3973 3016 4028 adumbratianem
3039 3974 3144 4027 sive
3162 3973 3214 4026 in
3239 3970 3520 4025 Platonica

184 4076 496 4142 republica,
530 4077 634 4130 sive
672 4077 724 4130 in
754 4076 906 4132 Xeno
921 4077 1164 4144 phantico
1206 4077 1435 4148 sapiente
1471 4073 1815 4130 ostentabant.
1858 4071 1990 4126 Eam
2021 4071 2080 4125 ob
2124 4087 2230 4125 rem
2267 4069 2485 4125 subinde
2528 4069 2874 4141 singularibus
2915 4068 3146 4143 ejusdem
3193 4065 3520 4120 Patriarcha:

187 4169 358 4240 factis
387 4172 571 4225 astruit
597 4171 846 4242 quidquid
877 4173 964 4226 isti
993 4171 1122 4225 adeo
1151 4170 1424 4241 magniﬁce
1453 4159 1815 4240 prtedicarent,
1849 4167 1911 4219 ab
1942 4165 2039 4220 hoc
2081 4165 2367 4238 prwstitum
2394 4179 2523 4226 esse,
2566 4179 2627 4216 ac
2668 4164 2818 4233 longe
2841 4173 2958 4217 ante
2987 4163 3216 4234 ipsorum
3245 4171 3450 4216 wtatem
3483 4177 3520 4216 α

192 4261 382 4336 Moyse
411 4265 463 4320 in
503 4267 666 4320 sacris
711 4266 970 4320 codicibus
1009 4266 1387 4336 consignatum.
1435 4261 1616 4332 Neque
1658 4277 1774 4316 vero
1802 4261 2003 4314 mireris
2036 4268 2268 4314 sanctum
2301 4256 2586 4312 Prwsulem
2632 4257 2764 4311 hanc
2793 4256 3050 4312 scribendi
3089 4257 3340 4312 rationem
3375 4253 3519 4327 sequi

191 4359 454 4426 voluisse;
493 4359 910 4430 quandoquidem
945 4360 1188 4413 adversus
1228 4355 1525 4431 hujusmodi
1563 4355 1792 4408 homines
1833 4351 2131 4420 disputabat
2169 4351 2439 4421 (August.,
2469 4347 2642 4419 Epist.
2685 4346 2802 4416 51),
2832 4347 2920 4418 qui
2949 4364 3148 4402 sunmta
3177 4349 3407 4402 creeitate
3453 4363 3518 4402 ac

197 4455 480 4508 temeritate
509 4451 770 4508 Christum
804 4452 1079 4507 Dominum
1109 4451 1311 4505 divinas
1339 4450 1458 4504 illas
1486 4449 1622 4521 leges
1645 4489 1659 4515 ,
1685 4463 1811 4520 quas
1840 4447 1939 4517 ipsi
1980 4461 2080 4500 non
2113 4443 2300 4499 habere
2324 4444 2379 4498 in
2406 4442 2748 4497 admiratione
2771 4457 2874 4496 non
2904 4451 3161 4513 poterant,
3191 4443 3244 4498 in
3276 4441 3519 4499 Platonis

195 4544 406 4612 scriptis
445 4542 689 4599 didicisse
719 4543 1099 4599 asseverabant.

269 4635 401 4690 Ante
426 4635 752 4692 Ambrosium
776 4635 932 4690 Philo
961 4633 1181 4690 Iudaeus
1221 4635 1406 4689 librant
1432 4635 1734 4705 vulgaverat
1759 4631 1851 4686 sub
1879 4630 1975 4684 hoc
2007 4631 2154 4684 titulo
2179 4645 2196 4684 :
2228 4627 2346 4684 Vita
2374 4627 2636 4698 sapientis
2669 4641 2766 4698 per
2795 4625 3095 4683 doctrinam
3121 4626 3370 4699 perfecti,
3400 4631 3516 4685 sive

197 4728 268 4784 de
297 4728 507 4800 legibus
533 4747 640 4787 non
669 4730 908 4799 scriptis,
938 4729 1054 4784 sive
1088 4728 1158 4784 de
1187 4728 1498 4784 Abrahamo
1525 4745 1542 4793 ;
1575 4728 1658 4780 cui
1697 4725 1826 4779 libro
1855 4723 2105 4794 quosdam
2130 4723 2261 4776 alios
2289 4721 2354 4775 de
2381 4721 2686 4776 clarioribus
2706 4720 2971 4774 nonnullis
3001 4720 3156 4788 huius
3189 4718 3511 4777 Patriarchte

206 4823 494 4878 actionibus
536 4824 893 4894 subjunxerat.
946 4821 1302 4877 Verumtamen
1351 4822 1394 4876 si
1440 4823 1741 4892 scriptorem
1769 4820 1913 4875 illum
1957 4820 2010 4872 in
2051 4818 2218 4887 operis
2246 4825 2547 4884 argumenta
2594 4827 2795 4869 secutus
2838 4822 2913 4868 est
2943 4814 3261 4879 Ambrosius,
3309 4813 3512 4867 videtur

199 4924 369 4969 tamen
398 4915 460 4968 ab
487 4917 713 4989 ejusdem
742 4913 903 4970 verbis
926 4924 972 4968 et
996 4914 1286 4978 sententiis,
1315 4928 1428 4983 qua:
1454 4914 1622 4983 ipsum
1647 4914 1703 4966 in
1732 4910 2086 4983 superioribus
2123 4907 2389 4963 nonnullis
2411 4905 2709 4962 tractatibus
2752 4906 2980 4962 liberiari
3008 4924 3164 4962 manu
3195 4907 3512 4978 decerpsisse

197 5009 675 5074 animadvertimus,
702 5010 756 5062 in
784 5009 880 5061 hac
906 5011 1068 5078 ferme
1091 5005 1418 5061 abstinuisse.

272 5100 570 5154 Methodum
617 5116 768 5171 porro
816 5101 897 5154 hic
935 5101 1205 5172 amplexus
1246 5109 1320 5153 est
1364 5099 1426 5151 ab
1465 5113 1524 5150 ea
1559 5112 1674 5167 qua:
1715 5097 1834 5150 aliis
1878 5097 1984 5151 suis
2019 5097 2073 5151 in
2112 5095 2552 5152 lucubrationibus
2595 5097 3019 5168 deprehenditur,
3055 5098 3204 5170 longe
3227 5097 3504 5151 diversam.

197 5192 405 5248 Etenim
446 5194 498 5246 in
544 5193 707 5262 priori
741 5193 872 5246 libra
907 5191 1160 5263 quidquid
1193 5191 1468 5261 Scriptura
1498 5191 1561 5244 de
1604 5191 1707 5244 vita
1734 5189 2012 5244 Abrahami
2041 5193 2104 5246 ab
2132 5202 2340 5262 accepto
2378 5191 2624 5245 divinitus
2661 5195 2812 5265 jusso
2854 5191 3078 5246 exeundi
3107 5207 3171 5245 ex
3209 5188 3409 5245 Charra
3439 5190 3511 5243 ad

197 5303 357 5357 usque
381 5286 542 5357 ipsius
571 5286 762 5340 obitum
803 5287 994 5353 tradit,
1027 5288 1094 5341 ad
1137 5289 1381 5341 moralem
1408 5285 1798 5356 intelligentiam
1840 5286 2216 5351 accommodat,
2260 5285 2625 5357 propositoque
2654 5284 2798 5338 illius
2838 5285 3149 5350 devotione,
3189 5283 3286 5352 hoc
3310 5291 3406 5347 est,
3453 5282 3510 5336 in

200 5378 532 5445 exsequendis
560 5375 657 5431 Dei
686 5379 942 5432 mandatis
971 5379 1284 5443 obedientia,
1314 5379 1540 5448 reliquas
1573 5376 1801 5451 ejusdem
1833 5379 2043 5431 virtutes
2083 5378 2404 5450 prosequitur
2434 5394 2452 5432 :
2477 5379 2530 5431 in
2562 5378 2835 5448 posteriori
2863 5393 2978 5433 vero
3012 5378 3206 5450 primas
3239 5377 3510 5430 memorati

200 5471 525 5528 Patriarchte
562 5471 790 5526 actiones
831 5471 1056 5543 spiritali
1098 5474 1223 5538 sive,
1255 5482 1308 5525 ut
1333 5472 1444 5540 ipse
1470 5482 1637 5538 vacat,
1668 5472 1845 5526 altiari
1889 5488 2041 5526 sensu
2090 5473 2450 5544 interpretans,
2482 5474 2652 5526 varios
2679 5474 2866 5527 animae
2900 5475 2956 5527 in
2985 5475 3172 5528 virtute
3216 5471 3409 5544 gradus
3444 5488 3508 5528 ac

201 5584 497 5642 progressus
520 5567 707 5637 aperit,
741 5566 1064 5635 eamdemque
1091 5566 1313 5618 animam
1357 5582 1473 5620 cum
1507 5567 1560 5620 in
1589 5564 1788 5619 Adatno
1819 5553 2113 5630 decidisset,
2145 5565 2197 5619 in
2226 5565 2517 5619 Abrahamo
2556 5582 2826 5638 resurgere
2853 5577 3005 5635 atque
3033 5566 3101 5620 ad
3141 5565 3508 5637 perfectionem

192 5664 324 5722 eniti
373 5664 538 5718 docet.
586 5661 826 5715 Diximus
862 5670 1033 5714 autem
1073 5660 1267 5728 primas
1296 5661 1545 5726 actiones,
1596 5677 1698 5714 non
1742 5676 1858 5714 vero
1888 5675 2096 5725 omnes;
2139 5675 2196 5714 eo
2235 5659 2375 5730 quod
2418 5658 2564 5713 illum
2607 5668 2882 5712 tractatum
2923 5669 3034 5726 post
3073 5658 3512 5714 circumcisiauem

204 5757 548 5825 Patriarchat,
581 5767 628 5811 et
658 5755 965 5827 promissam
992 5753 1168 5809 Isaaci
1214 5754 1526 5808 nativitatem
1559 5761 1790 5808 actutum
1818 5754 2052 5817 claudat,
2081 5757 2195 5826 ejus
2235 5753 2640 5824 hospitalitatem
2671 5753 2848 5820 paucis
2875 5752 3148 5824 attingens.
3191 5752 3355 5826 Atque
3379 5753 3510 5809 adeo

205 5853 460 5912 secundus
491 5852 618 5909 liber
647 5867 708 5909 ea
735 5850 842 5924 fere
864 5849 976 5906 sola
1018 5848 1394 5921 complectitur,
1423 5864 1539 5922 qua:
1565 5849 1616 5906 in
1652 5848 1912 5923 prioribus
1943 5859 2168 5923 quatuor
2199 5847 2352 5918 primi
2382 5843 2640 5917 capitibus
2682 5848 2890 5916 fuerant
2932 5847 3232 5919 explanata.
3267 5847 3512 5918 Quamvis
