4082 6370
617 261 727 347 tte
1991 255 2236 334 stncrt
2274 254 2603 332 susuosu
3873 251 3976 312 υς]

619 377 678 432 in
707 377 803 431 illo
830 392 1030 448 quoque
1058 362 1308 432 nonnulla
1335 391 1449 447 quae
1478 376 1530 428 in
1568 373 1665 428 hoc
1691 375 2017 440 omittuntur,
2049 385 2268 430 tractata
2294 375 2543 444 reperias.
2576 372 2730 444 Atqui
2765 387 2868 426 non
2890 371 3049 427 aliam
3077 385 3292 426 causam
3322 386 3422 426 cur
3449 368 3760 425 secundum
3787 366 3974 422 librum

621 468 841 524 ulterius
867 469 1104 539 prosequi
1134 469 1353 524 noluerit
1377 485 1486 523 esse
1519 477 1870 532 autumamus,
1907 469 2007 522 nisi
2034 468 2173 537 quod
2193 470 2308 538 jam
2341 469 2395 521 in
2420 469 2652 522 animum
2675 466 2956 521 induxisset
2991 466 3142 520 etiam
3173 465 3225 520 in
3254 462 3418 520 Isaac
3455 480 3656 519 novum
3695 472 3971 517 tractatum

620 559 684 617 de
707 564 898 618 aninue
921 563 1252 632 perfectione,
1281 565 1378 627 vel,
1409 571 1464 616 ut
1492 563 1602 633 ipse
1624 562 1721 626 ait,
1752 562 1909 616 variis
1939 565 2052 636 ejus
2081 562 2401 634 processibus
2420 562 2745 616 .elucubrare.

693 656 858 722 Cum,
889 667 1060 711 autent
1085 657 1153 710 ad
1192 657 1606 730 informationem
1628 673 1831 711 morum
1875 657 2151 711 utilitatem
2194 659 2356 712 multo
2397 656 2679 712 uberiorem
2717 673 2746 711 e
2775 658 2944 726 primo
2981 655 3112 710 libro
3143 672 3298 722 quam
3328 671 3357 709 e
3386 653 3634 709 secundo
3682 645 3968 707 Christiani

625 751 832 806 haurire
855 750 1074 820 possint,
1105 765 1207 804 non
1236 750 1347 804 sine
1367 750 1545 804 divina
1573 749 1900 819 providentia
1942 749 2138 818 factum
2179 750 2400 816 videtur,
2432 758 2489 803 ut
2513 748 2603 804 ille
2636 747 2779 802 haud
2802 749 2961 820 paulo
3001 747 3353 818 incorruptior
3380 757 3546 814 atque
3573 746 3875 816 perfectior
3902 745 3960 795 ad

627 859 721 908 nos
747 844 1084 916 transmissus
1125 844 1304 914 fuerit,
1331 859 1489 914 quam
1517 844 1613 898 iste
1649 844 1705 904 in
1742 861 1842 915 quo
1870 844 1972 899 loci
2016 845 2307 917 complures
2351 852 2628 904 occurrunt
2663 843 2909 899 miserunt
2945 843 3000 897 in
3038 841 3247 898 modum
3293 842 3538 896 hiatibus
3578 839 3823 906 aliisque
3851 839 3967 892 uitiis

618 937 894 1010 deturpati.
929 934 1053 1004 Non
1081 953 1275 1008 paucos
1295 938 1505 1009 quidem
1530 953 1695 1008 neque
1720 939 2121 994 contemnendos
2147 940 2379 1011 pristina
2407 939 2688 1013 integritati
2722 939 3037 995 restituimus
3052 955 3071 1005 ;
3112 939 3336 1011 ingenue
3361 947 3547 992 tamen
3589 934 3881 1006 fatendum
3907 943 3965 987 est

614 1031 672 1087 in
706 1033 810 1101 fine
850 1030 1084 1104 ejusdem
1108 1031 1226 1085 libri
1265 1031 1436 1085 adhuc
1463 1031 1664 1100 confusi
1691 1031 1893 1102 aliquid
1923 1048 2210 1102 superesse,
2235 1035 2318 1086 cui
2363 1033 2648 1088 remedium
2674 1030 2864 1099 afferre
2907 1047 3066 1085 manu
3104 1031 3306 1086 exarati
3353 1029 3570 1084 codices
3616 1026 3958 1097 aequitum.

619 1124 876 1193 Credibile
905 1134 979 1192 est
1002 1125 1075 1182 ibi
1099 1125 1338 1196 qutedam
1366 1126 1444 1181 vel
1469 1125 1808 1197 transposita,
1838 1125 1916 1182 vel
1943 1127 2144 1196 auulsa,
2172 1126 2251 1182 vel
2279 1127 2434 1182 etiam
2476 1128 2608 1198 forte
2634 1125 2698 1180 ab
2728 1124 2967 1180 Βαγιιὶοο
2995 1123 3189 1196 aliqua,
3218 1133 3274 1178 ut
3304 1120 3673 1193 patrocinium
3712 1117 3963 1172 erratibus

616 1221 726 1277 suis
755 1228 986 1292 pararet,
1019 1220 1182 1293 fuisse
1211 1220 1504 1290 interjecta.

696 1315 936 1372 Primum
967 1313 1154 1372 librum
1176 1324 1378 1370 constat
1404 1332 1432 1372 ε
1459 1314 1785 1376 sermonibus
1812 1315 2154 1386 compositum
2179 1330 2288 1370 esse
2311 1353 2329 1382 ,
2366 1329 2493 1384 quos
2526 1323 2734 1369 sanctus
2764 1311 2973 1368 Prassul
3000 1312 3069 1367 ad
3097 1310 3497 1366 catechumenos
3523 1312 3765 1382 quijans
3793 1323 3959 1362 una

619 1410 869 1465 dederant
895 1409 965 1468 ad
988 1409 1300 1480 baptismum
1333 1417 1381 1466 et
1398 1417 1740 1477 competentes
1761 1419 1931 1476 erant,
1962 1407 2210 1462 habuerat
2240 1405 2378 1478 (Lib.
2406 1421 2444 1472 ι,
2477 1423 2524 1460 c.
2554 1405 2610 1472 Δ,
2641 1407 2672 1461 7
2696 1415 2744 1460 et
2775 1405 2922 1476 ult).
2951 1403 3062 1458 llos
3092 1405 3423 1475 potissimum
3441 1403 3556 1471 ipse
3578 1417 3677 1472 per
3709 1417 3773 1456 se
3798 1399 3961 1455 datae

617 1514 974 1568 consueverat;
1001 1511 1050 1558 et
1079 1502 1217 1567 quod
1240 1517 1328 1558 ore
1356 1502 1676 1566 tradidisset,
1702 1501 2028 1573 postmodum
2048 1501 2100 1558 in
2127 1501 2284 1558 libros
2302 1500 2550 1573 redigere.
2579 1500 2646 1555 ld
2676 1509 2847 1555 autem
2875 1516 2933 1556 eo
2955 1499 3129 1570 facere
3151 1499 3467 1563 instituant,
3489 1497 3602 1552 sise
3617 1511 3734 1566 quo
3765 1495 3959 1550 illotus:

619 1594 896 1668 postulatis
911 1610 1107 1654 morem
1121 1603 1334 1668 gereret,
1351 1595 1454 1650 sive
1477 1595 1615 1668 quod
1640 1595 1750 1666 ipse
1775 1608 1960 1663 sponte
1974 1613 2069 1655 sua
2091 1595 2282 1650 eisdem
2307 1595 2644 1666 prospiceret,
2670 1610 2733 1650 ue
2748 1609 2862 1659 qua
2880 1594 3115 1665 pretiosis
3136 1593 3245 1648 illis
3271 1591 3519 1662 baptismi
3533 1591 3626 1648 sui
3643 1590 3957 1661 temporius

631 1689 906 1746 audierant
938 1690 1400 1760 promiserantque,
1430 1688 1527 1746 sibi
1548 1705 1791 1760 umquam
1818 1689 2053 1745 excidere
2076 1705 2139 1744 ea:
2166 1689 2414 1744 meritoria
2456 1697 2773 1758 paterentur,
2805 1704 2867 1742 ac
2895 1685 3050 1744 simul
3076 1696 3129 1740 ut
3149 1686 3205 1742 in
3234 1686 3481 1742 utilitatis
3509 1683 3858 1740 consortium
3883 1683 3955 1735 alii

619 1799 820 1856 quoque
845 1781 1235 1863 admitterentur
1258 1780 1561 1846 Christiani.
1597 1779 1722 1840 Non
1747 1784 1821 1838 ita
1847 1783 2056 1852 quidem
2078 1783 2410 1852 manifestum
2429 1791 2504 1836 est
2533 1781 2724 1836 librum
2743 1782 3028 1836 secundum
3049 1797 3113 1836 ex
3140 1779 3394 1836 similibus
3421 1788 3674 1834 constare
3703 1778 3954 1834 concinni-

621 1875 717 1932 bus
748 1891 767 1930 :
797 1890 972 1944 verum
1001 1891 1118 1932 cum
1151 1875 1272 1930 huic
1310 1878 1386 1930 rei
1418 1873 1552 1934 nihil
1573 1876 1641 1930 sit
1666 1875 1810 1946 quod
1837 1877 2104 1940 videamus
2125 1891 2435 1947 repugnare,
2469 1875 2532 1932 de
2567 1875 2664 1932 hoc
2703 1876 2856 1932 etiam
2885 1875 3018 1931 libro
3053 1874 3192 1932 idem
3211 1875 3482 1949 judicium
3511 1885 3681 1946 atque
3708 1874 3786 1928 de
3813 1874 3953 1945 prius

616 1973 758 2042 ferre
785 1986 889 2024 non
919 1969 1172 2034 imnterito
1195 1985 1490 2041 possumus.

696 2061 765 2118 In
803 2063 1077 2135 relegendo
1109 2063 1404 2120 earumdem
1435 2063 1683 2120 librorum
1719 2072 1869 2120 astate
1905 2063 2203 2135 plusculum
2249 2063 2565 2135 difﬁcultatis
2595 2073 2693 2120 est.
2724 2061 3082 2120 Nihilominus
3118 2074 3289 2120 tamen
3325 2081 3443 2118 cuiu
3484 2080 3554 2120 ea:
3593 2063 3950 2137 conjunction:

617 2167 771 2232 atque
806 2159 986 2216 ordine
1011 2175 1111 2230 quo
1146 2158 1229 2213 illi
1264 2159 1588 2231 sequetuibus
1616 2160 2127 2237 commentationibus
2168 2159 2234 2214 de
2275 2139 2598 2214 Patriarchis
2633 2169 3032 2227 connectuntur,
3061 2171 3170 2214 tum
3198 2175 3264 2214 ea;
3307 2160 3531 2230 ipsemet
3565 2157 3855 2212 Ambrosio
3880 2158 3948 2224 qui

618 2252 712 2308 sub
734 2252 936 2307 initium
955 2252 1204 2312 librorum
1231 2252 1300 2308 de
1326 2251 1552 2323 losepb,
1577 2261 1624 2306 et
1651 2253 1723 2308 de
1753 2251 2047 2324 Mysteriis,
2077 2254 2202 2308 satis
2229 2263 2404 2323 aperte
2425 2253 2620 2307 indicat
2651 2252 2772 2307 illos
2798 2269 2974 2308 omnes
3001 2254 3212 2308 minime
3234 2253 3452 2308 diuersis
3477 2253 3816 2325 temporibus
3836 2254 3892 2307 ab
3909 2268 3946 2306 ιε

619 2343 784 2415 {uisse
821 2345 1150 2414 compositos,
1192 2345 1316 2400 satis
1344 2343 1602 2400 evidenter
1629 2345 1890 2417 colligitur
1913 2347 2122 2401 eosdem
2144 2363 2282 2402 anno
2314 2347 2516 2401 circiter
2542 2347 2647 2404 387
2688 2363 2790 2417 quo
2819 2348 3008 2402 librant
3032 2348 3096 2402 de
3123 2345 3360 2419 Josepbo
3391 2348 3448 2402 in
3493 2348 3680 2404 lucem
3714 2347 3943 2419 prodiisst

618 2453 718 2498 suo
746 2437 859 2494 loco
885 2438 1234 2510 probabimus,
1266 2438 1420 2493 tribui
1449 2450 1706 2510 oportere.

1075 2611 2039 2863 SANCTI
2212 2675 3504 2862 AMBROSII

1736 2950 2391 3034 MEDIOLANENSIS
2433 2953 2790 3018 EPISCOPI

1549 3135 1823 3298 DE
1984 3133 3005 3298 ABRAHAM.

1941 3362 2255 3436 LIBRI
2304 3363 2521 3436 Ι)υο
2555 3351 2614 3436 ⁴⁵.
3023 3399 3025 3401 ί

1742 3517 2842 3553 ﬂ

1819 3617 2165 3716 LIBER
2238 3618 2722 3718 PRIMUS.
2753 3690 2767 3697 -

1159 3760 1320 3835 εει
1372 3756 1604 3817 CAPUT
1642 3755 1685 3814 l.
2253 3756 2548 3822 AEtenim
2577 3776 2700 3818 cum
2750 3763 3015 3835 Dominus
3065 3765 3210 3823 Deus
3249 3772 3438 3823 noster
3485 3767 3640 3825 hunc
3693 3769 3909 3841 locupleti

619 3900 764 3958 Libri
790 3894 968 3960 titulus
994 3912 1057 3953 ac
1103 3895 1358 3952 tractandi
1404 3897 1537 3952 ratio
1584 3894 1904 3966 exponitur:
1957 3902 2066 3948 tum
2111 3907 2227 3962 qute

694 3996 891 4052 utilitas
943 4009 1009 4049 ex
1053 3992 1334 4049 Abrahami
1374 3990 1622 4063 exemplis
1654 3989 1869 4056 petenda
1909 3990 1998 4056 sit,
2049 3996 2228 4043 aucto-

695 4093 847 4146 ritate
873 4091 1070 4158 divina,
1113 4099 1161 4146 et
1211 4088 1640 4162 philosophorum
1686 4085 1962 4142 collatione
2014 4084 2227 4139 demon-

693 4194 908 4240 stratur.

699 4320 752 4375 l.
795 4319 1064 4376 Abraham
1089 4318 1215 4376 libri
1242 4318 1402 4388 hujus
1429 4316 1621 4378 titulus
1675 4324 1795 4383 est,
1842 4315 2097 4387 quoniam
2127 4328 2225 4384 per

624 4412 879 4472 ordinem
904 4411 1066 4482 hujus
1092 4426 1308 4482 quoque
1331 4410 1656 4474 Pntriarchae
1693 4416 1843 4478 gesta
1875 4407 2225 4469 considerare

628 4507 871 4584 animum
925 4504 1110 4559 subiit.
1156 4504 1231 4558 Dc
1281 4517 1390 4574 quo
1437 4501 1591 4557 nobis
1644 4500 1864 4556 moralis
1903 4501 2080 4571 primo
2121 4501 2225 4554 erit

627 4608 888 4656 tractatus
918 4608 972 4654 et
999 4597 1251 4667 simplex.
1302 4595 1434 4655 Nam
1477 4596 1576 4652 etsi
1631 4594 1810 4654 altiori
1859 4593 2224 4663 disputatione

626 4706 916 4763 processus
946 4689 1164 4760 quidam
1187 4696 1242 4750 rt
1271 4688 1444 4748 turma
1473 4688 1719 4753 virtutis,
1753 4694 1810 4743 et
1836 4688 2046 4756 species
2074 4700 2223 4757 qum-

623 4787 748 4845 dam
771 4785 1108 4855 exprimatur
1137 4800 1152 4850 ;
1207 4794 1385 4844 tamen
1411 4783 1440 4834 ιι
1470 4782 1707 4845 forensia
1737 4797 1954 4855 quoque
1998 4792 2220 4852 actuum

620 4881 740 4953 ejus
768 4881 998 4953 vestigia
1019 4888 1291 4951 spectare,
1323 4877 1538 4938 virtutis
1563 4877 1836 4948 prolectus
1857 4887 1961 4943 est.
2003 4874 2218 4931 Etenim

619 4976 665 5032 si
694 4992 755 5032 ea
789 4991 908 5048 qua:
936 4985 1128 5030 natura
1153 4973 1219 5029 ad
1249 4976 1447 5030 victum
1488 4973 1770 5042 generavit
1800 4970 2080 5026 hominum
2110 4984 2218 5024 non

622 5071 804 5136 unius,
835 5069 932 5126 sed
963 5070 1198 5146 gemina!
1220 5078 1311 5126 aut
1348 5069 1513 5136 etiam
1545 5067 1814 5124 uberioris
1858 5066 2044 5136 gratim
2068 5073 2214 5126 sunt,

2333 3849 2734 3922 benedictionis
2782 3871 2897 3914 suae
2949 3857 3078 3914 dote
3113 3856 3438 3924 donaverit;
3495 3869 3556 3915 ut
3599 3862 3724 3932 ejus
3771 3861 3909 3934 gratis

2331 3957 2654 4019 provocarat
2711 3961 2942 4010 caeteros
2965 3992 2982 4018 ,
3033 3952 3303 4010 institutio
3349 3952 3702 4023 corrigeret:
3735 3956 3909 4027 Moyses

2329 4057 2547 4112 quoque
2573 4043 2891 4101 imitandum
2925 4046 3084 4108 nobis
3109 4046 3466 4116 descripserit
3499 4062 3517 4112 ;
3552 4058 3614 4104 ut
3653 4048 3810 4106 corda
3829 4047 3905 4104 bo-

2327 4136 2534 4196 minum
2565 4139 2618 4200 in
2652 4140 2839 4194 Vitium
2872 4140 3132 4206 labentia,
3169 4139 3328 4210 hujus
3358 4139 3459 4196 viri
3486 4141 3759 4203 contuitu.
3790 4140 3908 4197 velut

2329 4245 2360 4286 θ
2386 4231 2621 4301 quodam
2656 4242 2876 4290 terreno
2897 4232 3058 4290 busto
3080 4233 3456 4295 resuscitaret.
3486 4247 3598 4296 non
3629 4232 3907 4304 perfuncto.

2327 4325 2467 4382 rium
2499 4325 2663 4382 debet
2691 4325 2890 4392 videri,
2919 4327 2963 4382 si
2989 4343 3090 4384 nos
3117 4341 3334 4398 quoque
3369 4325 3750 4397 scrupulosius
3786 4324 3907 4396 eius.

2325 4419 2448 4476 dem
2480 4419 2581 4474 viri
2613 4434 2896 4478 versemus
2931 4420 3180 4492 vestigia.
3211 4418 3344 4483 Nam
3374 4420 3420 4482 si
3467 4419 3749 4488 sapiemes
3773 4418 3906 4486 hujus

2327 4511 2537 4574 mundi.
2579 4521 2637 4566 ut
2667 4511 2826 4567 Plato
2869 4511 2987 4582 ipse
3019 4514 3275 4583 princeps
3306 4511 3784 4582 pbilosomtorum,
3819 4524 3906 4572 non

2326 4620 2510 4660 verum
2533 4605 2792 4675 aliquam,
2833 4606 2929 4664 sed
2959 4605 3138 4664 (ictam
3166 4617 3220 4662 et
3259 4605 3645 4666 adumbratam
3675 4605 3781 4668 sibi
3807 4617 3906 4665 eam

2326 4713 2486 4766 quam
2514 4698 2748 4768 legimus
2784 4710 2808 4739 ο
2855 4701 3111 4758 πολιτείαν
3164 4700 3451 4772 proposuit
3491 4697 3902 4770 persequendam

2325 4786 2538 4861 (Plato,
2575 4791 2613 4844 l.
2647 4807 2702 4846 Iv
2731 4793 2796 4848 de
2825 4790 3099 4864 Republ.);
3129 4805 3186 4847 ut
3213 4793 3437 4854 duceret
3465 4793 3688 4864 qualem
3718 4806 3906 4862 rempu-

2323 4884 2520 4940 blicam
2553 4899 2674 4942 esse
2705 4897 3014 4955 oporteret:
3043 4899 3204 4957 atque
3235 4887 3306 4941 ita
3337 4901 3502 4958 quam
3531 4901 3638 4946 nec
3661 4887 3901 4949 audierat.

2324 4992 2423 5032 nec
2442 4977 2650 5034 viderat
2665 4980 2829 5050 282
2846 4982 2897 5036 in
2924 4979 3103 5049 aliqua
3118 4979 3251 5036 urbe
3266 4978 3686 5039 describendam
3702 4977 3900 5050 putarit,

2322 5081 2379 5127 ut
2408 5071 2444 5125 ii
2473 5071 2668 5140 quibus
2700 5076 2800 5126 hoc
2824 5087 3018 5126 munus
3039 5081 3146 5132 est.
3175 5072 3637 5142 quemadmodum
3669 5071 3697 5112 ἀ
3721 5088 3904 5142 rempu-

615 5173 822 5235 quanto
844 5164 1016 5233 magis
1035 5177 1098 5219 ea
1119 5162 1313 5232 quibus
1333 5161 1621 5232 epulantur
1638 5160 1823 5224 animi,
1843 5175 1952 5224 non
1981 5157 2217 5228 angusti.
2251 5163 2300 5223 B
2327 5163 2522 5222 blicam
2556 5172 2828 5235 regerent,
2861 5164 3070 5222 institui
3100 5173 3360 5235 possent:
3409 5175 3465 5222 et
3509 5166 3558 5223 si
3588 5166 3903 5236 condiscipttc

618 5257 712 5313 sed
746 5255 1157 5316 abundantioris
1187 5270 1336 5322 usus,
1364 5267 1419 5312 et
1447 5254 1764 5325 multiplicis
1794 5253 1900 5310 cibi
1926 5268 2049 5310 esse
2071 5252 2218 5310 msti-

619 5351 754 5411 mari
784 5349 1061 5408 convenit.
1725 5394 1727 5397 .

686 5443 742 5497 2.
789 5442 910 5512 Non
955 5441 1230 5505 mediocre
1276 5450 1460 5506 autem
1501 5449 1596 5502 aut
1631 5439 1872 5499 otiosum
1916 5441 2215 5514 negotium.

691 5584 716 5646 ξι
744 5573 942 5646 Scripti
971 5577 1102 5631 circ.
1134 5591 1226 5631 an.
1257 5575 1385 5632 387.

670 5643 715 5725 ,δ
749 5643 888 5700 Εάιῐζ
937 5648 1058 5725 A_m.
1086 5662 1209 5725 cum
1245 5662 1378 5725 mss.
1410 5656 1640 5721 quatuor
1665 5687 1680 5712 ,
1710 5647 1940 5725 forensia
1975 5664 2204 5725 quisque.

619 5714 718 5797 llic
739 5726 921 5797 putem
952 5717 1176 5785 forensia
1201 5714 1454 5791 vestigia}
1487 5735 1582 5792 pro
1609 5714 1820 5781 morum
1865 5714 2035 5790 signis
2061 5714 2210 5778 cite-

621 5785 855 5856 rioribus
880 5797 1184 5858 sumuntur.

2327 5255 2412 5311 lus
2454 5255 2694 5314 Platonis
2722 5255 3024 5328 Xequhon
3084 5258 3178 5318 ille
3206 5257 3520 5334 Socraticus
3549 5258 3693 5320 lictis
3735 5267 3786 5316 et
3809 5261 3901 5330 ipse

2326 5348 2490 5405 rebus
2537 5364 2832 5422 personam»
2883 5350 3057 5410 voluit
3104 5352 3396 5408 informare
3437 5352 3710 5422 sapientis
3755 5353 3806 5409 in
3847 5363 3901 5408 eo

2327 5441 2490 5508 libro,
2517 5459 2678 5514 quem
2704 5442 2874 5522 Κύρου
2905 5444 3143 5504 Παιδείαν
3193 5445 3443 5518 inscribit
3478 5463 3492 5512 ;
3539 5457 3597 5502 ut
3640 5461 3708 5503 ex
3736 5445 3898 5504 intimo

2393 5580 2518 5655 Flta
2566 5596 2698 5655 mss.
2769 5582 3008 5655 quinque
3038 5584 3157 5655 sevi
3211 5584 3473 5655 melioris.
3525 5583 3634 5639 Alii
3692 5596 3813 5640 vero
3851 5587 3897 5638 et

2317 5650 2647 5727 edi_t.._rro'iw
2671 5650 2935 5727 proposuit
2963 5654 3350 5720 mdi/icandam.

2391 5719 2418 5761 ἀ
2449 5724 2574 5782 Mss.
2613 5719 2726 5784 fere
2754 5719 2820 5782 ad
2849 5743 3037 5793 unum,
3070 5727 3438 5798 rempublicam
3467 5737 3726 5800 gererent.
