4082 6370
193 270 294 328 tat
1463 262 1551 326 DE
1589 258 1927 332 ABRAHAM
1965 256 2096 330 LIB.
2139 257 2186 313 ι.
3388 254 3501 330 iga

192 381 561 455 PhilosOphim
589 383 712 438 sinu
746 382 875 454 justi
905 381 1046 456 regis
1102 387 1156 436 et
1194 375 1459 448 sapientis
1499 373 1784 442 disciplina
1814 375 1861 432 A
1895 370 2041 428 tione
2072 381 2284 428 terrena
2305 414 2318 439 ,
2347 380 2400 428 et
2428 371 2780 428 saecularibus
2808 370 3222 434 oblectamentis
3250 376 3307 428 et
3330 385 3498 440 supe—
3571 371 3573 373 ’

192 474 512 548 procederet
544 491 557 528 :
594 481 797 545 quanto
821 473 994 544 magis
1019 487 1116 527 nos
1168 485 1272 526 non
1323 467 1679 536 compositam
1731 465 1792 518 li-
1896 464 2058 520 rioris
2087 465 2208 520 vita:
2236 466 2481 522 moribus
2507 477 2670 540 atque
2699 466 2907 522 actibus
2946 465 3245 531 debemus;
3299 472 3359 520 ut
3387 479 3496 536 non

193 584 386 642 guram
419 566 680 637 sapientis
722 567 858 633 viri,
910 565 1004 620 sed
1057 576 1375 634 expressam
1422 561 1704 623 virtutem,
1736 565 1792 612 et
1895 554 2070 610 solum
2103 556 2242 620 loca,
2274 557 2369 613 sed
2399 560 2564 614 etiant
2596 558 2962 624 nosmetipsos
2988 568 3278 614 mutemus.
3309 556 3366 612 Si
3397 572 3496 611 eu-

196 663 383 720 divino
443 661 742 716 institutam
793 656 1102 731 magisterio
1156 669 1445 712 recensere
1496 651 1789 718 intentius,

196 764 253 812 et
279 755 394 809 vias
441 755 557 826 ejus
587 753 848 809 debemus
901 750 1192 824 persequi,
1245 763 1404 820 quem
1450 746 1662 818 Moyses
1717 743 1793 799 ita

198 848 533 920 descripsit,
591 857 650 904 ut
691 858 844 905 retro
895 843 1298 918 quodammodo
1352 857 1412 900 se
1455 843 1574 915 ipse
1618 838 1793 912 reSpi-

196 949 348 998 ceret
368 940 393 996 ?

827 1075 1056 1140 CAPUT
1094 1073 1156 1138 ll.

199 1194 412 1250 Devotio
436 1191 655 1249 Abrahae
679 1193 935 1264 quomodo
981 1191 1145 1247 divini
1193 1189 1435 1264 praecepti
1484 1186 1648 1243 verbis
1676 1199 1799 1258 pro-

271 1288 389 1344 bata
418 1288 443 1341 .9
470 1287 609 1353 Quid
631 1289 698 1342 sit
750 1289 893 1344 exire
945 1288 1010 1344 de
1056 1287 1376 1359 cognatione,
1416 1299 1594 1354 'qupve
1648 1290 1798 1352 pacto

269 1381 502 1455 ejusdem
523 1381 834 1453 patriarchae
855 1381 1190 1436 obedientiam
1225 1379 1318 1435 Dei
1351 1376 1625 1448 promissio
1655 1389 1801 1429 secu-

269 1481 323 1526 ta
347 1471 446 1526 sit?
459 1469 608 1527 Idem
635 1474 869 1528 invocato
890 1472 1130 1540 Domino,
1156 1472 1253 1528 sibi
1277 1471 1341 1526 ob
1369 1471 1544 1526 uxoris
1566 1467 1800 1542 pulchri-

272 1568 501 1620 tudinem
529 1567 692 1631 timet,
739 1577 997 1636 cauctque.
1033 1569 1095 1621 At
1136 1564 1348 1620 Pharao
1390 1574 1600 1636 pr0plcr
1655 1561 1799 1616 illius

271 1667 479 1730 raptum
507 1659 809 1732 castigatus,
831 1670 1076 1727 quantum
1104 1659 1170 1714 sit
1195 1658 1441 1714 adulterii
1483 1659 1676 1713 crimen
1720 1659 1801 1714 iu-

1898 647 2078 717 pimus
2105 648 2388 706 adluerere
2432 650 2653 707 Christo
2680 693 2696 716 ,
2746 650 3063 707 deseramus
3101 648 3497 721 corruptibilia.

1894 737 2032 796 Sunt
2059 750 2241 797 autem
2269 743 2645 814 corruptibilia
2685 743 2738 800 in
2770 743 2925 801 nobis
2953 759 3082 800 caro
3104 784 3120 812 ,
3167 741 3458 799 delectatio
3479 782 3497 819 ,

1898 831 2054 913 voxd
2085 836 2321 892 obnoxia
2353 837 2698 908 passionibus
2724 838 3122 910 corporalibus.
3167 837 3271 893 Per
3301 851 3494 894 vocem

1898 937 2078 985 autem
2113 928 2396 998 passiones
2418 929 2791 1000 intelligimus.
2840 928 2999 987 Unde
3033 929 3288 1005 quoniam
3317 928 3501 983 anima

1899 1032 2084 1079 nostra
2115 1021 2324 1101 διμερής
2378 1033 2482 1091 est,
2534 1025 2634 1080 hoc
2659 1033 2764 1090 est,
2794 1024 3068 1096 bipertita,
3097 1032 3154 1080 et
3179 1021 3505 1080 rationabile

1901 1117 2110 1174 habens
2144 1124 2200 1172 et
2236 1116 2609 1173 irrationabile
2634 1159 2649 1186 ,
2697 1117 2839 1187 quod
2869 1116 3124 1172 dividitur
3150 1131 3250 1187 per
3278 1129 3502 1172 carnem

1900 1223 1952 1267 et
1971 1211 2344 1267 delectationis
2366 1210 2669 1282 corporalis
2694 1211 2996 1276 illecebras,
3022 1218 3357 1282 czeterasqne
3379 1225 3505 1284 pas-

1907 1305 2093 1362 siones
2120 1306 2400 1376 corporis:
2451 1305 2539 1376 qui
2563 1304 2742 1376 justus
2766 1313 2850 1360 est
2875 1304 2960 1358 vir
2983 1345 2998 1370 ,
3032 1303 3355 1360 rationabile
3382 1291 3502 1359 ani-

1904 1415 2006 1454 ma:
2051 1414 2162 1454 suae
2196 1398 2264 1454 ab
2292 1396 2651 1454 irrationabili
2677 1397 2989 1470 disjungere
3027 1395 3189 1452 debet
3234 1410 3296 1451 ac
3320 1410 3506 1469 segre-

1902 1509 2051 1566 gare.
2100 1493 2211 1548 Iloc
2255 1501 2341 1548 est
2377 1492 2524 1549 enim
2561 1491 2712 1547 exire
2755 1490 2823 1547 de
2851 1488 3054 1546 Cbarra
3079 1529 3094 1554 ,
3136 1497 3408 1560 tamquam
3439 1487 3508 1544 de

1904 1587 2152 1642 cavernis
2181 1586 2525 1658 quibusdam,
2555 1595 2609 1641 et
2637 1584 2900 1642 cuniculis
2923 1625 2940 1650 ,
2971 1583 3316 1656 latibulisque
3344 1597 3504 1654 egre-

1904 1679 1979 1735 di.
2037 1679 2230 1735 Latere
2259 1681 2407 1734 enim
2435 1677 2742 1734 criminosa:
2771 1678 3122 1734 conscientiae
3152 1684 3256 1733 est.
3305 1659 3386 1730 Et
3404 1688 3507 1731 nos

270 1750 410 1806 dicio
435 1760 509 1807 est
529 1768 549 1806 :
580 1752 714 1807 unde
742 1751 964 1809 Abraha:
991 1753 1224 1825 exemplo
1257 1752 1327 1807 ad
1371 1751 1596 1808 studium
1639 1751 1795 1806 devo-

1913 1775 2067 1846 igitur
2096 1783 2386 1845 sequentes
2414 1772 2686 1829 Abraham
2718 1789 2974 1838 exeamus
3015 1773 3084 1830 de
3136 1769 3398 1828 latibulis.
3447 1769 3506 1827 Si

270 1846 426 1900 tionis
451 1861 810 1918 provocamur.

270 1959 325 2015 5.
370 1959 595 2030 Magnus
619 1959 780 2032 plane
807 1961 910 2027 vir,
957 1968 1012 2017 et
1039 1960 1332 2016 multarum
1381 1959 1642 2015 virtutum
1685 1958 1799 2014 cla-

197 2065 298 2107 rus
341 2051 680 2123 insignibus,
728 2067 889 2124 quem
941 2054 1084 2109 votis
1131 2054 1246 2108 suis
1293 2051 1642 2122 Philosophia
1688 2066 1796 2107 non

199 2145 442 2214 potuerit
471 2160 706 2216 aequare.
739 2145 980 2216 Denique
1001 2145 1180 2201 minus
1205 2153 1288 2202 est
1313 2143 1456 2212 quod
1497 2143 1586 2200 illa
1620 2144 1795 2212 tinxit,

200 2251 362 2308 quam
394 2238 539 2310 quod
568 2239 672 2295 iste
697 2238 888 2309 gessit,
922 2238 1202 2310 majorque
1221 2238 1511 2294 ambitioso
1541 2238 1802 2309 eloquen-

198 2332 292 2385 tize
322 2328 606 2386 mendacio
632 2330 863 2401 simpiex
909 2330 1158 2387 veritatis
1185 2329 1338 2386 fides.
1390 2329 1579 2401 itaque
1618 2329 1801 2401 cujus-

201 2423 350 2479 modi
379 2423 542 2480 fuerit
570 2424 623 2480 in
668 2439 735 2481 eo
783 2425 899 2480 viro
941 2424 1200 2490 devotio,
1245 2423 1672 2480 consideremus.
1724 2423 1801 2479 Ea

199 2516 349 2572 enim
377 2517 550 2573 virtus
573 2517 767 2574 ordine
798 2518 970 2589 prima
997 2529 1104 2586 est,
1132 2534 1254 2590 qua:
1279 2527 1364 2574 est
1393 2517 1800 2574 fundamentum

201 2619 524 2666 ceterarum
557 2629 572 2668 :
612 2613 918 2684 meritoque
958 2613 1098 2668 hanc
1138 2613 1208 2668 ab
1251 2627 1319 2668 eo
1349 2612 1576 2682 primam
1624 2610 1805 2683 exegit

205 2703 349 2763 Deus
375 2706 600 2763 dicens:
633 2705 736 2762 Exi
765 2708 829 2762 de
855 2716 992 2762 terra
1022 2719 1133 2771 tua,
1177 2716 1226 2762 et
1255 2706 1318 2761 de
1343 2707 1648 2778 cognatione
1690 2717 1802 2774 tua,

1903 1867 2044 1924 etaim
2087 1866 2183 1922 ﬁlii
2210 1865 2444 1922 Abrab:e
2481 1882 2671 1923 sumus
2695 1908 2710 1933 ,
2737 1882 2900 1938 opera
2929 1867 3164 1924 Abrahae
3202 1864 3462 1921 faciamus
3489 1881 3505 1931 ;

1903 1970 1961 2017 ut
1988 1961 2209 2017 luceant
2231 1975 2395 2031 opera
2419 1971 2601 2016 nostra
2633 1976 2816 2017 coram
2858 1960 2972 2017 Deo
2995 2003 3012 2030 ,
3037 1969 3091 2017 et
3115 1975 3300 2015 coram
3331 1957 3511 2016 homi-

1902 2056 2085 2112 nibus.
2131 2055 2320 2112 Justus
2343 2054 2474 2111 dicit
2501 2071 2663 2127 Opera
2691 2071 2785 2113 sua
2831 2052 2945 2126 regi
2990 2073 3004 2111 :
3054 2063 3309 2132 peccator
3357 2052 3504 2125 seip-

1903 2169 2021 2209 sum
2051 2152 2308 2218 occultat,
2340 2151 2482 2208 sicut
2511 2149 2684 2208 Adam
2715 2165 2774 2206 se
2801 2149 3081 2205 occultare
3109 2149 3385 2221 cupiebat,
3411 2147 3509 2204 sed

1902 2247 2074 2304 latere
2100 2264 2206 2304 non
2240 2255 2472 2321 poterat.
2509 2245 2693 2302 Paruit
2723 2246 2905 2316 itaque
2932 2243 3205 2301 Abraham
3227 2240 3510 2310 mandato,

1904 2357 2007 2399 nec
2038 2342 2144 2397 ulla
2173 2342 2371 2411 legitur
2403 2355 2552 2396 mora
2581 2339 2959 2395 intervenisse.

1976 2438 2028 2495 5.
2084 2436 2338 2511 Egressus
2366 2434 2740 2508 perambulavit
2785 2443 2974 2488 terram
3011 2448 3176 2503 usque
3202 2430 3271 2487 ad
3301 2429 3512 2488 Sicltem

1906 2529 2059 2604 (Gen.
2094 2545 2192 2595 xtt,
2221 2527 2302 2601 6),
2331 2527 2474 2598 quod
2507 2527 2956 2598 interpretatione
2985 2526 3149 2582 latina
3181 2523 3381 2582 dicitur
3409 2523 3509 2579 bu-

1903 2637 2090 2680 merus
2117 2622 2199 2678 vel
2231 2622 2415 2678 cervix
2445 2663 2459 2686 ,
2491 2635 2592 2692 per
2615 2635 2736 2696 quae
2766 2619 3171 2688 exsecutionem
3202 2615 3510 2691 praescripti

1905 2714 2090 2788 operis
2117 2714 2492 2784 intelligimus.
2517 2711 2794 2784 Siquidem
2816 2720 2871 2768 et
2894 2711 3032 2767 infra
3059 2709 3322 2779 habemus
3340 2708 3508 2780 scrip-

204 2804 252 2850 ct
281 2796 347 2851 de
368 2797 522 2853 domo
547 2799 709 2869 patris
731 2800 808 2853 tui
839 2799 993 2872 (Gen.
1011 2815 1109 2863 xu,
1133 2797 1209 2869 1).
1225 2799 1374 2854 Satis
1398 2797 1577 2854 fuerat
1602 2797 1806 2854 dixisse

1913 2818 2020 2864 lum
2048 2825 2061 2862 :
2098 2807 2388 2878 Supposuit
2417 2806 2689 2859 humerum
2710 2821 2863 2859 suum
2889 2805 2958 2858 ad
2980 2801 3324 2860 laborandum
3347 2799 3508 2875 (Gen.

203 2885 277 2944 de
324 2896 470 2944 terra
502 2897 616 2944 tua.
664 2890 738 2944 lbi
788 2893 934 2947 enim
983 2900 1100 2947 erat
1145 2893 1295 2948 exire
1340 2892 1412 2948 de
1438 2891 1764 2962 cognatione
1788 2931 1804 2957 ,
1909 2919 2057 2967 χιιι,
2092 2901 2161 2959 15
2186 2899 2227 2972 ),
2260 2901 2416 2958 Unde
2441 2917 2539 2973 per
2571 2902 2795 2973 ﬁguram
2830 2902 3069 2956 locorum
3111 2899 3163 2956 id
3192 2913 3512 2972 expressum

204 2981 359 3038 exire
383 2981 454 3038 de
478 2993 700 3054 paterna
721 2983 890 3038 domo
922 2985 938 3038 ξ
967 2982 1219 3039 sed'ideo
1237 2983 1440 3038 addidit
1467 2982 1679 3054 singula
1705 3025 1719 3050 ,
1751 2991 1811 3038 ιιι
1912 2994 2246 3050 advertimus
2269 3037 2284 3059 ,
2335 2979 2479 3066 quod
2528 2993 2871 3049 devotionem
2910 3008 3062 3049 suam
3092 3000 3313 3049 sanctus
3339 2991 3516 3062 Abra.

205 3074 328 3146 ejus
351 3075 604 3132 allectum
622 3077 784 3151 283
811 3077 1067 3148 probaret
1085 3093 1153 3134 ne
1183 3080 1320 3133 forte
1338 3086 1365 3114 ⁸
1390 3086 1482 3134 aut
1507 3076 1812 3148 impruden-

1916 3087 2038 3142 hatn
2082 3102 2189 3144 non
2220 3087 2396 3142 solum
2441 3085 2661 3156 studio,
2695 3085 2789 3143 sed
2830 3085 2992 3141 etiam
3035 3084 3276 3140 efﬁcacia
3317 3085 3516 3160 proba-

205 3169 546 3239 temcepisse
560 3171 859 3238 videretur,
883 3179 976 3226 aut
994 3169 1140 3226 fraus
1162 3170 1342 3242 aliqua
1365 3170 1634 3227 mandatis
1650 3185 1809 3242 para-
1837 3174 1883 3240 C
1915 3182 2054 3238 νει-ξι
2081 3180 2358 3237 fructuosa
2381 3222 2397 3248 ,
2431 3194 2538 3252 qua
2586 3178 2653 3234 ad
2697 3193 2954 3250 quercum
2983 3191 3153 3249 usque
3184 3174 3516 3247 pervenerit.

204 3272 360 3320 retur
385 3265 720 3322 ccelestibus.
749 3265 860 3322 Sed
882 3265 1024 3321 sicut
1044 3264 1414 3321 coacervanda
1433 3263 1648 3321 fuerunt
1670 3277 1809 3336 pra:-

203 3367 364 3429 cepta
394 3398 411 3425 ,
440 3373 510 3414 ne
535 3357 663 3429 quid
695 3357 890 3413 lateret
931 3374 946 3410 :
993 3357 1064 3413 ita
1091 3358 1256 3415 etiam
1288 3357 1640 3429 proponenda
1672 3371 1810 3427 prtev

146 3525 151 3531 ι
205 3450 339 3531 mia,
372 3465 443 3508 ne
475 3451 614 3507 forte
641 3449 982 3522 desperaret.
1011 3450 1275 3507 Tentatur
1301 3459 1359 3507 ut
1381 3450 1538 3508 fortis
1563 3490 1579 3518 ,
1611 3450 1807 3506 incita-

204 3529 383 3602 tur‘ut
407 3546 604 3613 fidelis,
637 3544 666 3584 δ
699 3553 1023 3616 provocatur
1051 3554 1110 3600 ut
1136 3545 1334 3616 justus,
1367 3547 1669 3615 meritoque
1696 3544 1809 3600 exi-

206 3641 286 3696 vit
315 3639 772 3712 quemadmodum
798 3640 1010 3696 locutus
1038 3647 1124 3702 est
1152 3639 1225 3694 illi
1260 3640 1536 3695 Dominus.

276 3731 334 3788 4.
365 3731 437 3789 Et
457 3735 610 3790 exiuit
631 3750 746 3788 cum
769 3749 826 3789 eo
855 3731 986 3787 Loth
1014 3729 1204 3803 (Ibid.,
1228 3733 1308 3804 Δ).
1327 3732 1443 3788 tloc
1455 3741 1636 3788 autem
1659 3729 1804 3804 quod

205 3839 309 3896 pro
341 3842 540 3898 magno
569 3825 711 3881 inter
736 3833 944 3897 septem
970 3824 1286 3894 Sapientum
1323 3825 1466 3880 dicta
1499 3824 1809 3880 celebratur

206 3916 337 3975 i'rrou
365 3927 498 3993 Θεῷ,
529 3918 584 3974 id
609 3927 713 3983 est,
740 3933 966 3990 sequere
999 3918 1190 3986 Deum,
1221 3917 1441 3988 perfecit
1460 3929 1482 3957 ο
1511 3917 1807 3985 Abraham,

207 4010 463 4082 factoque
489 4005 980 4080 Sapientum'dicta
1012 4009 1293 4080 praevertit,
1328 4017 1384 4065 et
1405 4019 1620 4067 secutus
1645 4010 1810 4064 Deum

209 4106 382 4163 exivit
401 4107 472 4164 de
503 4115 650 4163 terra
680 4121 798 4162 sua.
826 4104 935 4162 Sed
958 4105 1080 4176 quia
1103 4112 1227 4160 ante
1249 4113 1389 4161 terra
1417 4105 1468 4160 ei
1493 4103 1666 4159 fuerat
1686 4104 1812 4172 alia,

211 4197 316 4255 hoc
341 4208 426 4256 est
450 4243 464 4266 ,
497 4199 649 4270 regio
677 4196 1052 4254 Chaldaeorum
1077 4195 1150 4253 de
1177 4212 1282 4268 qua
1319 4195 1486 4252 exivit
1507 4195 1688 4252 Thare
1715 4195 1816 4250 Pa-

212 4299 294 4347 ter
321 4293 559 4349 Abrahae
585 4334 600 4358 ,
631 4291 766 4349 etin
797 4291 1057 4346 Gharram
1088 4289 1450 4360 demigravit;
1483 4300 1536 4345 et
1573 4289 1698 4361 quia
1729 4305 1816 4346 se-

209 4397 331 4440 cum
360 4386 553 4443 eduxit
585 4395 838 4456 nepotem
866 4400 1023 4439 suum
1049 4425 1064 4452 ,
1095 4383 1182 4439 cui
1211 4381 1414 4439 dictum
1463 4384 1640 4439 fuerat
1669 4399 1682 4436 :
1717 4381 1816 4437 Exi

210 4479 273 4533 de
291 4482 600 4552 cognatione
621 4489 708 4535 tua
731 4497 750 4547 ;
771 4479 1180 4536 consideremus
1207 4493 1274 4534 ne
1291 4477 1430 4534 forte
1451 4479 1551 4533 hoc
1571 4478 1640 4533 sit
1664 4476 1816 4533 exire

1912 3273 2204 3349 2840υο
2231 3275 2351 3331 loco
2369 3275 2620 3345 apparuit
2643 3272 2721 3328 illi
2745 3272 3028 3342 Dominus,
3049 3281 3101 3342 et
3121 3270 3261 3327 dixit
3284 3288 3297 3326 :
3317 3269 3518 3327 Semini

1911 3379 1998 3424 tuo
2019 3369 2154 3424 dabo
2175 3378 2364 3423 terram
2391 3366 2525 3421 hanc
2543 3365 2700 3440 (Gen.
2719 3381 2816 3432 xtt,
2833 3366 2864 3420 7
2874 3382 2911 3434 ).
2936 3363 3073 3422 Vide
3093 3361 3366 3436 quomodo
3387 3377 3519 3433 pro-

1911 3463 2080 3518 misso
2111 3460 2384 3533 frequenti
2425 3472 2697 3531 tamquam
2727 3459 3024 3526 invalidum
3053 3457 3232 3514 adhuc
3259 3455 3516 3512 informet

1910 3563 2075 3625 atque
2100 3553 2380 3620 instituat;
2429 3561 2486 3609 et
2517 3563 2540 3591 ο
2573 3537 2690 3624 ipse
2721 3566 2930 3608 memor
2955 3553 3038 3608 sui
3083 3560 3253 3618 totum
3287 3550 3398 3606 Deo
3423 3547 3521 3606 de-

1911 3655 2083 3718 putet,
2117 3644 2250 3701 nihil
2277 3643 2380 3701 sibi
2405 3645 2660 3708 vindicet.
2695 3644 2821 3700 Ideo
2835 3653 2888 3700 et
2912 3641 3510 3716 aramwdiﬁcauitDco,

1911 3741 2000 3813 qui
2039 3741 2284 3812 apparuit
2335 3738 2424 3805 ei;
2465 3747 2518 3793 et
2565 3737 2771 3794 recessit
2816 3738 2936 3792 inde
2980 3738 3035 3792 in
3079 3747 3298 3792 montem
3339 3744 3521 3792 contra

1917 3833 2179 3888 Orientem
2205 3830 2386 3887 Bethel
2413 3829 2640 3902 (lbid.),
2668 3839 2975 3902 surgentem
3003 3829 3178 3885 adhuc
3209 3828 3312 3885 sibi
3343 3827 3515 3884 solem

1914 3927 2137 3998 cupiens
2164 3924 2388 3998 justitiae
2414 3923 2620 3978 videre.
2647 3922 2879 3993 Ideoque
2911 3938 3017 3977 non
3052 3923 3104 3977 in
3136 3921 3388 3987 vallibus,
3418 3918 3517 3977 sed

1917 4018 1969 4074 in
1995 4029 2180 4073 monte
2211 4015 2620 4074 tabernaculum
2650 4001 2757 4070 sibi
2783 4013 2999 4082 locavit,
3034 4013 3157 4092 quia
3188 4013 3328 4070 Deus
3355 4027 3516 4070 mon-

1918 4111 2049 4168 tium
2078 4118 2183 4174 est,
2211 4118 2267 4166 et
2297 4125 2403 4163 non
2431 4107 2672 4163 vallium.
3051 4093 3054 4096 ’

1989 4203 2044 4260 6.
2078 4203 2143 4258 Et
2169 4203 2424 4258 invocavit
2450 4219 2635 4258 nomen
2661 4198 2874 4256 Domini
2893 4200 2912 4273 (
2932 4198 3073 4258 Ibid.
3097 4241 3114 4269 ,
3137 4198 3234 4273 8).
3287 4199 3389 4258 Ubi
3417 4199 3520 4258 Be-

1918 4297 2031 4353 thel
2061 4339 2075 4363 ,
2105 4296 2156 4352 id
2188 4305 2274 4352 est
2301 4336 2316 4360 ,
2349 4295 2545 4350 domus
2574 4293 2708 4361 Dei,
2738 4294 2806 4350 ibi
2834 4303 2888 4350 et
2913 4309 3005 4350 ara
3036 4311 3050 4348 :
3080 4293 3170 4350 ubi
3196 4308 3289 4350 ara
3313 4337 3329 4364 ,
3365 4293 3436 4350 ibi
3457 4303 3525 4354 .et

1919 4385 2188 4443 invocatio
2237 4386 2337 4442 Dei
2381 4385 2576 4442 nostri.
2629 4384 2745 4442 Non
2797 4384 3180 4457 immeritoque
3235 4400 3524 4457 processus

1922 4488 2101 4536 tantos
2127 4479 2336 4545 habuit,
2369 4478 2492 4548 quia
2521 4479 2688 4534 Deum
2718 4478 2971 4550 sperabat
3000 4477 3102 4533 sibi
3133 4478 3335 4534 auxilio
3378 4479 3518 4536 fore.

210 4569 278 4627 de
309 4581 452 4629 terra
513 4588 610 4629 sua
641 4574 710 4628 de
742 4572 902 4643 hujus
931 4581 1128 4640 terras,
1178 4570 1282 4627 hoc
1311 4579 1392 4626 cst
1414 4611 1429 4637 ,
1481 4569 1550 4626 de
1572 4569 1818 4640 corporis
1843 4576 1897 4638 Β
1923 4573 2222 4630 Exercetnr
2246 4571 2450 4636 athleta
2481 4569 2599 4639 Dei,
2631 4581 2687 4626 et
2711 4569 2730 4608 τ
2761 4571 3021 4641 probatur
3053 4571 3324 4627 adversis:
3354 4571 3406 4626 in
3430 4570 3526 4628 de-

212 4666 385 4723 nostri
414 4667 647 4739 quadam
686 4666 1118 4722 commoratione
1144 4663 1370 4736 egredi,
1421 4663 1489 4721 de
1516 4680 1617 4736 qua
1648 4666 1818 4720 exivit

213 4757 410 4817 Paulus
448 4763 542 4834 qui
574 4761 706 4818 dixit
746 4777 760 4814 :
814 4759 1012 4816 Nostra
1040 4769 1211 4814 autem
1241 4759 1557 4814 conversatio
1587 4760 1641 4814 in
1677 4761 1816 4815 catus

214 4863 289 4907 est
310 4853 539 4927 (Philip.
574 4871 631 4910 ιιι
657 4898 673 4920 ,
703 4854 804 4925 10)
830 4871 845 4921 ;
877 4865 933 4911 et
963 4854 1032 4910 de
1062 4851 1330 4910 illecebris
1353 4862 1410 4909 et
1434 4852 1813 4908 delectationi-

216 4945 316 5004 bus
339 4949 718 5021 corporalibus
746 4965 879 5018 quas
905 4948 1056 5006 velut
1084 4954 1342 5019 cognatas
1372 4949 1567 5005 animae
1614 4957 1815 5003 nostrae

216 5038 374 5108 dixit,
404 5060 566 5116 quam
591 5045 826 5116 compati
855 5058 1083 5100 necesse
1108 5051 1191 5099 est
1214 5041 1468 5112 corpori,
1499 5040 1673 5097 donec
1698 5041 1818 5112 ejus

217 5134 466 5208 colligata
493 5136 708 5193 vinculo
737 5136 1000 5195 adhaeret.
1060 5135 1204 5210 Ergo
1245 5134 1400 5193 exire
1431 5133 1498 5191 de
1527 5149 1818 5194 conversa—

293 5299 321 5368 ἐι
349 5297 490 5354 Edit.
526 5313 736 5358 omnes.
757 5312 820 5354 ac
849 5296 1005 5368 pauci
1037 5312 1167 5355 mss.
1197 5296 1550 5365 imprudenter
1576 5295 1812 5364 coepisse.

219 5367 325 5427 Alii
359 5385 494 5426 vero
524 5370 714 5438 maiori
745 5367 968 5425 numero
989 5380 1042 5424 et
1069 5371 1412 5438 auctoritate,
1435 5370 1816 5440 imprudentem

221 5443 435 5497 cepisse.
459 5442 562 5497 hoc
588 5451 692 5497 est.
725 5441 1021 5497 decepisse.

221 5459 435 5514 cepisse.
459 5457 562 5498 uoc
588 5457 692 5506 esr,
725 5457 1021 5512 decepisse.

232 5591 244 5602 ο
293 5513 320 5553 ι)
356 5515 484 5572 Era.
529 5515 582 5571 in
623 5522 804 5581 textu,
841 5526 894 5570 et
925 5512 1053 5570 Gill.
1087 5511 1142 5570 in
1170 5513 1411 5585 margine
1434 5554 1450 5582 ,
1489 5513 1738 5586 probatur
1762 5523 1818 5569 ut

212 5600 439 5716 1ωέιῖἐῆ
467 5659 600 5717 edit.
633 5658 791 5714 Rom.
826 5673 892 5716 ex
919 5655 1042 5712 Vat.
1070 5655 1193 5729 eod.
1241 5672 1274 5713 a
1310 5656 1507 5729 quibus
1526 5672 1686 5728 quam
1719 5656 1821 5712 mi-

224 5730 426 5788 nimum
456 5732 613 5787 abest
640 5730 840 5801 Regius
868 5731 920 5785 in
956 5743 1065 5800 quo
1105 5728 1304 5798 legitur
1332 5728 1368 5801 ,7
1380 5729 1592 5799 perfecit
1619 5746 1638 5785 :
1661 5729 1819 5800 factis

226 5800 1130 5874 enimAbraham.Sapicntunt,.etc.
1163 5800 1574 5874 Reliquiauteut
1606 5816 1738 5862 mss.
1763 5812 1821 5859 et

1923 4679 2126 4725 sertum
2152 4667 2284 4722 abiit
2310 4709 2326 4734 ,
2357 4666 2526 4721 fames
2559 4663 2747 4720 incidit
2773 4707 2787 4730 ,
2819 4665 2871 4720 in
2898 4663 3190 4737 [Egyptum
3219 4663 3521 4721 descendit.

1922 4764 2274 4832 Compererat
2298 4763 2350 4815 in
2385 4759 2620 4832 Egypto
2648 4759 2908 4816 lascivam
2936 4775 3056 4819 esse
3077 4759 3336 4833 juvenum
3369 4759 3527 4816 luxu-

1922 4856 2080 4921 riam,
2116 4853 2451 4926 petulantem
2481 4853 2862 4923 cupiditatem,
2892 4854 3230 4925 voluptatum
3260 4856 3527 4925 intempe-

1923 4949 2172 5004 rantiam.
2221 4946 2553 5002 Advertebat
2583 4948 2740 5005 inter
2770 4946 3078 5018 huiusmodi
3119 4947 3265 5003 viros
3295 4948 3524 5004 intutam

1924 5042 2109 5098 uxoris
2140 5041 2452 5114 pudicitiam
2487 5039 2627 5107 fure,
2657 5038 2865 5112 sibique
2894 5041 3138 5112 conjugis
3170 5038 3527 5112 pulchritudi-

1924 5152 2049 5196 nem
2083 5135 2326 5208 periculo
2353 5134 2591 5192 futuram
2619 5151 2632 5190 :
2661 5135 2868 5198 monuit
2903 5149 3124 5191 uxorem
3143 5173 3159 5201 ,
3177 5143 3253 5204 ut
3277 5148 3528 5194 sororem

1924 5296 2055 5352 edit.
2088 5296 2292 5351 omisso
2312 5337 2326 5360 ,
2361 5295 2573 5364 perfecit
2600 5312 2620 5363 ;
2651 5294 2856 5367 legunt,
2888 5296 3124 5366 factoque
3148 5293 3394 5367 praeuenit
3421 5295 3527 5351 Ab-

1926 5371 2110 5440 raham
2134 5367 2462 5440 Sapientum,
2492 5377 2598 5424 etc.

1999 5438 2024 5478 ἀ
2057 5437 2370 5511 Ιὶοιιιζέθάίι.
2398 5480 2412 5504 ,
2453 5439 2675 5511 obnoxia
2713 5437 3048 5511 passionibus
3078 5438 3523 5511 corruptibiiibus.

2003 5522 2026 5551 ο
2056 5511 2183 5582 Mss.
2220 5509 2364 5578 Vat.,
2405 5511 2624 5581 ch.-ac
2649 5508 2807 5564 Rom.
2835 5509 2968 5582 edit.
3001 5508 3070 5564 Et
3115 5508 3526 5582 ipse-immemor

1925 5585 2027 5640 sui.
2057 5581 2174 5640 Non
2207 5586 2366 5638 male.
2407 5584 2600 5638 Melius
2633 5591 2808 5637 tamen
2839 5581 2933 5635 alii
2971 5596 3103 5652 mss.
3133 5581 3296 5652 atque
3315 5583 3523 5642 edit....

1927 5655 2238 5728 mentorsui,
2272 5655 2324 5710 id
2352 5652 2810 5728 est,_conditionis
2835 5662 2888 5706 et
2916 5651 3246 5728 infirmitatis
3269 5659 3522 5728 propriae.

2007 5727 2024 5802 ῐ
2081 5727 2154 5783 Ita
2187 5722 2281 5802 sex
2315 5741 2447 5782 mss.
2474 5722 2732 5802 melioris
2775 5733 2937 5802 notae.
2989 5726 3095 5802 Alii
3139 5722 3320 5802 autem
3361 5722 3526 5802 atque

1927 5799 2060 5858 edit.
2088 5797 2387 5856 aduratur
2414 5797 2643 5854 admis
2666 5834 2682 5854 .
2713 5833 2728 5853 .
2763 5833 2778 5852 .
2813 5835 2826 5851 .
2849 5797 3264 5870 {ammincidit.
