4082 6370
615 315 726 374 425
1965 311 2204 372 SANCTI

2310 311 2580 370 MBROSII
3842 313 3954 371 424

611 451 674 491 se
719 435 946 489 (liceret.
992 432 1106 502 Quo
1157 431 1381 486 docetur
1425 443 1531 483 non
1579 441 1907 500 magnOpere
1956 429 2213 485 decorem
2242 436 2291 497 Α
2319 443 2636 500 sumpseram
2673 443 2785 480 eam
2826 425 2952 481 mihi
2988 427 3248 482 uxorem?
3278 425 3349 482 Et
3399 445 3539 483 nunc
3581 444 3704 483 ecce
3755 432 3951 483 mulier

608 527 857 596 conjugis
885 522 1252 596 quaarendum,
1273 522 1362 592 qui
1390 521 1504 576 viro
1535 536 1720 575 necem
1768 521 2084 592 plerumque
2125 525 2206 592 gi-
2315 532 2404 576 tua
2431 532 2548 575 ante
2571 531 2617 574 te
2645 520 2832 593 (Ibid.,
2859 520 3011 584 18,et
3035 520 3144 593 l9).
3171 518 3284 575 Etsi
3314 531 3509 575 natura
3544 520 3702 576 ferus
3729 537 3799 575 ac
3825 521 3950 576 bar-

605 635 776 690 gnere
795 615 1082 674 solet.Non
1099 617 1242 671 enim
1268 622 1376 670 tam
1401 613 1744 684 pulchritudo
1767 614 2206 686 mulieris,quatn
2317 613 2504 680 barus,
2555 621 2733 668 tamen
2772 613 3041 683 significat
3085 612 3248 668 etiam
3279 611 3305 648 ά
3336 614 3544 668 exteris
3583 628 3650 668 ac
3687 612 3946 667 barbaris

609 715 785 768 virtus
812 712 926 782 ejus
955 719 1010 766 et
1055 711 1292 782 gravitas
1320 707 1556 764 delectat
1584 709 1779 764 virmn.
1831 709 1930 777 Qui
1970 710 2208 765 suavita-

608 806 714 862 tem
746 805 1197 878 quaaritcoujugii
1227 846 1240 871 ,
1274 813 1301 842 α
1346 820 1452 860 non
1498 805 1840 876 superiorem
1886 820 2050 860 censu
2096 820 2211 860 am-

604 899 719 955 biat
747 942 763 968 ,
807 883 964 970 quam
997 899 1348 956 necessitates
1388 915 1495 954 non
1544 909 1761 955 teneant
1793 899 2110 954 maritales:
2164 898 2209 954 si

615 1009 724 1049 non
759 991 1050 1048 monilibus
1079 1003 1346 1058 ornatam,
1381 991 1477 1048 sed
1509 993 1771 1048 moribus.
1824 990 2062 1046 Otl‘endit
2091 991 2208 1060 ple-

607 1104 839 1158 rumque
873 1088 1048 1143 virum
1074 1130 1090 1154 ,
1120 1088 1165 1143 si
1194 1102 1253 1144 se
1286 1103 1422 1142 uxor
1452 1086 1773 1142 nobiliorem
1807 1087 2034 1141 noverit.
2085 1084 2211 1141 Haec

608 1182 855 1251 proxima
872 1180 1142 1250 superbia:
1166 1189 1310 1234 sunt.
1341 1180 1474 1235 Sara
1500 1195 1607 1234 non
1635 1178 1982 1233 facultatibus
2010 1177 2174 1232 ditior
2194 1219 2209 1245 ,

602 1291 715 1330 non
740 1289 940 1346 genere
979 1273 1318 1345 Splendidior
1362 1282 1524 1338 erat;
1575 1271 1697 1326 ideo
1749 1271 1920 1325 virum
1949 1271 2209 1340 imparetn

604 1383 713 1422 ltou
749 1367 993 1439 putabat,
1020 1365 1144 1422 ideo
1172 1366 1326 1437 quasi
1353 1381 1536 1436 parem
1566 1365 1734 1435 gratia
1763 1364 2054 1435 diligebat,
2089 1363 2211 1420 ideo

602 1480 712 1518 non
745 1479 914 1518 censu
943 1472 1028 1518 est
1053 1471 1260 1516 retenta
1281 1503 1296 1528 ,
1327 1477 1432 1516 non
1471 1461 1784 1531 parentibus
1809 1501 1822 1525 ,
1858 1476 1962 1514 non
1994 1457 2213 1529 propin-

600 1558 726 1628 quis
752 1599 766 1623 ,
798 1557 894 1612 sed
929 1557 1101 1611 virum
1136 1555 1410 1627 proprium
1441 1571 1781 1626 quocumque
1814 1564 2087 1626 pergeret,
2125 1569 2209 1608 se-

601 1652 872 1724 quebatur
913 1670 927 1707 :
972 1663 1194 1708 externa
1223 1650 1390 1718 adiit,
1421 1665 1664 1706 sororem
1698 1666 1756 1705 se
1784 1649 1902 1719 cjus
1924 1648 2164 1703 adseruit
2189 1687 2204 1714 ,

603 1757 864 1802 contenta
912 1746 958 1802 si
988 1746 1060 1801 ita
1091 1754 1238 1801 esset
1266 1760 1514 1809 necesse,
1543 1760 1603 1800 se
1636 1743 1928 1814 periclitati
1963 1744 2167 1811 pudore
2188 1781 2204 1808 ,

2311 711 2556 765 moribus
2583 723 2704 765 esse
2734 723 2920 764 curam
2955 707 3178 779 pudoris
3201 751 3216 776 ,
3247 718 3302 764 et
3324 707 3590 764 adulterii
3621 709 3806 764 etiam
3836 708 3942 763 sibi

2318 803 2525 858 crimen
2556 800 2880 858 cavendum.
2913 801 3014 870 Qui
3044 801 3332 872 prmtendit
3363 801 3743 874 ignorantiam
3765 843 3782 866 ,
3812 816 3940 857 con-

2315 895 2538 952 demnat
2569 897 3069 967 intemperantiam.
3097 894 3208 951 Nec
3237 895 3434 950 mirum
3464 895 3511 951 si
3538 895 3829 950 barbarus
3853 896 3938 965 jus

2315 989 2463 1045 novit
2512 998 2763 1045 naturai:
2818 996 2964 1044 muta
3005 987 3264 1044 animalia
3299 997 3322 1025 ε
3367 1004 3489 1060 quae
3537 990 3716 1044 nullis
3750 999 3938 1045 tenen-
4032 1059 4033 1062 η

2315 1091 2404 1138 tur
2437 1083 2650 1154 legibus
2674 1123 2690 1148 ,
2731 1092 2857 1138 sunt
2888 1091 3068 1138 tamen
3115 1082 3292 1154 aliqua
3325 1098 3447 1154 qua:
3479 1098 3590 1139 non
3624 1084 3814 1138 solum
3849 1100 3935 1154 p.1-

2314 1178 2464 1234 ribus
2494 1177 2606 1233 suis
2644 1177 2854 1248 cOpultc
2894 1187 3116 1234 servent
3155 1177 3356 1243 fidem;
3389 1193 3583 1234 verum
3617 1179 3796 1234 etiam
3827 1179 3933 1234 coi-

2314 1277 2400 1326 tus
2439 1271 2599 1348 unius
2623 1271 2926 1326 castitatem
2965 1270 3295 1326 custodiant.
3340 1270 3418 1327 Ita
3475 1272 3654 1342 major
3697 1272 3792 1327 lex
3836 1290 3925 1327 na-

2316 1373 2488 1432 tura),
2547 1380 2709 1435 quam
2768 1363 2946 1435 legum
2994 1363 3336 1435 pra-scriptio
3387 1374 3496 1419 est.
3548 1365 3670 1420 Non
3735 1367 3924 1419 mirum

2313 1475 2443 1530 ergo
2474 1462 2517 1514 si
2558 1471 2611 1516 et
2652 1460 2754 1514 iste
2795 1459 3084 1531 Egyptius
3124 1475 3216 1514 rex
3262 1459 3433 1514 Deum
3476 1459 3658 1514 timuit
3700 1462 3799 1528 qui
3841 1459 3927 1515 bo-

2315 1553 2514 1608 miuem
2567 1568 2674 1607 non
2723 1553 2981 1618 timebat,
3031 1563 3085 1608 et
3144 1567 3356 1622 ptenam
3414 1552 3581 1609 solvit
3627 1553 3924 1618 adulterii,

2313 1650 2404 1719 qui
2459 1647 2620 1703 nullis
2674 1663 2804 1703 reus
2843 1646 3130 1703 tenebatur
3184 1646 3394 1718 legibus
3437 1664 3450 1697 :
3495 1649 3804 1716 statimque
3845 1648 3921 1702 ubi

2313 1741 2544 1796 alienam
2585 1754 2709 1795 esse
2761 1740 3013 1810 cognovit
3065 1754 3288 1794 uxorem
3317 1781 3333 1806 ,
3375 1753 3483 1794 non
3544 1741 3732 1794 solum
3777 1738 3923 1793 mari-

605 1855 770 1910 quam
797 1840 970 1894 virum
997 1839 1190 1895 salute.
1225 1836 1292 1894 Ut
1322 1846 1563 1894 tueretur
1590 1837 1840 1891 maritum
1869 1835 2093 1890 tuentita
2126 1845 2209 1888 est
2239 1847 2288 1908 Β
2317 1841 2370 1886 ιο
2433 1832 2706 1901 reddidit,
2769 1847 2957 1888 verum
3001 1833 3162 1887 etiam
3204 1841 3591 1904 prosccutores
3628 1832 3791 1888 dedit
3845 1833 3921 1903 qui

605 1931 1059 2002 germanitatem;
1114 1948 1183 1987 nc
1237 1931 1584 1986 insidiatores
1625 1929 1847 2001 pudoris
1900 1927 2018 1998 ejus
2069 1937 2207 1982 tam-

603 2042 766 2100 quam
795 2027 1047 2082 :entulum
1080 2038 1133 2082 et
1158 2025 1428 2081 vindicem
1450 2024 1635 2079 uxoris
1658 2032 1936 2080 necarent.
1972 2023 2210 2092 Denique

607 2119 770 2176 simul
802 2128 860 2173 ut
891 2117 1141 2174 viderunt
1163 2117 1312 2173 illam
1340 2115 1605 2190 Egyptii,
1633 2116 1884 2170 admirati
1914 2115 2056 2184 quod
2089 2129 2212 2181 Spe-

611 2212 761 2268 ciosa
791 2221 933 2269 esset
954 2211 1142 2279 valde,
1179 2210 1519 2267 induxerunt
1545 2209 1689 2263 illam
1721 2209 1786 2263 ad
1821 2223 2000 2278 regem
2029 2221 2206 2271 suum,

599 2318 657 2362 et
705 2322 825 2363 cum
852 2305 1129 2362 Abraham
1178 2305 1312 2359 bene
1356 2310 1620 2374 egerunt,
1673 2311 1944 2371 tamquam
1987 2299 2208 2354 fratrem

602 2401 725 2470 ejus
754 2417 872 2470 qum
901 2399 1197 2468 placuisset
1225 2397 1360 2467 regi,
1391 2395 1742 2450 honorantes.

675 2493 730 2546 7.
775 2491 986 2562 Afﬂixit
1024 2501 1194 2544 autem
1237 2487 1484 2541 Dominus
1531 2484 1743 2540 Pharao
1785 2483 2210 2556 afﬂictationibus

605 2585 808 2657 magnis
838 2594 885 2636 et
917 2583 1246 2646 stevissimis,
1298 2589 1344 2634 et
1384 2579 1591 2633 domum
1633 2581 1743 2652 ejus
1790 2589 1996 2648 propter
2024 2578 2211 2633 Suram

599 2693 816 2733 uxorem
835 2676 984 2730 Abra:
1016 2673 1280 2748 (Gen.xu,
1312 2673 1422 2744 l7).
1451 2673 1698 2744 Magnum
1724 2672 2088 2728 testimonium
2109 2672 2209 2726 do-

601 2777 1026 2838 cumentumque
1050 2766 1076 2806 ι)
1105 2766 1370 2823 castitatis
1403 2766 1636 2821 tuendae.
1665 2764 1839 2820 Locus
1869 2765 1939 2820 ita
1965 2764 2208 2820 hortato-

604 2867 723 2924 rius
748 2908 763 2934 ,
821 2873 880 2920 ut
910 2863 1278 2934 unusquisque
1307 2877 1366 2917 se
1395 2869 1604 2916 castum
1648 2861 1886 2931 praebeat
1913 2900 1927 2925 ,
1974 2860 2211 2914 alienum

611 2976 722 3016 non
753 2957 966 3014 ali'ectet
997 2958 1210 3013 tliorum
1237 2997 1252 3023 ,
1307 2971 1408 3012 nec
1434 2953 1635 3010 latendi
1663 2969 1760 3026 spe
1788 2997 1802 3021 ,
1850 2964 1940 3009 aut
1983 2953 2210 3009 faciendi

611 3053 936 3124 impunitate
968 3063 990 3090 ο
1020 3052 1250 3107 alienam
1284 3065 1510 3106 uxorem
1539 3048 1808 3116 incessat,
1856 3063 1962 3104 non
2005 3046 2208 3103 incuria

603 3156 699 3202 aut
725 3145 950 3200 stultitia
975 3152 1304 3216 provocetur
1330 3143 1532 3208 mariti,
1550 3153 1639 3199 aut
1663 3142 1910 3198 absentia
1938 3141 2204 3214 longiore.

2314 1926 2648 1983 deducerent
2685 1941 2850 1993 eum;
2907 1942 2974 1983 ne
3022 1927 3145 1998 quis
3190 1927 3260 1982 de
3310 1928 3511 1998 populo
3566 1928 3812 1983 barbam
3863 1929 3922 1981 ir-

2315 2031 2530 2094 rogaret
2569 2022 2885 2079 violentiam
2926 2024 3012 2079 vel
3052 2025 3266 2093 peculio
3296 2024 3439 2092 viri,
3475 2024 3566 2082 vel
3608 2026 3808 2082 uxoris
3838 2042 3920 2096 pu-

2313 2116 2456 2172 dori.

2385 2207 2440 2263 9.
2485 2208 2892 2264 Pulcherrimus
2932 2218 3016 2264 est
3043 2207 3131 2265 hic
3159 2207 3311 2264 locus
3338 2209 3405 2265 ad
3447 2208 3792 2265 incitandum
3824 2221 3918 2265 stu-

2315 2304 2462 2359 dium
2492 2303 2830 2381 dms,
2872 2303 3016 2374 quod
3073 2303 3117 2357 is
3159 2305 3247 2373 qui
3283 2304 3451 2360 Deum
3498 2305 3758 2374 sequitur
3792 2314 3916 2360 tutus

2313 2415 2529 2470 semper
2558 2409 2661 2454 est.
2698 2398 2765 2452 Et
2795 2397 2914 2452 ideo
2948 2397 3117 2452 Deum
3151 2396 3411 2468 prteferre
3441 2397 3712 2452 debemus
3743 2399 3905 2452 omni-

2316 2498 2446 2562 bus,
2475 2512 2574 2552 nec
2601 2497 2787 2566 patria:
2808 2496 3115 2562 contuitus,
3149 2510 3247 2550 nec
3269 2503 3553 2565 parentum
3584 2495 3911 2565 ﬁliorumque

2312 2592 2486 2663 gratia
2511 2632 2524 2654 ,
2560 2605 2662 2646 nec
2693 2589 2878 2644 uxoris
2909 2588 3298 2658 contemplatio
3329 2602 3431 2643 nos
3470 2603 3739 2644 revocare
3768 2589 3908 2643 debet

2313 2688 2381 2744 ab
2420 2686 2769 2744 exsecutione
2808 2693 3202 2755 praeceptorum
3236 2682 3581 2747 caelestium;
3628 2683 3754 2753 quia
3784 2684 3904 2738 Deus

2313 2782 2470 2838 nobis
2501 2781 2681 2835 omnia
2712 2780 2802 2835 illa
2832 2778 3089 2849 largitur,
3123 2788 3178 2833 et
3208 2787 3400 2849 potens
3429 2785 3516 2832 est
3544 2791 3771 2833 servare
3803 2793 3902 2846 qua

2312 2874 2498 2930 donat.
2528 2872 2715 2943 Itaque
2743 2885 2997 2942 magnum
3027 2870 3336 2940 exemplum
3384 2867 3702 2924 devotionis
3747 2869 3899 2924 Αιιη.

2313 2966 2429 3033 har,
2459 2965 2602 3036 quod
2634 2979 2757 3020 cum
2807 2977 2976 3018 uxore
3005 2961 3252 3034 speciosa
3293 2963 3583 3020 descendit
3610 2962 3669 3018 in
3715 2963 3899 3034 Egyp-

2315 3065 2447 3112 tum.
2480 3055 2613 3111 Erat
2645 3054 2858 3124 quidem
2887 3054 3035 3125 justo
3065 3055 3182 3110 viro
3206 3069 3333 3110 cura
3363 3054 3673 3126 conjugalis
3715 3057 3898 3127 pudici-

2313 3151 2400 3205 tia:
2433 3167 2447 3204 :
2499 3148 2594 3204 sed
2625 3148 2802 3219 majus
2841 3158 2960 3204 erat
3009 3148 3244 3203 studium
3278 3150 3619 3204 maturanda:
3670 3149 3895 3206 devotio-

603 3239 774 3294 Adesl
805 3236 1000 3308 prmsul
1026 3236 1259 3308 coniugii
1286 3234 1431 3290 Deus
1457 3249 1618 3306 quem
1653 3234 1785 3290 nihil
1812 3234 1995 3301 laleal,
2023 3235 2205 3290 "Ullus
2234 3249 2280 3313 C
2312 3242 2424 3310 uis,
2464 3257 2529 3296 ne
2561 3240 2869 3312 praetulisse
2895 3240 3197 3297 custodiam
3243 3241 3382 3296 thori
3415 3242 3689 3296 mandatis
3717 3243 3895 3298 videre-

595 3332 818 3399 evadat,
851 3347 1014 3386 nemo
1044 3331 1301 3386 irrideat:
1337 3329 1509 3384 vicem
1529 3327 1770 3384 absentis
1792 3327 1973 3381 mariti
2001 3336 2202 3393 tuetur,

595 3433 788 3481 servat
860 3423 1159 3490 excubias,
1235 3423 1344 3477 imo
1387 3423 1506 3478 sine
1550 3420 1795 3476 excubiis
1849 3419 2208 3491 deprehendit

600 3534 763 3574 reum
798 3525 1083 3588 antequam
1117 3518 1280 3589 285
1312 3515 1472 3571 faciat
1498 3514 1640 3586 quod
1673 3514 1980 3584 paraverit;
2008 3515 2061 3570 in
2090 3515 2206 3569 ani-

602 3613 712 3668 mis
739 3610 1112 3683 singulorum,
1158 3610 1213 3664 in
1259 3610 1530 3664 mentibus
1579 3608 1955 3664 universorum
1999 3608 2205 3663 crimen

603 3705 874 3776 agnoscit.
906 3703 974 3758 Et
1006 3702 1050 3758 si
1084 3702 1335 3758 maritum
1363 3700 1576 3757 adulter
1608 3700 1896 3768 fefelleris,
1927 3717 2034 3756 non
2068 3700 2208 3757 fallis

603 3797 777 3853 Deum
815 3814 831 3852 :
881 3796 1007 3853 etsi
1040 3788 1294 3851 maritum
1328 3795 1566 3851 evaseris
1593 3837 1608 3863 ,
1651 3804 1708 3851 et
1751 3795 1797 3850 si
1829 3794 2067 3866 judicem
2104 3797 2207 3853 fori

608 3889 809 3946 luseris
834 3933 849 3958 ,
878 3905 991 3945 non
1024 3888 1209 3946 evadis
1232 3887 1469 3959 judicem
1502 3887 1668 3944 totius
1699 3887 1907 3944 mundi.
1955 3887 2052 3944 Ille
2083 3905 2206 3961 gra-

599 3985 724 4040 vius
767 3985 1045 4042 ulciscitur
1092 3983 1344 4056 injuriam
1393 3983 1612 4054 inopis,
1673 3984 2056 4040 contumeliam
2106 3985 2206 4040 im-

592 4077 877 4150 prudentis
906 4078 1106 4134 mariti.
1160 4077 1329 4147 Major
1358 4086 1442 4132 est
1471 4077 1616 4133 enim
1649 4076 1846 4149 injuria
1879 4087 2155 4134 auctorem
2183 4118 2201 4145 ,

593 4187 758 4241 quam
805 4172 1082 4228 custodem
1127 4169 1350 4227 thalami
1406 4183 1647 4243 spretum
1694 4180 1749 4228 et
1795 4186 1902 4227 non
1947 4171 2201 4228 conside-

592 4276 798 4322 ratum.

666 4357 726 4411 8.
768 4356 888 4426 Ipse
942 4371 1155 4429 quoque
1204 4354 1458 4422 Pharao,
1499 4356 1629 4412 licet
1675 4373 1770 4412 rex
1816 4355 2196 4428 Egyptiorum

586 4464 757 4518 (piem
799 4458 854 4504 et
901 4449 1190 4504 insolentia
1245 4448 1442 4519 regalis
1491 4450 1745 4518 potentia:
1784 4451 2099 4517 supinaret,
2145 4461 2200 4506 et

592 4539 814 4614 Egypti
853 4541 1072 4597 lascivia
1121 4551 1285 4610 atque
1333 4539 1575 4598 luxuries
1621 4558 1650 4597 a
1704 4541 1884 4599 studio
1930 4545 2197 4601 castitatis

591 4634 919 4701 abduceret,
952 4637 1162 4689 vocavit
1192 4634 1494 4701 Abraham,
1526 4646 1578 4692 et
1601 4637 1778 4706 arguit
1806 4653 1928 4693 eum
1960 4637 2186 4695 dicens:

593 4728 736 4798 Quid
777 4730 873 4783 hoc
912 4729 1082 4800 fecisti
1120 4730 1285 4784 milii?
1317 4731 1490 4800 Quare
1528 4749 1631 4788 non
1679 4733 1860 4788 dixisti
1899 4731 2025 4788 mihi
2071 4736 2190 4804 quia
2224 4707 2272 4767 υ

590 4839 724 4878 uxor
755 4833 845 4876 tua
881 4830 956 4876 est
982 4837 1001 4875 :
1039 4820 1130 4876 sed
1159 4820 1337 4878 dixisti
1367 4824 1493 4878 mihi
1523 4825 1647 4896 quia
1684 4841 1830 4881 soror
1861 4835 1950 4880 tua
1986 4834 2063 4881 est
2093 4841 2113 4882 :
2142 4836 2190 4881 ct

663 4956 688 4984 ει
733 4945 874 5002 Edit.
904 4961 1097 5002 omnes
1120 4987 1134 5010 ,
1159 4961 1260 5000 non
1291 4955 1393 5000 tam
1418 4948 1738 5015 superiorem
1776 4965 1928 5004 censu
1954 4949 2144 5003 ambiat
2176 4991 2192 5017 ,

581 5036 744 5090 quam
792 5019 1114 5090 necessitates
1157 5033 1260 5071 non
1289 5021 1846 5090 tert‘eantrmaritales:
1887 5036 1991 5074 non
2021 5023 2194 5075 moni-

581 5088 720 5148 libus
744 5133 758 5156 ,
784 5103 892 5145 etc.
943 5089 1142 5145 Vocula
1185 5098 1292 5142 tam
1329 5088 1483 5144 deest
1511 5089 1633 5144 Am.
1668 5100 1721 5146 et
1751 5106 1884 5145 mss.
1916 5094 2189 5147 omnibus.

584 5166 693 5222 Sed
745 5163 799 5218 hi
843 5161 954 5217 fere
993 5161 1060 5216 ad
1090 5176 1251 5215 unum
1281 5170 1484 5216 nostra:
1516 5160 1751 5216 lectioni.
1773 5163 2190 5231 adstipulantur.

583 5236 757 5290 Porro
785 5232 928 5304 quod
959 5233 1162 5302 legunt,
1195 5249 1347 5304 quam
1371 5232 1697 5288 necessitates
1723 5251 1823 5286 non
1857 5246 2056 5288 teneant
2084 5254 2191 5290 ma-

581 5308 782 5369 ritales,
815 5308 888 5360 ita
919 5307 1276 5373 interpretare
1303 5318 1367 5357 ac
1391 5304 1436 5357 si
1463 5304 1735 5357 diceretur
1755 5345 1770 5366 ,
1803 5321 1922 5374 qua:
1951 5309 2019 5360 ob
2050 5308 2190 5362 divi-

587 5379 692 5434 tias
737 5378 1072 5432 insolescens
1119 5375 1422 5446 Cotijugalis
1468 5377 1883 5431 necessitudinis
1927 5393 2024 5434 seu
2053 5395 2187 5436 con-

578 5447 878 5516 iunctionis
910 5452 1053 5516 leges
1081 5459 1295 5502 recuset
1319 5446 1638 5502 observare.

656 5519 683 5559 δ
718 5521 788 5574 lta
814 5519 1048 5588 quinque
1078 5535 1206 5574 mss.
1243 5520 1567 5587 probatioris
1595 5527 1757 5573 notae.
1809 5519 1916 5575 Alii
1961 5535 2087 5576 vero
2131 5533 2186 5577 et

578 5589 708 5644 edit.
741 5591 1010 5646 castitatis.
1043 5591 1327 5646 Intuendus
1355 5591 1497 5645 locus
1531 5631 1542 5646 .
1579 5632 1592 5645 .
1629 5629 1643 5644 .
1676 5629 1692 5644 .
1720 5607 1935 5646 uxorem
1958 5592 2180 5646 incestat.

587 5729 599 5738 _
656 5672 679 5698 ε
716 5661 884 5726 Edit.,
917 5662 1139 5738 alienam
1161 5678 1369 5738 uxorem
1397 5663 1626 5718 incestat.
1657 5663 1888 5731 Quidam
1911 5678 2178 5721 mss......

580 5733 795 5800 inesset
824 5747 843 5795 ;
876 5733 1112 5800 potiores
1143 5742 1201 5789 ut
1226 5750 1324 5790 nos
1354 5735 1404 5788 in
1436 5745 1601 5789 textu.

651 5799 682 5839 Α
715 5801 843 5872 Mss.
878 5802 1114 5872 aliquot,
1148 5807 1371 5862 externis
1397 5823 1458 5860 ac
1487 5804 1722 5862 barbaris
1751 5807 2034 5862 erroribus.

661 5881 686 5912 ο
716 5870 863 5931 Edit.
893 5870 1087 5932 omnes
1101 5870 1126 5947 ⁷,
1159 5876 1277 5933 licet
1315 5878 1474 5934 nullis
1500 5880 1921 5953 constringuntur
1951 5877 2146 5953 legibus
2164 5916 2180 5944 ,

2312 3347 2400 3393 tur
2424 3336 2758 3392 cmlestibus.
2789 3337 2973 3406 Itaque
3011 3338 3267 3408 quoniam
3312 3347 3536 3406 propter
3576 3337 3746 3394 Deum
3785 3354 3894 3394 cou-

2313 3428 2532 3499 tempsit
2572 3428 2750 3482 omnia
2775 3468 2790 3493 ,
2837 3428 3043 3496 recepit
3086 3442 3115 3481 a
3156 3427 3268 3482 Deo
3296 3427 3652 3498 multiplicata
3693 3430 3891 3485 omnia:

2313 3521 2408 3578 sed
2435 3521 2668 3592 primam
2701 3520 2841 3575 Deus
2868 3519 3140 3590 pudicitia:
3171 3521 3362 3576 tribuit
3388 3522 3890 3588 remunerationem,

2311 3631 2470 3686 quam
2495 3625 2701 3685 gratam
2733 3613 2944 3670 sciebat
2970 3614 3208 3696 conjugi.
3236 3614 3368 3669 Nam
3397 3617 3527 3685 quia
3555 3616 3738 3672 studio
3767 3619 3785 3654 ί
3813 3617 3892 3671 ob.

2309 3708 2473 3764 eundi
2503 3708 2746 3764 caelestis
2775 3706 2983 3762 oraculi
3013 3722 3237 3762 uxorem
3268 3723 3485 3778 quoque
3516 3710 3569 3762 in
3605 3709 3888 3778 perieulum

2313 3801 2538 3858 deduxit
2571 3799 2792 3872 pudoris
2811 3842 2826 3869 ,
2855 3802 3020 3857 etiam
3041 3801 3421 3858 castimoniam
3451 3802 3697 3876 conjugii
3726 3803 3890 3860 defea-

2312 3894 2412 3950 dit.

2832 3989 2997 4061 233
3033 3987 3265 4046 CAPUT
3306 3987 3392 4045 lIl.

2311 4081 2390 4138 De
2426 4081 2621 4138 ca’teris
2650 4081 2872 4137 Abraba:
2909 4083 3178 4138 virtutibus
3200 4125 3215 4149 ,
3256 4084 3499 4138 nimirum
3536 4086 3602 4140 de
3641 4087 3886 4162 nudantis

2380 4178 2492 4248 ejus
2529 4175 2583 4228 in
2619 4174 2969 4230 rescindendis
3005 4176 3239 4230 rixarum
3265 4178 3435 4231 causis
3457 4219 3472 4240 ,
3505 4180 3716 4259 ἀδείῃ
3751 4182 3797 4233 in
3823 4180 3886 4232 di-

2377 4267 2619 4333 ridendo,
2659 4267 2744 4321 ubi
2782 4277 2831 4323 et
2868 4269 2932 4323 de
2967 4269 3318 4340 imprudentia
3359 4269 3489 4324 Loth
3516 4275 3730 4328 amtenis
3758 4275 3883 4328 utilis

2377 4362 2763 4434 postponeutis,
2805 4363 3012 4433 ejusque
3049 4379 3199 4435 paena
3227 4380 3245 4418 :
3277 4373 3386 4417 tum
3423 4363 3490 4417 de
3526 4366 3699 4433 patrui
3738 4367 3785 4419 in
3818 4368 3882 4433 ip-

2375 4470 2486 4508 sum
2526 4453 2766 4527 caritate,
2809 4453 2999 4528 pietate
3035 4455 3087 4508 in
3130 4453 3298 4510 Deum
3322 4499 3336 4523 ,
3380 4457 3698 4538 cqyinentia
3736 4458 3785 4511 in
3819 4457 3879 4511 vi-

2375 4547 2572 4613 ctoria,
2613 4555 2664 4599 et
2706 4547 2954 4601 mercedis
2992 4563 3025 4600 a
3059 4546 3170 4602 Deo
3213 4550 3490 4618 proposita:
3527 4550 3801 4616 electione;
3833 4565 3880 4603 ac

2374 4640 2580 4694 tandem
2619 4639 2682 4693 de
2707 4649 2919 4711 accepto
2947 4643 3136 4712 futura:
3174 4641 3489 4711 posteritatis
3517 4653 3565 4696 et
3590 4640 3783 4697 Christi
3806 4658 3881 4696 na-

2370 4733 2556 4788 scituri
2585 4733 2864 4804 promisso.
3231 4775 3234 4777 .

2374 4827 2460 4882 10.
2500 4825 2711 4882 Primas
2759 4826 2924 4898 igitur
2963 4835 3146 4898 partes
3176 4827 3278 4884 sibi
3315 4827 3464 4911 justo
3494 4829 3690 4887 ordine
3730 4831 3880 4887 vindi-

2299 4962 2420 5008 sunt
2449 4962 2787 5029 tamen,_etc.
2821 4953 2950 5010 Mss.
2979 4956 3089 5012 duo
3107 4998 3123 5026 ,
3151 4971 3265 5029 qua:
3286 4956 3488 5012 nullius
3515 4966 3637 5010 sunt
3655 5001 3669 5025 ,
3700 4968 3874 5024 tamen,

2298 5034 2405 5080 etc.
2444 5025 2544 5078 Alii
2580 5034 2637 5078 ut
2664 5025 2716 5080 in
2745 5036 3018 5082 contextu.

2381 5095 2400 5133 τ
2436 5095 2570 5169 Reg.
2603 5111 2705 5151 ms.
2736 5097 2953 5152 obeundi
2992 5099 3321 5169 solvendique
3343 5107 3513 5154 votam
3538 5101 3753 5158 calcatis
3775 5118 3873 5157 ora-

2297 5168 2423 5222 culi.
2453 5168 2519 5222 Et
2549 5179 2668 5237 post
2699 5183 2866 5238 pauca
2889 5211 2904 5233 ,
2935 5172 3025 5224 ubi
3054 5168 3361 5235 complures
3389 5187 3520 5226 mss.
3547 5185 3603 5228 et
3625 5173 3757 5229 edit.
3783 5191 3878 5228 οιιι·

2299 5254 2397 5314 nes
2441 5240 2662 5311 legunt,
2692 5243 3097 5314 castimoniam;
3130 5243 3208 5314 ibi
3248 5242 3408 5298 Corb.
3455 5252 3513 5298 et
3563 5244 3655 5298 alii
3702 5247 3877 5314 aliquot

2299 5309 2544 5386 habent,
2573 5312 2956 5386 castimoniam.
2983 5313 3092 5386 Nec
3122 5312 3299 5368 forsan
3331 5315 3470 5370 male
3499 5332 3510 5367 ε
3541 5315 3735 5386 legitur
3754 5309 3873 5369 enim

2297 5381 2440 5446 apud
2473 5385 2831 5453 Augustinum
2857 5386 2909 5437 in
2938 5385 3071 5453 psal.
3101 5401 3228 5440 xxix
3251 5429 3265 5451 ,
3301 5392 3450 5439 num.
3487 5388 3555 5442 15
3581 5381 3874 5450 Isaia-time

2293 5454 2434 5529 nitun
2482 5469 2580 5529 pro
2609 5457 3002 5529 sanctimonia,
3035 5458 3116 5512 vel
3165 5458 3660 5529 sanctimonialium
3693 5460 3873 5529 profes-

2291 5525 2466 5601 sione.
2510 5526 2680 5601 Porro
2728 5543 2833 5601 non
2871 5526 3104 5601 defuere
3133 5532 3223 5597 qui
3272 5528 3645 5583 Abrahamuut
3694 5525 3867 5601 proditi

2295 5598 2476 5669 tuturis
2501 5597 2649 5653 Sarae
2691 5599 2915 5668 pudoris
2959 5609 3310 5661 accusarent;
3342 5615 3501 5669 quem
3539 5597 3716 5656 tamen
3750 5612 3870 5656 recte

2291 5667 2388 5724 SS.
2421 5669 2609 5725 Patres
2637 5670 2975 5733 defendunt;
3024 5671 3232 5726 scilicet
3271 5667 3459 5724 Anibr.
3508 5670 3613 5725 hoc
3646 5677 3698 5726 in
3729 5675 3863 5734 libro;

2293 5743 2426 5806 Aug.
2460 5751 2608 5796 cont.
2661 5742 2949 5808 Faustum,
2978 5743 3070 5799 lib.
3096 5759 3205 5798 χχιι
3229 5785 3243 5804 .
3276 5757 3326 5796 c.
3354 5742 3458 5808 55,
3495 5752 3549 5796 et

2289 5824 2453 5881 super
2478 5812 2612 5868 Gen.
2644 5821 2699 5868 et
2741 5814 2870 5869 alibi
2894 5815 3090 5898 ;.Hier.
3135 5813 3205 5870 de
3244 5813 3405 5898 Tra'd.
3461 5812 3598 5870 Heb.
3629 5814 3685 5872 in
3709 5814 3864 5884 6611.;

2290 5880 2561 5941 Theodor.
2589 5883 2797 5953 Quaest.
2822 5885 2894 5944 62
2923 5903 2980 5946 tn
3009 5887 3182 5959 Gen.,
3210 5895 3265 5946 ct
3291 5886 3384 5945 alu
3413 5885 3620 5959 plures.

3576 5742 3774 5811 Quaest.
3809 5742 3868 5797 26
