4082 6370
646 297 755 354 427

1981 297 2230 358 SANCTI
2265 299 2592 360 AMBROSII

3855 311 3960 368 ιιι

641 415 727 468 nis
759 428 1094 482 expressum.
1127 413 1234 468 Eos
1259 413 1400 469 enim
1442 413 1701 478 adscivit,
1731 427 1866 484 quos
1894 413 2088 484 dignos
2135 433 2234 470 nu-
2259 422 2314 480 Α
2339 429 2397 474 ut
2421 421 2504 476 vel
2533 419 2970 478 translundendtc
2999 421 3338 480 litereditatis
3365 425 3886 498 contemplatione,
3915 433 3954 490 si

641 521 796 564 mero
837 507 1082 574 iudicavit
1111 505 1380 574 ﬁdelium,
1423 509 1512 578 qui
1563 507 1616 562 in
1655 507 1870 563 Domini
1903 509 2074 564 nostri
2103 507 2232 566 Jesu

635 599 840 656 Christi
875 601 1168 666 passionem
1197 600 1499 655 crederent.
1529 599 1826 656 Trecentos
1851 601 1996 657 enim
2027 625 2060 659 τ
2085 601 2234 660 Gre:-

637 709 697 750 ca
735 693 911 748 littera
936 691 1198 764 s'gnil‘tcat
1217 737 1231 760 ,
1258 695 1447 752 decem
1474 705 1528 750 et
1551 705 1675 751 octo
1703 705 1883 750 antem
1913 705 1938 734 τι
1964 713 2232 753 summam

631 789 680 846 ιή
735 787 1008 853 ettprimit.
1051 783 1202 841 Fidei
1247 801 1376 856 ergo
1417 787 1610 843 merito
1643 787 1915 842 Abraham
1945 789 2092 856 vicit,
2128 804 2233 844 non

627 879 896 950 populoso
933 879 1195 936 even-itu.
1255 881 1498 954 Denique
1525 897 1621 938 eos
1648 881 1848 954 quibus
1879 883 2118 953 quinque
2149 899 2234 940 re-

625 989 751 1044 gum
784 987 931 1028 arma
959 983 1244 1030 cesserunt
1264 1017 1280 1042 ,
1312 991 1433 1031 cum
1464 973 1649 1048 paucis
1677 989 1934 1046 egressus
1973 991 2234 1033 vernacu-

623 1067 690 1122 lis
719 1067 1092 1140 triumphavit.

703 1159 793 1216 16.
837 1159 944 1216 Sed
970 1163 1058 1232 qui
1087 1161 1256 1218 vincit
1285 1175 1392 1218 non
1433 1159 1594 1216 debet
1635 1159 1740 1216 sibi
1779 1175 2037 1232 arrogare
2063 1163 2235 1218 victo-

619 1255 754 1310 riam
782 1295 797 1316 ,
839 1253 933 1309 sed
975 1255 1192 1311 deferre
1243 1255 1377 1310 Deo.
1421 1253 1536 1310 lloc
1577 1253 1852 1310 Abraham
1899 1253 2062 1310 docet
2091 1297 2104 1320 ,
2143 1253 2234 1326 qui

619 1345 892 1418 triumpho
927 1345 1100 1402 factus
1131 1347 1391 1404 humilior
1415 1356 1528 1414 est,
1583 1363 1686 1401 non
1735 1347 2036 1418 superbior.
2069 1347 2235 1420 288

619 1437 958 1495 Sacrilicium
987 1437 1221 1509 denique
1245 1437 1480 1502 obtulit,
1510 1439 1752 1494 decimas
1783 1437 1972 1504 dedit;
2003 1439 2234 1508 ideoque

615 1533 665 1588 ci
711 1531 1116 1590 Melchisedech
1168 1533 1260 1605 qui
1302 1533 1760 1604 interpretatione
1805 1535 2000 1588 Latina
2034 1533 2234 1590 dicitur

613 1639 708 1683 rex
736 1628 996 1696 justititc,
1032 1643 1126 1681 rex
1177 1623 1326 1696 pacis
1353 1668 1368 1693 ,
1413 1623 1696 1682 benedixit
1731 1645 1744 1680 :
1791 1625 1920 1680 Erat
1971 1625 2106 1680 enim
2149 1642 2234 1679 sa-

613 1721 792 1774 cerdos
831 1721 1020 1775 summi
1051 1717 1147 1774 Dei
1193 1717 1346 1792 (Gen.
1377 1735 1432 1786 ι,
1461 1719 1577 1790 l8).
1611 1719 1742 1788 Quis
1773 1729 1856 1775 est
1883 1733 1980 1774 rex
2007 1717 2232 1790 iustitia:

2339 515 2488 570 nullo
2532 515 2774 572 contuitu
2827 516 3048 588 pudoris
3093 527 3384 574 moventur
3411 561 3428 588 ,
3475 518 3654 590 digno
3701 523 3954 582 studeant

2337 607 2706 666 matrimonio.

2407 703 2498 759 20.
2541 703 2650 760 Sed
2675 704 2718 760 si
2751 703 2986 760 Abrahae
3025 706 3298 764 sententia
3325 707 3394 764 ad
3426 708 3836 780 corrigendo
3865 711 3954 768 uti-

2339 811 2442 852 nus
2487 797 2738 868 prolicit,
2765 799 2952 870 accipe
3001 799 3284 856 oraculum
3329 800 3428 858 Dei
3459 801 3794 872 huiusmodi
3837 819 3952 860 con-

2337 887 2644 946 demnantis
2691 890 3066 948 hmreditatetn
3109 908 3122 946 :
3167 890 3298 948 Non
3341 894 3484 958 erit,
3516 893 3750 964 inquit,
3801 895 3950 952 hac:

2338 995 2456 1038 tuus
2486 983 2567 1038 hic
2600 1001 2617 1038 :
2661 985 2751 1040 sed
2794 985 2928 1040 alter
2955 987 3043 1056 qui
3083 986 3264 1042 exierit
3293 987 3359 1046 de
3401 998 3453 1044 te
3473 1029 3492 1056 ,
3521 987 3618 1044 ille
3645 989 3822 1046 lateres
3847 1001 3948 1044 tus

2335 1075 2430 1130 erit
2453 1071 2617 1148 (Ibid.
2641 1118 2655 1140 ,
2680 1075 2761 1146 4).
2797 1077 2966 1144 Quem
2991 1077 3124 1134 dicit
3149 1078 3425 1136 alterum?
3455 1080 3690 1152 Peperit
3717 1082 3870 1138 enim
3907 1095 3948 1140 et

2339 1169 2482 1240 Agar
2521 1167 2694 1226 ﬁlium
2735 1169 2962 1240 Ismael,
2993 1171 3092 1230 sed
3125 1187 3232 1230 non
3263 1173 3439 1246 ipsum
3475 1174 3664 1244 dicit,
3697 1177 3800 1234 sed
3835 1177 3946 1234 dicit

2337 1272 2584 1318 sanctum
2627 1262 2797 1320 Isaac.
2843 1264 2912 1320 Et
2954 1261 3078 1322 ideo
3117 1265 3324 1324 addidit
3355 1285 3370 1324 :
3407 1267 3512 1334 Qui
3545 1271 3746 1326 exierit
3789 1272 3854 1326 de
3889 1285 3942 1330 te.

2337 1355 2433 1412 llle
2459 1357 2604 1414 enim
2631 1373 2758 1414 vere
2787 1358 2956 1414 exivit
2981 1373 3052 1418 ex
3077 1359 3354 1418 Abraham
3371 1403 3386 1428 ,
3411 1365 3508 1434 qui
3543 1364 3806 1434 legitimo
3833 1381 3942 1422 con-

2333 1449 2485 1524 jugio
2529 1463 2850 1522 procreatus
2889 1461 2995 1510 est.
3027 1453 3138 1510 Sed
3187 1469 3284 1526 per
3323 1455 3480 1512 Isaac
3529 1457 3850 1529 legitimum
3893 1461 3942 1514 ti-

2337 1543 2504 1608 lium,
2545 1544 2696 1600 illum
2726 1559 2917 1602 verum
2967 1545 3268 1618 legitimum
3307 1561 3608 1618 possumus
3647 1551 3940 1622 intelligere

2339 1637 2506 1710 289
2533 1631 2821 1694 Dominum
2848 1635 3032 1694 Jesum
3063 1637 3370 1706 Christum,
3403 1655 3570 1712 quem
3604 1643 3660 1696 in
3695 1644 3940 1714 principis

2339 1729 2616 1802 Evangelii
2645 1732 2946 1788 secundum
2987 1731 3294 1790 Matthteum
3325 1733 3568 1792 Abrahae
3615 1736 3804 1794 ﬁlium
3831 1739 3938 1810 legi-

609 1811 874 1869 sacerdus
919 1811 1011 1868 Dei
1041 1855 1053 1876 ,
1083 1814 1190 1868 nisi
1239 1811 1328 1868 cui
1375 1812 1619 1868 dicitur:
1675 1811 1748 1866 Tn
1799 1827 1854 1867 es
1893 1811 2134 1866 sacerdos
2179 1809 2216 1862 it

2341 1839 2460 1880 mus
2491 1825 2705 1896 (Matth.
2739 1843 2788 1896 ι,
2821 1829 2872 1898 1)
2891 1869 2906 1894 ,
2939 1829 3028 1898 qui
3069 1843 3258 1884 verum
3283 1843 3345 1884 se
3374 1829 3616 1886 Abrahae
3647 1833 3828 1904 gessit
3849 1809 3936 1888 ha-

609 1915 866 1960 internum
895 1901 1178 1960 secundum
1225 1903 1459 1960 ordinem
1507 1903 1888 1959 Melchisedech
1933 1904 2055 1976 (Ps.
2101 1919 2229 1970 Ctx,

609 1993 669 2064 4)
691 2039 708 2066 ,
745 1999 846 2053 hoc
877 2007 984 2060 est,
1011 1995 1108 2052 Dei
1133 1997 1328 2062 Filius,
1362 1995 1620 2052 sacerdos
1649 1995 1846 2062 Patris,
1878 1997 1968 2068 qui
1992 1997 2074 2050 sui
2103 2012 2232 2050 cor-

605 2092 758 2160 poris
797 2091 1071 2146 sacrilicio
1101 2091 1318 2147 Patrem
1349 2095 1551 2145 nostris
1579 2089 1960 2160 repropitiavit
1987 2089 2226 2146 delictis.

685 2181 772 2238 l7.
813 2183 1084 2253 Quantum
1115 2193 1296 2240 autem
1325 2183 1458 2238 illud
1490 2183 1636 2254 quod
1667 2185 1735 2239 de
1767 2183 1948 2254 prmda
1977 2184 2226 2238 victoria:

609 2277 747 2333 nihil
769 2277 941 2332 voluit
969 2278 1320 2348 contingere,
1353 2291 1456 2331 nec
1483 2275 1727 2330 oblatum
1756 2275 2010 2332 sumere?
2037 2273 2230 2330 Minuit

605 2369 758 2424 enim
795 2369 1034 2424 fructum
1069 2367 1334 2436 triumphi
1375 2365 1643 2421 mercedis
1691 2367 1970 2438 susceptio
1993 2408 2008 2434 ,
2041 2377 2095 2421 et
2129 2365 2229 2422 bc-

612 2461 792 2516 neﬁcii
818 2460 1026 2514 arrodit
1057 2459 1307 2529 gratiam.
1343 2457 1642 2512 Plurimum
1677 2456 1824 2511 enim
1853 2455 2022 2512 refert
2047 2467 2226 2512 utrum

611 2551 862 2623 pecuniae
889 2592 903 2618 ,
937 2565 1004 2606 an
1051 2550 1240 2620 gloriae
1285 2547 1634 2604 dimicaveris
1667 2565 1679 2603 :
1730 2549 1870 2606 alter
1901 2551 2228 2607 mercenarii

613 2647 743 2702 loco
793 2647 1051 2702 ducitur:
1105 2645 1244 2700 alter
1293 2643 1490 2716 dignus
1543 2644 1773 2701 habetur
1823 2647 2226 2703 conservatoris

607 2739 807 2811 gloria.
841 2737 974 2794 lure
1013 2745 1236 2794 sanctus
1263 2737 1332 2794 de
1383 2737 1561 2808 praeda
1591 2753 1858 2810 usurpare
1901 2741 2106 2812 aliquid
2141 2741 2224 2798 vel

609 2833 855 2888 oblatum
883 2840 1141 2898 recusat,
1173 2845 1242 2886 ne
1269 2830 1416 2886 dicat
1443 2833 1534 2902 qui
1567 2829 1716 2888 dedit
1747 2849 1760 2888 :
1792 2834 1920 2906 quia
1951 2849 2052 2905 ego
2083 2833 2226 2890 diri-

611 2935 722 2982 tem
747 2925 852 2982 feci
901 2941 1062 2992 eum;
1093 2925 1196 2982 hoc
1241 2925 1415 2980 solum
1463 2925 1565 2981 sibi
1615 2925 1746 2982 satis
1785 2941 1908 2982 esse
1955 2936 2221 2994 teStatur,

608 3021 753 3092 quod
785 3021 960 3092 pastui
991 3019 1351 3090 proeliantium
1393 3021 1650 3090 iuvenum
1689 3021 2035 3091 profecisset.
2069 3021 2224 3078 Dicet

603 3115 802 3187 aliquis
835 3113 928 3186 (25
952 3155 966 3180 ,
997 3131 1049 3186 q.
1083 3113 1149 3181 5,
1177 3129 1226 3170 c.
1271 3113 1425 3170 Dicat
1453 3115 1662 3187 aliquis)
1695 3133 1708 3170 :
1742 3115 1876 3172 Cum
1925 3117 2042 3187 ipsc
2069 3117 2220 3172 vice-

2341 1919 2526 1976 redem
2543 1961 2557 1984 ,
2589 1919 2826 1976 auctoris
2851 1919 3164 1976 illuminaas
3185 1921 3592 1978 successionem
3613 1963 3633 1990 ,
3667 1939 3772 1994 per
3799 1939 3932 1995 qua:

2343 2012 2614 2068 Abraham
2655 2014 2896 2082 respexit
2937 2014 2991 2068 in
3018 2014 3250 2082 cmlum,
3277 2023 3336 2070 et
3369 2014 3738 2086 splendorem
3779 2027 3934 2088 poste-

2341 2105 2515 2162 ritatis
2545 2119 2658 2160 sua:
2687 2107 2905 2178 agnovit
2933 2121 3040 2162 non
3067 2108 3248 2164 minus
3273 2107 3546 2166 illustrem
3573 2151 3590 2175 ,
3619 2125 3793 2180 quam
3831 2113 3934 2167 stel-

2337 2197 2511 2254 larum
2551 2197 2854 2254 cmlesﬁutu
2899 2199 3068 2270 fulget
3112 2183 3354 2256 claritas.
3405 2199 3560 2258 Sicut
3613 2203 3768 2260 enim
3811 2205 3932 2260 stella

2339 2288 2516 2358 differt
2555 2309 2588 2346 α
2617 2291 2770 2346 stella
2811 2292 2866 2346 in
2901 2293 3136 2348 claritate
3155 2335 3171 2356 ,
3199 2292 3272 2346 ita
3299 2301 3348 2348 et
3373 2295 3694 2350 resurrectio
3727 2305 3930 2350 mortus.

2339 2399 2454 2462 rttm
2483 2379 2543 2456 (Ι
2572 2381 2694 2438 Cor.
2727 2399 2836 2454 xv,
2863 2383 2983 2454 ιι).
3017 2385 3308 2456 Apostolus
3351 2384 3508 2442 dicit.
3545 2386 3632 2442 Eo
3675 2387 3824 2458 quod
3859 2405 3928 2444 re-

2337 2477 2695 2532 surrectionis
2741 2493 2855 2532 sua:
2899 2477 3110 2534 donans
3159 2478 3476 2546 consortia,
3525 2477 3788 2536 homines
3819 2495 3927 2552 quos

2337 2583 2486 2628 mors
2515 2572 2724 2628 solebat
2757 2573 2919 2630 terris
2947 2572 3288 2630 abscondere
3311 2615 3328 2642 ,
3361 2573 3520 2646 regni
3547 2575 3798 2634 celestis
3825 2573 3924 2632 fecit

2339 2679 2461 2722 esse
2487 2665 2800 2736 participes.

2407 2755 2499 2811 21.
2541 2757 2825 2824 Quomodo
2855 2767 3036 2814 autem
3067 2759 3302 2816 Abt-aha:
3335 2775 3578 2832 prepago
3605 2761 3808 2818 diﬁ'usa
3829 2769 3917 2826 est,

2335 2849 2437 2906 nisi
2465 2865 2564 2922 per
2593 2849 2964 2908 litereditatem
2992 2853 3139 2920 ﬁdei,
3171 2867 3269 2924 per
3295 2868 3454 2926 quam
3487 2855 3638 2912 caelo
3667 2871 3920 2928 compars-

2337 2955 2483 3008 mur,
2513 2941 2844 2998 conferitnnr
2873 2943 3108 3016 angelis,
3135 2958 3418 3016 aequamur
3445 2947 3632 3002 stellis
3650 2949 3674 3002 1'
3695 2947 3820 3004 Ideo
3839 2949 3918 3002 ait:

2337 3033 2426 3088 Sic
2459 3035 2556 3088 erit
2595 3051 2768 3090 semen
2801 3046 2970 3092 tuum.
3023 3036 3090 3092 Et
3119 3037 3376 3103 credidit,
3422 3037 3636 3108 inquit,
3685 3039 3916 3096 Abraham

2331 3127 2444 3183 Deo
2475 3125 2638 3200 (Gen.
2675 3145 2780 3200 xv,
2815 3127 2904 3204 6).
2937 3129 3076 3198 Quid
3109 3131 3382 3188 credidit?
3402 3129 3692 3189 Christum
3719 3135 3816 3188 sibi
3843 3147 3916 3202 per

592 3209 696 3272 rit,
741 3207 1018 3279 quomodo
1059 3205 1214 3277 tdicit
1259 3207 1328 3262 ad
1385 3221 1570 3278 regem
1619 3208 1987 3266 Sodomorum
2014 3252 2030 3278 ,
2070 3210 2215 3265 Nihil

2333 3231 2730 3300 susceptionem
2749 3228 2994 3298 corporis
3009 3227 3283 3286 lueredem
3299 3228 3562 3284 futurum.
3579 3227 3915 3296 Utsciasquia

599 3317 811 3357 sumam
843 3305 940 3358 abs
967 3311 1060 3366 te;
1103 3317 1225 3357 cum
1257 3301 1436 3371 pratda
1477 3303 1668 3373 utique
1697 3303 1752 3358 in
1793 3314 2063 3374 potestate
2105 3303 2218 3360 vic-

603 3396 743 3449 otris
775 3393 972 3450 fuerit?
1012 3391 1181 3448 Docet
1232 3393 1520 3448 militarem
1568 3393 1948 3464 disciplinam,
1999 3405 2063 3451 ut
2103 3399 2218 3470 regi

603 3497 893 3542 serventur
931 3486 1133 3540 omnia.
1163 3485 1307 3541 Sane
1335 3487 1400 3540 iis
1429 3485 1524 3556 qui
1549 3499 1736 3540 secum
1767 3489 1994 3543 fuissent
2034 3487 2088 3544 in
2121 3489 2216 3545 ad—

596 3583 906 3654 jumentum
929 3580 1166 3636 fortasse
1187 3579 1416 3647 socia-ti,
1471 3589 1681 3649 partem
1711 3581 2068 3638 emolumenti
2119 3585 2218 3640 tri--

604 3675 876 3734 buendam
909 3673 1104 3730 asserit
1129 3682 1404 3744 tamquam
1431 3674 1742 3730 mercedem
1769 3675 1993 3734 labaris.

675 3770 766 3828 18.
801 3770 1038 3841 Ideoque
1081 3768 1338 3840 quoniam
1369 3765 1470 3823 sibi
1523 3768 1832 3824 mercedem
1883 3771 1952 3826 ab
1991 3770 2212 3830 homine

599 3881 708 3922 non
739 3863 986 3936 quasivit
1014 3905 1030 3929 ,
1061 3879 1090 3916 a
1141 3861 1252 3918 Deo
1287 3861 1535 3932 accepit,
1565 3863 1712 3918 sicut
1761 3863 1994 3935 legimus
2040 3868 2212 3938 scrip-

599 3971 744 4028 tum;
775 3961 898 4030 quia
939 3967 1052 4030 post
1080 3957 1190 4012 htcc
1227 3955 1381 4011 verba
1411 3959 1606 4022 factum
1637 3967 1710 4012 est
1745 3958 1956 4014 verbum
1993 3957 2212 4016 Domini

595 4053 664 4106 ad
713 4051 903 4106 Abram
929 4051 986 4105 in
1033 4051 1150 4104 uisu
1195 4049 1414 4103 dicens:
1445 4047 1578 4102 Noli
1623 4049 1801 4104 timere
1843 4051 2070 4120 Abram,
2115 4069 2210 4124 ego

595 4157 864 4219 protegam
889 4155 970 4212 te,
991 4159 1185 4200 merces
1210 4153 1298 4198 tua
1327 4143 1491 4198 multa
1520 4144 1614 4196 erit
1637 4143 1786 4198 valde
1812 4143 1969 4215 (Gen.
1993 4159 2092 4213 xv,
2125 4145 2207 4218 l).

598 4239 717 4296 Nan
742 4247 831 4294 est
873 4251 1026 4293 serus
1067 4237 1133 4292 ad
1173 4233 1635 4293 remunerandum
1665 4237 1928 4292 Dominus
1952 4281 1966 4304 ,
1999 4247 2055 4294 et
2097 4239 2208 4294 cito

601 4331 868 4406 promittit
887 4371 901 4399 ,
929 4339 985 4387 et
1007 4331 1177 4386 multa
1207 4327 1469 4398 largitur;
1503 4345 1573 4385 ne
1595 4327 1848 4388 inﬁrmos
1873 4321 2086 4386 autimas
2111 4345 2211 4401 per

601 4427 915 4484 dilationem
939 4427 1178 4494 aliquam
1211 4424 1405 4479 subeat
1447 4423 1765 4494 poenitentia
1809 4426 2208 4495 contempsisse

601 4523 892 4596 praes-entia
919 4539 932 4575 :
961 4531 1016 4576 et
1043 4519 1192 4575 velut
1221 4520 1451 4588 quadam
1483 4519 1728 4574 usuraria
1759 4521 2008 4592 largitate
2050 4539 2206 4580 com--

603 4624 826 4690 pensat,
855 4624 916 4670 ut
941 4613 1191 4671 uberiora
1223 4613 1472 4669 resﬁtuat
1504 4615 1554 4669 ei
1591 4613 1684 4686 qui
1713 4623 1904 4687 captus
1935 4633 2040 4672 non
2085 4617 2201 4676 fue-
2227 4612 2283 4672 Ι)

603 4711 672 4768 rit
698 4708 973 4765 oblatione
1003 4708 1373 4777 praesentium.

677 4801 767 4858 19.
805 4801 890 4858 Ab
919 4801 1038 4868 ipso
1063 4813 1278 4870 quoque
1313 4798 1542 4856 Domino
1569 4801 1880 4860 mercedem
1901 4819 2064 4875 quam
2095 4821 2196 4876 po-

598 4899 802 4963 stulet,
845 4895 1277 4952 consideremus.
1309 4895 1424 4950 Non
1469 4897 1689 4952 divitias
1717 4909 1777 4954 ut
1803 4915 2004 4954 avarus
2029 4915 2198 4970 expo-

571 4973 698 5053 scit
725 5038 740 5062 ,
771 5007 881 5050 non
925 4990 1321 5061 longtevitatem
1351 4993 1478 5046 vita:
1527 4991 1716 5060 istius,
1747 5001 1808 5048 ut
1845 4995 2201 5050 meticulosus-

599 5091 791 5146 mortis
811 5130 828 5154 ,
867 5103 972 5144 non
997 5083 1334 5156 potentiam;
1363 5085 1456 5139 sed
1488 5083 1704 5155 dignum
1735 5089 1932 5156 quaerit
1969 5089 2052 5144 sui
2087 5089 2200 5144 Ine—

594 5183 781 5238 redent
827 5178 1067 5236 laboris:
1101 5176 1242 5242 Quid
1283 5173 1408 5229 mihi
1433 5217 1449 5242 ,
1484 5176 1689 5247 inquit,
1719 5179 1907 5234 dabis?
1939 5179 2052 5251 Ego
2095 5197 2192 5234 au-

595 5287 696 5331 tam
719 5275 950 5328 dimittor
977 5274 1086 5328 sine
1114 5271 1234 5341 ﬁliis
1271 5265 1436 5338 (Ibid.
1459 5312 1474 5334 ,
1497 5269 1578 5341 9.).
1609 5271 1678 5324 Et
1708 5271 1848 5325 infra
1877 5291 1890 5325 :
1921 5273 2044 5342 quia
2067 5274 2196 5328 mihi

592 5385 762 5422 semen
793 5384 896 5434 non
925 5365 1147 5430 dedisti,
1194 5351 1498 5417 vernaculus
1535 5379 1676 5417 meus
1725 5365 1850 5420 mihi
1891 5367 2054 5420 horres
2099 5369 2201 5422 erit

591 5461 758 5533 (Ibid.
779 5504 795 5528 ,
821 5462 902 5530 ὅ).
933 5460 1159 5515 Discant
1187 5473 1316 5529 ergo
1345 5457 1594 5512 homines
1621 5457 1870 5532 coniugia
1901 5474 2007 5515 non
2039 5476 2169 5530 sper
2189 5489 2197 5508 .-

591 5569 763 5622 nere,
793 5569 893 5610 nec
933 5553 1035 5608 sibi
1065 5549 1280 5608 sociare
1323 5552 1595 5620 impares;
1637 5567 1708 5608 ne
1749 5551 2058 5623 huiusmodi
2101 5568 2198 5610 su-

589 5647 819 5716 scipiant
847 5647 1049 5706 liberos
1067 5688 1082 5715 ,
1111 5661 1248 5718 quos
1279 5645 1525 5704 hteredes
1561 5645 1770 5704 habere
1797 5662 1906 5704 non
1933 5648 2146 5721 possint
2167 5667 2191 5716 ;,

662 5775 686 5800 ⁸
717 5765 792 5820 lla
821 5764 951 5818 edit.
982 5764 1110 5820 Era.
1133 5779 1195 5818 ac
1219 5763 1378 5818 Rom.
1404 5765 1476 5820 At
1502 5764 1624 5820 Am.
1653 5773 1707 5820 et
1734 5765 1858 5822 Gill.
1887 5780 2011 5822 cum
2041 5781 2172 5822 mss.

585 5831 752 5893 'l‘orn.
768 5834 976 5892 Theod.
1001 5843 1058 5894 ct
1075 5834 1237 5906 Reg.,
1265 5847 1521 5890 summam
1548 5841 1596 5898 m’
1623 5837 1863 5910 exprimit
1891 5854 2078 5896 nomen
2109 5839 2176 5910 ﬁ-

2208 6015 2264 6030 “in

2329 3321 2438 3380 hoc
2463 3324 2714 3390 credidit,
2733 3323 2998 3379 Dominus
3023 3321 3404 3378 aitzAbraham
3429 3323 3570 3378 diem
3599 3340 3770 3382 meum
3787 3321 3910 3386 ric‘it,

2329 3419 2598 3489 ctgavisus
2611 3427 2686 3472 est
2704 3417 2884 3486 (Joan.
2911 3433 3004 3480 vn,
3029 3417 3146 3488 56).
3173 3417 3300 3474 Ideo
3326 3427 3628 3487 reputation
3653 3429 3726 3473 est
3753 3417 3826 3472 illi
3859 3415 3912 3470 ad

2317 3512 2612 3582 justitiam,
2633 3512 2756 3582 quia
2773 3511 3040 3567 rationem
3063 3525 3168 3566 non
3197 3511 3484 3581 quatsivit,
3515 3511 3618 3568 sed
3649 3511 3914 3582 promptis-

2325 3602 2463 3658 sima
2495 3601 2600 3658 fide
2629 3603 2882 3658 credidit.
2915 3602 3126 3658 Bonum
3147 3611 3235 3660 est
3255 3611 3316 3658 ut
3335 3602 3608 3662 rationem
3643 3601 3912 3672 ptent-enin

2329 3691 2496 3758 ﬁdes;
2539 3710 2610 3750 ne
2653 3703 2926 3766 tamquam
2979 3694 3048 3750 ab
3088 3693 3346 3758 homine,
3377 3694 3452 3748 ita
3491 3709 3525 3748 a
3555 3694 3785 3750 Domino
3825 3693 3912 3744 Deo

2327 3795 2515 3844 nostro
2537 3787 2804 3844 rationem
2837 3789 3120 3844 videamur
3145 3787 3389 3858 exigere.
3421 3786 3640 3842 Etenim
3673 3783 3912 3858 quamin-

2321 3879 2544 3952 dignum
2595 3891 2652 3936 ut
2681 3883 2930 3938 humanis
2979 3881 3310 3938 testimoniis
3351 3879 3420 3935 de
3468 3879 3580 3934 alio
3617 3879 3906 3938 credamus,

2324 3973 2421 4029 Dei
2463 3973 2698 4030 oraculis
2736 3975 2803 4031 de
2851 3991 2912 4032 se
2965 3991 3073 4050 non
3104 3971 3429 4029 credamus!
3479 3971 3762 4028 Imitemur
3803 3981 3910 4040 ergo

2323 4065 2630 4133 Abraham,
2689 4077 2747 4121 ut
2793 4065 3044 4123 hazredes
3091 4067 3261 4124 simus
3313 4076 3475 4122 terra:
3517 4081 3614 4134 per
3669 4064 3908 4136 justitiam

2323 4157 2478 4226 ﬁdei,
2515 4173 2609 4230 per
2634 4174 2795 4232 quam
2824 4159 2916 4215 ille
2947 4159 3136 4216 mundi
3163 4159 3338 4214 haeres
3366 4157 3544 4214 factus
3569 4167 3676 4216 est.

2950 4299 3180 4356 CAPUT
3215 4299 3307 4354 IV.

2324 4415 2584 4471 Abraham
2609 4416 2675 4470 ab
2703 4413 2950 4468 adulterii
2980 4411 3195 4467 crimine
3219 4412 3283 4465 ob
3324 4417 3618 4481 susceptum
3643 4423 3711 4464 ea:
3737 4405 3910 4462 ancilia

2393 4510 2566 4578 [ilium
2581 4505 3267 4584 defcnditur:nempcqnod
3289 4504 3351 4557 ab
3388 4504 3613 4557 humana
3649 4501 3910 4574 fragilitate

2390 4621 2498 4660 non
2523 4613 2652 4660 esset
2673 4603 2934 4668 immunis,
2958 4613 3002 4656 et
3023 4611 3145 4654 tunc
3163 4596 3530 4653 Chaldworum
3547 4595 3909 4668 superstitiones

2387 4699 2480 4754 uia:
2507 4699 2798 4768 reliquisset
2823 4711 2842 4749 :
2872 4693 3057 4750 deinde
3082 4691 3288 4763 quodin
3307 4691 3467 4762 legem
3499 4699 3554 4743 at
3573 4699 3694 4758 pote
3712 4687 3910 4742 necdum

2391 4792 2553 4846 latam
2593 4806 2694 4844 non
2731 4787 3018 4862 peccaverit
3035 4804 3056 4842 :
3075 4793 3254 4856 postea
3277 4784 3417 4855 quod
3441 4799 3544 4838 non
3565 4782 3803 4846 libidine,
3829 4779 3908 4834 sed

2387 4899 2566 4938 amore
2581 4882 2742 4953 prolis
2755 4880 2994 4935 inductus
3013 4879 3079 4933 sit
3093 4895 3113 4944 ,'
3139 4877 3224 4930 ubi
3237 4876 3402 4930 multa
3415 4885 3601 4930 contra
3611 4873 3909 4928 adulterium

2391 4970 3066 5042 disptttanturtdefenditur
3089 4970 3272 5024 ultimo
3299 4965 3438 5036 quod
3459 4965 3593 5021 illud
3605 4967 3774 5036 ipsum
3789 4978 3910 5035 mys-

2389 5067 2575 5124 terium
2597 5082 2696 5119 non
2717 5073 2976 5134 peccatum
2999 5062 3178 5134 fuerit.
3195 5062 3273 5114 Ad
3289 5058 3830 5126 eatremumqutcrilttr
3851 5071 3910 5110 an

2389 5159 2614 5214 decuerit
2643 5155 3088 5210 circumcisionem
3117 5153 3311 5208 institui
3339 5161 3515 5224 postea
3549 5148 3904 5212 revocandam,

2387 5263 2439 5308 et
2462 5252 2730 5306 minimum
2757 5249 2814 5303 in
2840 5264 2893 5304 se
2924 5247 3254 5318 perfectionis
3283 5247 3645 5298 continentem.

2393 5371 2484 5426 2Q.
2501 5367 2607 5426 Sed
2633 5367 2868 5434 fortasse
2897 5364 3040 5420 dicat
3067 5363 3266 5434 aliquis
3295 5379 3308 5413 :
3331 5359 3617 5429 Quomodo
3643 5357 3905 5414 Abraham

2313 5463 2482 5518 nobis
2501 5459 2824 5516 imitandum
2849 5457 3130 5529 proponis,
3159 5455 3324 5528 290
3341 5469 3464 5509 cum
3491 5451 3560 5508 de
3577 5450 3776 5507 ancilla
3799 5465 3908 5505 sus-

2313 5555 2529 5625 ceperit
2555 5551 2767 5610 ﬁlium?
2795 5554 2906 5608 Aut
2933 5551 3060 5624 quid
3083 5549 3186 5606 sibi
3206 5550 3322 5605 vult
3347 5547 3452 5601 hoc
3471 5558 3626 5610 esse,
3655 5551 3715 5598 ut
3737 5551 3906 5600 tantus

2317 5651 2404 5706 vir
2435 5649 2560 5706 huic
2597 5648 2773 5704 errori
2817 5645 2982 5704 luerit
3008 5645 3311 5714 obnoxius,
3353 5639 3516 5713 cujus
3561 5644 3704 5694 tanta
3749 5649 3906 5708 opera

2301 5767 2411 5821 dei.
2444 5766 2577 5850 βορᾷ.
2609 5780 2738 5822 vero
2761 5765 2924 5822 Corb.
2957 5765 3129 5850 Long.
3157 5762 3309 5820 Colb.
3338 5760 3535 5818 etMaz.
3564 5769 3764 5814 summa
3785 5751 3904 5810 Iesu

2305 5847 2550 5910 exprimit
2591 5853 2798 5894 nomen.
3089 5847 3092 5852 ‘
