4082 6370
194 286 301 351 ης)

1484 288 1570 352 DE
1610 296 1947 363 ΑΒΒΑΗΔΜ
1986 302 2118 363 LIB.
2160 307 2199 359 l.

3391 316 3497 377 430

190 436 499 493 miramur?
526 436 594 493 Et
624 436 746 493 ideo
776 450 846 492 ne
868 436 1102 508 quodam
1131 449 1284 493 more
1312 438 1681 511 navigantium
1711 440 1792 495 ιο.
1816 420 1867 483 Α
1896 426 2080 496 exigit.
2129 428 2332 484 Mavult
2359 429 2504 487 enim
2550 431 2771 488 mitibus
2815 446 3112 504 provocare
3135 473 3149 502 ,
3182 434 3351 510 quam
3380 448 3495 496 ter-

192 543 315 585 cum
342 528 488 585 hunc
506 544 667 601 quem
698 529 942 600 plerique
961 530 1221 587 vadosum
1244 541 1465 602 putant,
1489 534 1795 591 declinasse

193 623 515 691 videamur,
562 625 831 680 rationem
878 624 996 695 ejus
1023 627 1317 695 explanare
1343 625 1494 681 cordi
1540 637 1643 682 est.
1676 626 1793 682 Non

192 716 376 771 abnuo
404 702 850 786 quod'Abraham
902 715 974 772 de
1014 718 1211 773 ancilla
1241 718 1545 789 susceperit
1583 718 1792 787 lilium;

193 818 257 865 ut
282 824 580 883 cognoscas
622 810 878 882 quoniam
910 824 1016 865 non
1068 811 1366 879 superioris
1392 811 1670 881 cujusdam
1700 826 1797 868 na—

196 911 334 957 tura:
359 919 423 957 ac
451 904 768 959 substantiae
796 903 895 958 fuit
922 902 1194 959 Abraham
1212 946 1228 971 ,
1258 904 1353 959 sed
1383 920 1522 961 unus
1547 920 1579 962 e
1607 922 1797 963 nume-

194 1012 260 1051 ro
276 1006 331 1051 et
347 998 632 1067 fragilitate
660 997 1037 1053 universorum
1064 995 1367 1052 hominum.
1393 998 1633 1068 Denique
1655 1006 1709 1052 et
1729 998 1797 1055 de

195 1091 418 1161 regione
442 1088 816 1145 Chaldaeorum
848 1099 1075 1145 vocatus
1097 1098 1181 1145 est
1202 1130 1218 1156 ,
1256 1104 1391 1160 quos
1424 1089 1796 1161 superstitioni

194 1199 347 1238 vana:
381 1184 617 1240 intentos
642 1198 767 1239 esse
796 1184 967 1255 magis
994 1200 1154 1255 quam
1198 1194 1426 1240 caeteros
1455 1185 1794 1255 accepimus;

193 1287 254 1334 et
281 1278 403 1334 ideo
432 1279 693 1349 majorem
726 1282 937 1336 invenit
964 1284 1195 1352 gratiam
1226 1282 1367 1353 apud
1397 1282 1591 1347 Deum,
1618 1292 1644 1319 ιι
1672 1283 1797 1351 quia

193 1369 565 1441 superioribus
601 1372 965 1439 renuntiavit,
996 1373 1064 1427 ad
1096 1374 1277 1442 priora
1312 1388 1373 1429 se
1414 1373 1692 1440 extendit,
1741 1381 1801 1428 ut

192 1474 515 1535 sequeretur
540 1465 731 1520 Deum.
766 1466 1084 1535 Propositus
1109 1476 1193 1522 est
1212 1463 1357 1521 enim
1384 1465 1450 1519 ad
1476 1464 1798 1523 imitandum

192 1559 292 1613 tibi
314 1599 328 1623 ,
363 1566 420 1613 ut
447 1568 503 1613 et
528 1571 585 1614 tu
606 1559 861 1615 advertas
879 1603 895 1627 ,
940 1560 1087 1630 quod
1117 1561 1163 1616 si
1218 1561 1456 1631 peccatis
1481 1562 1759 1618 renunties
1779 1602 1795 1631 ,

193 1655 372 1723 possis
399 1655 631 1711 emereri
664 1654 880 1710 Domini
921 1655 1370 1712 misericordiam.

265 1751 358 1807 25.
401 1751 622 1809 Movere
653 1759 836 1808 tamen
865 1751 1078 1821 aliquos
1105 1759 1319 1823 potest,
1352 1752 1494 1823 quod
1531 1750 1641 1823 jam
1668 1766 1792 1808 curn

1898 535 2019 575 rere
2046 522 2383 580 saevioribus.
2429 524 2499 579 Et
2541 534 2596 581 tu
2642 528 2879 595 peccasti
2909 542 3030 584 cum
3053 531 3270 601 gentilis
3310 547 3494 602 esses,

1899 610 2067 667 habes
2110 616 2552 673 excusationem:
2584 620 2779 675 venisti
2820 624 2889 677 ad
2928 622 3263 692 Ecclesiam,
3295 625 3495 681 audisti

1895 703 2068 775 legem
2095 724 2107 759 :
2144 706 2269 762 Non
2296 712 2608 766 adulterabis
2638 711 2846 785 (Exod.
2881 731 2946 770 ss
2971 760 2984 782 ,
3019 716 3151 788 14),
3180 718 3290 788 jam
3321 734 3493 774 excu-

1896 796 2162 853 sationem
2187 799 2368 856 delicti
2400 818 2507 857 non
2540 804 2725 860 habes.
2756 807 2957 863 Tamen
2982 811 3236 878 quoniam
3262 825 3385 866 cum
3411 812 3497 868 his

1898 890 2028 945 mihi
2055 907 2238 947 sermo
2274 904 2390 960 est,
2432 896 2521 965 qui
2560 896 2627 949 ad
2654 901 2881 968 gratiam
2925 901 3263 971 baptismatis
3297 919 3494 961 nomen

1898 981 2197 1051 dederunt,
2221 984 2265 1039 si
2293 985 2413 1055 quis
2440 995 2647 1044 tantum
2677 991 2883 1046 crimen
2918 992 3075 1059 fecit,
3104 995 3242 1050 sciat
3264 996 3367 1051 sibi
3398 998 3496 1052 tri-

1898 1070 2166 1129 buendam
2206 1076 2450 1143 veniam;
2490 1078 2585 1133 sed
2630 1082 2783 1149 quasi
2812 1084 2859 1137 ei
2904 1086 2991 1153 qui
3021 1086 3227 1143 crimen
3268 1090 3497 1147 commi-

1900 1166 2066 1231 serit,
2095 1168 2149 1222 in
2175 1168 2440 1236 reliquum
2472 1178 2653 1226 tamen
2680 1173 3057 1230 abstinendum
3082 1180 3311 1234 noverit.
3334 1180 3495 1235 Dcni-

1900 1274 2003 1327 que
2022 1259 2095 1313 illi
2112 1260 2371 1317 adultera:
2383 1277 2543 1331 quam
2560 1264 2609 1317 in
2626 1264 2917 1336 Evangelia
2935 1267 3282 1325 obtuleruntd
3302 1272 3495 1327 scribae

1899 1349 2330 1422 Pharisaeorum,
2386 1355 2546 1427 291
2603 1356 2807 1427 ignovit
2850 1359 3067 1427 quidem
3107 1360 3367 1417 Dominus
3399 1377 3496 1417 su-

1901 1446 2148 1517 periora,
2199 1446 2296 1503 sed
2331 1448 2445 1503 ait:
2502 1447 2677 1516 Vade,
2723 1460 2775 1504 at
2822 1452 3007 1506 amodo
3058 1454 3174 1507 vide
3217 1470 3279 1509 ne
3324 1471 3500 1524 pecces

1904 1537 2096 1611 (Joan.
2126 1554 2257 1607 νιιι,
2291 1540 2412 1613 tt).
2442 1541 2597 1608 Quod
2624 1558 2745 1600 cum
2779 1543 2856 1598 illi
2893 1543 3053 1612 dicit,
3087 1546 3181 1600 tibi
3210 1545 3359 1601 dicit.
3396 1532 3501 1603 Fe-

1901 1633 2020 1689 cisti
2048 1636 2268 1705 gentilis
2288 1636 2635 1704 adulterium,
2661 1638 2838 1695 iecisti
2859 1639 3318 1697 catechumenos?
3342 1640 3499 1713 igno-

1904 1727 2072 1782 scitur
2105 1728 2226 1793 tibi,
2258 1729 2552 1786 remittitur
2591 1731 2686 1787 tibi
2729 1747 2825 1800 per
2855 1731 3204 1803 baptismum.
3235 1732 3383 1790 Vade
3403 1776 3418 1802 ,
3444 1744 3505 1790 et

191 1840 306 1899 Deo
334 1843 674 1914 loquebatur,
704 1853 759 1900 et
784 1843 851 1899 ad
873 1820 1129 1900 ancillam
1157 1820 1431 1909 introivit,
1463 1820 1796 1916 sicutscrip-
1823 1820 1872 1885 Β
1900 1820 2167 1916 9059"“
2210 1821 2332 1879 Vide
2357 1838 2426 1879 ηθ
2457 1837 2671 1895 Ρθθθοδ·
2712 1824 2891 1883 “ab”
2920 1841 3079 1882 “nam
3125 1826 3360 1906 “mihi”
3401 1828 3502 1886 dc‘

189 1944 305 1990 tum
346 1944 429 1991 est
457 1953 469 1990 :
498 1936 633 2005 Quia
661 1935 794 1991 dixit
823 1937 963 1992 Sara
1002 1937 1071 1991 ad
1110 1938 1298 1992 Abram
1322 1952 1345 1991 .'
1382 1935 1517 1991 Ecce
1546 1936 1798 1993 conclusit

189 2041 271 2079 me
298 2026 580 2092 Dominus,
612 2037 669 2081 ut
715 2044 816 2083 non
848 2029 1051 2096 pariam
1076 2045 1093 2083 :
1124 2030 1260 2083 intra
1289 2044 1411 2101 ergo
1451 2028 1519 2081 ad
1549 2030 1795 2084 ancillam

189 2134 356 2173 meam
376 2162 391 2185 ,
414 2118 442 2157 δ
474 2129 527 2172 ut
569 2120 705 2189 ﬁlios
732 2122 894 2191 facias
934 2138 995 2176 ea:
1025 2120 1119 2175 illa
1152 2120 1320 2193 (Gen.
1354 2136 1474 2189 xvr,
1505 2121 1574 2189 Ως
1605 2122 1707 2190 52,
1739 2138 1791 2193 q.

192 2212 259 2277 4,
290 2227 339 2265 c.
374 2210 519 2265 Dixit
546 2210 742 2285 Sara).
779 2212 843 2268 Et
871 2214 942 2267 ita
966 2214 1166 2269 factum
1208 2222 1310 2269 est.
1345 2214 1451 2271 Sed
1474 2215 1795 2271 considere-

194 2318 321 2359 mus
341 2345 356 2371 ,
387 2307 618 2375 primum
652 2307 776 2377 quia
821 2307 1093 2362 Abraham
1124 2316 1252 2363 ante
1282 2306 1455 2378 legem
1481 2307 1712 2379 Moysis,
1741 2316 1798 2363 et

197 2406 323 2453 ante
347 2397 696 2469 Evangeliutn
729 2399 866 2455 fuit:
900 2412 921 2439 ο
948 2401 1185 2454 nondum
1212 2399 1557 2456 interdictum
1587 2399 1800 2454 adulte-

198 2494 340 2548 rium
369 2492 674 2548 videbatur.
704 2492 867 2547 Pmna
896 2492 1138 2547 criminis
1166 2507 1230 2548 ex
1254 2500 1500 2561 tempore
1526 2492 1664 2561 legis
1691 2498 1798 2558 est,

199 2599 321 2654 qua:
366 2584 573 2639 crimen
606 2584 876 2639 inhibuit:
912 2598 1010 2640 nec
1039 2593 1165 2639 ante
1202 2583 1375 2655 legem
1403 2584 1510 2637 ulla
1542 2583 1618 2637 rei
1644 2583 1800 2636 dam-

205 2677 354 2731 natio
376 2684 497 2740 est;
530 2674 624 2730 sed
650 2690 713 2731 ex
744 2676 883 2746 lege.
912 2674 1030 2730 Non
1074 2690 1205 2745 ergo
1236 2675 1289 2729 in
1330 2676 1501 2744 legem
1532 2674 1803 2729 commisit

208 2768 517 2833 Abraham,
549 2768 643 2823 sed
676 2768 848 2837 legem
880 2770 1158 2838 praevenit.
1193 2770 1335 2824 Deus
1381 2768 1432 2822 in
1461 2769 1712 2839 paradiso
1743 2768 1808 2822 li-

212 2876 303 2921 cet
326 2864 636 2934 eonjugium
672 2862 977 2919 laudaverit
1008 2862 1169 2934 (Gen.
1204 2878 1258 2929 ι,
1285 2863 1396 2934 28)
1435 2879 1543 2918 non
1597 2862 1806 2917 adulte-

212 2936 353 3012 rium
379 2956 749 3011 damnaverat.
772 2954 888 3009 Non
916 2954 1027 3009 vnlt
1057 2955 1200 3008 enim
1227 2964 1455 3009 mortem
1481 2953 1806 3024 peccatoris,

213 3058 269 3105 et
300 3049 421 3105 ideo
444 3048 587 3120 quod
611 3047 819 3118 praemii
841 3055 925 3103 est
950 3047 1235 3118 pollicetur
1261 3068 1272 3099 :
1303 3046 1445 3116 quod
1474 3060 1671 3117 ptenac,
1702 3059 1811 3100 non

1904 1912 2225 1970 lensionem.

1974 2006 2065 2063 26.
2103 2008 2347 2063 Secunda
2377 2009 2469 2065 illa
2496 2018 2611 2077 est,
2638 2010 2779 2082 quod
2806 2025 2911 2067 non
2938 2012 3134 2069 ardore
3154 2015 3333 2086 aliquo
3354 2030 3503 2087 vagas

1902 2114 2197 2157 succensus
2221 2102 2488 2169 libidinis,
2517 2118 2624 2159 non
2653 2106 2945 2174 petulantia
2976 2108 3163 2165 formae
3189 2120 3379 2181 captus
3406 2112 3503 2169 dea

1902 2209 2065 2261 core,
2123 2197 2335 2253 ancillae
2381 2200 2735 2254 contubernio
2796 2200 3133 2273 conjugaletn
3193 2206 3505 2274 posthabuit

1903 2287 2141 2356 litorum,
2183 2289 2279 2344 sed
2302 2291 2482 2346 studio
2507 2292 2811 2362 quaerendae
2842 2296 3171 2363 posteritatis
3208 2305 3264 2351 et
3307 2312 3504 2368 propa-

1900 2380 2089 2451 gandae
2116 2382 2341 2439 sobolis.
2374 2383 2570 2441 Adhuc
2611 2395 2731 2455 post
2756 2384 3018 2441 diluvium
3052 2388 3244 2443 raritas
3267 2400 3383 2443 erat
3409 2404 3507 2460 ge—

1904 2477 2052 2533 neris
2096 2478 2357 2534 humani:
2409 2488 2531 2535 erat
2572 2481 2738 2535 etiam
2778 2480 3082 2551 religionis,
3126 2496 3194 2536 ne
3234 2483 3356 2553 quis
3398 2498 3508 2537 non

1904 2569 2208 2627 reddidisse
2237 2572 2478 2628 debitum
2509 2573 2789 2629 videretur
2811 2583 3046 2629 naturae.
3076 2575 3315 2646 Denique
3334 2585 3388 2631 et
3412 2576 3514 2633 Lot

1906 2666 2079 2719 sancti
2108 2665 2234 2719 lilia:
2275 2665 2413 2720 hanc
2454 2681 2675 2722 causam
2717 2667 3028 2738 quaerenda:
3055 2670 3385 2738 posteritatis
3416 2668 3514 2725 ha~

1908 2754 2170 2821 buerunt,
2209 2772 2278 2812 ne
2315 2774 2487 2828 genus
2518 2760 2775 2816 deﬁceret
2802 2760 3131 2827 humanum;
3176 2771 3233 2817 et
3259 2762 3381 2817 ideo
3408 2777 3511 2833 pu-

1911 2852 2035 2908 blici
2068 2853 2312 2910 muneris
2338 2856 2509 2925 gratia
2552 2857 2815 2926 privatam
2869 2868 2892 2895 ο
2942 2857 3152 2928 culpam
3204 2860 3509 2927 praetexuit.

1912 2947 2022 3003 Nec
2042 2949 2274 3003 otiosum
2298 2949 2553 3019 estquod
2587 2965 2728 3005 uxor
2754 2958 2943 3005 auctor
2966 2951 3091 3004 l'acti
3121 2950 3421 3017 inducitur;
3451 2960 3517 3007 ut

1914 3052 2203 3098 excusetur
2231 3044 2457 3099 maritus
2476 3085 2491 3113 ,
2526 3060 2595 3099 ne
2621 3059 2757 3116 vago
2784 3054 2971 3115 raptus
2996 3059 3185 3101 errore
3213 3045 3469 3101 credatur
3496 3062 3511 3101 :

293 3208 315 3233 ει
350 3196 491 3252 Edit.
525 3194 749 3251 omnino
774 3207 965 3249 omnes
984 3235 999 3258 ,
1026 3193 1148 3266 quia
1179 3192 1566 3266 posterioribus.
1618 3192 1815 3247 Contra
1843 3192 1889 3256 C
1922 3192 2642 3266 celebrioresTlt_eologi,sin
2665 3195 2889 3251 minnsa
2908 3204 3041 3261 toto,
3064 3196 3253 3253 saltem
3271 3213 3301 3253 a
3326 3206 3515 3266 tanto;

219 3284 353 3325 mss.
398 3284 620 3331 omnes,
670 3266 791 3336 quia
827 3262 1199 3333 superioribus.
1253 3262 1475 3329 Melius,
1525 3274 1583 3318 ut
1621 3266 1717 3336 per
1760 3280 1818 3319 se

217 3340 448 3411 quisque
474 3340 605 3393 Satis
635 3337 921 3411 intelliget.

290 3411 319 3449 δ
353 3407 441 3465 Sic
469 3424 600 3463 mss.
630 3424 841 3463 omnes.
872 3408 1016 3462 Edit.
1049 3416 1227 3461 autem
1250 3449 1262 3472 ,
1286 3417 1339 3460 ut
1369 3407 1533 3473 ﬁlium
1564 3408 1728 3475 facias
1756 3420 1820 3459 ea:

218 3482 332 3538 illa.
385 3479 527 3536 LXX
570 3480 773 3553 Interp.
803 3520 819 3544 ,
849 3481 931 3535 ἶνα
969 3484 1412 3553 τεκσέοποιήσωμαι-
1443 3480 1492 3543 ἐξ
1520 3479 1696 3553 αὐτῆς.
1715 3477 1821 3553 _Sic

221 3556 418 3623 legitur
450 3553 501 3605 in
531 3548 861 3605 ntultisrod.
895 3550 1157 3623 scriptis“;
1186 3548 1453 3623 tamenin
1498 3548 1818 3623 quibusdam

222 3619 472 3681 invenire
521 3630 635 3691 est,
682 3626 1067 3695 τενκοποιήσῃς.
1103 3619 1235 3677 Vide
1284 3620 1461 3676 Nobil.
1520 3620 1573 3674 in
1628 3620 1817 3675 eadem

222 3696 410 3752 verba.

303 3780 323 3807 ε
364 3766 620 3824 Nonnulli
651 3766 992 3822 occasionem
1022 3780 1086 3819 ex
1118 3764 1203 3820 his
1226 3763 1404 3819 verbis
1435 3765 1817 3833 arripuerunt,

224 3849 286 3895 ut
328 3839 675 3894 Ambrosium
720 3852 1000 3906 perperam
1046 3835 1113 3890 de
1145 3837 1410 3906 adulterio
1452 3837 1690 3891 sensisse
1726 3852 1817 3890 ca-

227 3911 645 3966 lunmiarentur.
680 3905 841 3977 Atqui
881 3915 1088 3961 certum
1123 3917 1205 3960 est
1248 3907 1305 3961 S.
1363 3905 1651 3961 Ductorem
1685 3924 1819 3961 con-

230 3989 441 4037 stanter
483 3980 735 4034 docuisse
767 3977 1097 4046 prohibitum
1143 3977 1307 4030 fuisse
1348 3977 1673 4049 adulterium
1706 3980 1824 4049 lege

230 4049 499 4111 naturali.
544 4063 774 4116 eamque
831 4049 1001 4118 legem
1040 4062 1070 4100 a
1117 4050 1331 4119 nemine
1378 4048 1609 4119 ignorari
1659 4048 1821 4119 (puta

232 4119 648 4189 invinrihiliter)
679 4117 931 4187 umquam
976 4119 1234 4186 potuisse.
1267 4117 1322 4171 ld
1354 4117 1571 4187 quidem
1614 4117 1722 4172 tum
1755 4136 1823 4175 ex

232 4194 352 4249 aliis
381 4192 551 4260 ipsius
572 4190 825 4261 Operibus
856 4200 1188 4261 cognoscere
1212 4198 1321 4261 est,
1357 4198 1466 4242 ttnn
1494 4207 1555 4243 ex
1583 4189 1687 4244 hoc
1710 4191 1825 4259 ipso

232 4266 373 4321 libro
403 4260 865 4331 liquido'tronstat.
894 4262 1105 4315 Etenim
1134 4260 1224 4314 ubi
1255 4270 1437 4313 narrat
1474 4260 1826 4331 quemadmo-

232 4337 361 4392 dum
396 4330 600 4389 Pharao
622 4334 813 4388 Suram
840 4348 998 4401 quam
1023 4332 1073 4384 in
1100 4331 1352 4398 palatium
1381 4330 1665 4386 abducmm
1702 4348 1827 4385 uxoo

236 4422 351 4467 rem
390 4406 588 4460 ducere
635 4404 938 4474 cogitabat,
987 4405 1656 4474 postquameonjugatant
1701 4418 1827 4474 esse

236 4478 519 4548 cognovit,
554 4470 863 4548 Abrahanto
895 4470 1159 4548 restituit,
1184 4470 1521 4548 ila_loquilur
1548 4492 1561 4526 :
1593 4470 1708 4548 Etsi
1736 4492 1824 4548 ita;

240 4544 354 4605 tura
382 4549 522 4620 ferus
553 4564 614 4601 ac
642 4546 900 4620 barbarus
922 4554 1087 4620 tamen
1112 4544 1436 4620 signiﬁcat
1464 4586 1475 4620 τ
1511 4554 1557 4597 et
1582 4544 1825 4620 adulterii

239 4616 429 4677 crimen
451 4621 547 4675 sibi
575 4636 683 4675 esse
710 4618 1010 4673 cavendum.
1041 4616 1433 4688 Quiiprwtcndit
1459 4618 1826 4688 ignorantiam,

241 4693 541 4747 condemnat
582 4690 1047 4763 intemperantiam.
1113 4687 1228 4763 Nec
1273 4688 1459 4742 mirum
1486 4689 1529 4741 si
1580 4688 1823 4763 barbarus

234 4766 326 4836 jus
358 4763 495 4815 novit
525 4758 751 4836 natura).
772 4805 785 4817 .
812 4802 825 4817 .
852 4758 985 4836 .-μα
1016 4761 1181 4833 major
1211 4758 1292 4811 lea:
1319 4768 1547 4836 natura,
1575 4776 1725 4836 quam
1755 4761 1824 4812 le-

246 4830 365 4904 gum
391 4834 707 4905 prcescriptio
738 4843 831 4887 est.
876 4831 1060 4901 Neque
1090 4830 1219 4905 vero
1249 4831 1539 4905 putandum
1587 4840 1671 4885 est
1711 4830 1826 4905 hgec

236 4902 313 4960 de
344 4902 459 4959 solo
483 4906 750 4961 adulterio
775 4918 884 4975 quo
914 4917 1049 4957 uxor
1075 4903 1249 4958 aliena
1278 4902 1717 4975 pollnitur,esse
1747 4904 1827 4975 in-

249 4976 555 5046 telligenda.
605 4976 737 5032 Nam
769 4971 1128 5046 prteterquam
1159 4975 1299 5046 quod
1346 4971 1617 5046 generalia
1666 4974 1827 5028 verba

249 5043 741 5132 suntlproindeque
768 5043 833 5101 ad
869 5043 1027 5132 nonin
1059 5043 1300 5128 adulterii
1332 5043 1564 5125 speciem
1605 5058 1712 5124 non
1741 5060 1828 5132 re-J

256 5112 566 5187 stringenda
588 5162 599 5183 ,
625 5112 708 5172 vir
734 5129 955 5173 sanctus
981 5117 1081 5170 hoc
1113 5118 1230 5186 ipso
1259 5112 1443 5187 capite
1464 5112 1659 5169 asserit
1700 5114 1837 5187 quod

248 5186 453 5244 mulieri
482 5207 582 5243 non
620 5192 763 5253 licet,
812 5192 918 5243 uiro
949 5205 1050 5241 non
1072 5189 1224 5242 licere
1244 5203 1262 5240 :
1287 5196 1407 5239 etc.
1436 5186 1496 5250 7,
1548 5200 1718 5238 omnes
1746 5186 1840 5239 viri

253 5261 583 5329 mulierisque
611 5260 907 5314 concubitus
939 5260 1084 5313 nulla
1123 5258 1330 5329 legitimi
1362 5257 1673 5329 matrimonii
1703 5267 1841 5329 sorte

256 5326 531 5385 celebratos
562 5330 745 5385 habere
776 5348 919 5384 suum
941 5326 1695 5401 culpam.’Itaquediccndntn
1728 5328 1843 5383 exi-

256 5404 536 5457 SIimatnus
565 5416 686 5457 eum
720 5401 842 5455 ideo
864 5398 1147 5467 scripsisse
1173 5398 1496 5453 adulterium
1529 5408 1651 5451 ante
1680 5399 1839 5453 latam

259 5475 458 5541 Moysis
489 5473 662 5543 legent
696 5486 799 5527 tt0n
843 5474 1014 5543 visum
1066 5471 1232 5525 fuisse
1264 5472 1606 5543 interdictum
1631 5510 1645 5537 ,
1688 5478 1744 5543 ut
1769 5472 1841 5523 si-

257 5541 698 5613 gniticaret'illis
755 5542 1082 5611 temporibus
1150 5557 1267 5596 eam
1319 5542 1462 5597 circa
1514 5541 1839 5613 adulterium

259 5612 613 5686 ignorantiam
662 5616 949 5686 extitisse,
976 5628 1094 5680 qnze
1117 5614 1353 5686 etsi__non
1384 5614 1603 5669 omnino
1626 5612 1838 5686 culpam

261 5684 642 5751 tolleret,haud
660 5685 1002 5741 mediocriter
1021 5694 1198 5738 tamen
1217 5684 1721 5748 illamminneret,id
1738 5693 1841 5751 est,

262 5760 569 5831 vincibilem
606 5756 987 5831 ignorantiam.
1013 5754 1182 5831 Nemo
1207 5756 1349 5811 enim
1378 5756 1652 5826 negaverit
1682 5755 1838 5831 istam

265 5832 317 5886 in
335 5830 460 5901 jure
490 5826 721 5888 natuiali
754 5842 916 5901 posse
940 5826 1192 5893 inveniri,
1224 5836 1280 5883 et
1306 5839 1586 5895 excusare,
1613 5836 1669 5883 ut
1689 5827 1841 5883 aiunt

1923 3278 2151 3333 eamque
2177 3279 2297 3319 esse
2323 3264 2392 3319 de
2432 3264 2535 3333 qua
2567 3267 2827 3335 scriptum
2867 3268 2937 3321 sit
2965 3268 3093 3322 Luc.
3129 3284 3237 3335 xu,
3272 3270 3377 3325 £8:
3414 3264 3517 3336 Qui

1924 3344 2093 3411 autem
2126 3352 2227 3411 non
2252 3336 2614 3411 cognovitpet
2646 3337 2765 3406 fecit
2820 3338 2977 3406 digna
3024 3339 3220 3411 plagis,
3256 3343 3519 3409 vapulabit

1922 3407 2122 3530 raucis.
2160 3408 2223 3461 Et
2252 3406 2354 3462 hoc
2380 3406 2683 3463 sufficiebat
2704 3424 2825 3463 eum
2858 3411 2921 3462 ad
2950 3406 3517 3469 excusandumAbra-

1942 3493 2140 3530 tantum
2191 3478 2334 3530 abuti
2400 3493 2494 3530 eos
2542 3494 2678 3530 auos
2722 3480 3129 3530 alloquebatur-
3187 3484 3278 3530 mti
3323 3484 3514 3530 eadem

1942 3493 2140 3532 tantum
2191 3478 2334 3547 apud
2400 3493 2494 3534 eos
2542 3494 2678 3548 quos
2722 3480 3129 3553 alloquebatur,
3187 3484 3278 3553 qui
3323 3484 3514 3540 eadem

1925 3558 2370 3623 perpetraverant
2418 3560 2543 3623 ante
2586 3565 2737 3606 suam
2769 3552 2834 3606 ad
2873 3553 3033 3608 iidem
3066 3552 3511 3623 eottversionem;

1925 3629 2034 3673 tum
2066 3620 2130 3673 ad
2161 3622 2380 3697 eosdem
2424 3621 2505 3697 ab
2533 3620 2838 3697 hujusntodi
2864 3625 3094 3697 crimine
3139 3626 3191 3679 in
3236 3620 3515 3697 posterum

1924 3692 2292 3757 revocandos,
2328 3707 2452 3748 cum
2487 3693 2599 3766 jam
2630 3696 2762 3764 ipsis
2788 3695 2931 3749 nulla
2961 3696 3029 3751 de
3060 3692 3359 3766 ignorantia
3388 3714 3517 3766 Stip-

1924 3773 2134 3832 peleret
2156 3766 2455 3818 excusatio.
2484 3765 2632 3820 lianc
2658 3776 2837 3823 autem
2874 3772 3279 3833 responsionem
3310 3786 3376 3824 eo
3401 3787 3517 3825 ma-

1921 3836 2004 3903 gis
2021 3833 2410 3905 admittendam
2438 3851 2645 3903 remur,
2668 3838 2807 3905 quod
2827 3839 3145 3893 Ambrosius
3174 3840 3332 3901 infra.
3358 3858 3509 3895 nutu.

1923 3907 2023 3970 27,
2052 3903 2193 3961 hanc
2226 3905 2551 3978 Patriarcltu:
2592 3903 2859 3978 actionem
2891 3910 3000 3963 Deo
3031 3910 3207 3963 minus
3236 3910 3515 3978 probatam

1926 3990 2047 4031 esse
2080 3984 2335 4047 testetur,
2368 3992 2428 4029 ac
2461 3977 2551 4031 lib.
2584 3976 2651 4032 de
2682 3978 2939 4032 Paradiso
2969 3992 3017 4031 c.
3052 3980 3120 4033 15
3142 4021 3156 4044 ,
3205 3976 3261 4035 n.
3294 3980 3393 4047 65,
3438 3991 3518 4036 at-

1927 4063 2033 4116 que
2079 4046 2301 4119 alibigde
2344 4047 2837 4119 cadetnhtamquatn
2881 4049 2948 4102 de
2997 4065 3129 4104 vero
3172 4046 3392 4119 peccato
3438 4053 3519 4107 lo-

1926 4126 2142 4187 quatur.
2197 4116 2462 4171 Cit-terum
2520 4117 2625 4171 dici
2675 4116 2834 4173 etiam
2895 4127 3072 4187 potest
3110 4116 3185 4176 Sf
3230 4122 3515 4178 Ductorem

1926 4187 2175 4265 adulterii
2212 4187 2429 4243 nomine
2461 4187 2592 4242 nihil
2620 4189 2764 4265 aliud
2794 4190 3127 4265 intellexisse
3168 4208 3325 4265 quam
3366 4198 3516 4265 poly-

1928 4262 2193 4330 gamiatn;
2226 4274 2397 4330 eaque
2428 4275 2579 4313 usum
2616 4264 2763 4315 verbi
2794 4262 3009 4319 duritie.
3037 4274 3090 4315 ut
3124 4262 3395 4318 ellicacius
3427 4262 3517 4321 ra-

1931 4332 2286 4386 teuhumenos
2301 4333 2631 4403 absterreret
2652 4348 2678 4385 a
2695 4333 2968 4403 pellicatu.
2986 4333 3097 4389 Nec
3118 4349 3246 4388 vero
3260 4338 3452 4391 tnirnm
3470 4341 3515 4393 si

1930 4404 2092 4477 paulo
2110 4402 2479 4477 vehementior
2497 4402 2593 4457 hac
2618 4406 2668 4477 in
2690 4402 2749 4460 re
2771 4404 3285 4474 fueritAtnhrosins,
3300 4410 3518 4477 quando

1929 4474 1994 4527 de
2029 4474 2204 4529 tertiis
2236 4474 2431 4547 nuptiis
2468 4490 2600 4547 quas
2632 4475 2819 4529 divina
2847 4492 2910 4531 ac
2953 4478 3184 4532 naturali
3209 4474 3333 4547 lege
3357 4497 3515 4535 num-

1933 4560 2089 4618 quam
2138 4561 2244 4599 non
2278 4545 2453 4618 licitas
2485 4544 2649 4618 fuisse
2679 4557 2914 4614 constat,
2962 4548 3209 4613 Basilius,
3240 4544 3328 4616 c'p.
3359 4553 3416 4618 l,
3449 4551 3517 4605 ad

1856 4606 1907 4667 D
1935 4606 2133 4685 Amph.
2165 4658 2178 4682 ,
2211 4632 2259 4671 c.
2286 4615 2352 4679 4,
2384 4616 2580 4670 dixerit
2606 4632 2698 4672 eas
2736 4606 3083 4690 polygumiam
3109 4606 3368 4688 appellari
3386 4606 3416 4685 ,’
3432 4624 3519 4677 vel

1972 4690 2109 4742 otius
2133 4690 2435 4760 castigatam
2466 4690 2873 4757 fornicationem.
2906 4691 3024 4760 Ipse
3064 4708 3278 4760 quoque
3306 4692 3520 4747 Tertul-

1972 4704 2109 4742 otius
2133 4704 2435 4755 castigatam
2466 4704 2873 4757 Iormcatronem.
2906 4704 3024 4760 Ipse
3064 4708 3278 4760 quoque
3306 4704 3520 4747 't'crlul-

1931 4704 2126 4834 finitus,
2152 4762 2186 4813 l.
2221 4759 2289 4813 de
2328 4757 2544 4829 Monog.
2572 4802 2585 4823 ,
2630 4775 2680 4814 c.
2712 4762 2803 4834 6,
2829 4762 3117 4816 Abrnhztmi
3162 4765 3520 4834 polygatniam

1932 4829 2230 4885 defendens
2251 4872 2265 4897 ,
2296 4843 2415 4883 eam
2444 4838 2622 4885 tamen
2650 4831 2853 4885 ancilla:
2886 4829 3276 4887 concubinatum
3292 4829 3465 4887 'vocat
3502 4852 3519 4892 ;

1933 4918 2039 4970 quo
2086 4904 2249 4974 etiam
2276 4914 2463 4974 Asensu
2502 4902 2613 4957 Leo
2658 4901 2881 4971 Magnus
2921 4920 3007 4974 ep.
3037 4905 3101 4957 ad
3154 4906 3343 4966 itust.,
3374 4921 3423 4959 c.
3452 4904 3519 4973 4,

1937 4976 2076 5039 Agar
2125 4970 2359 5027 Abrahze
2404 4970 2765 5029 concubinam
2803 4970 2970 5039 dicit,
3016 4976 3066 5029 id
3113 4984 3229 5036 est,
3260 4970 3525 5029 secunda?-

1934 5042 3189 5117 riamuxorcm.QuinimntoJudn-i.losephus,
3221 5046 3256 5098 l.
3289 5047 3517 5117 rAntiq.

1939 5129 1990 5169 c.
2023 5113 2091 5167 M
2122 5114 2284 5174 ct18.
2317 5129 2381 5169 ac
2412 5114 2583 5183 Philo,
2613 5116 2646 5169 l.
2682 5116 2833 5182 Quod
2871 5120 3006 5173 Deus
3033 5113 3100 5169 ait
3134 5118 3366 5181 immut.,
3400 5113 3527 5172 licet

1943 5184 2375 5239 Patriarchartnn
2408 5200 2626 5240 suorum
2667 5187 2862 5257 ubique
2894 5188 3386 5253 oliservantissinti,
3416 5204 3525 5242 non

1942 5257 2049 5311 alio
2082 5266 2259 5311 tatnen
2310 5257 2471 5311 modo
2496 5260 2769 5328 appellant
2804 5262 3153 5314 secundarias
3178 5275 3362 5314 eorum
3394 5273 3529 5313 uxo-

1944 5344 2032 5382 res
2062 5344 2221 5399 qnaut
2244 5330 2626 5399 concubinas,
2674 5340 2727 5385 et
2760 5330 2895 5386 iilios
2934 5346 2999 5385 ex
3031 5331 3135 5383 illis
3182 5343 3524 5398 procreatos,

1948 5398 2108 5469 quatit
2142 5398 2335 5452 nothos
2366 5416 2427 5454 ac
2467 5402 2804 5469 illegitintos,
2849 5401 2989 5468 qttod
3024 5417 3126 5454 non
3160 5402 3326 5452 multo
3357 5400 3532 5454 levius

1949 5485 2072 5525 esse
2104 5472 2407 5539 putaveris,
2452 5486 2607 5541 quam
2640 5472 2821 5526 dicere
2869 5472 3173 5539 hnjnstnodi
3218 5470 3529 5541 cenjugintn

1948 5541 2268 5597 adulterium
2302 5555 2422 5596 esse
2449 5540 2585 5609 quod
2614 5541 2837 5595 nondum
2880 5543 3203 5595 interdictum
3244 5540 3531 5596 videbatur.

2018 5609 2045 5648 ἀ
2088 5614 2232 5668 Edit.
2267 5612 2391 5667 Era.
2428 5627 2549 5667 Cum
2596 5613 2983 5679 pesterioribus
3012 5613 3294 5676 omnibus,
3342 5612 3539 5669 Scriba:

1947 5692 1995 5738 et
2024 5682 2301 5739 Phnristei.
2335 5684 2457 5740 Am.
2492 5691 2673 5738 autem
2695 5693 2751 5739 et
2782 5698 2913 5739 mss.
2939 5698 3127 5741 omnes
3146 5727 3161 5751 ,
3193 5684 3370 5740 scriba:
3392 5682 3538 5739 Pha-

1942 5770 2231 5810 rumorum.

2027 5839 2048 5863 υ
2090 5827 2333 5885 Latinius
2361 5826 2645 5899 legendum
2671 5826 2943 5899 coniectat
2997 5828 3201 5903 culpam
3230 5837 3539 5902 pratexunt.
