4082 6370
581 343 686 402 135

1920 325 2166 402 sanari
2207 327 2536 406 Asianos"

3829 355 3936 412 ιπῡ

650 463 970 520 ministranti
999 459 1290 518 Abrahamo
1319 461 1418 531 ﬁlii
1443 463 1748 535 promissio,
1794 463 1924 520 sicut
1955 473 2002 519 et
2027 453 2179 520 Sane
2283 481 2382 522 nus
2405 466 2561 521 Jesus
2585 467 2638 522 in
2674 467 2962 540 Evangelia
2989 469 3206 542 (Matth.
3246 487 3306 538 χ,
3337 469 3462 544 42)
3499 485 3630 526 eum
3667 469 3936 542 quicum-

659 559 794 612 risus
821 555 1114 626 exponitur.

651 651 742 710 52.
781 651 1023 708 Diximus
1044 649 1112 707 de
1137 649 1374 706 Abrahze
1399 647 1706 728 dgggﬂgne,
1725 663 1789 704 ac
1816 649 1940 716 ﬁde,
1969 649 2038 706 de
2059 663 2184 720 [ξω-

581 749 783 816 dentia,
813 747 1050 826 jn'_s_t‘i_t_i_a,
1085 747 1382 818 cimjtgte,
1415 745 1798 826 pagelmguia:
1841 763 1988 802 nunc
2015 745 2181 804 etiam

579 831 647 898 de
1063 815 1328 895 dicamus.
1367 815 1462 894 Est
1491 815 1776 894 éﬁiiif‘iibn
1809 837 2100 892 mediocris
2119 851 2182 893 ea

583 933 776 990 virtus.
835 923 989 989 Unde
1011 941 1066 988 et
1093 931 1390 1003 Apostolus
1421 929 1802 1002 principaliter
1834 943 1953 986 eam
1986 929 2040 984 in
2073 929 2186 1002 cpi-

579 1041 750 1097 scopa
772 1041 894 1082 esse
921 1035 1177 1094 oportere
1204 1027 1434 1097 gemina:
1457 1023 1769 1094 scriptionis
1797 1023 1981 1078 docuit
2001 1029 2186 1077 aucto-

579 1119 773 1186 ritate;
817 1127 875 1174 ut
902 1125 1104 1188 praesto
1141 1118 1212 1172 sit
1238 1115 1652 1172 advenientibus
1673 1155 1688 1182 ,
1733 1121 1786 1170 et
1809 1121 2060 1170 occurrat
2089 1113 2188 1170 ob-

579 1211 747 1280 viam,
781 1221 833 1267 et
856 1211 1050 1266 itinera
1084 1209 1359 1280 exploret,
1396 1217 1450 1264 et
1479 1209 1623 1264 adsit
1651 1224 1762 1264 non
1793 1207 2181 1278 quaerentibus,

581 1313 636 1360 et
653 1305 828 1376 rapiat
845 1301 1008 1378 295
1026 1301 1556 1373 praetergredientes.
1575 1303 1714 1357 Ante
1741 1301 1937 1356 ostium
1963 1299 2188 1356 sedebat

581 1395 1112 1462 Ahraham,sedehat
1134 1393 1381 1450 meridie.
1404 1393 1632 1461 Quando
1646 1394 1732 1448 alii
1749 1393 2184 1463 requiescebant,

584 1495 686 1548 iste
713 1492 988 1562 hospitum
1013 1488 1335 1560 explorabat
1371 1487 1654 1544 adventus.
1705 1485 1897 1542 Merito
1929 1487 2004 1542 illi
2041 1485 2188 1542 Deus

583 1586 835 1656 apparuit
863 1583 929 1637 ad
963 1595 1221 1652 quechm
1255 1581 1518 1648 Mambre,
1545 1577 1668 1652 quia
1693 1579 1930 1636 fructum
1947 1577 2188 1651 hospita-

585 1676 755 1732 litatis
782 1673 1184 1730 studiosissime
1209 1674 1542 1744 requirebat.

655 1771 744 1826 3'5.
778 1769 846 1824 Et
876 1769 1173 1842 respiciens,
1206 1767 1402 1839 inquit,
1436 1767 1596 1822 oculis
1637 1765 1798 1830 vidit,
1846 1773 1894 1820 et
1927 1781 2043 1820 ecce
2083 1775 2186 1821 tres

2283 575 2391 630 que
2419 560 2630 617 dederit
2667 561 2867 632 hospiti
2897 573 3078 634 patutn
3109 580 3265 638 aquae
3307 565 3530 638 frigida:
3553 607 3570 634 ,
3602 566 3932 623 cmiestium

2284 651 2480 708 asserit
2503 654 2845 724 praemiorum
2875 671 2982 711 non
3013 665 3285 712 exsortem
3329 657 3606 713 futurum.
3671 655 3930 728 Denique

2286 741 2453 798 Jacab
2479 759 2607 800 aves
2633 743 2924 814 adaquavit
2951 746 3148 804 Rachel
3175 789 3188 809 ,
3226 757 3282 804 et
3313 749 3556 818 gratiam
3583 750 3811 818 reperit
3835 792 3852 816 ,
3879 761 3928 805 et

2285 851 2512 891 uxorem
2543 838 2844 907 acquisivit.
2899 839 3104 896 Deinde
3137 841 3225 910 qui
3274 842 3382 896 scis
3409 857 3482 895 an
3523 841 3710 897 Deum
3749 845 3926 898 susci-

2285 927 2424 997 pias,
2455 943 2576 983 cum
2611 927 2877 1001 hospitem
2907 931 3108 1002 putas?
3159 931 3438 988 Abraham
3483 933 3621 989 dum
3673 935 3922 1006 peregri-

2273 1019 2544 1090 _nantibus
2569 1019 2744 1076 defert
2773 1021 3090 1094 hospitium,
3133 1015 3306 1082 Deum
3331 1037 3502 1098 atque
3531 1027 3784 1097 angelos
3809 1029 3920 1097 ejus

2290 1109 2527 1182 hospitia
2549 1113 2790 1184 suscepit
2837 1129 2850 1171 :
2896 1117 3142 1186 quamvis
3175 1129 3228 1172 et
3265 1133 3392 1172 cum
3421 1115 3719 1189 hospitem
3753 1120 3922 1174 susci-

2291 1205 2394 1274 pis,
2425 1205 2692 1276 suscipias
2715 1207 2915 1274 Deum,
2941 1207 3082 1265 sicut
3111 1213 3372 1284 scriptum
3412 1213 3468 1267 in
3499 1209 3824 1282 Evangelia
3851 1213 3920 1268 ie-

2289 1299 2394 1370 gis,
2427 1297 2646 1356 dicente
2677 1301 2906 1356 Domino
2934 1299 3061 1358 Jesu
3087 1323 3100 1358 :
3133 1301 3333 1376 Hospes
3356 1321 3524 1372 nam,
3557 1311 3612 1358 et
3633 1305 3918 1377 collegistis

2290 1407 2371 1446 me
2399 1431 2414 1447 .
2449 1434 2460 1448 .
2493 1436 2504 1448 .
2541 1433 2556 1448 .
2601 1393 2756 1459 Quod
2788 1395 2922 1450 enim
2951 1397 3044 1450 uni
3085 1397 3268 1450 horum
3295 1399 3644 1454 minimarum
3677 1400 3914 1472 fecistis,

2288 1485 2415 1540 mihi
2441 1487 2660 1558 fecistis(
2676 1485 2861 1542 .lfatth.
2895 1501 3031 1555 xxv,
3053 1487 3124 1544 5‘5
3148 1499 3194 1543 et
3217 1489 3330 1560 40).
3353 1487 3532 1546 Unius
3553 1489 3720 1546 hora:
3737 1491 3914 1560 hospi-

2293 1577 2368 1632 tio
2395 1577 2553 1632 vidua
2573 1577 2664 1632 illa
2693 1593 2811 1648 quze
2833 1577 3250 1654 suscepltzss
3263 1581 3460 1648 Eliam,
3487 1593 3544 1638 et
3569 1583 3786 1653 exiguo
3799 1581 3912 1639 cibo

2293 1671 2457 1742 pavit,
2489 1681 2812 1744 perpetuum
2841 1681 2956 1728 tota
2985 1681 3228 1744 tempore
3256 1675 3416 1731 famis
3437 1677 3656 1732 invenit
3681 1677 3908 1732 alimen-

2293 1773 2438 1830 tum,
2469 1777 2525 1820 et
2551 1763 2855 1820 mercedem
2889 1765 3096 1836 accepit
3127 1767 3464 1834 mirabilem,
3511 1775 3573 1822 ut
3615 1783 3908 1839 numquam

586 1863 684 1917 viri
713 1859 916 1918 stabant
937 1877 1081 1917 secus
1107 1861 1274 1915 illum.
1301 1857 1372 1914 Et
1401 1875 1519 1914 cum
1547 1857 1756 1912 vidisset
1787 1857 1934 1925 illos,
1961 1857 2186 1910 cucurrit
2216 1851 2265 1914 B
2292 1855 2360 1912 de
2389 1855 2578 1930 hydria
2621 1855 2792 1910 farina
2818 1855 3090 1913 deficeret.
3145 1855 3376 1913 Elisants
3404 1873 3632 1929 quoque
3674 1859 3908 1915 defuncti

587 1955 784 2010 obviani
813 1955 919 2012 illis
948 1955 1100 2029 (Gen.
1133 1969 1295 2024 xvttt,
1321 1953 1410 2028 2).
1462 1951 1597 2008 Vide
1627 1951 1805 2024 prima
1837 1949 1962 2006 fidei
1984 1959 2187 2019 myste-

586 2051 749 2105 rium.
781 2049 923 2106 Deus
956 2050 1028 2105 illi
1061 2049 1333 2121 apparuit,
1365 2059 1416 2105 et
1449 2057 1561 2104 tres
1584 2045 1813 2118 aspexit.
1847 2054 1872 2082 ιι
1919 2045 2016 2100 Cui
2047 2045 2188 2100 Deus

587 2141 842 2214 refulget,
899 2143 1216 2200 Trinitatem
1258 2141 1447 2210 videt,
1491 2157 1598 2197 nou
1639 2141 1758 2196 sine
1803 2137 1943 2194 Filio
1969 2137 2188 2193 Patrem

585 2235 848 2306 suscipit,
881 2250 981 2292 nec
1008 2236 1126 2292 sine
1155 2234 1362 2306 Spiritu
1409 2243 1598 2289 sancta
1641 2229 1841 2287 Filium
1879 2229 2184 2285 conﬁtetur.

587 2327 716 2384 Haec
743 2329 868 2384 alibi
901 2329 1112 2400 plenius
1138 2327 1246 2402 (In
1287 2327 1377 2382 lib.
1422 2326 1484 2381 de
1522 2323 1917 2381 Resurrectiane
1953 2319 2186 2392 carnis).

585 2419 741 2476 Nunc
772 2420 998 2477 moralis
1035 2417 1396 2491 persequendi
1425 2417 1762 2488 propositttm
1794 2425 1874 2470 est
1900 2413 2026 2470 ioci.
2071 2411 2190 2468 Non

589 2513 797 2569 otiosus
835 2513 1012 2579 sedet,
1046 2513 1138 2584 qui
1163 2513 1322 2584 longe
1348 2511 1579 2581 aspicit:
1628 2526 1728 2566 nec
1758 2509 2039 2578 aSpexisse
2061 2523 2192 2564 con-

589 2613 804 2670 tentus,
831 2605 1072 2660 cucurrit
1093 2603 1331 2660 obviam.
1374 2603 1674 2660 Festinavit
1709 2617 1999 2658 occurrere
2020 2644 2035 2670 ,
2065 2603 2192 2673 quia

593 2711 704 2750 non
736 2695 867 2750 satis
897 2705 981 2752 est
1009 2705 1154 2751 recte
1183 2695 1384 2763 facere,
1409 2693 1513 2750 nisi
1531 2691 1560 2734 δ
1583 2696 1744 2750 etiam
1763 2703 2035 2748 maturare
2049 2689 2194 2764 quod

591 2788 779 2844 facias.
822 2787 1322 2844 Festinanterenim
1348 2787 1676 2843 manducare
1703 2785 1902 2858 pascha
1933 2785 2016 2841 lex
2040 2783 2196 2855 jubet

592 2879 792 2953 (Exod.
826 2897 925 2950 xu,
958 2881 1072 2952 ii).
1107 2879 1400 2938 Uberiares
1427 2883 1571 2936 enim
1603 2879 1806 2936 fructus
1851 2877 2014 2934 habet
2046 2877 2195 2934 cele-

595 2985 714 3030 rata
741 2974 982 3032 devotio.
1019 2975 1178 3031 Disce
1210 2981 1338 3046 ergo
1369 2989 1529 3046 quam
1559 2973 1787 3046 impiger
1811 2987 1934 3028 esse
1961 2969 2194 3037 debeas,

607 3076 664 3122 ut
685 3065 862 3138 passis
887 3067 1188 3138 praevenire
1217 3065 1520 3138 hospitem;
1556 3081 1622 3122 ne
1649 3065 1770 3138 quis
1799 3063 2115 3137 prteveniat,
2144 3067 2199 3116 et

595 3173 649 3219 te
681 3161 804 3218 boni
826 3163 1068 3219 muneris
1094 3161 1375 3219 defraudet
1405 3161 1583 3230 copia.

2293 1949 2534 2022 pignoris
2559 1949 2977 2006 resuscitatione
3018 1949 3213 2006 donata
3237 1997 3254 2024 ,
3303 1951 3468 2008 solvit
3505 1951 3748 2024 hospitii
3791 1967 3906 2023 pca-

2293 2057 2527 2098 ssonem.

2363 2133 2454 2190 '56.
2485 2131 2602 2187 Non
2625 2133 2741 2188 sola
2767 2143 2946 2188 tamen
2965 2133 3194 2190 facilitas
3213 2135 3608 2206 susceptionis,
3629 2135 3736 2193 sed
3757 2135 3904 2192 etiam

2293 2226 2554 2283 sedulitas
2584 2227 2939 2298 suscipientis
2983 2237 3039 2284 et
3078 2227 3303 2284 affectus
3351 2229 3646 2300 queritur.
3695 2229 3904 2286 Utrum-

2295 2337 2402 2392 que
2443 2329 2497 2376 te
2533 2317 2808 2376 Abraham
2857 2321 3036 2377 docet.
3084 2321 3344 2378 Cucurrit
3391 2321 3616 2377 obviam
3645 2365 3659 2390 ,
3713 2322 3904 2394 rogavit

2297 2415 2448 2486 prior
2479 2413 2672 2470 dicens
2699 2433 2711 2469 :
2745 2413 2966 2470 Domine
2985 2457 3000 2482 ,
3029 2417 3076 2472 si
3103 2415 3274 2470 inveni
3307 2417 3534 2490 gratiam
3573 2425 3701 2472 ante
3749 2427 3796 2470 te
3816 2459 3829 2484 ,
3851 2432 3902 2470 ne

2297 2507 2608 2580 praeterieris
2651 2523 2854 2562 servum
2881 2519 3064 2564 luunt:
3102 2517 3340 2563 sumatur
3370 2525 3512 2580 aqua
3537 2552 3554 2578 ,
3601 2517 3656 2565 et
3685 2510 3900 2564 laventur

2297 2599 2450 2672 pedes
2479 2599 2631 2654 vestri
2656 2642 2670 2666 ,
2717 2607 2764 2656 et
2789 2601 3095 2672 refrigerate
3126 2601 3216 2656 sub
3245 2601 3428 2656 arbore
3459 2618 3478 2658 :
3511 2611 3562 2656 et
3588 2615 3794 2658 sumam
3821 2617 3898 2672 pa-

2297 2709 2432 2758 nem,
2453 2703 2503 2747 et
2524 2692 2852 2758 manducate,
2881 2701 2927 2747 et
2949 2703 3064 2763 post
3087 2693 3196 2749 haec
3217 2693 3515 2748 lrausielis:
3541 2695 3897 2766 propterquod

2299 2785 2594 2840 destinastis
2616 2785 2685 2838 ad
2722 2801 2920 2840 servant
2953 2793 3173 2839 vestrum
3201 2785 3222 2858 (
3251 2783 3381 2841 Gen.
3411 2799 3568 2852 xvttt,
3603 2787 3641 2842 '5
3672 2793 3722 2840 et
3743 2802 3839 2854 seq.
3859 2783 3892 2856 ).

2299 2879 2436 2935 Tres
2451 2879 2604 2947 vidit,
2639 2887 2692 2934 et
2721 2893 2889 2934 unum
2923 2877 3213 2934 Dominum
3243 2877 3572 2948 appellavit,
3626 2879 3798 2949 ipsius
3823 2893 3893 2932 su-

2303 2971 2405 3028 lius
2446 2987 2507 3030 se
2539 2987 2756 3028 servum
2799 2971 3018 3027 fatetur.
3067 2969 3274 3026 Deinde
3325 2985 3631 3027 conversus
3675 2971 3742 3026 ad
3777 2971 3890 3026 duos

2302 3079 2438 3134 quas
2471 3065 2750 3118 ministros
2774 3063 3144 3119 arbitrabatur
3169 3105 3182 3128 ,
3214 3063 3380 3118 etiam
3415 3065 3552 3134 ipsis
3582 3063 3801 3120 deferre
3817 3077 3892 3133 ge.

2303 3158 2398 3214 stit
2430 3157 2752 3228 obsequium
2780 3198 2794 3221 ,
2829 3155 2943 3226 jam
2974 3173 3080 3210 non
3113 3155 3236 3226 jure
3267 3157 3455 3212 debito
3488 3157 3777 3212 servitutis
3815 3156 3890 3210 ob-

668 3249 760 3311 34.
791 3251 936 3310 Bona
960 3265 1044 3311 est
1067 3255 1408 3324 hospitalitas
1429 3295 1445 3322 ,
1476 3253 1640 3307 habet
1667 3249 1976 3307 mercedem
2009 3265 2195 3317 suam,
2223 3243 2270 3307 C
2304 3253 2527 3310 strictus
2550 3297 2565 3322 ,
2611 3253 2708 3308 sed
2753 3253 2954 3310 blanda
2982 3253 3286 3309 sedulitatis
3323 3253 3567 3321 nomine,
3602 3267 3808 3326 usuque
3829 3249 3890 3308 fa:

598 3348 835 3418 primum
871 3349 1121 3403 humanm
1149 3347 1358 3419 gratiae,
1391 3343 1592 3400 deinde
1615 3343 1756 3414 quod
1782 3342 1955 3413 majus
1983 3353 2085 3410 est,
2117 3357 2202 3397 re-

598 3441 1001 3496 munerationis
1033 3441 1252 3496 divinae.
1305 3439 1508 3496 Omnes
1538 3439 1591 3492 iu
1634 3436 1995 3492 hacincolatu
2019 3435 2205 3506 hospi—

599 3543 684 3590 tes
715 3549 944 3602 sumus;
979 3535 1046 3588 ad
1086 3544 1299 3603 tempus
1336 3533 1482 3588 enim
1509 3521 1784 3586 habitandi
1813 3529 2078 3585 iubemus
2107 3529 2206 3584 ha-

601 3627 822 3697 ‘spitium
869 3645 882 3681 :
923 3627 1250 3698 emigramus
1301 3629 1550 3696 propere.
1593 3621 1896 3679 Caveamus
1925 3639 1994 3679 ne
2020 3623 2064 3678 si
2107 3638 2206 3679 nos

600 3719 722 3776 duri
759 3729 853 3776 aut
885 3722 1217 3791 negligentes
1249 3717 1512 3775 fuerimus
1539 3717 1593 3774 in
1623 3715 1951 3788 recipiendis
1979 3717 2205 3787 hospiti-

599 3813 703 3868 bus
731 3855 745 3880 ,
776 3813 943 3869 etiam
973 3809 1130 3868 nobis
1159 3820 1281 3882 post
1303 3811 1428 3866 vitae
1460 3810 1616 3866 istius
1647 3825 1865 3866 cursum
1893 3819 2206 3866 sanctorum

601 3903 836 3977 hospitia
867 3901 1222 3976 denegantur.
1267 3897 1424 3961 Unde
1457 3901 1510 3958 in
1541 3903 1830 3973 Evangelia
1855 3901 2106 3958 Salvator
2127 3899 2209 3956 di-

603 4001 716 4056 cit:
742 3997 924 4056 Facite
951 4001 1092 4055 vobis
1133 4001 1326 4055 amicos
1357 3997 1421 4053 de
1447 3997 1622 4069 iniquo
1654 4005 1970 4065 mammona,
2011 3998 2100 4067 qui
2121 4013 2208 4052 vos

601 4093 860 4164 recipiant
903 4095 956 4148 in
1006 4103 1198 4147 (eterna
1245 4093 1577 4147 tabernacula
1624 4109 1718 4146 sua
1746 4093 1765 4162 (
1793 4089 1920 4146 Luc.
1947 4091 2206 4162 xvr,9).

609 4185 817 4240 Deinde
849 4187 1010 4240 etiam
1040 4187 1093 4241 in
1123 4183 1226 4240 hoc
1250 4203 1480 4256 corpore
1522 4185 1641 4241 sitis
1677 4187 1999 4257 plerumque
2027 4185 2210 4241 obori-

606 4287 698 4334 tur
727 4278 1103 4348 peregrinandi
1128 4280 1445 4334 necessitas.
1498 4277 1653 4346 Quod
1685 4295 1814 4348 erga
1836 4279 1956 4334 aliis
1981 4293 2212 4349 negave-

607 4370 708 4434 ris,
744 4369 796 4422 id
827 4369 878 4422 in
907 4377 959 4423 te
989 4369 1104 4438 ipse
1131 4368 1416 4422 decernis:
1449 4369 1670 4434 etquod
1698 4369 1817 4424 aliis
1843 4369 2127 4436 detuleris,
2146 4383 2212 4426 eo

609 4472 668 4518 te
697 4461 863 4517 facies
889 4463 1110 4532 dignum
1157 4461 1347 4516 videri.
1395 4457 1454 4516 Si
1505 4474 1698 4516 omnes
1731 4477 1850 4517 eam
1889 4463 2210 4520 sententiam

613 4571 724 4611 non
749 4554 1081 4625 suscipiendi
1113 4553 1356 4624 hospites
1381 4561 1676 4624 sequantur
1705 4595 1719 4618 ,
1745 4553 1834 4608 ubi
1863 4555 1968 4609 erit
1998 4555 2213 4624 requies

2307 3349 2564 3404 mulatus.

2379 3441 2469 3494 57.
2519 3439 2581 3494 Et
2612 3439 2874 3512 festinavit
2899 3439 3162 3494 Abraham
3198 3441 3254 3494 in
3284 3440 3688 3496 tabernaculum
3719 3443 3786 3495 ad
3807 3440 3888 3496 Sa-

2307 3549 2458 3600 ram,
2487 3544 2534 3588 et
2565 3535 2696 3589 dixit
2722 3535 2771 3588 ei
2796 3549 2813 3589 :
2855 3533 3075 3589 Festina
3102 3541 3148 3590 et
3174 3551 3453 3608 consperge
3498 3545 3602 3591 tres
3647 3549 3888 3590 mensuras

2310 3626 2640 3696 similaginis,
2668 3635 2714 3680 et
2742 3629 2828 3698 {ac
2856 3625 3194 3681 subcinericia
3223 3625 3419 3701 (Ibid.,
3443 3625 3524 3700 6).
3549 3627 3732 3684 Bonus
3753 3627 3886 3683 mari-

2311 3724 2398 3772 tus
2425 3725 2704 3772 exsortem
2727 3717 2964 3787 religiosi
2997 3719 3240 3774 muneris
3261 3733 3383 3774 esse
3411 3735 3521 3774 non
3555 3719 3754 3790 patitur
3779 3735 3887 3774 uxo-

2311 3823 2448 3878 rem,
2481 3823 2581 3864 nec
2611 3823 2771 3864 avare
2797 3807 2903 3864 sibi
2925 3821 3096 3866 totum
3120 3825 3316 3866 munus
3345 3819 3593 3882 usurpat.
3625 3811 3785 3868 Recte
3807 3811 3884 3881 igi-

2311 3909 2399 3957 tur
2420 3911 2474 3957 et
2495 3901 2711 3972 pietatis
2736 3944 2751 3969 ,
2783 3911 2838 3958 et
2869 3905 3210 3959 verecundiae
3255 3919 3413 3959 causa
3447 3911 3718 3961 servatur.
3753 3904 3882 3974 Quod

2313 3997 2529 4070 pietatis
2553 4005 2671 4066 est,
2707 3997 2821 4053 vult
2850 4013 2974 4055 esse
3007 4015 3298 4055 commune
3323 4017 3335 4053 :
3381 3999 3524 4070 quod
3553 3999 3776 4072 pudoris
3798 4009 3882 4062 est,

2313 4092 2582 4164 integrum
2607 4101 2788 4147 manet
2813 4091 2984 4147 Sorae.
3018 4093 3156 4148 Ante
3187 4093 3594 4150 tabernaculum
3615 4095 3698 4150 vir
3726 4094 3882 4164 h05pi-

2317 4193 2428 4241 tum
2469 4187 2717 4256 explorat
2763 4185 3030 4242 adventus
3077 4203 3090 4240 :
3133 4187 3276 4243 intra
3325 4187 3732 4244 tabernaculum
3773 4187 3883 4243 Sara

2316 4288 2498 4336 tuetur
2529 4279 2742 4334 feminae
2774 4279 3182 4347 verecundiam,
3215 4289 3268 4336 et
3290 4295 3455 4350 apera
3483 4281 3763 4337 muliebria
3792 4289 3882 4335 tuto

2317 4381 2542 4426 exercet
2572 4369 2796 4441 pudore.
2839 4369 2998 4428 Foris
3041 4373 3266 4427 maritus
3305 4373 3531 4439 invitat,
3583 4373 3730 4428 intus
3769 4373 3879 4431 Sara

2318 4463 2623 4519 convivium
2655 4464 2899 4519 adornat.
2926 4463 3037 4520 Nec
3053 4464 3225 4521 solum
3251 4465 3365 4536 ipse
3387 4464 3607 4521 festinat
3623 4465 3881 4526 Abraham,

2318 4555 2415 4611 sed
2441 4556 2602 4610 etiam
2638 4555 2996 4612 festinandum
3027 4557 3166 4613 dixit
3189 4557 3366 4627 uxori,
3393 4557 3594 4614 sociam
3617 4557 3883 4615 devotionis

613 4643 1126 4720 peregrinantibus?
1151 4639 1377 4700 Relictis
1407 4645 1570 4716 igitur
1591 4641 1842 4700 humanis
1869 4643 2212 4716 habitaculis,
2239 4637 2296 4705 D
2319 4649 2635 4713 aStendens,
2683 4663 2782 4704 nec
2811 4647 2915 4706 ﬁde
2935 4649 3230 4722 disparem.

615 4739 953 4812 captabimus
980 4753 1225 4795 secessus
1256 4741 1508 4807 ferarum,
1535 4739 1827 4796 bestiarum
1861 4741 2081 4798 cubilia.

687 4831 776 4888 '55.
809 4829 917 4887 Sed
944 4831 1252 4918 pauperiem
1287 4833 1601 4901 prmtendis.
1631 4831 1748 4887 Non
1776 4848 1908 4904 opes
1942 4847 1969 4886 a
2003 4839 2057 4887 te
2082 4833 2228 4918 hosf

614 4939 713 4996 pes
747 4919 996 4994 requirit,
1040 4915 1136 4977 sed
1165 4923 1390 4994 gratiam
1417 4939 1433 4990 ;
1461 4937 1566 4980 non
1595 4933 1843 4981 ornatum
1872 4927 2209 4993 convivium,

611 5017 710 5076 sed
737 5017 914 5072 cibum
957 5013 1198 5096 obvium.
1251 5015 1439 5070 Melior
1464 5027 1536 5072 est
1560 5060 1576 5084 ,
1613 5017 1789 5089 inquit
1822 5060 1835 5085 ,
1885 5019 2213 5089 hospitalitas

612 5119 730 5166 cunt
757 5109 982 5166 oleribus
1004 5109 1070 5163 ad
1100 5109 1382 5163 amicitiam
1412 5117 1458 5163 et
1480 5110 1698 5180 gratiam
1716 5153 1731 5178 ,
1762 5127 1917 5180 quam
1953 5113 1998 5167 si
2026 5112 2216 5166 vitulos

613 5204 822 5260 occidas
861 5201 930 5256 ad
965 5203 1221 5273 prwsepia
1255 5217 1374 5255 cum
1407 5202 1690 5257 inimicitiis
1713 5203 1732 5272 (
1759 5201 1921 5258 Prov.
1947 5219 2016 5258 xv
2037 5244 2050 5268 ,
2079 5204 2144 5258 17
2173 5204 2213 5274 ).

609 5289 742 5354 Haec
780 5297 934 5368 grata
960 5285 1292 5362 hominibus",
1327 5301 1382 5350 et
1421 5303 1640 5366 accepta
1662 5293 1794 5352 Deo.
1849 5291 2006 5352 Unde
2037 5295 2220 5352 Domi-

689 5505 716 5532 ι
769 5493 886 5550 Vel.
913 5491 1046 5549 edit.
1089 5499 1146 5546 et
1171 5487 1418 5562 qgtedam
1445 5489 1616 5546 Paris.
1651 5507 1773 5547 cum
1818 5487 2004 5562 paucis
2043 5501 2174 5542 mss.
2197 5528 2213 5556 ,

618 5567 698 5620 cui
731 5563 870 5619 Deus
887 5564 1092 5637 refulsit
1121 5565 1174 5616 in
1192 5555 1488 5637 'Trinitate_,
1517 5574 1620 5618 etc.
1667 5564 1802 5637 Alia:
1820 5555 1962 5637 "vero
1992 5555 2220 5637 etmss.‘

617 5637 803 5706 plures
835 5675 852 5703 ,
885 5629 1232 5706 potioresthe
1265 5673 1280 5700 ,
1321 5633 1404 5686 cui
1431 5629 1573 5691 Deus
1597 5635 1814 5706 refulget
1845 5673 1861 5700 ,
1915 5629 2215 5685 Trinitatem

616 5707 912 5831 "dlftiidit.
960 5777 1088 5834 Giil.
1130 5791 1196 5832 ac
1233 5775 1392 5830 Rom.
1424 5819 1439 5843 ,
1481 5778 1582 5832 nisi
1619 5777 1772 5832 etiam
1795 5785 2042 5830 matures.
2091 5773 2216 5830 Am.

629 5851 848 5918 autem,
881 5849 1003 5910 Era.
1045 5855 1107 5921 et
1138 5859 1271 5904 mss.
1295 5861 1485 5906 omnes
1509 5891 1526 5926 ,
1575 5849 1677 5934 nisi
1715 5849 1872 5906 etiam
1917 5853 2220 5920 maturare,-

2387 4741 2479 4797 58.
2534 4739 2857 4813 Consperge,
2889 4743 3091 4815 inquit,
3125 4753 3224 4798 tres
3263 4760 3526 4800 mensuras
3571 4743 3880 4816 similaginis,

2317 4847 2364 4892 et
2390 4843 2473 4908 fac
2502 4837 2860 4892 subcinericia.
2897 4837 3103 4894 Grarcc.
3133 4839 3372 4918 ἐγκρύφια
3387 4839 3663 4904 dicuntur,
3681 4839 3773 4894 hac
3795 4843 3880 4902 est,

2320 4929 2666 4995 abscondita;
2697 4945 2762 4983 ca
2793 4929 2933 4999 quod
2966 4931 3138 4985 latere
3168 4929 3362 4986 debeat
3381 4945 3543 4986 omne
3575 4929 3878 5004 mysterium,

2320 5027 2375 5078 et
2411 5023 2564 5093 quasi
2593 5032 2614 5060 ο
2649 5021 2846 5092 operiri
2875 5021 2982 5076 fido
3012 5021 3227 5078 silentio
3251 5065 3266 5090 ,
3323 5037 3390 5078 ne
3431 5021 3673 5093 profanis
3709 5033 3881 5079 temere

2319 5113 2624 5186 divulgetur
2654 5115 2897 5172 auribus.
2953 5113 3068 5170 Hoc
3109 5117 3348 5186 pascitur
3386 5116 3570 5172 divina
3618 5115 3878 5186 maiestas,

2319 5206 2463 5262 hunc
2494 5207 2744 5276 epulatur
2769 5206 3044 5274 allectum,
3070 5208 3160 5278 qui
3191 5223 3382 5278 parcus
3410 5208 3666 5278 loquendi
3693 5208 3772 5274 sit,
3799 5221 3881 5261 nec

2321 5311 2474 5355 sacra
2503 5297 2558 5352 in
2593 5297 2831 5354 rnedium
2870 5299 3025 5353 ferat.
3072 5297 3315 5354 Breviter
3349 5307 3531 5355 autem
3561 5297 3683 5354 ﬁdei
3713 5307 3880 5371 myste—

2323 5489 2415 5546 ubi
2459 5487 2694 5559 eliipsim
2733 5487 2883 5544 verbi
2911 5529 2924 5550 ,
2961 5487 3164 5559 coneris
3188 5529 3204 5552 ,
3243 5486 3332 5542 vei
3377 5487 3600 5543 alterius
3633 5487 3877 5558 huiusmo-

2316 5561 2392 5626 di,
2425 5562 2508 5616 vel
2533 5558 2671 5616 forte
2702 5560 2867 5616 etiam
2900 5558 3245 5614 librariorum
3276 5568 3555 5630 peccatum
3577 5573 3696 5616 esse
3724 5559 3880 5616 dicen-

2317 5632 2532 5757 “211::
2539 5641 2682 5758 lmss.
2711 5710 2942 5774 septem.
2967 5701 3171 5774 Unicus
3199 5709 3400 5768 autem,
3431 5712 3589 5774 atque
3612 5701 3755 5774 etiin
3777 5701 3878 5774 ﬁdei

2323 5773 2549 5846 silentio.
2592 5773 2754 5846 Forte
2776 5819 2789 5840 ,
2816 5775 2959 5829 fideli
2988 5773 3226 5846 silentio,
3265 5783 3322 5828 ut
3353 5773 3606 5846 estiapud
3631 5773 3873 5842 Horatium

2325 5845 2392 5902 de
2419 5847 2587 5908 sacris
2611 5845 2827 5906 Cereris
2847 5844 3114 5934 Eleusino:
3143 5845 3240 5910 lib;
3267 5859 3350 5916 ut,
3375 5843 3568 5906 Ode'i.
3819 5853 3822 5862 ‘
