4082 6370
203 355 320 414 437

1503 346 1594 404 DE
1632 343 1968 403 ABRAHAM
2005 345 2135 403 LIB.
2179 347 2220 406 ι.

3415 320 3524 406 iss

203 471 359 528 rium
385 470 546 526 docet
575 469 733 536 Sara,
773 466 931 523 unius
949 466 1268 537 similaginis
1294 473 1406 520 tres
1429 476 1715 520 mensuras
1745 461 1824 517 fa—
1847 465 1902 527 Α
1927 461 2197 536 Numquid
2223 463 2503 537 ignorabat
2528 459 2788 520 Dominus
2810 462 2902 536 qui
2931 464 2982 520 in
3010 459 3401 538 posterioribus
3428 463 3529 520 So-

205 563 390 635 ciens,
420 577 538 633 quae
562 571 746 634 typum
775 559 1032 617 Ecclesia:
1058 558 1223 615 habet
1245 557 1330 614 cui
1361 555 1558 612 dicitur
1582 574 1594 610 :
1620 553 1820 612 Laetare

207 658 410 713 sterilis
432 701 447 725 ,
492 672 605 729 quia
649 674 749 712 non
799 657 939 726 paris
961 673 981 709 :
1029 669 1236 725 erumpe
1265 664 1312 708 et
1341 651 1505 706 clama
1534 693 1549 716 ,
1576 667 1692 721 qua:
1717 666 1820 704 non

210 753 450 822 parturis
479 752 497 822 (
524 750 667 806 Esai.
695 765 781 806 Ltv
808 793 823 816 ,
855 751 877 804 1
903 749 945 818 ).
975 746 1100 803 Htec
1131 756 1155 786 ⁸
1187 756 1270 802 est
1296 746 1439 802 enim
1478 760 1600 816 quae
1630 743 1821 800 intimo

210 843 388 898 ﬁdem
413 843 606 913 spiritu
638 842 799 908 fovet,
833 841 1074 912 ejusdem
1107 839 1403 895 divinitatis
1421 852 1674 894 asserens
1699 836 1822 892 Tri-

210 938 469 1006 nitatem,
500 939 611 1008 pari
641 937 872 1008 quadam
901 949 1152 991 mensura
1194 944 1356 1004 atque
1386 933 1692 989 reverentia
1720 932 1822 987 Pa-

211 1040 359 1088 trem
386 1075 401 1101 ,
441 1032 745 1102 Filinmque
771 1074 785 1098 ,
815 1039 869 1087 et
895 1038 1142 1086 sanctum
1183 1028 1413 1084 adorans
1443 1027 1705 1097 Spiritum
1724 1069 1738 1089 .
1768 1034 1824 1082 et

210 1123 518 1194 majestatis
546 1124 752 1178 unitate
773 1121 1184 1188 concelebraris,
1213 1134 1675 1190 personarumque
1699 1133 1824 1189 pro-

210 1219 450 1290 prietate
480 1217 814 1295 distinguens
840 1258 855 1284 ,
899 1217 1003 1274 hac
1031 1216 1375 1272 devotionem
1404 1223 1550 1270 tuam
1580 1213 1702 1270 ﬁdei
1730 1228 1819 1269 as-

208 1313 459 1367 sertione
489 1327 807 1384 consperge.

288 1404 379 1460 39.
416 1405 608 1462 Mulier
635 1406 995 1477 similaginem
1023 1404 1246 1472 offerat,
1282 1405 1384 1458 hoc
1408 1411 1492 1458 est
1515 1443 1529 1468 ,
1561 1403 1821 1458 interiora

216 1495 488 1566 spiritalis
521 1495 776 1550 frumenti
798 1497 880 1552 vel
911 1495 1063 1566 grani
1092 1495 1235 1552 illius
1263 1495 1331 1551 de
1353 1510 1461 1566 quo
1482 1493 1684 1550 dictum
1713 1501 1818 1560 est,

211 1589 363 1658 quod
387 1589 495 1645 nisi
519 1593 569 1645 in
597 1600 795 1646 terram
824 1591 1103 1658 ceciderit,
1125 1592 1328 1645 nullttm
1350 1590 1580 1647 fructum
1611 1589 1818 1645 afferat.

211 1680 378 1738 Unde
405 1691 459 1737 et
500 1685 670 1754 prima
711 1682 841 1738 vidit
871 1683 1033 1739 Maria
1066 1684 1358 1739 Dominieze
1403 1682 1821 1740 resurrectionis

211 1776 581 1847 mysterium,
624 1784 675 1831 et
717 1776 990 1832 festinavit
1026 1793 1133 1832 non
1165 1775 1364 1846 passim
1396 1775 1646 1831 omnibus
1669 1819 1682 1842 ,
1724 1775 1821 1832 sed

1927 558 2210 614 domorum
2245 559 2422 616 futura
2453 558 2665 616 excidia
2695 559 3003 626 denuntiat,
3039 559 3128 615 ubi
3162 560 3295 620 Sara
3339 561 3525 618 esset?

1924 651 2040 707 Non
2070 651 2348 722 ignorabat
2380 671 2393 708 :
2420 653 2513 709 sed
2537 654 2736 736 docere
2762 669 2858 709 nos
2881 652 3071 720 voluit,
3096 663 3329 725 quantus
3355 654 3531 730 pudor

1924 761 2046 804 esse
2066 747 2259 803 debeat
2281 747 2633 816 feminarum;
2663 766 2732 806 ne
2756 749 2970 818 procaci
2999 764 3226 804 occursu
3256 748 3526 819 h05pitum

1924 842 1978 896 in
2002 856 2061 898 se
2089 841 2275 896 oculos
2299 840 2608 908 iullectant;
2637 843 2783 898 salva
2805 843 3136 898 verecundia
3167 841 3528 898 ministerium

1926 950 2080 990 suum
2108 944 2419 991 exerceant.
2449 934 2722 992 Abraham
2754 951 2968 1006 quoque
2996 936 3216 990 auribus
3247 935 3350 989 tttis
3381 935 3532 1005 inge-

1926 1032 1996 1086 rit
2022 1031 2074 1085 in
2109 1030 2456 1086 tabernaculo
2497 1029 2684 1084 Saratn
2729 1029 2960 1100 degere;
2993 1037 3054 1083 tit
3097 1027 3278 1083 discas
3304 1027 3429 1098 qttid
3461 1026 3532 1080 ab

1924 1139 2095 1180 uxore
2131 1125 2333 1195 exigas.
2377 1123 2725 1180 Provectiore
2752 1130 2911 1177 artate
2935 1123 3046 1194 jam
3078 1122 3207 1177 Sara
3232 1122 3529 1193 iuvenilem

1925 1217 2160 1275 custodit
2188 1218 2593 1284 verecundiam,
2625 1218 2747 1273 ideo
2781 1217 3040 1272 Dominus
3067 1217 3358 1286 spopondit
3379 1217 3426 1270 ei
3463 1215 3530 1270 li-

1926 1313 2079 1367 lium.
2110 1310 2441 1382 Defecerant,
2482 1312 2677 1382 inquit,
2717 1311 2870 1367 Sane
2900 1310 3014 1381 ﬁeri
3043 1311 3313 1365 muliebria
3339 1309 3533 1373 (lbid..

1927 1404 2041 1478 11).
2072 1404 2188 1461 Non
2217 1405 2390 1460 otiose
2417 1405 2682 1470 additum,
2715 1421 2784 1460 ne
2825 1413 3044 1475 putares
3072 1403 3325 1460 femineae
3356 1403 3533 1460 adhuc

1926 1498 2303 1570 possibilitatis
2335 1497 2523 1565 fuisse,
2553 1507 2609 1552 ιιι
2642 1508 2874 1568 pareret.

1997 1591 2090 1646 45.
2137 1591 2268 1646 Risit
2298 1601 2468 1645 autem
2511 1590 2648 1647 Sara
2681 1590 2882 1661 (lbid.,
2914 1589 3029 1659 10).
3075 1589 3228 1657 Quod
3278 1587 3536 1648 indicium

1925 1681 2092 1737 futuri
2121 1685 2484 1752 magis,quam
2510 1683 2906 1737 incredulitatis
2929 1682 3184 1738 arbitror.
3213 1680 3353 1735 Risit
3369 1679 3536 1746 enim,

1927 1774 2056 1830 licet
2099 1774 2278 1829 adhuc
2329 1775 2578 1830 nesciens
2621 1774 2750 1845 quid
2797 1773 3022 1839 rideret,
3072 1771 3218 1844 quod
3267 1773 3538 1844 publicam

208 1868 350 1922 ευΙὶδ
367 1867 528 1920 Petro
550 1867 849 1923 etananni
876 1870 1126 1924 intimare
1148 1883 1317 1924 sacra:
1339 1868 1531 1924 salutis
1546 1867 1814 1924 nuntium.
1849 1865 1897 1926 B
1925 1880 2067 1924 esset
2111 1871 2165 1923 in
2201 1869 2345 1924 Isaac
2373 1871 2612 1939 paritura
2640 1869 2901 1924 Itetitiam.
2952 1868 3082 1924 ideo
3125 1866 3344 1939 negavit
3374 1881 3433 1921 se
3458 1865 3538 1921 ri-

210 1955 310 2011 Vir
333 1969 514 2013 currat
541 1957 702 2031 297
733 1959 799 2015 ad
841 1960 1028 2028 boves,
1062 1968 1239 2015 sumat
1266 1959 1527 2028 vitulum,
1561 1969 1614 2016 et
1636 1975 1814 2015 sacra-

207 2062 458 2107 mentum
493 2053 787 2108 Dominiea:
834 2053 1106 2124 passionis
1147 2053 1397 2110 festinato
1431 2053 1657 2125 impiger
1697 2063 1813 2110 stu-

208 2142 306 2198 dio
329 2186 342 2206 ,
367 2159 476 2199 non
511 2144 660 2199 lento
703 2144 815 2201 otio
861 2146 1124 2202 remissus
1157 2147 1414 2216 accipiat,
1468 2145 1644 2202 tradat
1683 2146 1815 2204 illud

209 2253 384 2309 puero
423 2241 511 2312 qui
543 2239 907 2297 innocentiam
952 2249 1149 2297 tenerae
1177 2249 1356 2296 servet
1385 2239 1561 2297 aetatis
1585 2283 1601 2308 ,
1631 2241 1816 2297 dolum

210 2335 442 2399 neseiat,
473 2333 696 2390 referire
726 2351 831 2390 non
858 2336 1100 2401 noverit,
1133 2335 1430 2406 incorrupti
1459 2337 1702 2406 corporis
1727 2352 1820 2392 ea-

209 2427 520 2483 Stimoniam
553 2427 837 2484 custodiat.
873 2429 949 2484 De
978 2445 1083 2499 quo
1109 2429 1184 2482 ait
1204 2429 1464 2483 Dominus
1485 2428 1672 2486 Jesus:
1700 2428 1820 2485 Nisi

210 2520 446 2574 conversi
468 2521 692 2592 fueritis,
722 2530 770 2574 et
799 2521 1090 2592 eﬂiciamini
1114 2522 1246 2576 sicut
1279 2537 1406 2592 puer
1437 2523 1530 2576 iste
1558 2564 1574 2589 ,
1603 2539 1706 2577 non
1736 2523 1817 2577 inv

215 2613 418 2668 trabitis
449 2615 501 2667 in
539 2631 755 2687 regnum
786 2617 1030 2670 caelorum
1071 2614 1296 2686 (Matth.
1328 2631 1461 2671 xvm
1484 2658 1498 2682 ,
1534 2617 1629 2687 5).
1684 2615 1821 2672 Huic

216 2720 390 2775 puero
427 2717 478 2760 et
511 2707 780 2762 similibus
808 2708 925 2778 ejus
967 2709 1129 2763 etiam
1158 2718 1377 2763 sanctus
1409 2708 1576 2764 David
1624 2707 1818 2764 divina:

216 2797 548 2854 laudationis
568 2800 847 2870 dispensat
866 2800 1110 2856 ofﬁcium
1130 2802 1348 2858 dicens:
1370 2800 1624 2871 Laudate,
1647 2803 1814 2874 pueri,

219 2891 505 2947 Dominum
530 2893 649 2960 (Ps.
678 2910 807 2962 CXII,
840 2896 918 2966 1).

294 2985 385 3041 40.
429 2986 536 3043 Nec
582 2987 711 3042 illud
743 2989 997 3055 otiosum,
1046 2990 1187 3061 quod
1235 2989 1474 3045 cucurrit
1523 2989 1593 3046 ad
1623 2990 1821 3059 boves,

222 3089 468 3138 tenerum
497 3081 727 3138 vitulum
749 3090 804 3138 et
827 3083 1031 3138 bonum
1059 3084 1309 3154 sumpsit,
1337 3092 1393 3138 et
1420 3098 1542 3138 cum
1570 3083 1708 3138 laete
1729 3097 1824 3152 ap-

221 3173 424 3244 posuit.
464 3173 703 3244 Denique
730 3173 864 3230 etin
895 3173 1080 3230 Exodo
1112 3191 1234 3230 cum
1267 3173 1463 3244 pascha
1495 3172 1707 3229 Domini
1733 3173 1827 3229 dc-

1922 1962 2079 2025 sisse,
2113 1960 2236 2034 quia
2269 1960 2536 2031 ignoravit
2565 1979 2577 2015 :
2613 1961 2738 2018 ideo
2766 1962 2909 2030 risit,
2940 1961 3066 2034 quia
3096 1959 3464 2034 prophetarit.

2441 2098 2608 2169 περ
2643 2096 2872 2154 eaeor
2912 2096 3010 2154 γι.

1924 2209 2269 2265 Sodomorum
2293 2210 2552 2264 excidium
2581 2209 2804 2266 Abrahte
2832 2210 3151 2283 prtedicitur,
3183 2213 3532 2285 prredicatur-

1993 2319 2091 2374 que
2142 2302 2318 2357 diuina
2348 2303 2403 2357 in
2450 2304 2736 2358 tolerandis
2785 2304 3160 2375 peccatoribus,
3215 2321 3276 2359 ac
3307 2308 3536 2377 peccatis

1994 2395 2350 2449 examinandis
2372 2404 2419 2448 et
2432 2395 2790 2450 condonandis
2804 2396 3350 2468 irrdulgentia.Angeli
3364 2413 3541 2468 uespe-

1994 2504 2048 2542 re
2076 2489 2406 2542 adventantes
2435 2488 2576 2560 apud
2599 2487 3062 2560 Lothospitantur.
3092 2486 3321 2543 lmmani
3349 2491 3540 2544 scelere

1998 2581 2386 2638 Sodomitarum
2433 2581 2764 2636 cumulantur
2801 2581 3024 2653 ﬂagitia.
3078 2580 3279 2636 Oblatis
3320 2581 3535 2650 ﬁliabus

1995 2687 2213 2732 conatur
2242 2675 2343 2730 Lat
2388 2689 2564 2730 eorum
2606 2679 2836 2747 furerent
2885 2675 3145 2745 mitigare,
3190 2689 3322 2744 quos
3358 2674 3532 2743 angeli

1996 2774 2224 2826 ctecitate
2256 2771 2567 2840 percutiunt.
2598 2768 2747 2825 Idem
2769 2769 2867 2824 Lot
2892 2770 3094 2841 generis
3118 2771 3262 2840 sequi
3288 2784 3536 2824 recusan-

1999 2865 2150 2924 tibus.
2179 2863 2470 2935 prohibitus
2511 2880 2575 2917 ne
2604 2872 2739 2918 retro
2764 2863 3031 2932 respiciat,
3058 2864 3331 2929 educitur;
3364 2871 3414 2918 et
3435 2873 3540 2932 qua

2000 2957 2201 3011 ratione
2219 2956 2288 3010 ad
2315 2973 2405 3009 nos
2427 2971 2623 3026 quoque
2651 2955 2785 3009 illud
2821 2956 3116 3027 pertineat?
3144 2954 3410 3010 Excusato
3439 2955 3534 3008 de-

2002 3065 2142 3100 mum
2189 3048 2416 3117 ﬁliarum
2444 3064 2560 3101 cum
2589 3055 2800 3118 parente
2839 3048 3060 3113 incestu,
3104 3047 3360 3102 ebrietatis
3399 3045 3538 3102 mala

2008 3140 2391 3194 describuntur.

221 3265 476 3332 clararet,
500 3266 1024 3340 aitMoyseszAgnus
1049 3268 1158 3321 sine
1183 3267 1404 3331 macula,
1436 3266 1676 3332 mundus,
1701 3282 1823 3320 con—
1848 3261 1893 3324 C
2002 3255 2095 3311 44-
2137 3253 2493 3322 Exsurge!!!“
2522 3263 2692 3307 autem
2719 3254 2817 3309 υἱνὶ
2846 3261 3226 3328 εοηερρπεναηι
3255 3254 3312 3308 in
3350 3251 3535 3324 Ῑαεὶεηι

221 3371 530 3422 summotus,
561 3361 856 3426 anniculus,
882 3362 1141 3415 masculus
1174 3361 1269 3414 erit
1296 3358 1467 3414 vobisb
1491 3358 1555 3413 ab
1584 3359 1758 3413 ovibus
1777 3369 1823 3414 et

223 3448 406 3504 haedis.
434 3450 662 3506 Sumetis
675 3461 720 3506 et
745 3452 1010 3514 occidetis,
1027 3433 1406 3522 inquitpillum
1429 3458 1534 3504 tota
1549 3449 1824 3505 multitudo

225 3557 503 3616 synagoga:
532 3543 599 3598 ad
639 3561 905 3614 vesperum
952 3543 1150 3616 (Exod.
1190 3560 1289 3611 xit,
1333 3542 1414 3612 5).
1453 3541 1606 3598 Unde
1636 3552 1690 3598 et
1737 3542 1825 3598 hic

228 3636 482 3691 meridies
507 3651 628 3692 esse
659 3636 1006 3704 describitur,
1049 3635 1264 3708 quando
1291 3631 1565 3691 Abraham
1593 3635 1824 3690 Domino

228 3727 386 3783 offert
427 3730 740 3799 hospitium.
775 3728 879 3786 Sed
922 3728 988 3784 ad
1019 3745 1231 3785 ctenam
1263 3728 1460 3783 vitulus
1491 3727 1823 3794 immolatur,

229 3828 426 3875 etcum
455 3819 596 3876 lacte
632 3821 1007 3887 manducatnr,
1035 3820 1138 3876 hoc
1167 3829 1270 3887 est,
1304 3836 1409 3875 non
1451 3818 1506 3874 in
1536 3823 1823 3892 sanguine,

231 3912 327 3967 sed
372 3927 494 3967 cum
526 3913 647 3967 ﬁdei
680 3913 937 3982 puritate.
985 3912 1164 3966 Bonus
1207 3912 1426 3978 vitulus,
1470 3921 1532 3965 ut
1574 3919 1698 3981 pote
1736 3912 1828 3981 qui

234 4013 455 4077 peccata
486 4002 736 4059 dilueret.
767 4003 975 4068 Tener,
1010 4004 1134 4073 quia
1164 4018 1270 4058 non
1302 4002 1438 4057 dura
1465 4003 1697 4068 cervice,
1729 4001 1826 4056 sed

234 4098 384 4154 molli
408 4096 594 4168 jugum
619 4096 752 4168 legis
766 4095 1004 4168 agnovit,
1033 4098 1210 4151 crucis
1236 4095 1532 4165 patibulum
1549 4111 1656 4150 non
1678 4110 1831 4150 recu—

234 4193 389 4250 savit.
425 4189 495 4246 Et
522 4192 716 4247 merito
754 4201 926 4255 tener,
959 4189 1028 4246 de
1056 4189 1210 4260 cujus
1236 4191 1410 4260 capite
1441 4197 1496 4244 et
1526 4187 1749 4257 pedibus
1778 4194 1834 4242 et

234 4285 462 4343 internis
493 4284 627 4339 nihil
657 4285 902 4339 relictum
940 4291 1044 4349 est,
1086 4293 1141 4339 et
1188 4298 1250 4338 os
1291 4297 1398 4337 non
1427 4288 1511 4337 est
1541 4281 1832 4336 contritum

236 4377 304 4434 ab
329 4393 415 4446 eo,
449 4377 545 4434 sed
572 4386 715 4432 totus
744 4376 1077 4447 epulantium
1104 4375 1226 4432 cibo
1248 4376 1431 4432 cessit.
1463 4374 1648 4430 Talem
1679 4375 1836 4429 nobis

237 4471 396 4542 Legis
427 4470 678 4541 ﬁguravit
707 4471 920 4536 umbra,
965 4471 1126 4527 talem
1169 4469 1371 4524 veritas
1420 4464 1697 4538 Evangelii
1741 4467 1837 4522 de-

239 4561 562 4619 monstravit
587 4560 767 4632 (Joan.
804 4577 918 4628 χιχ,
943 4560 1056 4634 56).

1930 3349 2178 3405 Sodouue
2198 3359 2243 3401 et
2275 3345 2580 3402 Gomorrhaz
2603 3343 2794 3417 (lbid.,
2829 3345 2941 3416 16).
2987 3346 3139 3400 Sicut
3164 3343 3402 3401 visitatio
3431 3343 3540 3400 Do-

1927 3441 2060 3497 mini
2107 3439 2419 3496 timentibus
2463 3439 2766 3505 exhibetur,
2817 3439 2885 3493 ita
2933 3439 3099 3493 etiam
3150 3437 3328 3509 impiis
3378 3450 3536 3508 ptena

1927 3534 2132 3606 peccati
2185 3533 2481 3604 reponitur.
2527 3531 2799 3586 Abraham
2831 3530 3136 3588 deducebat
3163 3530 3431 3602 hospites,
3463 3529 3533 3588 ad

1927 3624 2275 3683 humanitatis
2321 3627 2549 3697 gratiam
2592 3623 2826 3680 addebat
2874 3623 3155 3694 obsequia.
3186 3624 3320 3680 Nam
3349 3622 3530 3680 Sodo-

1929 3721 2073 3776 mita:
2113 3734 2214 3791 pro
2262 3719 2477 3790 pietatis
2517 3716 2709 3772 ofﬁciis
2752 3717 3083 3787 impuritatis
3120 3715 3390 3788 augebant
3432 3713 3526 3770 lla-

1928 3812 2079 3885 gitia.

2001 3905 2092 3960 65.
2138 3903 2260 3958 Non
2306 3903 2500 3967 celabo,
2548 3903 2742 3972 inquit,
2795 3901 3056 3956 Abraham
3104 3916 3321 3972 puerum
3366 3913 3536 3952 meum

1932 4012 2048 4068 qua:
2077 4013 2166 4066 ego
2216 3996 2404 4064 faciant
2437 3993 2592 4065 (Gen.
2629 4008 2764 4057 xvn,
2800 3992 2877 4062 1).
2911 3991 3113 4046 Senilis
3157 3991 3338 4059 utique
3364 3989 3541 4043 :etatis

1936 4089 2210 4147 Abraham
2269 4087 2321 4142 in
2367 4087 2738 4157 superioribus
2780 4085 3058 4154 Scriptura
3104 4083 3365 4154 signavit,
3417 4084 3540 4153 quia

1937 4184 2226 4251 nonaginta
2270 4191 2324 4235 et
2368 4195 2561 4235 novem
2609 4179 2966 4248 processisset
3009 4194 3223 4233 annos:
3267 4176 3542 4249 quomodo

1939 4275 2084 4328 hunc
2111 4273 2518 4344 puerumdieit?
2544 4271 2651 4329 Sed
2677 4288 2800 4327 curn
2825 4273 3200 4326 immemorem
3220 4269 3538 4338 senectutis,

1938 4366 2338 4434 exitloratoretn
2383 4364 2747 4431 indefessum,
2798 4379 2959 4418 cursu
3008 4362 3316 4434 impigrum.
3362 4363 3542 4419 standi

1942 4457 2421 4530 patientissimum,
2451 4456 2751 4513 deducendi
2776 4453 3234 4510 studiosissimum
3256 4469 3544 4525 expresse-

1941 4553 2033 4617 rit,
2079 4565 2256 4606 nonne
2291 4550 2586 4606 convenire
2618 4564 2815 4604 nomen
2867 4548 3018 4618 pueri
3067 4547 3281 4602 videtur
3311 4547 3543 4602 ofﬁciis?

309 4656 399 4712 41.
447 4656 914 4723 Manducaverunt,
948 4655 1150 4725 inquit,
1194 4654 1316 4709 illi:
1361 4653 1624 4708 Abraham
1667 4661 1836 4706 autem
1865 4660 1915 4722 ι)
1942 4646 2134 4702 Merito
2167 4661 2297 4715 puer
2338 4645 2553 4709 dicitur,
2599 4644 2690 4714 qui
2719 4643 2890 4698 senile
2920 4642 3196 4697 nesciebat
3242 4641 3540 4706 fastidium,

243 4750 404 4806 stabat
430 4749 521 4803 sub
544 4749 728 4803 arbore
757 4747 913 4818 (Gen.
951 4763 1101 4816 xvln,
1130 4747 1206 4818 8).
1233 4746 1580 4801 Advenimus
1611 4755 1632 4784 ο
1659 4744 1835 4798 humi-

244 4846 407 4901 litatis
444 4845 680 4901 ol'licium
707 4843 1092 4900 commendare
1133 4839 1510 4896 humilitatem.
1561 4837 1834 4894 Abraham

246 4937 442 5005 stabat,
483 4945 537 4992 et
585 4947 642 4992 tu
674 4937 901 5008 primam
932 4933 1286 4990 accubitionis
1317 4940 1523 5002 partem
1565 4928 1839 5001 occupas?

247 5031 490 5100 Denique
517 5045 578 5084 ea
614 5027 889 5083 humilitas
917 5025 1126 5082 invenit
1163 5025 1391 5095 gratiam
1416 5065 1430 5086 ,
1475 5029 1531 5077 ιιι
1563 5023 1843 5092 promitte-

245 5131 392 5179 retur
417 5121 464 5177 ei
493 5120 653 5175 ﬁlius.

318 5214 409 5270 4'2.
455 5212 598 5267 Dixit
624 5224 791 5271 autem
816 5212 884 5266 ad
921 5212 1107 5266 illum:
1140 5209 1241 5264 Ubi
1283 5217 1356 5262 est
1393 5208 1530 5263 Sara
1558 5223 1691 5262 uxor
1717 5208 1846 5261 tua?

252 5305 353 5371 Qui
375 5303 654 5374 respondit,
682 5311 731 5359 et
755 5302 888 5356 dixit
907 5317 926 5356 :
953 5300 1160 5356 Eccein
1193 5299 1524 5355 tabernaculo
1544 5296 1734 5371 (Ibid.,
1764 5298 1845 5369 9).

327 5451 351 5478 ⁸
379 5440 581 5496 Omnes
608 5436 738 5491 edit.
761 5449 826 5490 ac
853 5433 962 5490 duo
987 5450 1145 5503 mss.,
1193 5433 1320 5488 Hcce
1359 5436 1493 5487 enim
1521 5446 1634 5496 qua;
1674 5430 1851 5503 intimo

255 5515 407 5585 ﬁdem
438 5511 626 5585 spiritu
648 5507 782 5585 fouet
804 5549 817 5568 ,
848 5509 1078 5585 ejusdem
1106 5499 1653 5585 divinitatisasserens
1679 5499 1854 5583 Trini-

965 5619 976 5631 .
1011 5618 1024 5631 .
1057 5576 1192 5642 hac;
1221 5578 1370 5637 Λῐη..
1399 5577 1506 5628 hare
1538 5573 1854 5627 deuotionem

263 5698 274 5711 .
309 5699 322 5711 .
357 5698 369 5711 .
399 5646 425 5708 .’
449 5646 780 5722 .'consp'ergit.
807 5649 912 5722 Alii
943 5647 1349 5722 mss._ntelioris
1387 5655 1529 5722 noue
1551 5653 1612 5699 ut
1640 5646 1692 5722 in
1721 5658 1852 5722 con-

260 5735 427 5794 textu,
453 5717 702 5795 exceptis
723 5721 936 5776 dttobtts
963 5719 1050 5774 ubi
1080 5719 1226 5795 legas
1252 5757 1264 5770 .
1303 5759 1314 5772 .
1347 5757 1358 5769 .
1391 5757 1404 5772 .
1427 5717 1709 5795 majestatis
1742 5719 1860 5795 uni-

547 5787 605 5852 .Ῐ
639 5796 1006 5865 praprielatem
1057 5787 1410 5865 distinguens,
1461 5787 1556 5842 hac
1596 5787 1860 5840 devotione

265 5872 381 5950 ﬁdei
410 5861 767 5952 assertionem,
797 5864 934 5922 alter
969 5862 1284 5950 conspergit,
1315 5861 1452 5920 alter
1481 5873 1776 5936 consperge.
1797 5931 1810 5933 η
1849 5925 1851 5928 ι

258 5580 429 5650 tatem,
461 5580 574 5652 pari
613 5580 839 5652 quadam
897 5617 930 5652 _.

262 5810 408 5856 tatent
445 5839 457 5851 .
497 5838 510 5851 .

1946 4741 2189 4812 puerilia:
2219 4739 2581 4793 innocentiam
2623 4737 2676 4791 et
2706 4736 3027 4801 obsequium
3059 4732 3352 4790 deferebat.
3375 4733 3544 4788 Datur

1943 4835 2124 4901 itaque
2157 4832 2304 4903 justo
2344 4831 2738 4888 benedictionis
2767 4830 2959 4902 gratia,
2989 4840 3042 4884 et
3073 4830 3402 4901 posteritatis
3431 4827 3543 4880 ha:-

1946 4927 2168 4981 reditas.

2017 5019 2107 5073 46.
2151 5016 2362 5073 Otl'ensa
2397 5024 2573 5071 autem
2606 5025 2948 5088 peccatorum
2971 5012 3286 5079 exponitur.
3311 5011 3546 5077 Clamor,

1947 5113 2141 5182 inquit.
2177 5110 2524 5166 Sodomorum
2560 5119 2608 5163 et
2642 5107 2947 5164 Gomorrhw
2977 5107 3219 5176 impletus
3255 5116 3326 5160 est
3355 5103 3544 5177 (lbid.,

1945 5206 2058 5277 ΞΟ).
2103 5204 2290 5275 Magna
2324 5203 2532 5256 Domini
2563 5203 2844 5272 patientia.
2869 5208 3054 5255 utnon
3085 5203 3266 5255 statim
3297 5207 3547 5272 peceato-

1952 5315 2066 5354 rem
2095 5322 2102 5366 ε
2127 5298 2297 5366 uniat,
2325 5296 2422 5354 sed
2444 5296 2536 5352 diu
2564 5294 2777 5351 differat
2797 5303 3118 5366 exspectans
3135 5293 3549 5357 correctionem;

2028 5427 2056 5468 ι)
2085 5427 2208 5482 Mss.
2241 5424 2405 5480 Corb.
2439 5423 2592 5479 Colb.
2624 5433 2680 5477 et
2706 5422 2872 5484 Maz..
2902 5422 2965 5474 ab
2993 5419 3169 5473 ovibus
3197 5419 3343 5473 tedis.

2035 5509 2055 5536 ο
2081 5498 2159 5552 lta
2190 5499 2317 5552 edit.
2344 5511 2559 5556 ouun-s.
2589 5496 2682 5547 sed
2718 5493 2974 5547 mendose
3032 5491 3220 5543 illitum
3249 5503 3378 5541 vtero
3409 5489 3557 5557 quod

1962 5572 2011 5626 ei
2045 5572 2173 5622 vitio
2203 5570 2379 5622 nullus
2402 5568 2701 5631 opituletur
2724 5580 2853 5618 tn~s.
2884 5561 2990 5618 Alii
3015 5561 3212 5628 quippe
3242 5577 3332 5629 pra
3355 5560 3557 5626 ferunt,

1965 5641 2272 5695 humilitatis
2311 5639 2473 5708 oﬂicio
2520 5635 2881 5708 commendari
2906 5631 3276 5708 humilitatem;
3304 5632 3431 5708 alii,
3459 5632 3559 5708 hu:

1970 5715 2202 5766 utilitatis
2241 5701 2458 5780 oﬁicium
2489 5703 3186 5780 commendarihumilitate;
3228 5704 3381 5780 nulli,
3417 5701 3562 5771 quod

1970 5785 2254 5854 legendum
2272 5773 2522 5854 'i'esuipstt
2553 5780 2783 5842 clamat,
2809 5775 3150 5830 humanitatis
3180 5773 3398 5846 oﬁriam
3427 5790 3566 5838 com-

1969 5851 2200 5920 mandari
2229 5851 2569 5924 humilitath
