4082 6370
556 279 662 337 459

1911 269 1994 327 SA
2002 267 2158 327 NCT]
2195 268 2523 329 AMBROSII

3792 275 3908 331 ιω

554 409 657 451 nec
716 401 1124 450 commoveatur
1172 394 1240 449 ad
1294 392 1684 460 ulciscendum,
1738 391 1845 449 nisi
1900 401 2155 463 peccator
2182 392 2234 454 Α
2260 391 2495 448 redemit
2519 392 2782 464 sanguine
2810 406 2910 448 suo
2937 392 3221 461 mundum,
3254 392 3433 450 lucem
3466 393 3677 451 attulit.
3725 393 3905 450 Verre.

558 505 868 548 mensuram
892 490 1134 545 excedat.
1166 488 1318 546 Unde
1344 499 1399 546 et
1427 490 1685 544 Dominus
1709 485 1867 545 Jesus
1893 487 1947 542 iu
1981 487 2155 542 Evan-

559 585 703 658 gelio
733 585 799 639 ad
829 584 1046 640 Judaeos
1080 585 1155 640 ait
1184 602 1197 639 :
1226 584 1445 658 lmplete
1473 599 1767 641 mensuram
1798 592 2006 654 patrum
2042 596 2155 637 sesc

562 675 958 751 trorum(ililatt.
994 692 1151 743 xxnt,
1184 676 1296 747 32).

629 770 717 824 47.
761 767 1083 823 Descendam
1115 770 1309 839 itaque,
1349 778 1405 822 ut
1435 768 1634 823 videant
1651 768 1934 823 secundum
1963 767 2160 821 clamo-

561 880 665 917 rem
692 863 906 917 illorum
928 864 1208 917 venientem
1233 864 1302 916 ad
1333 880 1431 929 me,
1465 863 1510 917 si
1535 860 2060 917 consummabuntur:
2084 860 2165 915 sin

561 968 731 1012 autem
765 995 780 1021 ,
840 968 895 1010 ut
949 955 1109 1009 sciam
1172 953 1331 1028 (Gen.
1386 969 1521 1009 xvtu
1554 995 1569 1018 ,
1618 952 1735 1023 2|).
1784 952 1899 1007 Non
1953 954 2167 1022 ignora-

560 1050 654 1104 bat
700 1048 958 1105 Dominus
1009 1060 1231 1119 pcccata
1273 1047 1675 1105 Sodomorum:
1709 1046 1805 1102 sed
1848 1055 2069 1117 propter
2118 1055 2170 1101 te

560 1141 939 1197 instruendum
962 1141 1127 1195 verba
1153 1140 1464 1209 bujnsmodi
1490 1141 1847 1211 loquebatur;
1872 1148 1930 1193 ut
1957 1148 2012 1194 tu
2042 1153 2169 1207 pro~

563 1236 682 1305 pius
710 1234 970 1289 scruteris
999 1249 1188 1290 eorum
1216 1234 1530 1299 commissa,
1557 1235 1607 1289 in
1630 1249 1765 1304 quos
1788 1232 2168 1289 vindicandum

560 1329 868 1383 arbitraris.
902 1326 1249 1392 Descendam,
1300 1327 1494 1398 inquit,
1539 1337 1596 1380 ut
1646 1327 1867 1393 videam,
1919 1326 2021 1383 hoc
2067 1334 2169 1392 est,

563 1421 729 1477 etiam
774 1431 829 1475 tu
869 1420 1207 1476 descendere
1249 1435 1401 1486 cura,
1445 1419 1716 1475 descende
1748 1418 2018 1489 indaginis
2062 1429 2174 1474 stu-

563 1512 692 1580 dio;
728 1531 795 1569 ne
824 1513 954 1582 quid
982 1515 1052 1568 sit
1079 1514 1222 1585 quod
1256 1514 1425 1578 fallat,
1455 1524 1547 1567 aut
1579 1513 1745 1568 lateat
1773 1514 2085 1577 absentem;
2116 1524 2176 1567 ut

566 1608 738 1663 oculis
764 1606 975 1661 facinus
996 1605 1398 1677 deprehendas.
1434 1606 1660 1661 Eminus
1688 1606 1850 1677 positi
1884 1606 2053 1660 multa
2082 1621 2178 1660 ne-

567 1700 709 1755 scire
733 1708 983 1769 possunt.
1015 1698 1187 1766 Quem
1234 1699 1527 1753 clamorem
1566 1705 1747 1753 autem
1775 1697 1874 1765 ait,
1907 1698 2011 1753 nisi
2037 1697 2177 1753 forte

2259 498 2379 542 runt
2394 497 2565 542 autem
2586 488 2757 559 angeli
2780 489 2884 543 duo
2920 490 2974 543 in
3006 488 3289 545 Sodomam
3317 489 3389 544 ad
3415 506 3694 564 vesperam
3726 491 3898 564 (Gen.

2264 596 2379 645 xix,
2430 580 2505 652 l).
2555 579 2657 637 Ubi
2698 582 2868 652 gratia
2918 582 3192 653 largienda
3222 592 3327 649 est,
3372 581 3636 638 Christus
3686 582 3899 638 adest:

2263 673 2353 727 ubi
2388 672 2693 730 exercenda
2732 674 3019 740 severitas,
3057 674 3161 731 soli
3192 674 3391 733 adsunt
3432 676 3703 740 ministri,
3738 674 3902 731 deest

2265 762 2445 820 Jesus.

2341 858 2430 914 iii.
2462 858 2684 914 Sedebat
2715 858 2811 915 Lot
2835 860 2904 915 ad
2934 871 3139 933 portam
3182 861 3400 935 (Ibid)
3434 860 3901 918 Emendaverant

2270 950 2372 1006 Lot
2401 965 2647 1007 sanctum
2680 953 2908 1009 adversa
2930 955 3294 1025 captivitatis,
3318 963 3374 1010 et
3395 955 3789 1011 sollicitior-em
3824 954 3900 1009 fe-

2271 1054 2477 1100 cerant.
2519 1045 2704 1117 Itaque
2747 1061 3006 1116 processu
3037 1049 3213 1103 a-tatis
3250 1048 3515 1104 didicerat
3554 1048 3767 1103 imitari
3803 1063 3898 1117 pa-

2274 1145 2504 1193 rentem.
2546 1138 2626 1193 Ad
2661 1147 2871 1210 portam
2900 1140 3082 1211 itaque
3120 1140 3365 1207 sedebat,
3395 1149 3455 1195 ut
3481 1140 3780 1211 exciperet
3805 1138 3898 1192 ad-

2275 1231 2577 1286 venientes.
2614 1231 2856 1303 Denique
2881 1234 3170 1288 exsurrexit
3192 1233 3390 1287 obviam
3416 1233 3549 1287 illis.
3582 1231 3897 1288 Perfectior

2276 1325 2516 1379 cucurrit
2550 1324 2767 1379 obviam
2797 1342 2811 1379 :
2856 1324 2981 1390 iste,
3012 1326 3327 1390 exsurrexit,
3361 1334 3408 1379 et
3443 1324 3695 1378 adoravit
3727 1324 3785 1377 in
3816 1328 3896 1394 [a-

2277 1419 2406 1471 ciem
2426 1432 2581 1488 super
2606 1425 2817 1482 terram,
2849 1425 2896 1470 et
2933 1416 3068 1471 dixit
3098 1433 3117 1470 :
3147 1414 3282 1471 Ecce
3322 1416 3523 1470 domini
3551 1416 3822 1469 destinate
3848 1414 3895 1467 in

2280 1509 2490 1565 domum
2518 1511 2666 1581 pueri
2694 1509 2848 1564 vestri
2877 1507 2929 1578 (1
2938 1509 3069 1574 bid.,
3104 1510 3131 1563 1
3160 1517 3206 1562 et
3235 1507 3312 1580 2).
3346 1508 3410 1562 Et
3445 1508 3635 1577 coegit
3654 1508 3792 1563 illos
3820 1506 3897 1560 di-

2279 1614 2513 1665 vertere,
2544 1603 2637 1673 qui
2683 1601 2973 1657 dicebant:
3018 1600 3083 1654 In
3122 1600 3296 1671 platea
3341 1600 3688 1654 manebimus.
3735 1598 3895 1655 Com-

2284 1697 2577 1751 mendatur
2605 1694 2695 1751 bic
2734 1694 2867 1764 justi
2894 1694 3177 1761 sanctitas,
3225 1702 3281 1749 et
3327 1692 3652 1763 angelorum
3701 1692 3892 1762 gratia.

566 1792 692 1864 quia
722 1792 770 1845 ei
804 1805 962 1861 quem
994 1790 1128 1845 nihil
1154 1790 1306 1852 latet,
1332 1791 1569 1846 clamant
1595 1790 1801 1857 omnia,
1830 1790 2069 1845 clamare
2096 1790 2175 1844 vi-
2207 1792 2255 1853 Β
2281 1788 2366 1844 Illi
2398 1790 2658 1845 nolebant
2687 1789 2979 1844 adventum
3023 1802 3180 1842 suum
3230 1786 3431 1857 hospiti
3463 1787 3789 1857 graviorem
3818 1787 3895 1840 vi-

568 1884 766 1941 dentur
803 1883 1142 1954 singulorum
1182 1884 1451 1939 crimina?
1484 1883 1726 1955 Denique
1756 1883 1824 1938 ad
1863 1883 1996 1939 Cain
2044 1882 2179 1938 dici-

570 1987 693 2032 tur:
727 1975 956 2048 Sanguis
999 1976 1177 2048 fratris
1209 1976 1283 2030 tui
1312 1979 1380 2030 ad
1409 1993 1488 2031 me
1530 1977 1718 2029 clamat
1751 1972 1904 2046 (Gen.
1936 1989 2015 2042 tv,
2060 1974 2176 2043 10),

570 2072 676 2126 hoc
713 2080 818 2137 est,
867 2084 972 2126 non
1015 2071 1165 2137 latet,
1223 2070 1321 2126 sed
1365 2070 1568 2125 clamat
1607 2069 1954 2140 parricidium
2004 2078 2176 2123 tuum.

573 2161 759 2233 Itaque
805 2162 951 2218 velut
996 2161 1265 2218 excitatur
1311 2160 1454 2216 Deus
1491 2160 1817 2230 flagitiorum
1869 2168 2177 2215 nostrorum

573 2256 930 2324 clamoribus;
972 2265 1033 2313 ut
1080 2253 1377 2327 aliquando
1423 2251 1683 2319 vindicet,
1729 2251 1823 2323 qui
1869 2250 2107 2308 libenter
2154 2262 2177 2289 α

574 2350 825 2421 ignoscit.

644 2444 734 2500 48.
765 2444 1007 2514 Denique
1035 2441 1271 2498 Abrahae
1290 2440 1499 2512 petenti
1522 2454 1591 2495 ne
1612 2437 1772 2493 simul
1797 2437 2050 2509 perderet
2068 2437 2181 2507 jus-

566 2545 682 2603 tos,
732 2544 1005 2604 tamquam
1054 2534 1291 2605 iniquos,
1336 2540 1392 2587 et
1434 2532 1831 2602 interroganti,
1886 2530 1947 2587 Si
1992 2531 2182 2601 fuerint

576 2630 947 2702 quinquaginta
961 2628 1098 2701 justi
1125 2630 1179 2681 in
1208 2627 1433 2694 civitate,
1463 2626 1643 2697 perdes
1677 2625 1796 2679 illos
1840 2622 1993 2696 (Gen.
2026 2640 2180 2691 xvm,

578 2721 652 2779 24
681 2733 727 2777 et
749 2722 879 2791 26)?
906 2721 1073 2795 299
1101 2718 1381 2790 respondit
1404 2737 1418 2774 :
1461 2717 1513 2772 Ν
1520 2736 1585 2773 an
1605 2718 1819 2789 perdant
1840 2717 2113 2783 civitatem,
2138 2717 2183 2771 si

578 2816 771 2887 fuerint
790 2815 843 2870 in
865 2832 922 2870 ea
947 2815 1322 2886 quinquaginta
1337 2813 1471 2885 justi
1480 2856 1492 2875 ,
1523 2823 1569 2867 et
1587 2821 1747 2867 totunt
1764 2814 1930 2867 locum
1949 2812 2180 2866 servabo.

580 2908 649 2964 Et
676 2908 757 2963 sic
779 2924 876 2979 per
891 2906 1139 2962 ordinem
1161 2907 1669 2977 interrogationum.
1693 2915 1744 2959 et
1766 2905 2182 2975 reSponsionnm

578 3000 777 3066 vicem,
808 2999 971 3054 etiam
1002 2998 1049 3054 si
1074 2998 1264 3053 decem
1299 2996 1478 3068 justos
1525 2996 1800 3053 invenerit
1844 2997 1896 3051 in
1938 2996 2175 3064 civitate,

580 3102 759 3147 tamen
802 3101 1023 3163 propter
1050 3106 1345 3162 paucorum
1379 3090 1645 3161 justitiam
1678 3089 2052 3160 impunitatem
2082 3088 2181 3142 toti

2282 1878 2399 1935 deri
2431 1896 2448 1935 :
2487 1880 2579 1935 ille
2611 1878 2638 1919 δ
2676 1880 2897 1951 quidem
2931 1880 3075 1934 inter
3123 1893 3261 1948 quos
3300 1877 3599 1943 habitaret,
3652 1877 3889 1939 sciebat;

2282 1986 2466 2030 tamen
2495 1973 2717 2029 domum
2750 1988 2903 2029 suam
2930 1972 3193 2028 oﬂ‘erebat
3226 1969 3519 2042 periculis,
3561 1970 3775 2041 quibus
3803 1984 3890 2025 au-

2281 2068 2452 2126 ferret
2498 2070 2763 2140 hospites.
2813 2070 2976 2125 Certe
3014 2083 3123 2141 quo
3184 2067 3392 2122 tardius
3438 2064 3891 2136 acquiescebaut,

2281 2160 2485 2218 diutius
2515 2162 2800 2227 tentando,
2834 2160 3048 2232 plenius
3077 2158 3529 2229 comprobabant.

2354 2257 2444 2312 52.
2486 2255 2598 2311 Viri
2624 2264 2794 2310 autent
2820 2255 3043 2309 ciuitatis
3071 2253 3415 2309 Sodomorum
3438 2250 3891 2305 circumdederunt

2283 2350 2491 2405 dontum
2516 2349 2578 2403 ab
2612 2350 2811 2419 infante
2840 2364 2999 2420 usque
3020 2347 3088 2400 ad
3113 2348 3303 2413 senem,
3336 2354 3473 2401 totus
3502 2346 3737 2416 papulas
3758 2344 3889 2415 pari-

2285 2454 2361 2498 ter
2390 2441 2583 2514 (lbid.,
2615 2440 2697 2513 5).
2727 2442 3084 2498 Prmstrttitur
3107 2442 3298 2510 judicii
3346 2440 3515 2496 divini
3545 2438 3805 2510 aequitas,
3833 2453 3889 2493 nc

2284 2535 2421 2593 forte
2445 2537 2568 2608 quis
2589 2536 2835 2592 diceret:
2867 2535 3006 2605 Quid
3032 2545 3401 2606 peccaverunt
3422 2534 3605 2606 pueri,
3625 2544 3687 2589 ut
3710 2547 3887 2587 omnes

2284 2630 2500 2685 excidio
2514 2629 3053 2685 involverenturﬂta
3072 2629 3257 2685 nullus
3276 2628 3599 2698 illicjustus,
3622 2627 3886 2683 nullusin-

2285 2738 2487 2778 nocens
2500 2722 2767 2777 fuit.Audi
2784 2722 3123 2792 Scripturam
3141 2721 3520 2777 testificantem
3535 2719 3666 2791 quia
3678 2723 3883 2774 circum-

2285 2818 2539 2873 dederunt
2562 2818 2772 2872 domum
2793 2817 2856 2872 ab
2874 2817 3073 2888 infante
3087 2828 3248 2888 usque
3267 2818 3336 2870 ad
3351 2833 3547 2883 senem,
3566 2825 3709 2872 totus
3730 2833 3878 2886 popu-

2285 2911 2368 2965 lus
2396 2911 2615 2979 pariter.
2649 2909 2805 2965 Nulla
2828 2921 2962 2966 tetas
2983 2920 3102 2966 erat
3122 2910 3294 2980 culpa:
3314 2910 3593 2977 immunis,
3631 2910 3757 2965 ideo
3779 2909 3882 2965 nul-

2284 3001 2368 3059 lus
2383 3003 2547 3075 300
2560 3004 2814 3059 immunis
2830 3004 2983 3059 exitii
3007 3003 3125 3058 fuit.
3153 3003 3218 3059 Et
3235 3003 3327 3075 qui
3346 3003 3758 3073 possibilitatem
3778 3018 3879 3072 pet~

2286 3099 2534 3167 petrandi
2571 3097 2815 3153 criminis
2838 3114 2944 3153 non
2970 3098 3177 3162 habuit,
3206 3095 3684 3152 habuitaffectum.
3714 3095 3880 3150 επακ

574 3188 777 3260 popqu
800 3186 1250 3259 promittit.Unde
1272 3185 1530 3240 discimus
1552 3194 1784 3255 quantus
1805 3198 1990 3237 murus
2008 3183 2083 3236 sit
2097 3198 2194 3253 pa-
2220 3185 2267 3251 C
2301 3190 2442 3245 vires
2458 3204 2675 3253 senum,
2690 3190 2784 3245 sed
2801 3205 2952 3245 mens
2973 3190 3127 3260 plena
3145 3186 3690 3244 libidinis.0fferehat
3709 3188 3815 3261 (52,
3831 3204 3873 3256 q.

579 3283 695 3337 tria:
711 3282 1006 3351 virjustus.
1025 3278 1483 3350 quemadmodum
1508 3293 1617 3331 non
1646 3276 1942 3330 debeamus
1970 3274 2177 3330 invide-

580 3387 641 3429 re
662 3373 793 3429 viris
814 3377 1038 3434 sam-tis.
1065 3386 1166 3425 nec
1187 3379 1391 3425 temere
1422 3371 1706 3438 derogare.
1736 3367 1955 3421 Illorum
1979 3366 2180 3422 etenim

581 3464 853 3521 nos'lides
876 3472 1085 3524 servat.
1116 3462 1330 3516 illorum
1353 3460 1564 3530 justitia
1588 3460 1656 3515 ab
1683 3458 1891 3513 excidio
1919 3458 2178 3513 defendit.

579 3557 816 3616 Sodoma
847 3570 1065 3629 quoque
1089 3554 1134 3609 si
1168 3553 1447 3609 habuisset
1472 3554 1617 3608 viros
1640 3551 1826 3607 decem
1849 3551 2049 3622 justos,
2083 3567 2182 3621 po-

583 3651 693 3708 tuit
713 3666 817 3705 noo
853 3651 1055 3722 perire.
1618 3650 1621 3651 ⁷

655 3745 747 3801 49.
776 3745 914 3814 Quid
946 3744 1048 3800 sibi
1081 3751 1261 3797 autem
1290 3741 1403 3797 vult
1426 3740 1570 3813 quod
1598 3740 1671 3796 illi
1699 3740 1790 3811 qui
1816 3738 1881 3794 ad
1910 3738 2183 3795 Abraham

582 3840 741 3896 simul
792 3855 915 3897 cum
964 3838 1195 3895 Domino
1244 3844 1527 3903 venerant,
1570 3835 1863 3891 Sodomam
1914 3835 2211 3906 petierunt

583 3932 706 3999 viri,
736 3932 834 3988 nisi
869 3941 926 3988 ut
954 3931 1310 3987 acerbaretur
1337 3931 1547 3987 crimen
1578 3944 1790 3995 eorum,
1832 3928 1879 3984 si
1908 3943 2043 3998 quos
2067 3928 2185 3998 jus-

582 4036 669 4082 tus
701 4027 1081 4090 bonoravcrat,
1116 4026 1200 4080 his
1228 4024 1436 4096 majore
1466 4023 1753 4095 sacrilegio
1782 4023 1929 4095 impii
1960 4023 2065 4077 vim
2094 4038 2185 4077 eo—

578 4131 842 4175 narentur
872 4119 1106 4176 inferre?
1133 4118 1266 4174 Nam
1302 4117 1445 4189 quod
1478 4119 1625 4172 viros
1655 4116 1814 4181 dixit,
1845 4115 2071 4172 evidens
2102 4124 2187 4171 εει

577 4212 748 4278 ratio;
778 4213 898 4283 quia
930 4214 1165 4282 speciem
1194 4212 1560 4283 praeferebant
1590 4211 1853 4266 virorum.

654 4303 745 4359 50.
773 4302 1062 4359 Sodomam
1097 4313 1361 4358 venerunt
1391 4318 1642 4373 vespere,
1674 4300 1900 4357 meridie
1921 4301 1989 4356 ad
2017 4290 2183 4357 Abra-

580 4398 737 4461 ham;
773 4398 901 4467 quia
936 4398 1083 4465 justo
1124 4397 1354 4466 refulget
1389 4398 1705 4468 angelorum
1744 4398 2049 4463 praesentia.
2082 4399 2181 4452 im-

584 4492 685 4561 piis
718 4490 971 4546 tenebras
1015 4489 1187 4546 all'ert.
1230 4489 1433 4544 Tamen
1474 4499 1650 4560 potest
1692 4488 1883 4543 referri
1922 4491 2081 4545 etiam
2115 4492 2181 4547 ad

578 4592 795 4653 tempus
845 4582 1136 4638 Dominicm
1182 4583 1470 4652 passionis,
1499 4580 1640 4652 quod
1674 4583 1884 4652 ve~peri
1917 4594 2182 4640 venerunt

2289 3284 2344 3350 7,
2358 3300 2473 3356 cap.
2484 3282 2772 3356 Olferebat)
2784 3293 3006 3339 sanctus
3021 3284 3115 3338 Lot
3131 3282 3361 3338 filiarum
3380 3281 3796 3351 pudorem.Nam
3809 3291 3873 3336 et-

2288 3376 2337 3431 si
2369 3376 2457 3431 illa
2486 3392 2699 3448 quoque
2731 3375 2997 3447 ﬂagitiosa
3028 3376 3311 3446 impuritas
3331 3386 3477 3438 erat;
3503 3384 3686 3430 tamen
3718 3374 3871 3428 minus

2290 3479 2406 3525 erat
2420 3470 2717 3525 secundum
2735 3480 2978 3525 naturam
2990 3469 3329 3540 coire,quam
3343 3466 3633 3522 adversum
3648 3476 3869 3521 naturam

2292 3562 2629 3634 delinquere.
2663 3561 2995 3619 Praefercbat
3023 3563 3220 3619 domus
3246 3578 3359 3616 suae
3395 3560 3734 3617 verecundia:
3763 3559 3868 3613 hos-

2293 3655 2512 3727 pitalem
2539 3655 2793 3725 gratiam,
2818 3656 2981 3711 etiam
3011 3654 3153 3727 apud
3197 3654 3453 3709 barbaras
3482 3664 3678 3723 gentes
3717 3652 3865 3706 invio-

2288 3748 2528 3805 labilem.
2574 3748 2816 3818 Denique
2859 3747 2967 3803 illic
3003 3762 3219 3818 quoque
3253 3746 3515 3803 inoffensa
3548 3743 3864 3817 hoSpitalitas

2286 3851 2390 3908 εει,
2423 3841 2510 3896 ubi
2546 3856 2646 3896 nec
2677 3840 3006 3911 germanitas
3033 3840 3162 3894 satis
3186 3848 3294 3894 tuta
3316 3848 3418 3897 est.

2362 3934 2452 3989 55.
2506 3933 2899 3989 Percusserunt
2927 3942 3107 3988 autem
3165 3932 3285 3987 illos
3314 3930 3489 4002 angeli
3533 3932 3788 3993 cmcitate,
3816 3939 3863 3983 ut

2290 4036 2345 4085 et
2374 4028 2574 4082 ostium
2606 4026 2802 4083 domus
2829 4028 2972 4098 quod
3000 4026 3213 4096 aperire
3237 4025 3547 4095 cupiebant,
3586 4040 3693 4079 non
3730 4037 3859 4093 repe-

2295 4123 2487 4178 rirent.
2538 4120 2633 4176 llic
2677 4120 2944 4175 mirabilis
2980 4119 3195 4191 quidem
3236 4120 3551 4187 angelorum
3581 4119 3860 4175 declaratur

2296 4224 2566 4285 potestas;
2603 4222 2660 4268 ut
2687 4213 2857 4268 olfusa
2886 4213 3111 4284 impuris
3138 4213 3401 4275 caecitate,
3431 4226 3539 4266 non
3581 4210 3857 4279 reperirent.

2292 4318 2380 4365 tnr
2425 4307 2618 4363 domus
2666 4309 2824 4362 ostia.
2859 4306 2967 4363 Sed
3009 4307 3171 4362 etiam
3219 4305 3347 4360 illud
3394 4304 3715 4371 ostenditur,
3755 4303 3856 4373 quia

2289 4414 2429 4455 caeca
2471 4409 2557 4453 est
2582 4397 2759 4453 omnis
2789 4397 2979 4461 libido,
3009 4406 3064 4453 et
3108 4406 3233 4452 ante
3274 4412 3469 4453 senon
3514 4398 3683 4452 videt.
3727 4394 3857 4465 Quod

2289 4508 2419 4549 vero
2450 4494 2727 4563 hospitum
2753 4492 3000 4547 manibus
3031 4500 3316 4547 revocatus
3344 4500 3425 4547 est
3455 4501 3677 4547 sanctus
3706 4489 3794 4545 Lot
3812 4489 3856 4543 in

2288 4588 2508 4643 domum
2537 4588 2941 4643 demonstratur
2980 4586 3268 4643 immemor
3306 4585 3552 4657 periculi,
3587 4598 3782 4641 memor
3807 4582 3854 4636 li-

583 4674 651 4731 ad
680 4690 828 4737 eum,
856 4675 947 4745 qui
978 4689 1008 4728 a
1060 4674 1430 4730 Sodomitanis
1458 4674 1891 4746 contagionibus,
1940 4684 1993 4730 et
2022 4678 2183 4734 totius
2208 4661 2262 4721 Ῑ)
2288 4682 2376 4738 dei
2410 4698 2515 4736 non
2539 4681 2804 4750 eripuisse
2829 4696 2889 4738 se
2911 4680 3176 4751 periculo,
3205 4680 3299 4736 sed
3331 4680 3617 4736 obtulisse.

584 4769 734 4825 urbis
757 4768 969 4824 excidio
999 4777 1119 4824 erat
1141 4768 1472 4824 liberandus.
1506 4768 1717 4839 Vesper
1746 4778 1864 4825 erat
1897 4779 2180 4842 antequam

580 4862 830 4919 Christus
852 4863 1057 4918 veniret
1084 4879 1097 4927 ;
1124 4863 1247 4932 quia
1271 4872 1413 4919 totus
1438 4873 1555 4918 erat
1581 4862 1813 4918 mundus
1836 4864 1892 4918 in
1922 4865 2178 4921 tenebris.

579 4956 791 5026 Vesper
845 4964 962 5011 crat
1008 4955 1262 5010 omnibus
1314 4970 1449 5025 quos
1497 4954 1812 5011 immanium
1862 4957 2181 5014 delictorum

573 5050 798 5123 squalor
835 5049 1156 5107 tenebrosus
1208 5050 1452 5120 urgebat.
1497 5048 1657 5105 Venit
1701 5051 1962 5107 Dominus
1999 5051 2180 5120 Jesus,

653 5182 678 5209 ει
712 5172 809 5227 llic
838 5171 1059 5227 locusin
1098 5169 1228 5226 edit.
1260 5168 1418 5223 Rom.
1446 5168 1519 5222 ita
1551 5169 1768 5223 luxatus
1796 5181 1935 5236 erat,
1966 5179 2023 5225 ut
2052 5183 2175 5236 post

578 5258 791 5316 vocem,
814 5243 1066 5316 ignoscit,
1100 5242 1424 5316 interposito
1458 5240 1702 5316 sequenti
1739 5240 2013 5316 Geneseos
2054 5259 2174 5298 ver-

578 5331 640 5371 sn
671 5333 685 5369 :
731 5315 793 5369 Et
824 5309 1037 5386 profecti
1067 5313 1160 5366 viri
1198 5309 1971 5386 inde.petieruntSodomam:
2000 5316 2173 5369 conti-

580 5382 837 5443 nuaretnr
865 5382 966 5438 hoc
994 5395 1149 5451 pacto
1175 5403 1189 5438 :
1221 5382 1361 5451 Quid
1388 5396 1558 5437 autem
1579 5383 1671 5436 sibi
1695 5383 1824 5447 vult,
1848 5395 1979 5449 etc.,
2008 5402 2176 5455 ιιειιυθ

579 5459 670 5527 ad,
708 5456 1045 5527 prteferebant
1076 5456 1344 5509 virorum:
1377 5464 1569 5527 postea
1593 5466 2000 5527 resumerentur
2031 5458 2131 5510 ista
2160 5476 2172 5510 :

583 5523 1085 5595 Dettique'Abrahaz,
1119 5536 1251 5591 (δια,
1294 5523 1466 5593 usque
1506 5523 1596 5582 ad.
1642 5523 1809 5595 potuit
1855 5541 1956 5578 non
1990 5534 2172 5594 perire,

582 5596 777 5661 quibus
811 5607 971 5663 eaput
1014 5597 1460 5654 concludebatur.
1501 5595 1610 5651 Nos
1650 5595 1833 5649 nuntia
1872 5611 1936 5650 ex
1965 5610 2096 5651 mss.
2127 5609 2182 5652 et

584 5677 695 5738 ant.
722 5668 856 5738 edit.
889 5670 1127 5734 prisrinzu
1159 5668 1450 5738 integritati
1484 5665 1836 5722 redtlitliums.

604 5772 628 5800 ι,
658 5735 683 5773 b
830 5750 1016 5817 omnes
1040 5738 1169 5817 edit.
1204 5735 1325 5801 cum
1360 5741 1530 5817 tribus
1555 5754 1683 5817 t_u_ss.
1724 5739 2060 5817 probatiorist
2086 5756 2182 5799 no-

603 5824 667 5862 ξιξ.
708 5806 809 5861 Alii
853 5806 983 5864 vero
1011 5812 1343 5879 przeferunt:
1372 5811 1459 5865 ille
1490 5810 1577 5881 qui
1607 5806 1741 5865 inter
1777 5826 1902 5880 quos
1936 5811 2181 5870 habitaret

2361 4775 2452 4832 54.
2488 4786 2508 4813 ο
2539 4774 2766 4830 Ponitur
2792 4776 3007 4845 pietatis
3035 4776 3206 4842 locus,
3235 4775 3380 4846 quod
3412 4774 3748 4831 manifestata
3771 4773 3855 4828 sibi

2288 4885 2385 4940 per
2413 4869 2638 4939 angelos
2661 4870 2826 4925 latius
2850 4870 3090 4940 regionis
3120 4869 3427 4935 eversione,
3455 4878 3510 4925 et
3533 4884 3756 4941 generos
3776 4867 3854 4921 lia-

2288 4964 2421 5020 bere
2464 4962 2565 5017 Lot
2594 4972 2815 5018 sanctus
2842 4963 3133 5030 inducitur,
3172 4974 3228 5020 et
3267 4978 3489 5020 monere
3520 4978 3614 5019 eos
3642 4973 3697 5019 ut
3724 4963 3851 5034 fuge-

2292 5064 2443 5122 rent;
2474 5056 2631 5110 simul
2664 5071 2731 5112 ne
2775 5055 3078 5113 deserendo
3104 5072 3222 5123 eos,
3252 5074 3352 5114 nec
3387 5058 3743 5125 admonendo,
3768 5057 3852 5113 mi-

2280 5174 2494 5246 sciebat,
2528 5181 2756 5246 tutamen
2781 5173 3047 5244 (nonnulli
3082 5176 3270 5246 tutam)
3293 5176 3499 5231 domum
3522 5194 3671 5231 suam
3695 5176 3851 5245 olim-

2284 5246 2386 5300 bat.
2414 5245 2549 5318 _Utra
2585 5243 2747 5299 leCtio
2775 5243 2970 5318 potior.
3007 5246 3225 5301 lectoris
3253 5243 3372 5302 esto
3396 5248 3678 5318 judicium.

2360 5328 2381 5353 ο
2412 5316 2624 5391 lta_sex
2659 5331 2788 5391 mss.
2838 5316 2941 5391 Qui
2982 5330 3187 5391 veroet
3214 5320 3368 5391 edit.,
3400 5316 3641 5373 Munitur
3673 5322 3847 5391 pietatis

2285 5389 2447 5443 locus.
2487 5387 2619 5453 Qua:
2647 5386 2807 5441 verba
2847 5386 3005 5441 Rom.
3059 5390 3190 5444 edit.
3223 5390 3507 5445 duodecim
3547 5386 3690 5445 retro
3718 5392 3848 5446 lineis

2285 5467 2609 5524 retraxerat,
2643 5468 2698 5510 ιιι
2722 5461 2995 5513 mmnullis
3020 5464 3239 5515 mutatis
3263 5462 3398 5515 hanc
3421 5461 3620 5516 seriem
3652 5463 3717 5516 ibi
3737 5477 3847 5515 con-

2283 5540 2527 5585 texuerat
2566 5546 2579 5582 :
2631 5528 2866 5582 Munitur
2916 5530 3118 5593 pietatis
3158 5533 3330 5596 locus,
3378 5542 3431 5585 ut
3474 5530 3721 5598 inoffensa
3757 5533 3846 5586 illic

2283 5601 2613 5669 hospitalitas
2625 5617 2821 5669 quoque
2843 5602 2995 5668 foret.
3029 5614 3134 5657 etc.
3155 5603 3307 5657 Hanc
3326 5618 3450 5656 vero
3468 5603 3641 5657 laeum
3660 5604 3724 5657 ita
3740 5619 3845 5657 cou-

2283 5672 2585 5725 Sarcinarat
2615 5688 2628 5722 :
2664 5671 2816 5743 Quod
2849 5689 3061 5743 generos
3086 5673 3181 5727 Lot
3222 5673 3409 5730 habere
3432 5684 3638 5729 sanctus
3666 5674 3843 5728 induci-

2286 5753 2390 5807 tur,
2436 5752 2481 5795 et
2522 5742 2857 5818 manifestata
2889 5747 2937 5818 ei
2971 5746 3715 5818 totiusiregiouis,eversione,
3744 5747 3841 5811 illos

2287 5829 2491 5869 monere
2520 5824 2575 5867 ut
2604 5816 2834 5884 fugerent
2865 5814 3094 5871 (tacetur.
3130 5814 3374 5875 Sed'tolo
3405 5817 3504 5872 hoc
3531 5817 3705 5890 capite
3726 5818 3839 5874 ιῐιιιΙλ
