4082 6370
204 332 307 387 Ml

1502 327 1968 402 negantium
2006 326 2134 387 us.
2178 331 2220 387 l.

3396 336 3509 393 με

203 462 307 503 nus
330 445 449 518 pius
477 444 756 503 videretur
774 443 919 501 circa
945 442 1181 501 filiarum
1207 443 1432 500 maritos
1453 462 1468 501 :
1488 443 1573 499 vel
1602 445 1805 501 erroris
1832 448 1883 508 Α
1912 445 2196 517 liquerint,
2223 447 2366 519 apud
2399 449 2674 520 sapientes
2693 447 2904 521 iudices
2932 450 3089 507 venia
3120 450 3339 524 quidem
3368 453 3504 511 facta

198 554 391 596 earum
427 552 591 596 causa
619 537 721 606 ipsi
763 540 1149 609 assignaretnr,
1195 554 1316 611 quae
1353 539 1627 594 destitutae
1655 538 1799 595 virili

198 634 480 690 consortio
524 632 871 689 concubitum
928 632 1175 688 inebriati
1226 634 1561 705 expetissent
1609 632 1796 703 patris.

198 725 320 783 Non
345 740 474 799 ergo
498 725 835 782 indefensum
865 725 1145 797 Scriptura
1167 726 1336 782 virum
1364 736 1613 782 sanctum
1631 726 1797 782 relin-

198 820 348 891 quit;
385 835 505 875 cum
535 832 588 874 et
624 820 910 876 tradidisse
957 819 1168 874 maritis
1223 820 1382 885 filias,
1428 828 1483 875 et
1521 820 1799 876 monuisse

199 927 435 983 generos
463 910 754 968 inducitur.
785 910 889 967 Sed
916 911 1093 966 visum
1115 919 1203 967 est
1231 912 1339 969 illis
1359 912 1504 984 quod
1526 912 1799 968 derideret

197 1020 322 1071 eos,
344 1014 398 1061 et
420 1012 597 1060 tamen
629 1004 806 1060 adhuc
848 1003 1163 1059 morabatur
1194 1003 1317 1071 Lot,
1351 1015 1409 1060 ut
1446 1002 1801 1077 persuaderet

198 1101 418 1172 generis
451 1101 593 1165 suis;
624 1108 679 1156 et
725 1116 865 1171 pene
890 1115 999 1155 non
1024 1110 1169 1156 esset
1198 1100 1493 1172 profectus,
1519 1110 1579 1156 ut
1606 1101 1801 1157 evade-

195 1201 304 1259 ret,
353 1193 455 1248 nisi
504 1192 822 1265 urgentibus
861 1193 1078 1264 angelis
1128 1202 1183 1249 et
1248 1192 1562 1249 tenentibus
1609 1207 1801 1249 manus

194 1287 337 1357 ejus,
370 1287 553 1357 egredi
585 1295 808 1343 coactus
837 1295 1006 1343 esset.

267 1379 358 1436 55.
388 1379 505 1436 Non
525 1396 655 1452 ergo
688 1380 988 1451 profectus,
1020 1380 1117 1437 sed
1160 1380 1388 1437 eductus
1412 1390 1496 1437 est
1521 1398 1533 1437 :
1563 1390 1617 1437 et
1645 1395 1801 1437 man-

191 1470 380 1526 datum
413 1473 621 1541 accepit
661 1487 730 1527 ne
761 1472 1057 1541 respiceret
1086 1480 1261 1538 retro,
1290 1488 1391 1529 nec
1437 1473 1720 1528 resisteret
1748 1473 1801 1529 in

193 1575 309 1622 tota
359 1567 581 1636 regione
627 1566 740 1633 illa,
790 1565 886 1621 sed
924 1567 978 1621 in
1017 1576 1258 1622 montem
1305 1566 1644 1623 ascenderet.
1688 1566 1800 1622 Hoc

194 1672 321 1713 cum
364 1658 440 1714 illi
472 1658 692 1726 dicitur,
724 1659 978 1715 omnibus
1007 1659 1227 1716 dicitur.
1280 1660 1339 1717 Si
1370 1660 1451 1716 vis
1492 1676 1621 1730 ergo
1651 1669 1705 1715 et
1745 1669 1799 1716 tu

193 1752 455 1818 eradere,
504 1769 574 1809 ne
621 1751 883 1823 respicias
924 1761 1094 1820 retro,
1137 1753 1232 1809 sed
1282 1762 1426 1810 ante.
1473 1751 1671 1824 ASpice
1709 1752 1798 1808 ubi

1902 540 2181 596 donantur
2212 559 2224 595 :
2258 542 2355 599 sed
2406 543 2643 600 levitatis
2698 554 2961 602 notantur
2986 557 3258 604 auctores.
3293 548 3504 617 Quanta

1904 634 2020 704 ipsa
2063 634 2418 705 deformitas,
2470 648 2529 694 ut
2567 640 2853 697 solvantur
2891 642 3075 710 vires,
3127 644 3370 702 incessus
3404 659 3503 701 νει-

1905 729 2099 786 cillet?

1974 821 2063 877 58.
2099 821 2253 878 Multi
2302 838 2363 880 se
2416 824 2587 882 fortes
2637 836 2852 896 putant,
2910 846 3040 887 num
3069 830 3320 889 fortiores
3342 848 3501 905 quam

1904 913 2046 970 Lot?
2075 913 2211 969 Nutn
2237 915 2669 974 continentiores
2697 935 2854 991 quam
2879 920 2993 977 Noe
3020 923 3044 977 ?
3069 922 3187 979 Non
3211 925 3396 996 utique
3424 926 3505 981 vi-

1904 1008 1976 1062 tia
2028 1007 2471 1066 Patriarcharum
2504 1010 2785 1081 Scriptura
2817 1015 3094 1085 exposuit,
3141 1032 3279 1088 quos
3327 1018 3502 1075 victos

1903 1102 2033 1158 vino
2060 1103 2287 1175 legimus
2322 1121 2335 1158 :
2364 1104 2457 1159 sed
2490 1114 2549 1159 ut
2601 1119 2654 1160 tu
2687 1106 2929 1164 disceres
2970 1110 3098 1179 quid
3123 1126 3370 1169 caveres.
3404 1112 3503 1169 Ille

1906 1196 2086 1251 nudus
2109 1195 2300 1267 jacuit,
2332 1197 2435 1253 iste
2467 1197 2697 1252 filiarum
2722 1201 2895 1255 errori
2928 1202 3121 1269 patuit.
3158 1203 3226 1258 Et
3251 1203 3501 1275 Noejus-

1906 1295 1992 1343 tus
2042 1288 2304 1359 deceptus
2354 1297 2458 1351 est.
2495 1290 2619 1359 quia
2650 1289 2758 1346 vini
2784 1292 2865 1347 vis
2890 1291 3069 1350 adhuc
3100 1295 3453 1365 ignorabatur
3485 1314 3498 1353 τ

1905 1378 2003 1436 sed
2030 1378 2083 1434 in
2109 1380 2203 1435 illo
2224 1380 2525 1437 instructus
2555 1397 2634 1448 es,
2666 1398 2735 1438 ne
2762 1393 2818 1437 tu
2843 1384 3142 1454 ignorares.
3167 1386 3503 1445 Lotfiliabus

1905 1473 2232 1540 secredidit,
2270 1483 2325 1531 et
2356 1490 2453 1546 per
2479 1484 2819 1532 senectutem
2873 1476 3148 1533 madidam
3193 1478 3321 1534 vino
3353 1480 3503 1534 solu-

1905 1578 2013 1635 tus,
2068 1569 2341 1624 commisit
2398 1568 2662 1625 incestum
2722 1571 2980 1641 ignorans
3013 1589 3027 1627 :
3063 1580 3117 1626 tu
3148 1571 3227 1626 sic
3250 1571 3395 1637 bibe,
3429 1588 3501 1628 ne

1904 1661 2159 1732 capiaris.
2194 1660 2470 1717 lnstruant
2499 1672 2552 1717 te
2584 1662 2917 1719 Patriarcbte
2961 1678 3069 1719 non
3100 1663 3278 1720 solum
3300 1663 3504 1720 docen-

1906 1763 2011 1820 tes,
2041 1754 2135 1809 sed
2160 1758 2321 1812 etiam
2350 1766 2615 1813 errantes.
2653 1757 2777 1813 Ideo
2804 1759 3059 1814 iteratum
3088 1769 3173 1815 est
3193 1759 3502 1831 exemplum

190 1844 564 1911 Christusest,
585 1847 673 1916 qui
695 1846 841 1901 dicat
874 1845 970 1901 tibi
997 1864 1009 1900 :
1048 1844 1189 1902 Vade
1205 1856 1343 1902 retro
1358 1864 1456 1912 me,
1481 1845 1799 1902 sicutPelro
1828 1855 1877 1917 Β
1903 1847 2212 1918 ebrietatis,
2250 1858 2306 1905 ut
2329 1849 2682 1907 confirmetur
2712 1852 3088 1923 magisterium
3138 1854 3427 1912 cautionis.

190 1937 325 1995 dicit
341 1942 374 2009 τε
411 1939 558 1994 Vade
581 1950 715 1995 retro
732 1957 811 1994 me
835 1939 1055 2012 (Matth.
1084 1938 1327 2011 xvt,25),
1349 1940 1693 1997 utChristum
1712 1956 1797 1995 se-

190 2039 455 2103 queretur
474 2073 490 2098 ,
520 2029 793 2087 Christum
828 2030 1052 2088 videret.
1079 2032 1244 2087 Retro
1264 2031 1499 2089 Sodoma
1526 2042 1608 2087 est
1639 2033 1796 2102 plena

193 2124 407 2197 flagitii,
424 2134 569 2181 retro
583 2125 885 2182 Gomorrha
900 2126 969 2181 vit
980 2126 1044 2182 iis
1057 2135 1294 2193 scatens,
1309 2126 1596 2182 criminum
1624 2127 1794 2198 regio.

196 2216 284 2273 Ne
313 2219 600 2291 tetigeritis,
626 2219 800 2289 inquit
824 2219 1142 2289 Apostolus,
1171 2236 1235 2273 ne
1262 2220 1714 2288 attamiuaveritis,
1734 2237 1798 2276 ne

192 2313 545 2384 gustaveritis,
563 2329 681 2383 quae
693 2322 816 2367 sunt
840 2317 1014 2367 omnia
1029 2312 1098 2366 ad
1113 2316 1462 2385 corruptelam
1488 2311 1711 2387 (Coloss.
1734 2329 1795 2382 tt,

195 2404 315 2476 21).
356 2404 503 2477 Fuge
525 2422 654 2477 ergo
685 2405 1006 2473 Sodnmam,
1043 2415 1068 2443 α
1101 2407 1346 2478 relinque
1386 2408 1539 2463 ocius
1566 2406 1797 2463 Gomor-

194 2494 374 2563 rham,
404 2499 597 2555 desere
617 2498 887 2555 elementa
915 2499 1075 2569 hujus
1096 2500 1306 2564 mundi,
1332 2517 1399 2556 ne
1427 2510 1479 2555 te
1510 2501 1797 2557 imminen-

195 2587 270 2642 tia
302 2589 578 2644 involvant
618 2590 895 2660 pericula:
942 2607 1050 2646 non
1078 2592 1298 2647 resistas
1330 2591 1558 2659 fugiens,
1603 2607 1704 2647 nec
1741 2592 1793 2647 in

193 2689 308 2735 tota
344 2680 598 2738 vitiorum
632 2684 852 2755 regione
890 2685 1204 2740 remoreris.
1250 2684 1351 2750 Qui
1392 2702 1495 2740 non
1535 2684 1791 2756 respexit,

193 2774 408 2828 evasit:
434 2789 554 2844 qua:
584 2774 844 2845 respexit,
876 2791 981 2829 non
1012 2777 1185 2845 potuit
1209 2776 1462 2832 evadere.

270 2864 361 2919 56.
386 2867 724 2921 Excusantur
753 2880 935 2922 autem
958 2867 1084 2921 tiliae
1114 2869 1288 2923 sancti
1322 2868 1445 2935 Lot,
1478 2869 1604 2939 quia
1639 2878 1794 2939 puta-

192 2968 393 3013 verunt
426 2975 534 3015 non
564 2960 755 3015 vicina:
783 2960 1043 3030 regionis,
1075 2961 1171 3016 sed
1198 2962 1362 3017 totius
1393 2963 1542 3017 orbis
1570 2964 1598 3002 δ
1632 2964 1796 3019 fuisse

193 3048 327 3104 illud
357 3049 651 3116 excidium,
676 3062 730 3106 et
752 3066 811 3107 se
838 3052 985 3106 solas
1012 3067 1135 3107 cum
1177 3062 1327 3123 patre
1368 3054 1689 3125 superstites
1728 3072 1792 3111 ex

190 3143 448 3197 omnibus
475 3144 686 3213 populis
715 3145 1063 3201 remansisse.
1091 3147 1157 3200 Et
1186 3146 1309 3201 ideo
1353 3164 1419 3201 ne
1456 3164 1625 3218 genus
1655 3147 1792 3203 defi-

2501 1985 2734 2043 CAPUT
2776 1984 2890 2041 Vll.

1903 2098 2048 2153 Mors
2084 2100 2377 2155 Abimeleclt
2416 2101 2479 2155 ob
2527 2110 2778 2156 tentatum
2800 2101 2953 2159 Sara:
2997 2104 3301 2176 pudicitiam
3328 2120 3359 2159 a
3389 2104 3501 2161 Deo

1969 2193 2244 2261 intentata,
2297 2203 2549 2263 quantum
2596 2195 2662 2249 sit
2708 2196 2959 2249 adulterii
2999 2198 3191 2251 crimen
3222 2207 3500 2254 monstrat.

1975 2288 2145 2355 Quare
2167 2287 2399 2359 ejusdem
2431 2289 2503 2343 rei
2529 2305 2686 2343 causa
2712 2288 2946 2354 Pharao,
2970 2291 3175 2361 gravius
3206 2307 3358 2361 quant
3378 2290 3502 2345 Abi-

1971 2386 2164 2440 melech
2179 2386 2461 2457 castigatus
2490 2386 2515 2441 .9
2544 2385 2658 2454 Quo
2684 2387 2839 2441 etiam
2871 2396 3021 2459 pacto
3050 2387 3115 2441 ab
3160 2388 3319 2461 hujus
3343 2388 3501 2443 domo

1970 2480 2174 2535 sublata
2202 2479 2481 2534 Abrahami
2508 2481 2747 2550 precibus
2774 2482 3021 2537 sterilitas
3052 2483 3229 2536 datam
3245 2481 3502 2537 Ecclesia:

1970 2575 2339 2646 fecunditatem
2369 2573 2690 2647 signaverit?
2712 2572 2970 2628 Nascitur
2996 2573 3173 2640 Isaac,
3204 2584 3251 2629 et
3280 2592 3311 2629 a
3338 2585 3501 2629 matre

1973 2670 2213 2723 Iactatur.
2246 2667 2440 2723 lsmact
2488 2679 2657 2722 autent
2682 2667 2835 2724 Sartc
2862 2668 3087 2743 impulsa
3114 2678 3159 2723 et
3191 2669 3364 2722 divino
3408 2685 3501 2722 rre-

1970 2777 2159 2832 sponso
2189 2761 2505 2833 ejicitur:et
2542 2776 2657 2831 qua:
2703 2762 2757 2814 in
2816 2761 2894 2815 Itis
2940 2762 3497 2817 iucludanturmorum

1968 2865 2251 2926 prwcepta.

1971 2966 2060 3022 59.
2105 2966 2349 3038 Denique
2397 2967 2593 3023 iterum
2646 2976 2883 3023 tentatur
2936 2969 3083 3024 Sarce
3134 2968 3413 3040 pudicitia,
3440 2977 3498 3024 ut

1898 3059 2143 3130 exigatur
2166 3060 2431 3116 omnium.
2454 3060 2589 3117 Nam
2623 3072 2678 3117 et
2709 3062 3034 3119 Abimclech
3066 3065 3116 3117 in
3143 3080 3369 3120 uxorem
3391 3066 3493 3121 sibi

1898 3172 2016 3214 eam
2073 3166 2407 3226 sumpserat,
2448 3165 2503 3211 et
2523 3156 2660 3211 dixit
2682 3158 2732 3212 ei
2762 3158 2816 3211 in
2849 3167 3011 3211 nocte
3042 3157 3184 3211 Deus
3222 3174 3235 3211 :
3266 3157 3398 3213 Ecce
3441 3170 3494 3212 tu

188 3246 343 3291 ceret
395 3236 711 3304 humanum,
757 3248 1039 3309 paternum
1084 3239 1303 3309 petiisse
1344 3240 1502 3313 301
1535 3241 1788 3295 concubi-

1897 3252 2134 3307 morieris
2180 3261 2390 3323 propter
2435 3252 2703 3307 mulierem
2726 3232 2881 3323 (Gen.
2913 3267 3005 3315 xx,
3033 3250 3112 3323 ὃ).
3146 3250 3495 3307 Advertimus

192 3338 337 3396 tum;
394 3341 450 3385 ut
478 3346 666 3387 semen
698 3332 1063 3403 generationis
1099 3332 1349 3388 humana:
1392 3336 1459 3388 de
1489 3346 1641 3405 patre
1688 3351 1787 3391 suo

187 3426 603 3482 resuscitarent.
654 3426 770 3481 Non
818 3441 946 3498 ergo
994 3426 1234 3481 libidinis
1276 3426 1463 3482 vitium
1514 3427 1634 3495 fuit,
1690 3428 1785 3483 sed

184 3518 552 3591 generationis
582 3519 902 3586 remedium,
926 3520 1069 3590 quod
1098 3536 1207 3575 non
1232 3530 1358 3592 puto
1391 3522 1637 3577 criminis
1663 3521 1785 3578 duci

186 3610 331 3667 loco.
362 3610 496 3667 Nam
524 3624 578 3668 et
604 3613 714 3668 Eva
744 3613 812 3670 de
834 3614 953 3668 viro
978 3626 1278 3686 assumpta,
1306 3632 1465 3686 supra
1488 3616 1642 3686 cujus
1662 3632 1784 3672 cos-

188 3714 299 3759 tam
325 3704 587 3761 aedificata
610 3718 691 3762 est
721 3707 937 3773 mulier,
962 3722 1023 3762 os
1050 3708 1117 3763 de
1150 3710 1362 3764 ossibus
1410 3710 1547 3779 ejus,
1578 3719 1632 3764 et
1655 3725 1783 3765 caro

183 3799 255 3855 de
298 3816 464 3857 carne
505 3804 655 3871 ejus;
687 3810 867 3857 tamen
906 3812 1132 3873 propter
1177 3803 1373 3858 seriem
1423 3804 1784 3859 successionis

182 3891 439 3949 humana:
466 3894 586 3949 viro
624 3895 789 3948 mixta
830 3904 932 3949 est.
964 3892 1292 3951 Subdueitur
1316 3906 1496 3951 tamen
1530 3897 1654 3952 huic
1682 3896 1781 3950 ad-

182 3988 356 4043 misso
394 3989 725 4043 conscientia
773 3987 873 4041 viri
923 3989 1083 4055 justi;
1135 3988 1428 4044 inebriatus
1467 3990 1612 4045 enim
1655 3990 1782 4047 vino

178 4079 313 4151 quid
343 4089 561 4150 gereret
602 4080 895 4136 nesciebat.
929 4080 1085 4135 Unde
1125 4096 1232 4134 non
1262 4080 1456 4135 mirum
1486 4082 1531 4136 si
1574 4082 1782 4152 puellas

177 4174 396 4247 decepit
443 4175 645 4247 opinio,
689 4191 807 4246 qua:
852 4184 1104 4245 putarent
1146 4175 1312 4230 totius
1361 4176 1586 4245 populos
1634 4178 1782 4234 orbis

176 4267 430 4339 periisse.
471 4268 589 4322 Non
621 4269 810 4324 eadem
836 4278 983 4324 esset
1010 4267 1114 4322 Lot
1156 4270 1326 4323 sancti
1357 4270 1656 4335 excusatio,
1688 4270 1779 4339 qui

174 4359 426 4416 audierat
445 4360 513 4416 ab
537 4360 759 4432 Angelis
784 4361 956 4416 locum
983 4360 1155 4427 illum,
1187 4376 1293 4415 non
1324 4371 1492 4416 totum
1517 4361 1777 4419 mundum

175 4466 306 4508 esse
336 4453 654 4520 periturum.

244 4547 339 4601 57.
374 4547 518 4604 Sane
555 4547 816 4603 discimus
857 4548 1131 4604 vitandam
1154 4548 1478 4607 ebrietatem
1502 4552 1686 4624 (l5,q.
1716 4553 1767 4620 1,

1893 3344 2220 3399 adulterinum
2273 3343 2459 3399 divino
2508 3345 2716 3415 judicio
2784 3357 2961 3400 morte
3016 3345 3210 3415 ptmiri.
3261 3344 3494 3415 Ideoque

1891 3438 2096 3494 addidit
2123 3456 2138 3492 :
2166 3437 2297 3493 Ha’c
2323 3448 2493 3493 autent
2520 3449 2868 3493 commoratur
2888 3455 3005 3492 cum
3025 3440 3155 3494 viro.
3182 3426 3353 3492 lﬁbet
3372 3440 3492 3508 qui-

1890 3532 2013 3588 dem
2045 3532 2223 3587 omnis
2255 3531 2355 3586 viri
2406 3532 2758 3601 mulierisque
2807 3531 3127 3587 concubitus
3158 3530 3309 3585 nulla
3360 3529 3493 3600 legi-

1891 3625 2004 3680 timi
2030 3622 2359 3680 matrimonii
2386 3632 2535 3679 sorte
2557 3622 2883 3687 celebratus,
2915 3638 3068 3677 suam
3099 3622 3334 3693 culpam.
3372 3620 3491 3675 Dis-

1888 3718 1997 3773 cite
2017 3718 2163 3773 enim
2195 3717 2284 3786 qui
2330 3716 2397 3772 ad
2426 3718 2653 3787 gratiam
2684 3717 3028 3787 baptismatis
3058 3717 3301 3783 tenditis,
3334 3716 3483 3771 velut

1887 3810 2108 3881 quidam
2139 3809 2577 3877 lideicandidati,
2621 3809 2977 3864 continentia:
3006 3808 3349 3877 disciplinam
3399 3822 3489 3863 sco

1888 3900 2080 3957 briam.
2114 3901 2255 3956 Nulli
2285 3901 2409 3956 licet
2440 3901 2581 3955 scire
2640 3901 2948 3966 mulierem,
2985 3908 3183 3969 pra-ter
3233 3914 3482 3953 uxorem.

1889 3993 2122 4064 Ideoque
2159 3994 2397 4064 conjugii
2433 3993 2525 4049 tibi
2577 3993 2760 4048 datum
2792 4004 2875 4048 est
2906 3993 3018 4063 jus,
3045 4008 3112 4048 ne
3144 3994 3195 4047 in
3230 3992 3483 4061 laqueum

1887 4087 2114 4151 incidas,
2175 4086 2336 4157 302
2390 4095 2447 4141 et
2495 4101 2618 4140 cum
2670 4086 2845 4141 aliena
2899 4085 3129 4139 muliere
3174 4083 3481 4155 delinquas.

1886 4182 2112 4237 Vinctus
2164 4197 2225 4236 es
2284 4180 2460 4246 uxori,
2520 4179 2632 4235 noli
2681 4195 2929 4249 quaerere
2957 4179 3481 4247 solutionentzquia

1886 4290 1991 4330 non
2018 4275 2149 4330 licet
2197 4274 2316 4341 tibi,
2352 4290 2520 4329 uxore
2572 4275 2807 4341 virente,
2843 4290 3069 4329 uxorem
3098 4273 3314 4329 ducere.
3346 4272 3480 4329 Nam

1884 4378 1938 4425 et
1958 4369 2117 4422 aliam
2141 4382 2405 4439 qumrere,
2422 4383 2542 4422 cum
2569 4367 2769 4422 habeas
2790 4377 2956 4432 tuam,
2981 4367 3185 4423 crimen
3219 4377 3302 4423 est
3328 4367 3484 4423 adol-

1884 4460 2025 4527 terii,
2055 4460 2156 4515 hoc
2178 4461 2416 4531 gravius,
2445 4459 2587 4529 quod
2620 4469 2776 4529 putas
2804 4470 3029 4530 peccato
3062 4470 3153 4515 tuo
3184 4462 3480 4515 auctorita-

1884 4562 1989 4609 tem
2015 4553 2134 4625 lcge
2153 4553 2526 4624 quaerendam.
2542 4552 2906 4608 Tolerabilior
2927 4562 3013 4610 est
3040 4552 3087 4607 si
3106 4553 3271 4608 lateat
3293 4554 3477 4624 culpa,

178 4659 225 4695 ο.
243 4640 392 4697 Sane
420 4640 714 4714 discimus),
746 4658 1019 4713 perquam
1045 4643 1279 4698 crimina
1305 4660 1503 4701 cavere
1520 4660 1624 4700 non
1650 4661 1774 4715 pos~
1803 4642 1856 4702 D
1882 4663 2041 4717 quam
2068 4650 2111 4701 si
2135 4649 2309 4720 culpm
2340 4657 2628 4717 usurpetur
2650 4647 2971 4702 auctoritas.
3010 4646 3122 4703 Nec
3169 4647 3270 4704 hoc
3295 4648 3476 4704 solum

178 4734 536 4791 sumus.Nam
552 4750 675 4807 quae
688 4736 859 4791 sobrii
881 4752 1158 4804 cavemus,
1178 4738 1604 4808 pcrebrietatem
1626 4740 1777 4810 igneo

178 4840 369 4885 rantes
417 4831 829 4887 committimus.
864 4830 1066 4886 Parum
1089 4843 1171 4886 est
1203 4833 1345 4902 quod
1371 4848 1432 4888 ea
1480 4833 1782 4889 inflammat

179 4921 486 4988 libidinem,
515 4923 767 4978 accendit
790 4924 1123 4994 cupiditates
1139 4928 1423 4993 corporis:
1446 4925 1620 4994 ipsam
1644 4943 1779 4997 quo-

172 5032 283 5087 que
330 5028 564 5073 mentem
592 5018 825 5082 subruit,
857 5026 907 5071 et
938 5017 1178 5072 animum
1210 5016 1377 5087 capit,
1407 5032 1625 5073 sensum
1681 5034 1776 5074 ex-

173 5120 411 5181 torquet.
458 5110 715 5166 Nesciunt
764 5110 892 5182 quid
919 5111 1212 5182 loquantur
1238 5110 1330 5182 qui
1359 5111 1666 5165 nimiovino
1693 5112 1776 5167 in-

170 5204 420 5273 dulgent,
450 5204 630 5272 jacent
658 5203 881 5273 sepulti.
902 5202 1140 5276 ideoque
1160 5205 1206 5259 si
1229 5219 1331 5276 qua
1354 5221 1449 5276 per
1470 5205 1653 5261 vinum
1678 5205 1774 5263 de-

173 5367 224 5411 ta
252 5355 502 5418 mutavit,
531 5355 695 5426 multa
714 5354 969 5417 detraxit,
995 5356 1148 5426 plura
1174 5357 1334 5411 etiam
1364 5357 1571 5413 addidit
1598 5358 1773 5415 inser-

174 5429 242 5483 tis
267 5444 299 5481 e
326 5442 447 5500 cap.
479 5440 573 5500 xix
603 5424 740 5500 Gen.
784 5424 1119 5495 septem'aut
1152 5439 1274 5500 octo
1302 5428 1454 5498 locis,
1486 5445 1620 5500 quos
1647 5446 1777 5487 nus—

172 5514 344 5570 quant
369 5498 420 5570 in
452 5496 573 5551 aliis
602 5497 735 5552 edit.
762 5507 856 5570 aut
881 5512 1009 5556 mSS.
1043 5499 1305 5565 reperias.

245 5579 271 5607 ³
304 5564 452 5624 Edit.
486 5585 696 5633 onuies,
720 5568 951 5638 relinque
985 5564 1148 5629 ocius.
1173 5570 1348 5625 desere
1368 5573 1637 5639 elementa,
1662 5586 1770 5631 etc.

177 5640 302 5695 Mss.
335 5656 452 5702 sex.
484 5641 711 5711 relinque
738 5640 918 5701 socios,
954 5641 1129 5694 desere
1168 5642 1432 5697 elementa.
1463 5648 1655 5710 Aptius
1684 5662 1779 5701 ve.

177 5726 238 5766 to
263 5713 433 5780 Long.
458 5722 512 5766 et
541 5710 774 5772 The-01L,
803 5712 1029 5780 relinque
1068 5713 1211 5765 ocius
1263 5712 1631 5782 Comorrhnm,
1665 5728 1769 5773 etc.

301 5782 406 5842 Sex
472 5783 868 5861 tnss.._,__fuisse
920 5782 1069 5843 illud
1130 5782 1457 5861 ἰηεεῃάὶιρρη.Δ
1516 5788 1645 5853 Alii,
1719 5800 1775 5845 et

182 5852 335 5924 edin,
373 5868 384 5907 ι
423 5894 435 5908 .
475 5895 486 5909 .
518 5852 793 5911 excidium.
819 5852 1003 5927 Neque
1032 5869 1161 5911 vero
1183 5852 1394 5914 mireris
1416 5858 1459 5915 si
1482 5852 1641 5916 tanto
1661 5868 1772 5916 stu-

1884 4749 1970 4795 est
2021 4740 2367 4805 adulterium,
2417 4754 2540 4794 cum
2598 4739 2777 4795 aliena
2835 4754 3061 4809 peccare
3092 4741 3346 4811 conjuge,
3378 4740 3473 4793 sed

1883 4848 2047 4888 omne
2096 4832 2245 4903 quod
2295 4848 2408 4886 non
2438 4831 2601 4885 habet
2623 4841 2944 4902 potestatem
2978 4833 3214 4901 conjugii
3249 4849 3261 4885 :
3292 4842 3473 4887 tamen

1882 4927 2034 4983 locus
2064 4928 2166 4982 iste
2194 4927 2353 4982 docet
2374 4926 2591 4995 gravius
2646 4926 2854 4981 crimen
2903 4940 3044 4990 esse,
3091 4925 3179 4978 ubi
3209 4924 3472 4979 celebrati

1879 5021 2114 5090 conjugii
2140 5021 2260 5091 jura
2293 5030 2648 5084 temerantur,
2680 5032 2734 5076 et
2764 5021 2987 5076 uxorius
3004 5020 3176 5091 pudor
3214 5018 3468 5073 solvitur.

1878 5114 2113 5185 Ideoque
2140 5128 2262 5169 cum
2294 5113 2660 5184 praetenderet
2699 5112 3013 5169 Abimelech
3068 5110 3213 5181 quod
3243 5127 3472 5166 uxorem

1870 5210 2108 5266 alienam
2154 5223 2276 5265 esse
2331 5208 2679 5283 ignoraverit,
2736 5222 2896 5278 quam
2941 5220 3186 5261 sororem
3236 5218 3361 5260 esse
3393 5205 3476 5261 vir

1883 5363 1975 5418 dio
2006 5363 2323 5418 Ambrosius
2350 5362 2486 5417 filias
2517 5362 2617 5419 Lot
2640 5361 2707 5415 ab
2736 5364 2964 5424 incestu,
2988 5370 3042 5416 ct
3062 5362 3234 5429 ipsum
3264 5359 3359 5414 Lot
3382 5363 3472 5429 qui

1882 5434 2098 5489 easdem
2124 5436 2272 5504 prius
2298 5434 2698 5489 Sodomitarum
2724 5434 2931 5491 libidini
2954 5436 3241 5504 obtulerat,
3270 5433 3473 5487 nitatur

1878 5503 2158 5560 excusare.
2196 5505 2250 5559 ιιι
2281 5506 2421 5560 enim
2450 5519 2514 5558 eo
2546 5504 2778 5560 faciebat
2809 5513 2862 5559 ut
2894 5503 3215 5557 Maniclueos
3245 5504 3474 5571 castiga-

1878 5587 1981 5642 ret,
2015 5578 2105 5646 qui
2138 5577 2237 5630 hac
2263 5576 2553 5629 occasione
2591 5579 2821 5629 maxima
2852 5574 3081 5629 crimina
3113 5576 3161 5625 in
3194 5574 3469 5643 Scriptura

1878 5649 2166 5717 approbari
2207 5647 2633 5702 tlehlateralmnt.
2666 5646 2788 5717 illos
2820 5647 3030 5714 rgrt-gie
3059 5646 3298 5717 cOnfntat
3328 5649 3469 5716 Aug.

1880 5715 1972 5775 libi.
2006 5734 2120 5774 xxii
2154 5732 2301 5774 cont.
2336 5718 2498 5772 Faust
2529 5724 2585 5771 et
2630 5716 2776 5770 alibi.
2833 5717 2963 5773 Vide
3008 5715 3169 5772 etiam
3212 5715 3463 5774 llaimnn.

1878 5790 2110 5860 EStiutn,
2137 5801 2191 5847 et
2216 5790 2353 5845 alios
2382 5791 2432 5844 in
2457 5787 2599 5843 htmc
2625 5787 2823 5844 locum:
