4082 6370
617 341 726 406 443

1958 341 2201 403 SANCTI
2239 341 2555 402 AMBROSII

3825 353 3926 410 414

619 464 735 532 ipse
781 475 932 522 suam
983 463 1193 530 dixerit,
1247 459 1522 534 respondit
1570 461 1620 518 ei
1672 459 1929 517 Dominus
1961 477 1974 511 :
2009 453 2079 515 Et
2103 473 2196 531 ego
2227 467 2275 532 Α
2305 457 2634 528 mihi(lbid.,
2660 460 2738 531 6).
2763 460 2878 518 Non
2903 463 3206 536 utiquehoe
3231 466 3299 522 de
3320 465 3700 537 generatione
3723 465 3930 522 hacin-

619 559 836 630 δοθηουὶ
855 560 1088 628 quoniam
1109 573 1237 630 puro
1253 557 1405 614 corde
1427 558 1594 630 fecisti
1624 558 1741 625 hoc,
1774 568 1822 613 et
1849 556 2056 631 peperci
2077 557 2192 627 tibi,

617 661 674 707 ut
699 667 802 706 non
830 667 1059 724 peccares
1086 650 1141 705 in
1163 666 1244 706 nte
1268 668 1288 706 :
1318 662 1527 723 propter
1547 653 1644 706 hoc
1668 666 1769 705 non
1789 665 1905 705 sunt
1935 666 2124 722 passus
2156 659 2204 705 te

617 753 824 816 tangere
845 743 987 797 illam
1012 741 1199 815 (Ibid.,
1225 742 1303 813 6).
1335 743 1723 814 Cognoscimus
1746 744 1892 798 velut
1912 743 2204 816 praesulem

615 833 1004 906 custodemque
1051 835 1292 907 conjugii
1338 850 1460 890 esse
1506 835 1697 897 Deum.
1721 835 1812 909 qui
1841 851 1948 892 non
1975 838 2208 906 patiatur

616 933 852 988 alienum
904 931 1116 987 litorum
1147 931 1314 1002 pollui
1350 949 1364 986 :
1394 931 1517 988 etsi
1569 933 1660 1005 qui
1711 933 1924 997 iecerit,
1983 949 2210 1004 peccare

616 1042 737 1083 eum
768 1027 820 1082 iu
846 1026 1036 1094 Deum,
1065 1027 1223 1096 cujus
1254 1023 1426 1098 legem
1449 1026 1635 1094 violet,
1664 1027 1892 1098 gratiam
1916 1031 2110 1084 solvat.
2146 1029 2212 1085 Et

615 1119 738 1177 ideo
758 1121 880 1192 quia
913 1120 965 1176 in
996 1121 1164 1177 Deum
1180 1128 1390 1192 peccat,
1437 1119 1763 1178 sacramenti
1793 1117 2030 1178 caelestis
2055 1121 2213 1177 amit-

619 1215 682 1270 tlt
704 1213 1063 1270 consortium.

690 1308 780 1366 60.
824 1307 1078 1363 Fortasse
1102 1315 1153 1363 te
1175 1315 1391 1364 moveat
1418 1321 1520 1378 qua
1545 1307 1756 1364 ratione
1768 1306 1978 1364 Pharao
1994 1316 2017 1346 ἰ
2036 1321 2216 1379 quais-

621 1402 862 1458 tionibus
881 1401 951 1459 ab
977 1400 1350 1474 omnipotente
1384 1401 1496 1458 Deo
1522 1401 1756 1465 graviter
1785 1400 2015 1458 afﬂictus
2036 1402 2130 1467 sit,
2154 1407 2216 1459 ιιι

622 1511 785 1565 supra
807 1495 1057 1568 legimus,
1086 1511 1210 1551 cum
1255 1505 1311 1551 et
1340 1496 1455 1566 ipse
1486 1496 1814 1566 ignoraverit
1844 1513 2066 1552 uxorem
2091 1513 2216 1555 esse

623 1588 857 1646 Abrahze
887 1589 1098 1655 Saram,
1128 1604 1286 1659 quam
1325 1603 1570 1645 sororem
1601 1588 1847 1645 audierat
1871 1588 2082 1662 (Genes.
2117 1606 2212 1656 stt,

629 1682 716 1753 i7)
754 1681 1112 1738 :Abimelech
1165 1690 1344 1738 autem
1400 1681 1602 1737 nullam
1653 1698 1866 1752 poenam
1913 1685 2212 1753 exceperit.

631 1774 831 1830 Verum
851 1773 1073 1847 )Egypti
1093 1791 1276 1846 regem
1296 1775 1514 1832 noveris
1536 1776 1727 1832 ducem
1749 1777 1914 1835 fuisse
1934 1779 2216 1847 vitiorum,

2311 551 2567 622 telligitur
2585 569 2704 624 quae
2725 554 2940 611 casibus
2960 556 3234 629 plerisque
3256 559 3500 614 obnoxia
3531 565 3638 625 est,
3673 569 3737 613 ut
3760 557 3928 614 inter-

2309 645 2435 702 dum
2457 661 2560 702 non
2583 661 2875 719 generasse
2897 650 3091 706 melius
3113 650 3278 708 fuerit
3305 671 3316 705 :
3348 651 3448 708 sed
3477 652 3548 708 de
3568 652 3926 723 generatione

2309 755 2412 810 qua
2447 742 2815 813 unusquisque
2856 750 3106 814 peccator
3133 759 3301 816 agens
3343 746 3770 817 pmnitentiam,
3807 761 3925 801 eum

2311 833 2593 888 redimitur
2619 849 2648 888 a
2677 845 2872 901 morte,
2899 836 3106 906 angelis
3131 838 3272 894 solet
3294 837 3564 894 exhibere
3587 838 3866 893 laetitiam.

2382 927 2473 983 65.
2517 926 2584 982 Et
2605 927 2740 983 dixit
2781 929 2917 985 Sara
2945 946 2963 985 :
2991 931 3120 999 Quis
3163 932 3495 986 annuntiabit
3541 931 3778 987 Abrahae
3804 949 3926 1004 que—

2312 1020 2451 1072 niam
2480 1018 2630 1074 lactct
2669 1021 2920 1090 infantem
2948 1021 3082 1077 Sara
3111 1021 3302 1096 (lbid.,
3335 1024 3392 1094 7)
3416 1024 3442 1078 ?
3472 1023 3706 1078 Muralis
3754 1023 3920 1079 locus.

2311 1113 2682 1170 Provocantur
2706 1115 2918 1172 feminae
2939 1115 3252 1173 meminisse
3277 1117 3561 1188 dignitatis
3585 1133 3727 1181 suae,
3743 1128 3798 1174 et
3814 1118 3921 1173 lac-

2315 1215 2428 1262 tare
2461 1208 2599 1264 lilios
2625 1223 2770 1265 suos.
2797 1209 2922 1266 Haec
2949 1211 3093 1266 enim
3125 1221 3357 1266 matrum
3378 1211 3578 1282 gratia,
3606 1209 3701 1266 hic
3729 1210 3917 1277 honos,

2317 1311 2341 1338 θ
2365 1317 2471 1373 quo
2499 1302 2640 1358 lilios
2671 1303 2903 1374 propriis
2923 1303 3306 1360 commendent
3336 1304 3491 1359 viris.
3549 1303 3808 1373 Denique
3832 1319 3918 1358 eos

2315 1395 2435 1468 plus
2461 1410 2643 1451 amare
2671 1397 2809 1452 tilios
2830 1397 3004 1453 solent
3035 1437 3052 1464 ,
3081 1411 3218 1468 quos
3267 1397 3400 1468 ipsa:
3432 1409 3644 1452 matres
3693 1394 3916 1452 lactave-

2315 1491 2492 1546 veriut
2521 1490 2775 1545 uberibus
2800 1491 2933 1546 suis.

2388 1583 2477 1640 δι.
2522 1581 2668 1638 Fecit
2695 1594 2865 1638 autem
2892 1581 3154 1638 Abraham
3186 1600 3382 1639 caenam
3412 1599 3691 1655 magnam,
3722 1600 3826 1650 qua
3845 1584 3915 1637 die

2317 1677 2602 1731 ablactatus
2631 1686 2704 1730 est
2736 1673 2888 1730 Isaac
2909 1675 3052 1746 ﬁlius
3075 1678 3187 1748 ejus
3218 1674 3413 1747 (Ibid.,
3445 1677 3532 1745 8).
3565 1675 3693 1732 Non
3719 1675 3913 1733 medio-

2318 1787 2410 1828 cre
2439 1773 2576 1827 istud
2603 1787 2702 1828 nec
2732 1774 3010 1828 usitatum.
3040 1770 3158 1827 Non
3184 1772 3328 1827 enim
3353 1772 3479 1840 quia
3508 1788 3537 1826 a
3572 1772 3808 1828 nutricis
3824 1773 3913 1826 lac-

630 1867 718 1936 qui
749 1881 856 1937 quo
889 1867 1008 1937 plus
1056 1867 1301 1923 habuerit
1331 1868 1588 1934 licentiae,
1619 1883 1684 1925 eo
1709 1869 1828 1940 plus
1855 1868 2040 1942 ﬂagitii
2068 1887 2218 1927 com-
2248 1887 2296 1948 Β
2324 1875 2376 1923 te
2401 1868 2696 1922 subductus
2722 1877 2806 1924 est
2830 1884 2983 1937 puer,
3011 1884 3264 1938 magnum
3310 1871 3630 1924 convivium
3681 1868 3916 1924 exbilmit

631 1960 838 2017 miserit
866 1960 1219 2018 :Ahimelech
1248 1971 1428 2018 autem
1458 1962 1596 2020 adeo
1628 1961 1800 2018 ﬁdelis
1828 1964 2130 2018 :estimatus
2151 1964 2222 2019 sit

637 2053 769 2121 Deo,
797 2063 856 2108 ut
887 2056 1147 2110 meruerit
1172 2055 1361 2112 audire
1391 2071 1406 2112 :
1439 2055 1508 2110 Et
1561 2073 1656 2127 ego
1706 2057 1921 2130 cognoui
1978 2058 2221 2127 quoniam

629 2162 760 2217 puro
786 2147 939 2201 corde
957 2146 1125 2216 fecisti
1148 2147 1263 2214 hoc,
1305 2163 1404 2204 rex
1435 2162 1540 2203 non
1573 2147 1904 2215 aillictionis,
1929 2159 1986 2204 ut
2010 2148 2220 2224 ,λεωρ-

631 2239 761 2303 tius,
797 2235 825 2276 ι’
857 2239 957 2295 sed
983 2240 1302 2296 munitionis
1323 2281 1338 2307 ,
1383 2239 1530 2314 quod
1560 2240 1827 2297 Gerarum
1858 2241 2058 2314 quibus
2083 2257 2223 2313 prte-

630 2345 769 2405 erat,
797 2337 960 2393 docet
986 2336 1517 2410 interpretatio.Non
1546 2352 1678 2407 ergo
1705 2346 1790 2392 est
1811 2337 2032 2393 dubium
2061 2347 2224 2393 crete-

630 2432 708 2484 ris
733 2430 989 2499 operibus
1017 2430 1134 2498 ejus
1157 2428 1581 2500 indignationem
1608 2429 1818 2483 Domini
1847 2444 1970 2484 esse
2002 2444 2226 2485 revoca-

635 2533 764 2584 tam,
816 2523 904 2592 qui
957 2537 1082 2577 vere
1135 2520 1408 2577 interioris
1437 2521 1643 2576 arbiter
1666 2530 1752 2576 est
1775 2521 2147 2589 conscientiae,
2172 2531 2228 2578 et

633 2615 799 2669 animi
828 2629 892 2670 ac
918 2615 1113 2671 mentis
1143 2615 1438 2687 interpres.
1498 2616 1738 2685 Denique
1789 2633 1896 2672 non
1927 2625 1985 2672 ut
2012 2617 2226 2674 Pharao

636 2708 726 2764 ille
751 2717 1051 2765 conventus
1073 2723 1103 2764 a
1127 2708 1334 2780 Moyse,
1371 2721 1392 2748 ο
1422 2709 1688 2766 recusavit
1717 2719 1774 2766 et
1824 2712 2029 2783 sprevit
2070 2728 2227 2769 man-

636 2801 821 2855 datum
858 2801 972 2868 Dei,
1007 2816 1106 2857 nec
1135 2801 1459 2872 obsequium
1502 2801 1712 2858 distulit
1745 2821 1757 2856 :
1794 2803 1888 2859 sed
1917 2806 2103 2861 statim
2136 2821 2230 2861 vo-

637 2892 779 2947 cavit
801 2891 1091 2961 Abraham,
1120 2909 1344 2949 uxorem
1391 2908 1544 2949 suam
1594 2894 1646 2950 ei
1673 2894 1932 2962 reddidit,
1965 2898 2140 2968 pretio
2169 2914 2230 2956 se

640 2985 760 3055 ipse
790 2983 1073 3042 mulctavit
1097 2986 1242 3059 quod
1265 2984 1486 3044 vidisset
1508 2986 1766 3056 alienam,
1791 2987 1974 3046 dotem
2005 2991 2229 3062 pudoris

638 3076 892 3134 exsolvit.

708 3169 797 3226 6i.
867 3169 1004 3227 llinc
1026 3187 1238 3244 quoque
1281 3173 1460 3246 colligi
1493 3183 1669 3244 potest
1698 3174 2019 3234 Ahimelech
2047 3191 2229 3250 regem

2324 1962 2599 2018 Abraham
2634 1961 2758 2016 :Sed
2787 1963 2910 2035 quia
2947 1961 3178 2018 idoneus
3209 1962 3425 2017 habitus
3447 1973 3532 2018 est
3563 1961 3722 2018 lsaac
3752 1961 3914 2017 fortio-

2325 2054 2399 2111 ris
2430 2060 2616 2125 gratim
2641 2055 2782 2120 cibo,
2829 2062 2884 2110 et
2929 2053 3144 2110 virtutis
3166 2054 3454 2120 alimento,
3489 2070 3602 2108 non
3638 2053 3840 2120 adhuc,
3867 2063 3909 2106 ut

2324 2146 2662 2214 Corinthius,
2709 2148 2848 2203 lacte
2877 2145 3143 2217 potandus
3175 2162 3189 2199 :
3219 2145 3312 2202 sed
3355 2145 3534 2218 epulis
3566 2145 3910 2201 solidioribus

2325 2241 2696 2297 mandaturum
2728 2239 3027 2296 caelestium
3046 2240 3243 2296 mentis
3271 2255 3383 2295 sua:
3409 2239 3653 2296 lacertos
3683 2238 3908 2294 ﬁrmans.

2398 2334 2488 2389 65.
2532 2333 2952 2404 Prosperitatem
2980 2332 3090 2388 cito
3110 2332 3353 2402 sequitur
3380 2330 3610 2386 invidia.
3643 2331 3912 2402 l’epererat

2326 2426 2478 2494 Sara,
2503 2426 2863 2482 ablacmverat
2889 2426 3054 2482 lilium
3087 2444 3099 2480 :
3143 2424 3280 2480 Vidit
3304 2427 3518 2480 ancilla?
3548 2425 3731 2494 ﬁlium
3756 2425 3912 2479 ιυρισι-

2328 2528 2427 2573 tem
2467 2535 2581 2574 cum
2618 2520 2731 2590 ﬁlio
2775 2537 2869 2576 suo
2917 2519 3092 2586 Isaac,
3121 2530 3169 2575 et
3197 2520 3327 2574 dixit
3354 2520 3421 2572 ad
3447 2518 3722 2572 Abraham
3752 2536 3772 2572 :
3793 2517 3913 2590 Ejire

2328 2614 2592 2681 ancillam,
2622 2626 2668 2669 et
2697 2614 2862 2684 ﬁlium
2886 2616 3033 2687 ejus;
3062 2631 3164 2669 non
3194 2615 3330 2668 enim
3360 2616 3524 2669 hau-es
3556 2615 3659 2668 erit
3681 2615 3822 2683 ﬁlius
3839 2631 3912 2665 an-

2327 2706 2462 2761 cilla:
2492 2723 2608 2761 cum
2636 2708 2745 2777 ﬁlio
2775 2724 2890 2776 meo
2919 2707 3074 2763 Isaac
3104 2705 3292 2779 (Ibid.,
3315 2706 3348 2764 9
3375 2716 3423 2762 et
3453 2708 3565 2776 l0).
3595 2707 3803 2762 Durum
3834 2711 3911 2761 hoc

2331 2801 2504 2856 visum
2547 2801 2781 2857 Abrabzc
2835 2811 2975 2868 erat,
3028 2811 3087 2855 ut
3125 2799 3351 2872 ejiceret
3393 2797 3564 2855 lilium
3595 2815 3783 2867 suum,
3811 2799 3910 2854 licet

2329 2908 2453 2948 eum
2486 2910 2644 2964 quem
2670 2905 3068 2966 susceperatex
3084 2895 3394 2950 vernacula.
3424 2893 3492 2947 Et
3517 2899 3574 2948 tu
3595 2893 3710 2948 nuli
3730 2905 3782 2949 te
3808 2896 3910 2948 mis~

2329 3003 2456 3044 cere
2475 2987 2708 3053 ancillae,
2741 3003 2808 3043 ne
2832 2985 3096 3058 suscipias
3145 3002 3209 3042 ex
3242 2986 3330 3041 illa
3361 2983 3552 3051 tilium,
3587 2993 3649 3040 et
3679 3002 3815 3040 uxor
3844 2993 3910 3039 tua

2332 3099 2441 3139 non
2470 3083 2708 3155 patiatur
2744 3081 3090 3139 cohaeredem
3121 3081 3271 3136 illum
3304 3081 3415 3135 tilio
3447 3095 3547 3135 suo
3578 3080 3728 3135 ﬁeri.
3777 3079 3910 3136 Vides

2333 3175 2477 3230 enim
2533 3176 2657 3231 hinc
2694 3175 2834 3232 solvi
2887 3175 3116 3246 gratiam
3148 3173 3500 3229 matrimonii.
3529 3169 3704 3228 Certe
3731 3172 3776 3226 si
3807 3171 3912 3226 inci-

636 3263 992 3320 clementiora
1021 3266 1307 3334 meruisse,
1358 3265 1502 3339 quod
1535 3268 1807 3325 Abraham
1849 3287 1946 3341 pro
1978 3285 2043 3329 eo
2072 3287 2229 3343 roga-
2255 3275 2300 3340 ρ
2333 3269 2481 3334 disti,
2515 3282 2568 3326 et
2591 3269 2759 3326 habes
2807 3269 3002 3336 lilium,
3034 3269 3170 3340 ejice
3213 3265 3487 3335 ancillam,
3517 3275 3575 3321 et
3596 3266 3771 3323 lilium
3801 3268 3908 3337 ejus.

637 3357 716 3412 vit
753 3367 808 3412 et
857 3357 1185 3434 impetravit.
1216 3358 1434 3430 Peperit
1459 3363 1607 3416 enim
1647 3369 1703 3418 et
1727 3377 1863 3418 uxor
1888 3364 2030 3434 ejus,
2061 3375 2116 3420 et
2141 3381 2238 3420 an-

641 3449 764 3505 cilla
793 3450 932 3520 ejus,
957 3465 1092 3522 quas
1112 3459 1238 3506 ante
1266 3452 1607 3508 concluserat
1630 3454 1773 3510 Deus
1796 3466 2019 3526 propter
2041 3455 2232 3513 Soram

645 3557 866 3598 uxorem
896 3542 1131 3598 Abrahae
1165 3562 1178 3598 :
1219 3546 1364 3616 quod
1392 3562 1544 3617 teque
1574 3543 1683 3602 add
1715 3549 2078 3605 oeconomiam
2111 3566 2235 3618 per-

645 3634 802 3701 tinet,
837 3645 890 3688 ut
915 3634 1063 3690 Sarae
1086 3645 1271 3706 partus
1299 3638 1392 3693 Dei
1414 3641 1643 3694 donatus
1661 3641 2044 3711 promiSsione,
2077 3645 2238 3700 etiam

647 3727 750 3782 hoc
789 3725 1072 3783 l'ulciretur
1112 3730 1458 3798 testimonio;
1488 3745 1611 3788 cum
1641 3733 1893 3790 advertas
1937 3735 2033 3791 Dei
2066 3736 2238 3792 oil‘en-

645 3820 800 3877 sione
829 3831 882 3877 et
911 3820 1174 3877 fecundas
1194 3823 1559 3890 sterilescere,
1577 3835 1631 3882 et
1656 3838 1871 3881 rursum
1907 3827 2120 3884 Domini
2149 3845 2242 3886 vo-

645 3917 854 3972 luntate
898 3915 1113 3974 steriles
1135 3915 1433 3986 fecundari,
1479 3921 1631 3990 juxta
1660 3918 1805 3992 quod
1833 3921 2102 3993 scriptum
2131 3931 2238 3993 est,

647 4009 836 4066 Nonne
861 4012 1086 4068 sterilem
1109 4021 1155 4066 et
1199 4013 1482 4083 parientem
1512 4031 1602 4084 ego
1631 4015 1751 4087 feci,
1804 4015 1931 4070 dicit
1989 4016 2243 4072 Dominus

648 4103 819 4177 (Esai.
847 4121 990 4172 vat,
1010 4104 1109 4176 9)?
1136 4105 1392 4173 Quamvis
1409 4107 1477 4162 ad
1502 4106 1948 4180 Synagogazillud
1975 4121 2029 4166 et
2049 4110 2243 4168 Eccle-

648 4199 744 4252 sia:
776 4199 1088 4269 mysterium
1114 4199 1317 4257 dictum
1343 4201 1672 4272 accipiatur;
1706 4204 1834 4274 quia
1862 4211 1918 4261 et
1955 4206 2241 4278 Synagoga

648 4299 837 4361 partus
868 4291 1069 4348 habere
1097 4291 1313 4360 desivit,
1341 4309 1462 4363 quae
1488 4295 1852 4352 successionis
1883 4297 2127 4354 fraudata
2157 4308 2242 4357 est

650 4382 992 4452 posteritate,
1017 4390 1072 4438 et
1087 4385 1434 4456 congregatio
1457 4386 1730 4443 nationum
1759 4405 1880 4460 quae
1907 4393 2104 4448 sterilis
2127 4403 2246 4450 erat

651 4485 772 4530 cum
807 4475 975 4529 Deum
1003 4476 1295 4545 ignoraret,
1314 4485 1506 4548 partus
1520 4479 1720 4536 habere
1740 4481 1968 4552 coeperit
1988 4494 2240 4543 aeternos.

655 4564 811 4624 Unde
862 4565 1060 4623 lectum
1111 4577 1216 4637 est,
1262 4568 1462 4626 Ltetare
1503 4573 1712 4641 sterilis,
1759 4590 1875 4646 qua:
1920 4593 2022 4632 non
2064 4581 2241 4650 paris:

2338 3361 2528 3418 Melius
2560 3371 2644 3417 est
2665 3363 2807 3417 enim
2841 3371 2900 3418 ut
2927 3361 3118 3417 ancilla
3143 3377 3305 3432 quam
3335 3375 3472 3416 uxor
3501 3359 3760 3426 recedat,
3791 3373 3838 3416 et
3861 3358 3908 3412 li-

2340 3457 2444 3513 lius
2468 3458 2678 3513 ancillae
2719 3474 2879 3530 quam
2910 3455 3184 3529 legitimus
3229 3455 3500 3526 ejiciatur.
3529 3454 3693 3523 Quod
3723 3456 3766 3510 si
3788 3453 3911 3508 dubi-

2344 3551 2564 3614 taveris,
2592 3547 2639 3605 si
2661 3549 3056 3619 contempseris
3083 3550 3267 3604 uxoris
3285 3556 3390 3602 tua:
3419 3547 3755 3602 sententiam
3776 3545 3913 3602 etdu—

2341 3659 2460 3698 rutn
2505 3642 2599 3698 tibi
2631 3642 2804 3697 visum
2847 3641 3032 3706 fuerit,
3061 3641 3192 3697 dicit
3235 3639 3327 3695 tibi
3369 3641 3508 3695 Deus
3543 3641 3697 3711 quod
3729 3640 3851 3694 dixit
3874 3647 3910 3691 et

2344 3733 2609 3800 Abrahae;
2636 3733 2776 3805 quod
2809 3734 2889 3790 illi
2917 3735 3059 3791 enim
3088 3734 3243 3802 dixit,
3276 3732 3372 3789 tibi
3423 3731 3577 3800 dicit,
3609 3740 3669 3788 et
3694 3730 3911 3787 Omnibus

2343 3829 2470 3884 dicit
2497 3846 2508 3882 :
2544 3825 2667 3882 Non
2694 3828 2758 3883 sit
2786 3828 2976 3882 durum
3025 3838 3143 3881 ante
3185 3837 3232 3880 te
3263 3824 3326 3879 de
3351 3839 3531 3895 puero,
3559 3831 3610 3878 et
3637 3825 3704 3877 de
3730 3821 3911 3876 ancilla.

2345 3921 2526 3974 Omnia
2550 3935 2885 3992 quiecumque
2914 3920 3104 3974 dixerit
3138 3918 3228 3972 tibi
3255 3915 3414 3982 Sara,
3439 3917 3569 3970 audi
3589 3931 3763 3970 vocem
3792 3916 3912 3986 ejus;

2344 4015 2587 4084 quoniam
2615 4013 2667 4068 in
2700 4012 2857 4068 Isaac
2870 4009 3233 4067 vocabiturtibi
3256 4025 3427 4065 semen
3459 4006 3656 4078 (lbid.,
3677 4004 3914 4078 {2).Nus-

2347 4123 2507 4179 quam
2538 4107 2664 4162 alibi
2693 4107 2832 4162 dixit
2860 4125 2873 4160 :
2901 4104 3040 4162 Audi
3072 4119 3259 4160 vocem
3293 4101 3478 4158 uxoris
3523 4108 3655 4168 tute,
3704 4099 3804 4155 nisi
3829 4097 3915 4160 hic,

2349 4202 2402 4258 id
2425 4214 2528 4269 εει,
2564 4201 2741 4258 fecisti
2769 4200 3020 4273 injuriam
3063 4199 3221 4254 uxori
3271 4206 3398 4265 tuaz,
3448 4205 3502 4252 et
3543 4203 3658 4250 non
3689 4187 3916 4264 mitigasti

2345 4293 2598 4350 allectum
2649 4295 2791 4365 ejus,
2837 4293 3126 4365 suscepisti
3173 4307 3242 4348 ex
3290 4289 3483 4347 ancilla
3525 4289 3725 4354 illium,
3750 4298 3804 4343 et
3832 4301 3915 4340 non

2347 4387 2625 4444 honorasti
2656 4387 2844 4444 uxoris
2867 4386 3056 4442 lilium.
3101 4383 3368 4456 Numquid
3413 4390 3594 4454 potest
3641 4381 3698 4436 in
3737 4378 3916 4436 ancilla:

2348 4482 2458 4538 lilio
2502 4497 2689 4538 semen
2743 4491 2894 4537 tuum
2940 4479 3124 4536 vocari
3151 4479 3174 4530 ’ἐ
3201 4478 3320 4534 Νοιι
3367 4478 3593 4546 utique;
3627 4475 3682 4531 in
3707 4474 3916 4546 legitimo

2348 4577 2491 4634 enim
2521 4573 2634 4632 lilio
2661 4591 2788 4633 vera
2818 4574 3092 4633 successio
3113 4581 3216 4629 est.
3249 4570 3355 4628 Sed
3373 4571 3600 4639 vereris,
3633 4570 3762 4642 quia
3797 4568 3917 4622 ﬁlius

655 4672 862 4731 erumpe
887 4667 932 4712 et
960 4660 1213 4727 exclama;
1240 4677 1356 4732 quae
1375 4680 1477 4718 non
1504 4665 1732 4735 parturis
1749 4683 1769 4734 ;
1799 4669 2042 4738 quoniam
2072 4674 2248 4741 plures
2272 4708 2327 4769 Β
2354 4682 2477 4726 tuus
2528 4682 2646 4738 est,
2708 4685 2774 4725 ne
2819 4669 2960 4724 forte
3016 4667 3223 4739 ejectus
3252 4665 3486 4722 intereat
3512 4671 3679 4734 atque
3711 4659 3917 4718 occidat.

655 4752 755 4819 filii
798 4752 1013 4807 deserta:
1052 4754 1214 4825 magis
1248 4771 1400 4825 quant
1428 4758 1541 4830 ejus
1562 4774 1676 4829 qua:
1704 4759 1854 4816 habet
1876 4761 2040 4818 virum
2070 4763 2246 4838 (Esai.

661 4860 777 4914 LIV,
808 4845 887 4919 l).
1569 4918 1576 4926 .

728 4940 888 5015 303
927 4941 1016 4998 62.
1060 4940 1279 4998 Genitus
1307 4954 1378 5000 est
1405 4956 1576 5002 autem
1627 4950 1852 5007 Abrahae
1903 4953 2043 5024 ﬁlius
2070 4953 2251 5026 Isaac,

658 5054 776 5094 cum
803 5049 929 5094 esset
951 5055 1207 5094 annorum
1233 5049 1433 5095 centum
1459 5039 1612 5112 (Gen.
1633 5060 1746 5112 ut,
1779 5045 1857 5119 5).
1882 5047 1950 5104 Et
1982 5059 2036 5105 tu
2062 5051 2105 5106 si
2131 5068 2252 5122 per-

661 5133 832 5188 fectus
862 5130 1053 5199 fueris,
1086 5132 1310 5188 habebis
1333 5133 1704 5204 posteritatem
1737 5136 1959 5206 laetitias,
1988 5151 2044 5198 et
2072 5145 2253 5199 exsul-

663 5227 879 5282 tationis
912 5226 1304 5283 hatreditatem.
1336 5224 1482 5282 Dixit
1505 5238 1553 5283 et
1575 5228 1712 5284 Sara
1736 5248 1756 5286 :
1783 5231 1967 5287 Risum
1983 5234 2109 5290 mihi
2137 5237 2259 5308 fecit

662 5318 963 5378 Dominus:
994 5319 1309 5391 Quicumque
1351 5320 1490 5376 enim
1526 5321 1772 5390 audierit,
1817 5329 2259 5398 congratulabitur

734 5464 761 5493 ιι
802 5454 914 5529 l-loc
949 5460 1054 5529 est,
1087 5447 1560 5529 cruciatibus_seu
1593 5455 1910 5529 tormentis;
1955 5475 2077 5529 quae
2133 5459 2260 5515 ideo

666 5527 954 5601 questiones
976 5523 1254 5601 dicuntur,
1282 5520 1407 5592 quia
1437 5519 1490 5576 in
1522 5524 1703 5580 causis
1731 5519 2050 5598 capitalibus
2081 5546 2175 5601 per
2198 5545 2260 5587 ea

670 5599 872 5651 veritas
910 5596 1079 5667 quaeri
1111 5597 1269 5652 solet.

743 5667 770 5705 ι)
812 5667 970 5740 Rom.
997 5667 1130 5723 edit.
1172 5683 1293 5727 cum
1352 5673 1525 5730 tribus
1568 5683 1700 5725 mss.
1735 5712 1748 5737 ,
1806 5672 1896 5727 sed
1944 5674 2261 5740 monitionis,

679 5740 816 5812 quod
840 5738 1112 5804 Gerarum,
1144 5751 1248 5798 etc.
1284 5744 1404 5800 Vet.
1452 5760 1577 5802 cum
1624 5742 1768 5812 aliis,
1811 5747 1902 5800 sed
1941 5738 2263 5810 munitionis,

686 5821 790 5894 etc.
816 5812 1034 5894 Melius;
1069 5827 1175 5894 non
1203 5817 1348 5874 enim
1380 5819 1672 5894 obscutgtm
1711 5830 1795 5875 est
1823 5821 1950 5894 quin
1969 5821 2041 5877 S.‘
2060 5820 2139 5875 vir
2163 5819 2267 5876 Ge-

686 5893 834 5972 rares
864 5882 993 5972 velit
1019 5883 1239 5965 eosdem
1265 5903 1412 5971 esse,
1462 5906 1525 5950 ac
1552 5882 1882 5972 Gerasenos,
1914 5908 2051 5976 quos
2081 5901 2268 5969 septo:

2354 4764 2472 4822 Non
2504 4766 2552 4821 ei
2598 4763 2774 4821 deerit
2813 4777 2933 4819 mea
2960 4761 3154 4834 gratia.
3183 4761 3386 4816 Omnes
3411 4757 3506 4812 alit
3545 4757 3690 4811 Deus
3740 4764 3918 4816 uoster,

2355 4863 2595 4922 sull'uIcit
2614 4864 2922 4928 universos,
2945 4869 2998 4915 et
3037 4861 3212 4930 justos
3240 4865 3296 4913 et
3325 4854 3579 4926 iujustos.
3608 4852 3843 4924 Denique
3879 4859 3922 4904 et

2358 4959 2495 5031 pluit
2515 4973 2680 5028 super
2702 4957 2876 5029 justos
2898 4965 2954 5010 et
2983 4952 3232 5023 iujustos.
3284 4949 3435 5006 Sicut
3476 4948 3606 5004 fecit
3636 4945 3919 5005 Abraham.

2358 5038 2522 5110 facito
2564 5061 2620 5108 et
2661 5060 2740 5107 tu.
2794 5049 2942 5121 Ejice
2971 5047 3250 5114 ancillam,
3276 5054 3335 5101 ut
3360 5059 3551 5100 secura
3569 5057 3708 5098 uxor
3728 5050 3778 5098 et
3802 5040 3924 5096 inol-

2359 5147 2510 5204 feusa
2546 5143 2950 5202 maneatdomi.
2996 5141 3148 5212 Ejice
3177 5150 3230 5196 et
3259 5139 3469 5195 ancilla:
3512 5135 3703 5202 lilium,
3753 5143 3806 5189 ut
3838 5145 3925 5188 non

2363 5240 2560 5296 habeat
2589 5235 2921 5294 baereditatis
2958 5232 3315 5300 consortium,
3347 5230 3438 5302 qui
3461 5243 3569 5285 non
3597 5227 3759 5283 habet
3783 5225 3924 5297 origi-

2362 5334 2450 5390 nis
2474 5331 2844 5404 privilegium.

2365 5455 2449 5512 vel
2473 5460 2719 5513 muratos
2748 5453 3234 5520 iuterpretantur._
3335 5514 3347 5520 _
3636 5511 3650 5520 Δ
3839 5507 3869 5520 ⁸
3899 5507 3910 5518 ,

2447 5507 2783 5582 ι’ἶιιῧιιοᾱ.
2815 5507 3091 5585 recusavit,
3119 5526 3176 5571 ut
3217 5507 3925 5588 impleretrmandatuthei.

2441 5593 2466 5637 δ
2497 5579 2832 5662 Ἐὲοηοηιὶιι,
2855 5596 2941 5648 hic
2963 5579 3107 5647 idem
3121 5596 3228 5656 est,
3249 5579 3408 5659 aique
3423 5584 3594 5641 divini
3615 5581 3819 5638 consilii
3843 5579 3932 5636 dis-

2369 5685 2654 5799 poiuiiodit.
2678 5753 2867 5795 omnes
2899 5757 2910 5794 :
2949 5735 3051 5790 llic
3078 5734 3240 5788 honos
3266 5747 3366 5807 quo
3387 5745 3438 5807 se
3457 5725 3682 5807 propriis
3707 5738 3931 5807 commen-

2373 5795 2657 5880 dentbiris.
2688 5813 2815 5870 Mss.
2844 5809 3081 5877 'l‘heod.,
3109 5795 3357 5880 Τοιιιζει
3388 5795 3577 5880 Vale.
3618 5795 3736 5854 Hoc
3771 5799 3930 5855 borium

2373 5877 2474 5973 iis
2499 5907 2572 5964 se,
2605 5896 2709 5947 etc.
2745 5883 2850 5946 Alii
2877 5883 3134 5972 quinque,
3177 5877 3319 5947 utin
3368 5879 3642 5944 contextu.
3713 5887 3718 5894 η
