4082 6370
180 349 302 408 MS

731 468 896 542 θοι
932 467 1160 526 CAPUT
1223 465 1360 525 vnt.

198 561 560 618 Abrahamum
617 561 759 619 Deus
814 563 955 618 varie
995 571 1179 631 tentat,
1244 564 1336 619 sed
1378 561 1602 619 maxime
1661 563 1785 619 dato

263 657 570 712 immolandi
589 657 688 728 ﬁlii
709 665 983 728 praecepto.
1006 654 1257 728 Ejusdem
1280 658 1523 729 praceptl
1583 658 1789 728 singula

262 750 416 804 verba
437 749 813 820 expenduntur,
834 757 883 802 et
899 752 1124 820 perfecta
1150 746 1271 802 Patr
1281 748 1476 804 iarcha:
1500 749 1790 804 obedientia

261 841 318 894 in
373 844 488 913 ejus
533 841 868 912 profectione,
919 857 982 894 ac
1034 841 1231 911 reliquo
1259 823 1796 914 sacriﬁciiW

263 935 578 991 declaratur.
631 933 902 990 Postremo
930 943 1045 1003 post
1099 936 1390 1008 expositum
1415 937 1713 1007 mysterium
1738 937 1793 991 in

265 1028 426 1083 ariete
454 1026 624 1080 lsaaei
659 1027 766 1080 rice
789 1025 964 1081 oblato
982 1027 1280 1098 ﬁguratum,
1309 1027 1460 1082 tertia
1479 1027 1796 1100 proponitur

263 1118 494 1193 ejusdem
523 1119 805 1173 Abrahami
839 1117 1146 1174 benedictio.

1540 820 1780 837 CIIII...—

264 1233 352 1291 66.
375 1234 442 1290 Et
464 1237 661 1308 factum
681 1243 754 1289 est
780 1236 1019 1304 posthaec
1033 1235 1205 1303 verba,
1234 1233 1372 1290 Deus
1395 1235 1601 1291 tentavit
1629 1235 1796 1292 Abra-

189 1328 311 1380 nam
335 1324 489 1396 (Gen.
514 1341 645 1392 xm,
675 1324 750 1398 l).
783 1324 956 1382 Aliter
971 1327 1110 1382 Deus
1131 1334 1321 1394 tentat,
1352 1325 1792 1383 aliterdiabohts.

196 1421 461 1477 Diabolus
495 1427 667 1475 tentat
693 1427 753 1474 ut
797 1419 1067 1474 subruat:
1101 1420 1242 1474 Deus
1295 1427 1484 1487 tentat,
1537 1427 1598 1474 ut
1641 1433 1799 1476 coro-

195 1522 314 1569 net.
339 1513 577 1584 Denique
598 1513 855 1583 probatos
877 1512 978 1568 sibi
1004 1522 1194 1568 tentat.
1209 1511 1365 1569 Unde
1387 1521 1440 1569 et
1459 1513 1628 1568 David
1643 1512 1796 1569 dicit:

201 1603 379 1660 Proba
429 1621 506 1660 me
553 1602 714 1672 Deus,
749 1618 796 1658 et
827 1613 967 1659 tenta
989 1621 1066 1660 me
1091 1603 1264 1676 (Psal.
1297 1619 1556 1670 cxxxvm,
1585 1603 1704 1675 25).
1731 1603 1798 1660 Et

193 1705 443 1756 sanctum
466 1695 737 1753 Abraham
791 1697 1040 1766 probavit
1067 1704 1214 1762 ante,
1248 1704 1304 1751 et
1328 1696 1407 1752 sic
1439 1696 1695 1762 tentavit;
1732 1710 1800 1752 ne

193 1793 240 1849 si
275 1803 404 1848 ante
441 1799 680 1849 tentaret
709 1808 869 1864 quam
894 1793 1198 1864 probasset,
1224 1799 1474 1864 gravaret
1505 1810 1516 1846 :
1551 1789 1798 1864 probavit

1478 351 1568 410 DE
1607 343 1942 417 ᾹΒΒᾹΗΑΜ
1985 359 2112 419 LIB.
2156 369 2196 428 l.

3372 379 3476 433 “6

1806 465 1859 540 Α
1887 487 2097 552 tempus
2124 492 2382 558 augetur,
2435 488 2503 546 ad
2543 498 2757 562 tempus
2810 488 3102 545 resolvitur
3137 506 3147 542 :
3189 488 3334 559 quod
3391 503 3485 542 au-

1893 579 1999 628 tem
2031 573 2123 630 diu
2147 587 2238 632 aut
2267 594 2482 651 semper
2499 581 2700 654 placuit
2725 623 2739 646 ,
2763 580 2872 637 cito
2898 579 3104 638 aboleri
3131 597 3238 637 non
3278 588 3479 652 potest.

1893 665 2077 722 Potest
2099 677 2153 723 et
2184 669 2312 726 illud
2344 688 2450 729 non
2475 673 2768 730 absurdum
2801 673 2998 742 videri,
3030 675 3156 746 quia
3187 673 3481 730 morituros

1893 759 2013 831 plus
2037 757 2331 831 diligimus.
2365 762 2478 820 Hoc
2507 775 2614 832 est,
2645 781 2804 837 quem
2831 777 2957 823 ante
2979 765 3252 824 dilexisti:
3278 776 3304 806 ⁸
3332 767 3485 836 quasi

1889 853 2000 926 jam
2031 852 2224 926 diligat
2280 853 2694 916 immolandum.
2749 858 2860 915 Nec
2890 859 3068 917 otiose
3094 860 3301 916 addidit

1895 961 2094 1002 nomen
2122 950 2294 1003 sancti
2337 947 2510 1017 lsaac,
2557 951 2660 1007 hoc
2702 961 2805 1016 est,
2830 969 2951 1009 eum
2980 969 3141 1024 quem
3193 955 3484 1022 suscepisti

1894 1036 1962 1093 de
2013 1054 2186 1094 uxore
2227 1040 2443 1096 unicum
2474 1084 2489 1108 ,
2539 1045 2827 1115 suscepisti
2879 1045 2931 1100 in
2964 1055 3266 1110 senectute,
3296 1061 3482 1102 susce-

1897 1129 2024 1202 pisti
2049 1137 2323 1203 tamquam
2354 1131 2477 1189 ildei
2511 1143 2615 1190 tua:
2647 1137 2955 1203 praemium,
2992 1139 3491 1196 remunerationem

1898 1238 2128 1294 operum
2148 1235 2382 1293 tuorum,
2408 1226 2697 1298 suscepisti
2727 1243 2792 1282 ex
2822 1229 3183 1299 promissione
3233 1229 3355 1297 Dei,
3383 1247 3490 1288 non

1898 1315 2143 1388 conjugis
2165 1315 2493 1375 fecunditate
2522 1361 2537 1387 ,
2567 1335 2633 1376 ex
2657 1335 2758 1390 qua
2807 1320 2972 1374 alium
2995 1336 3218 1392 sperare
3239 1321 3266 1360 ι)
3295 1323 3489 1393 possis.

1904 1405 2106 1473 Oll’eres
2133 1408 2258 1461 mihi
2285 1410 2642 1465 holocaustum
2673 1428 2692 1467 :
2723 1409 2817 1466 sed
2842 1413 2993 1482 prius
3015 1413 3153 1468 vade
3202 1413 3256 1468 in
3288 1421 3492 1469 terram

1901 1500 2198 1558 excelsam.
2214 1499 2584 1574 Interponitur
2598 1503 2856 1576 spatium,
2877 1521 2945 1562 ne
2964 1506 3295 1576 praecipitari
3314 1506 3497 1561 subito

1903 1593 2151 1649 videatur
2181 1594 2405 1652 affectus
2429 1640 2444 1663 ,
2478 1607 2535 1653 ut
2565 1597 2657 1652 illa
2686 1596 2949 1654 dilatione
2999 1598 3233 1669 obrepat
3279 1597 3500 1668 pietatis

1901 1687 2100 1758 gratia,
2135 1687 2465 1746 desiderium
2501 1691 2694 1762 patris.
2737 1691 2991 1762 Adjecit:
3023 1691 3090 1746 In
3122 1709 3226 1746 uno
3247 1692 3500 1746 montium

1903 1798 2051 1854 quem
2091 1782 2180 1836 tibi
2209 1783 2411 1838 dixero.
2461 1783 2528 1839 Et
2557 1783 2648 1839 hic
2687 1784 2964 1852 similiter,
2997 1795 3055 1840 ut
3083 1785 3211 1841 dum
3240 1783 3503 1841 ascende-

195 1901 319 1942 eum
341 1902 462 1942 cum
487 1887 636 1942 exire
664 1885 733 1941 dc
763 1886 974 1941 Charra
994 1886 1176 1957 jussit,
1211 1894 1264 1941 et
1315 1885 1656 1942 obedientem
1709 1901 1798 1940 rc-
1827 1879 1873 1940 B
1903 1886 1984 1929 ι’θι
2014 1889 2207 1941 senex.
2251 1874 2638 1946 ίιιῖτὶηὲθτειυι·
2689 1877 2943 1948 impellis.
2995 1873 3222 1934 lassare!
3247 1874 3498 1947 deﬂeta.

197 1978 518 2051 perit(l.‘en.
554 1995 654 2047 xu,
679 1995 790 2047 xtv,
818 1980 971 2051 xvii).
1026 1977 1280 2035 Probavit
1306 1995 1428 2035 cum
1473 1979 1596 2035 lidei
1639 1980 1796 2035 titulo

196 2072 369 2128 fretus
394 2069 645 2127 liberavit
675 2080 951 2142 nepotem,
985 2087 1106 2127 cum
1134 2071 1202 2128 de
1230 2071 1410 2144 praeda
1437 2070 1573 2126 nihil
1597 2069 1793 2142 attigit,

195 2181 320 2221 cum
353 2166 598 2236 promisit
617 2166 735 2221 seni
759 2166 954 2234 tilium,
978 2175 1032 2222 et
1061 2181 1182 2224 cum
1205 2175 1351 2223 esset
1373 2178 1594 2224 centum
1625 2182 1798 2222 anno-

199 2275 346 2326 rum,
371 2258 617 2330 quamvis
644 2259 794 2316 Sartc
821 2259 1078 2331 genitalia
1109 2259 1482 2316 consideraret
1515 2269 1793 2326 emortua;

201 2362 383 2407 tamen
412 2351 665 2418 credidit,
701 2366 801 2408 nec
829 2351 934 2408 ilde
992 2351 1284 2419 haesitavit,
1308 2352 1396 2423 qui
1431 2360 1616 2424 posset
1643 2351 1802 2407 hmsi-

198 2453 315 2500 tare
346 2443 560 2500 ratlon’e
583 2445 889 2500 sterilitatis
920 2453 1014 2499 aut
1035 2445 1332 2501 senectutis
1361 2463 1374 2501 :
1404 2446 1650 2518 probavit
1677 2461 1800 2502 eum

195 2535 420 2607 hospitii
468 2533 759 2593 sedulitate
786 2537 944 2609 (Gen.
977 2554 1133 2605 xvm,
1179 2539 1202 2593 l
1241 2549 1288 2592 et
1311 2538 1468 2610 seq.).
1502 2537 1799 2595 Prohatum

197 2629 381 2702 igitur,
413 2630 570 2702 quasi
596 2629 879 2689 fortiorem
909 2631 1224 2688 tentandum
1249 2637 1456 2704 putavit
1482 2629 1802 2705 majoribus,

202 2735 252 2779 et
284 2723 608 2794 quibusdam
661 2725 903 2796 imperiis
929 2725 1260 2782 durioribus.
1316 2727 1381 2782 Et
1432 2727 1535 2784 hoc
1585 2727 1802 2800 quidem

201 2816 453 2887 exemplo
480 2817 759 2881 docemur,
791 2819 916 2890 quia
937 2818 1080 2874 veris
1113 2819 1372 2889 probatur
1395 2820 1544 2891 quis:
1567 2829 1806 2877 tentatur

1903 1963 2168 2024 deliceret
2200 1969 2460 2024 intentio:
2493 1969 2621 2026 dum
2653 1979 2922 2044 quaereret
2949 1980 3189 2028 montem
3241 1969 3458 2030 discere
3484 2012 3500 2039 ,

1901 2060 2211 2118 dedisceret
2255 2072 2597 2132 apparatum.

1974 2155 2062 2212 68.
2095 2155 2406 2226 Exsurgens
2433 2166 2611 2214 autem
2641 2174 2748 2215 non
2775 2159 2949 2216 solum
2977 2159 3221 2229 sequenti
3249 2157 3338 2215 die
3357 2198 3372 2227 ,
3401 2158 3500 2215 sed

1904 2245 2068 2304 etiam
2113 2247 2390 2318 diluculo,
2422 2260 2481 2306 ut
2520 2251 2769 2307 attulisse
2817 2267 2924 2308 nox
2962 2267 3140 2308 moras
3179 2251 3362 2308 studio
3400 2252 3506 2307 fes-

1905 2339 2126 2396 tinantis
2159 2341 2328 2412 patris
2357 2339 2675 2400 videretur:
2725 2343 2929 2401 Stravit
2981 2347 3180 2401 asinam
3227 2361 3407 2410 suam,
3459 2352 3508 2400 et

1902 2433 2120 2507 sumpsit
2157 2451 2327 2489 secum
2355 2434 2488 2491 duos
2527 2453 2750 2509 pueros,
2786 2447 2833 2492 et
2862 2437 3018 2492 Isaac
3049 2439 3216 2511 ﬁlium
3245 2454 3427 2504 suum,
3459 2447 3508 2492 et

1905 2528 2128 2582 concidit
2157 2528 2301 2600 ligna
2330 2528 2399 2582 ad
2429 2527 2785 2585 holocaustum
2817 2534 2833 2599 (
2859 2529 2992 2585 Gen.
3024 2545 3145 2585 χιιι
3166 2572 3181 2597 ,
3211 2529 3303 2603 3).
3339 2530 3508 2584 Doce-

1906 2638 2027 2677 mur
2066 2630 2251 2693 parata
2293 2625 2473 2677 omnia
2506 2619 2572 2679 ad
2603 2622 2931 2680 sacrificium
2963 2619 3176 2679 deferre
3203 2640 3216 2676 :
3249 2621 3510 2678 discimus

1907 2715 2069 2769 etiam
2102 2723 2420 2785 apparatum
2449 2717 2699 2772 sacriﬁcii
2728 2759 2744 2785 ,
2775 2725 2828 2772 et
2859 2714 3148 2772 ministerii
3175 2701 3374 2771 munus
3404 2715 3508 2786 ipsi

1906 2806 2062 2862 nobis
2088 2807 2390 2876 vindicare,
2422 2823 2529 2864 non
2555 2809 2806 2880 delegare
2835 2809 2978 2866 aliis.
3009 2810 3184 2866 Senex
3209 2810 3505 2878 Abraham,

199 2922 380 2965 autem
398 2911 716 2981 compositis
736 2921 788 2968 et
818 2912 978 2969 lictis.
1003 2912 1118 2967 Non
1147 2913 1424 2982 enim(22,
1447 2915 1570 2986 (1.9,
1595 2932 1712 2986 cap.
1744 2914 1809 2972 Si
1909 2910 1964 2956 el
1989 2901 2140 2956 dives
2167 2904 2474 2972 Ροεοτῖδυεν
2504 2915 2667 2975 ωειυο
2696 2904 2976 2958 abundans
3003 2905 3372 2969 δετνίῑίοτυητν
3399 2918 3508 2960 που

199 3001 462 3074 quwlibet,
498 3001 525 3076 ς
556 3002 679 3058 Νοη
710 3003 867 3075 enim)
889 3003 1270 3060 volebatDeus
1299 3005 1568 3062 immolari
1601 3022 1633 3062 a
1656 3016 1808 3076 patre
1909 2993 2160 3064 quaesivit
2195 2995 2486 3050 comitatus
2525 2997 2607 3052 sui
2649 2997 2907 3067 asinina:
2952 2997 3070 3066 ipse
3108 3011 3326 3069 quoque
3364 2995 3506 3068 liena

202 3094 396 3161 lilium,
449 3111 548 3150 nec
578 3093 790 3166 impleri
848 3097 952 3154 hoc
1004 3113 1200 3154 munus
1239 3097 1477 3168 volebat,
1510 3099 1600 3171 qui
1649 3115 1805 3156 ovem

1911 3085 2184 3154 concidit,
2231 3098 2284 3142 et
2334 3087 2595 3160 obsequia
2632 3087 2841 3160 majora
2881 3088 3086 3146 viribus
3125 3089 3237 3146 suis
3278 3103 3385 3146 non
3425 3088 3510 3146 in-

203 3201 307 3258 pro
335 3187 447 3241 tilio
471 3187 859 3244 immolandam
888 3189 1086 3245 obtulit
1114 3207 1126 3244 :
1153 3187 1248 3245 sed
1282 3191 1525 3247 tentabat
1551 3190 1807 3248 affectum
1913 3180 2166 3236 ίθΓιιίῘδίι·

206 3279 400 3350 patris,
431 3283 475 3334 si
508 3279 604 3335 Dei
639 3291 908 3352 prmcepta
941 3282 1226 3354 praeferret
1270 3283 1400 3353 filio,
1427 3299 1528 3340 nec
1556 3294 1795 3356 paternae
1823 3275 1868 3340 C
1975 3275 2066 3332 69.
2105 3273 2259 3330 Venit
2287 3286 2460 3330 autem
2488 3277 2557 3330 ad
2582 3277 2751 3332 locum
2778 3293 2927 3348 quem
2956 3276 3086 3332 dixit
3118 3276 3199 3332 illi
3222 3275 3360 3332 Deus
3381 3317 3396 3341 ,
3426 3275 3512 3332 die

205 3373 424 3444 pictatis
453 3374 916 3445 contemplatione
948 3374 1055 3431 vim
1087 3374 1399 3432 devotionis
1423 3375 1746 3433 inilecteret.

278 3466 366 3521 67.
422 3465 489 3520 Et
541 3466 675 3522 dixit
706 3467 776 3520 ad
824 3483 940 3522 eum
972 3483 991 3521 :
1022 3465 1303 3534 Abraham,
1360 3468 1621 3523 Abraham
1645 3467 1803 3540 (Gen.

207 3571 344 3620 χχιι,
371 3557 462 3626 ι)ι
497 3556 841 3626 ltepetitione
863 3557 1102 3614 nominis
1121 3569 1356 3614 mentem
1385 3562 1608 3624 excitat,
1635 3567 1696 3614 ut
1724 3575 1809 3616 es-

207 3656 290 3704 set
319 3649 576 3719 paratior.
607 3649 844 3720 Denique
871 3649 1152 3722 respondit
1173 3652 1263 3707 ille
1294 3670 1306 3705 :
1338 3649 1471 3706 Ecce
1500 3670 1612 3724 ego.
1641 3651 1707 3707 Et
1729 3653 1810 3707 di-

208 3745 285 3799 xit
310 3760 327 3798 :
348 3745 536 3814 Accipe
561 3744 728 3814 ﬁlium
753 3756 897 3799 tuum
927 3746 1362 3814 amantissimum,
1390 3765 1538 3818 quem
1583 3747 1809 3802 dilexisti

213 3833 391 3902 Isaac,
422 3847 468 3890 et
492 3835 621 3890 vade
648 3838 702 3891 in
719 3847 917 3893 terram
941 3839 1214 3904 excelsam,
1239 3849 1285 3893 et
1307 3837 1490 3906 oﬂ'eres
1511 3841 1637 3894 mihi
1663 3841 1810 3894 illum

210 3928 569 3982 holocaustum
600 3929 654 3982 in
680 3945 784 3982 uno
806 3932 1078 3998 montium,
1109 3947 1257 4001 quem
1280 3930 1371 3984 tibi
1404 3930 1588 3986 dixero
1612 3930 1806 4002 (Ibid.,

210 4019 292 4090 2).
323 4018 439 4074 Non
464 4019 594 4074 sinit
621 4021 856 4076 otiosum
878 4035 1000 4076 esse
1027 4020 1280 4076 allecmm
1315 4023 1504 4091 patris.
1534 4021 1580 4077 A
1611 4024 1813 4093 princi-

214 4113 304 4183 pio
334 4125 457 4166 eum
486 4111 750 4178 stimulat,
777 4121 831 4167 et
861 4112 1051 4183 pungit
1073 4113 1293 4184 pietatis
1337 4113 1560 4178 aculeis,
1611 4124 1667 4169 et
1718 4114 1813 4171 lilii

213 4219 412 4260 nomen
439 4202 646 4259 addidit
672 4204 739 4260 ad
772 4220 970 4261 nomen
999 4204 1506 4272 necessitudinis,et
1527 4207 1634 4262 vim
1667 4223 1818 4262 amo-

213 4297 313 4353 ris.
345 4295 460 4352 Non
485 4297 617 4352 satis
645 4297 854 4366 putavit
882 4296 1086 4353 dixisse
1117 4297 1312 4366 lilium,
1344 4297 1606 4370 adpingit,
1639 4316 1818 4354 aman-

215 4389 467 4445 tissimum
522 4405 668 4461 quem
726 4387 959 4446 dilexisti
1001 4389 1174 4445 Isaae.
1220 4388 1358 4458 Quid
1395 4401 1476 4446 est
1521 4390 1663 4462 quod
1693 4391 1814 4447 ait:

218 4483 382 4550 Quem
408 4483 641 4538 dilexisti
664 4500 681 4538 :
704 4491 758 4538 et
783 4497 891 4538 non
917 4481 1078 4547 dixit,
1103 4487 1265 4554 quem
1287 4481 1502 4555 diligis?
1522 4482 1818 4539 Possumus

217 4577 436 4648 quidem
464 4579 540 4632 uti
569 4575 636 4632 ad
676 4577 1052 4632 defensionem
1091 4576 1390 4647 Scriptura:
1421 4575 1818 4634 consuetudine

1913 3370 2060 3424 tertio
2091 3367 2280 3438 (lbid.,
2308 3367 2389 3442 4).
2418 3369 2633 3426 Etcum
2661 3370 2871 3427 duobus
2897 3371 3012 3442 ipse
3041 3371 3234 3426 tertius
3260 3369 3510 3440 proﬁcis-

1911 3466 2069 3534 citur,
2109 3464 2339 3520 hostiam
2372 3481 2524 3520 suam
2557 3481 2739 3522 secum
2771 3465 2979 3522 ducens
3000 3507 3014 3530 ,
3046 3475 3102 3521 et
3128 3464 3215 3520 die
3245 3463 3405 3519 tertio
3445 3462 3509 3518 ad

1911 3556 2089 3613 locum
2143 3557 2396 3614 sacriﬁcii
2445 3559 2612 3614 venit.
2662 3558 2927 3616 Salutaris
2979 3557 3068 3613 hic
3115 3571 3408 3621 numerus,
3459 3564 3514 3611 ct

1912 3651 2243 3706 conveniens
2266 3651 2672 3706 sacriﬁcaturis.
2703 3651 2944 3722 Denique
2966 3661 3016 3707 et
3043 3651 3096 3707 in
3122 3648 3513 3721 posterioribus

1915 3743 2132 3815 Moyses
2175 3741 2305 3798 dicit
2348 3743 2413 3798 ad
2457 3743 2796 3799 Pharaonem
2835 3759 3016 3815 regem
3057 3742 3321 3815 Egypti:
3363 3739 3514 3795 Viam

1915 3838 2071 3890 trium
2115 3836 2312 3891 dierum
2358 3835 2565 3901 ibimus,
2609 3847 2657 3892 et
2705 3836 3084 3892 immolabimus
3130 3835 3356 3890 Domino
3404 3833 3514 3888 Deo

1916 3939 2116 3994 nostro,
2170 3929 2299 3983 sicut
2349 3927 2482 3984 dixit
2522 3929 2667 3984 nobis
2709 3928 2920 4002 (Exod.
2956 3927 3220 4000 ι·ιιι,27).
3273 3929 3340 3984 Et
3365 3936 3514 3983 recte

1918 4022 2082 4076 tertio
2107 4020 2195 4076 die
2219 4021 2528 4077 celebratur
2554 4021 2840 4078 Trinitatis
2866 4019 3213 4077 sacrificium.

1991 4114 2079 4170 70.
2135 4113 2200 4167 Et
2253 4115 2532 4185 respiciens
2582 4115 2842 4169 Abraham
2887 4114 3051 4169 oculis
3095 4112 3223 4167 vidit
3269 4112 3437 4167 locum
3484 4129 3516 4166 a

1920 4205 2068 4276 longe
2097 4203 2265 4277 (Gen.
2301 4221 2447 4273 xxu,
2475 4203 2565 4277 4).
2595 4205 2839 4262 Sollicite
2867 4205 3116 4276 explorat
3143 4205 3230 4275 qui
3265 4211 3520 4275 properat

1921 4297 2166 4370 implere.
2197 4299 2457 4367 Quamvis
2486 4299 2715 4357 senilem
2745 4299 2924 4356 studio
2954 4298 3221 4354 celeraret
3251 4296 3476 4369 gradum
3502 4337 3517 4362 ,

1923 4401 2100 4449 tamen
2135 4391 2236 4449 hoc
2267 4407 2447 4451 serum
2488 4404 2685 4465 putans
2728 4391 3065 4465 prmcedebat
3105 4389 3280 4446 oculis
3313 4407 3326 4445 :
3373 4388 3521 4460 vige-

1920 4486 2050 4542 bant
2095 4486 2433 4560 singulorum
2481 4486 2657 4542 officia
2705 4485 3103 4554 membrorum,
3155 4481 3279 4539 licet
3327 4482 3522 4538 seuilia

1924 4579 2170 4635 membra
2214 4596 2320 4636 non
2367 4589 2589 4650 possent
2634 4579 2839 4650 vigere.
2889 4577 3041 4634 Solet
3088 4576 3330 4632 hebetari
3377 4573 3524 4629 visus

217 4671 437 4739 divinae,
496 4672 619 4742 quia
667 4672 1002 4740 prmteritum
1035 4671 1356 4744 plerumque
1379 4673 1529 4742 ponit
1561 4687 1658 4743 pro
1688 4688 1821 4728 ven-
1844 4669 1899 4734 D
1925 4687 2116 4727 senum
2137 4716 2150 4741 ,
2196 4681 2255 4727 ut
2294 4673 2456 4728 etiam
2501 4671 2804 4744 propinqua
2837 4685 2944 4726 non
2979 4670 3134 4727 facile
3162 4668 3518 4740 conspiciant.

219 4764 354 4820 turis
400 4763 484 4820 vel
559 4764 960 4834 praiseutibus,
1041 4771 1100 4820 ut
1148 4761 1202 4819 in
1252 4761 1548 4836 Evangelio
1602 4763 1814 4822 babes:

223 4858 329 4914 Hic
351 4868 424 4913 est
447 4858 590 4927 ﬁlius
634 4876 778 4914 meus
835 4858 1226 4925 dilectissimus,
1275 4859 1330 4912 in
1379 4875 1480 4928 quo
1528 4859 1820 4928 complacui

223 4951 404 5024 (Matt.
437 4966 512 5019 ut,
546 4953 673 5024 17),
714 4969 836 5009 cum
885 4953 1076 5024 utique
1107 4965 1327 5022 semper
1355 4951 1408 5007 in
1439 4951 1580 5008 Filio
1606 4953 1821 5024 placeat

225 5041 404 5100 Pater.
439 5045 506 5100 Et
531 5045 584 5100 in
629 5044 847 5101 Psalmo
876 5044 1045 5101 habes
1078 5060 1092 5099 :
1119 5043 1266 5101 Dixit
1309 5041 1564 5100 Dominus
1595 5041 1818 5101 Domino

221 5152 354 5203 meo,
408 5135 530 5191 sede
569 5152 602 5189 a
646 5137 837 5193 dextris
892 5138 1017 5192 meis
1047 5137 1166 5206 (Ps.
1223 5153 1334 5202 εις,
1385 5138 1478 5206 l).
1512 5153 1636 5194 cum
1675 5154 1820 5195 sem-

222 5243 320 5300 per
359 5226 567 5282 sedeat.
609 5226 903 5284 Possumus
948 5236 1130 5284 tamen
1171 5237 1228 5284 et
1285 5230 1699 5284 amantissimum
1751 5229 1818 5285 ad

226 5332 468 5390 praesens
496 5317 740 5388 accipere
765 5359 781 5385 ,
841 5327 896 5374 et
951 5335 1098 5385 quem
1135 5321 1360 5376 dilexisti
1384 5321 1451 5376 ad
1489 5320 1566 5388 id,
1599 5328 1658 5376 ut
1703 5337 1808 5378 non

226 5410 431 5468 recenti
454 5407 688 5478 quodam
718 5409 950 5480 impulsu
971 5413 1174 5468 amoris
1196 5455 1212 5480 ,
1242 5413 1338 5470 sed
1384 5413 1577 5470 inolito
1631 5412 1724 5470 diu
1763 5422 1820 5471 et

229 5504 460 5576 probato
482 5514 670 5556 amore
696 5501 1029 5572 significaret
1074 5503 1354 5561 dilectum.
1383 5505 1541 5574 Quod
1571 5507 1719 5561 enim
1748 5508 1818 5563 ad

304 5657 328 5684 θ
368 5645 566 5716 Plures
592 5655 724 5716 mss.
749 5650 804 5697 et
831 5650 1040 5716 cunctaef
1070 5643 1242 5716 ed_it..'
1269 5646 1419 5716 quasi
1439 5648 1552 5716 jam
1580 5660 1685 5699 non
1706 5646 1829 5700 dili-

234 5727 318 5784 gat
373 5713 770 5771 immolandum.
813 5715 884 5768 At
937 5713 1152 5770 meliori
1181 5713 1344 5772 sensu
1372 5713 1562 5778 Cdrb..
1585 5715 1740 5771 Colb.
1773 5727 1828 5773 et

234 5777 756 5862 Magnegationem
772 5784 1062 5862 omittunt;
1096 5795 1326 5862 utnatet
1367 5803 1432 5844 ex
1455 5777 1827 5862 superioribus

238 5861 448 5929 Verbis,
478 5855 601 5940 quia
625 5856 902 5913 morituros
926 5855 1043 5929 plus
1073 5855 1353 5942 diligimus.

1927 4765 2026 4823 Hic
2053 4781 2162 4822 non
2189 4765 2365 4821 solum
2404 4763 2540 4822 vidit
2568 4765 2743 4820 locum
2763 4804 2781 4833 ,
2809 4762 2908 4820 sed
2931 4763 3094 4821 etiam
3124 4762 3284 4834 longe
3319 4760 3524 4832 positus

1927 4862 2160 4932 aspexh.

1997 4954 2087 5009 Ἠ.
2121 4952 2230 5008 Nec
2258 4951 2523 5009 dubitavit
2551 4951 2752 5007 vidisse
2771 4992 2788 5020 ,
2817 4951 2912 5008 sed
2939 4951 3015 5006 ait
3041 4948 3222 5021 pueris
3249 4946 3394 5003 suis:
3427 4945 3525 5001 Se-

1927 5045 2045 5100 dete
2072 5045 2154 5099 hic
2182 5061 2299 5100 cum
2327 5046 2478 5100 asina
2505 5061 2523 5101 :
2553 5061 2646 5116 ego
2675 5055 2842 5100 autent
2871 5054 2916 5100 et
2945 5059 3071 5114 puer
3099 5038 3523 5113 pertransibimus

1926 5153 2084 5207 usque
2113 5137 2238 5192 illuc
2255 5154 2275 5204 ;
2305 5145 2353 5192 et
2381 5154 2499 5192 cum
2529 5137 2944 5204 adoraverimus,
2977 5143 3288 5189 revertemur
3325 5129 3394 5184 ad
3434 5143 3523 5183 vos

1925 5228 2117 5300 (Ibid,
2148 5229 2226 5302 5).
2258 5230 2448 5286 Merito
2478 5243 2636 5302 typus
2664 5229 2718 5285 in
2752 5229 2898 5283 asina
2922 5269 2936 5295 ,
2969 5226 3095 5298 quia
3136 5234 3190 5280 et
3228 5222 3424 5278 veritas
3467 5222 3522 5278 in

1925 5323 2073 5394 pullo
2101 5323 2286 5379 asinae.
2319 5323 2375 5380 In
2405 5323 2509 5379 hoc
2534 5322 2677 5380 enim
2706 5322 2982 5378 animante
3008 5318 3267 5390 figuratur
3291 5313 3523 5385 populus

1923 5418 2206 5488 gentilium
2228 5459 2243 5484 ,
2275 5431 2400 5474 ante
2429 5417 2582 5473 oneri
2613 5416 2890 5486 subjectus
2909 5453 2924 5480 ,
2955 5427 3099 5468 nunc
3138 5409 3358 5465 Christo
3393 5406 3524 5462 sub-

1923 5508 2090 5565 ditus.
2136 5508 2285 5566 Isaac
2313 5525 2444 5582 ergo
2472 5508 2675 5564 Christi
2705 5505 2916 5578 passuri
2947 5512 3030 5560 est
3061 5511 3240 5574 typus.
3275 5498 3437 5554 Venit
3466 5499 3523 5555 in

2004 5647 2032 5687 δ
2075 5649 2151 5704 ita
2195 5657 2329 5705 nisa.
2369 5646 2563 5711 Corh.,
2610 5645 2767 5702 Colb.
2810 5652 2864 5699 et
2904 5641 3039 5697 Maz.
3072 5640 3180 5696 Alii
3226 5653 3358 5694 vero
3401 5652 3524 5694 cum

1931 5721 2129 5785 editis,
2169 5735 2379 5792 sperare
2421 5735 2521 5792 non
2563 5718 2752 5792 possis.
2796 5715 2969 5772 Minus
3015 5711 3527 5792 lienetcumnha‘c

1932 5781 2209 5874 pendeant
2243 5805 2275 5851 ιι
2305 5781 2580 5875 prioribus
2607 5787 2728 5848 istis
2751 5828 2765 5856 ,
2799 5802 2898 5843 non
2929 5786 3166 5862 conjugis
3197 5781 3523 5844 fecunditate.
