4082 6370
163 316 270 374 449

1450 315 1538 375 DE
1579 317 1918 376 ABHAHAM
1960 317 2090 375 LIB.
2133 317 2174 373 l.

3357 314 3464 372 450

165 443 190 468 ιι
212 450 366 504 super
397 434 634 487 humeros
654 431 761 503 ejus
787 431 1057 506 (Esai.tx,
1079 429 1156 502 6).
1181 429 1317 499 Quis
1347 430 1530 501 utique
1561 429 1769 501 signiti-
1794 435 1842 494 Α
1874 431 2055 486 fletum
2095 429 2304 493 mariti,
2344 428 2638 498 sepulturze
2676 426 2944 491 officium;
2982 425 3179 496 quibus
3207 425 3470 481 maritalis

171 538 348 592 catur,
395 527 500 582 nisi
531 527 622 582 ille
647 527 714 582 de
741 542 848 597 quo
874 526 1131 596 scriptum
1155 535 1240 580 εει
1271 543 1283 577 :
1315 522 1578 579 Excitavit
1606 541 1766 578 cornu

168 621 348 690 populi
371 620 450 674 sui
480 618 653 692 (Psal.
677 634 878 675 chvnt
895 663 910 684 ,
938 617 1070 688 14)?
1091 616 1276 674 Cornu
1304 625 1550 672 nostrum
1575 613 1766 670 Chris-

170 720 254 767 tus
283 724 364 768 est
384 755 398 778 ,
430 713 520 783 qui
550 712 803 784 praestitit
830 711 1085 767 omnibus
1112 752 1128 777 ,
1162 710 1302 766 sicut
1333 711 1599 780 legimus,
1633 708 1769 778 Spe-

168 805 338 860 ciosus
371 809 540 877 forma
569 821 678 878 prae
705 805 831 874 filiis
859 804 1124 858 hominum
1156 802 1277 876 (Ps.
1309 817 1464 868 κων,
1491 801 1571 874 5).
1604 801 1770 858 Solus

169 897 417 954 elevatus
461 908 517 954 et
556 897 826 953 exaltatus
857 913 884 950 a
929 898 1128 961 terris,
1157 894 1620 966 quemadmodum
1654 893 1772 964 ipse

170 1006 271 1046 nos
299 991 489 1056 docet,
521 1004 643 1046 cum
675 989 951 1060 loquitur:
987 987 1097 1059 Ego
1129 1004 1230 1042 non
1259 1004 1375 1041 sunt
1403 986 1469 1041 de
1497 985 1594 1040 ltoc
1621 1002 1772 1039 mun-

171 1082 238 1137 do
259 1126 274 1150 ,
309 1099 400 1152 ego
431 1086 493 1136 de
520 1083 758 1154 supernis
787 1100 901 1136 sum
931 1081 1116 1154 (Joan.
1149 1098 1277 1149 vm,
1302 1081 1420 1150 25).
1455 1079 1613 1136 Hunc
1636 1078 1774 1135 vidit

170 1179 444 1234 Abraham
475 1181 527 1232 in
556 1178 661 1232 isto
686 1177 977 1242 sacrificio,
1011 1177 1172 1247 hujus
1201 1175 1508 1246 passionem
1537 1173 1768 1244 aspexit.

171 1270 239 1324 Et
290 1269 412 1326 ideo
464 1271 579 1342 ipse
628 1270 889 1325 Dominus
940 1270 1018 1324 ait
1064 1269 1133 1324 de
1186 1283 1290 1324 eo:
1337 1267 1600 1322 Abraham
1639 1266 1774 1320 diem

171 1377 342 1417 meum
368 1362 517 1424 vidit.
550 1371 598 1416 et
626 1364 833 1433 gavisus
863 1371 933 1417 est
967 1359 1159 1432 (Ibid.,
1190 1361 1312 1418 56).

241 1457 331 1512 78.
365 1456 524 1513 Unde
554 1456 834 1526 Scriptura
863 1474 877 1510 :
917 1455 1126 1510 Vocavit
1156 1455 1419 1509 Abraham
1450 1471 1634 1511 nomen
1676 1455 1778 1510 loci

172 1549 347 1612 illius,
385 1547 634 1601 Dominus
662 1547 796 1600 videt
812 1563 832 1613 ;
864 1556 919 1600 ut
948 1546 1124 1600 dicant
1153 1547 1344 1601 hodie:
1374 1544 1442 1600 In
1469 1556 1640 1601 monte
1668 1545 1778 1599 Do-

175 1642 344 1695 minus
370 1641 611 1711 apparuit
643 1639 797 1710 (Gen.
830 1655 937 1695 xxn
957 1680 973 1706 ,
1005 1640 1128 1712 14),
1161 1640 1262 1695 hoc
1288 1648 1402 1704 est,
1433 1639 1576 1709 quod
1605 1653 1775 1709 appa-

176 1736 348 1790 ruerit
374 1734 639 1800 Abrahaa,
669 1734 917 1790 revelatis
943 1732 1178 1788 futuram
1206 1735 1289 1788 sui
1319 1732 1626 1804 passionem
1653 1745 1778 1786 cor-

1871 523 2097 579 afl‘ectus
2127 523 2406 592 probatur.
2451 521 2520 576 Et
2569 522 2824 586 surrexit,
2874 519 3078 591 inquit.
3132 519 3390 573 Abraham
3436 532 3469 568 a

1870 625 2069 670 mortuo
2103 613 2258 686 (Gen.
2291 631 2456 683 χχιιι,
2491 614 2571 685 5),
2603 614 2875 671 Docemur
2908 622 2964 668 ιιι
2996 628 3103 668 non
3146 612 3348 668 diutius
3389 611 3474 667 in-

1869 709 2175 765 haereatnns
2223 710 2490 776 mortuis,
2540 708 2637 764 sed
2685 719 2948 780 quantum
2995 706 3131 762 satis
3177 715 3262 762 est
3308 703 3476 760 officii

1869 803 2202 861 deferamus.
2235 804 2538 862 Festinavit
2564 813 2746 861 autem
2771 802 2797 842 ἀ
2821 820 2918 875 pro
2939 803 3059 859 loco
3080 801 3316 873 sepulcri
3353 815 3479 873 pre-

1872 899 2005 955 tium
2037 898 2248 955 solverc
2270 941 2285 966 ,
2305 914 2429 954 cum
2460 899 2629 970 gratis
2659 899 2919 964 daretur;
2953 905 3010 951 ut
3039 911 3145 952 non
3191 895 3244 950 in
3286 890 3478 948 alienis

1872 993 2037 1061 locis,
2073 993 2169 1049 sed
2202 995 2404 1050 nostris
2439 995 2615 1064 potius
2645 992 2981 1048 mdiflcemus
3014 992 3250 1047 tumulos
3278 1005 3478 1062 paren-

1874 1095 1984 1142 tum
2011 1087 2097 1143 vel
2129 1088 2518 1157 proximorum.
2549 1087 2708 1157 Saepe
2736 1085 2880 1141 enim
2910 1100 3031 1141 cum
3062 1081 3480 1140 alienationibus

1875 1181 2283 1251 possessionum
2315 1181 2535 1236 venales
2566 1179 2736 1242 fiunt,
2769 1193 2890 1249 quae
2921 1177 2972 1232 in
3007 1177 3197 1233 iisdem
3230 1176 3365 1232 locis
3394 1190 3481 1230 se-

1875 1274 2107 1342 pulturae
2132 1282 2280 1327 sunt.
2312 1272 2426 1330 Hoc
2456 1282 2635 1327 autem
2669 1270 2792 1327 ideo
2832 1268 3108 1325 Abraham
3152 1269 3312 1336 fecit;
3355 1269 3482 1339 quia

1878 1367 2117 1423 nondum
2151 1376 2309 1423 erant
2341 1366 2645 1438 bujusmodi
2682 1366 2776 1421 Dei
2812 1366 3044 1436 templa,
3087 1365 3141 1421 in
3181 1365 3376 1436 quibus
3414 1364 3482 1420 fi-

1879 1459 2082 1516 delium
2116 1461 2344 1516 Domino
2371 1459 2615 1529 reliquias
2647 1459 2971 1516 condantur.

1949 1554 2040 1610 81.
2095 1554 2365 1610 Senuerat
2413 1553 2738 1608 Abraham:
2791 1553 2974 1622 itaque
3022 1549 3166 1622 quod
3214 1549 3344 1607 boni
3396 1557 3481 1607 est

1878 1645 2078 1716 patris,
2122 1647 2310 1703 debuit
2349 1663 2570 1703 uxorem
2614 1645 2904 1717 providere
2937 1646 3048 1700 filio
3079 1663 3092 1698 :
3127 1644 3223 1700 sed
3257 1654 3480 1715 propter

1879 1741 2158 1797 oraculum
2200 1741 2297 1798 Dei
2341 1757 2446 1797 non
2486 1750 2704 1814 poterat
2743 1738 2928 1796 redire
2966 1755 3032 1795 eo
3056 1781 3070 1803 .
3116 1738 3260 1794 unde
3293 1740 3482 1810 jussus

175 1827 357 1899 poris,
405 1842 510 1897 qua
558 1826 814 1881 mundum
867 1826 1135 1881 redemit:
1185 1826 1568 1881 demonstrans
1609 1824 1774 1880 etiam

1898 1843 1994 1889 arat
2042 1833 2217 1890 exire.
2265 1833 2553 1889 liabitabat
2599 1843 2779 1889 autem
2828 1833 2881 1888 in
2934 1831 3099 1888 terris
3143 1832 3484 1886 Chanantco-

174 1934 346 1990 gcnus
377 1918 676 1988 passionis,
706 1933 827 1973 cum
857 1908 1184 1987 Suspensum
1211 1917 1240 1955 δ
1269 1915 1528 1973 ostendit.
1558 1914 1772 1987 Vit-gul-

177 2025 288 2070 tum
317 2014 446 2069 illud
475 2013 777 2084 patibulum
816 2013 994 2068 crucis
1022 2023 1125 2068 est.
1155 2012 1223 2067 Et
1247 2012 1301 2066 in
1331 2011 1434 2067 hoc
1461 2011 1608 2083 ligno
1637 2025 1776 2081 prte-

175 2107 548 2163 stantissimus
585 2105 780 2161 ductor
798 2107 979 2178 gregis
1001 2106 1266 2162 exaltatus
1297 2105 1478 2159 omnia
1513 2103 1680 2158 traxit
1707 2101 1776 2158 ad

175 2215 236 2257 se
263 2217 277 2265 ;
313 2199 467 2255 ut‘ab
495 2200 748 2254 omnibus
777 2209 1216 2269 cognosceretur.
1248 2197 1404 2254 Unde
1434 2205 1491 2253 et
1519 2197 1635 2267 ipse
1662 2197 1773 2254 ait:

175 2294 307 2351 Cum
350 2293 695 2349 exaltarerilis
736 2291 936 2346 Filium
977 2292 1241 2356 hominis,
1291 2303 1413 2346 tunc
1459 2290 1779 2360 cognoscetis

175 2388 298 2460 quia
327 2403 420 2459 ego
446 2403 559 2441 sum
602 2384 782 2456 (Joan.
816 2400 941 2452 vut,
969 2382 1085 2456 28).
1126 2383 1266 2439 Hinc
1308 2397 1520 2455 qauque
1561 2397 1779 2453 prome-

178 2484 285 2538 ruit
323 2483 490 2538 Deum
516 2479 812 2537 Abraham.

251 2576 359 2641 79.Δ
382 2574 626 2644 Denique
646 2575 764 2629 haec
805 2582 889 2628 est
910 2572 1070 2627 tertia
1099 2569 1432 2628 benedictio.
1464 2568 1605 2625 Tres
1633 2567 1778 2624 enim

180 2668 456 2740 plenarias
500 2667 710 2738 accepit
755 2667 1203 2723 benedictiones:
1249 2679 1408 2720 unam
1452 2671 1575 2735 post
1611 2662 1783 2719 victo-

183 2762 360 2827 riam,
400 2776 504 2832 qua
545 2761 795 2816 liberavit
835 2768 1088 2830 nepotem
1112 2802 1126 2826 ,
1171 2758 1386 2829 quando
1427 2756 1669 2812 occurrit
1696 2755 1783 2812 illi

184 2852 586 2909 Melchisedech
606 2895 621 2919 ,
667 2851 884 2924 quando
909 2852 1046 2908 dixit
1071 2851 1121 2907 ei
1149 2851 1412 2906 Dominus
1441 2870 1453 2903 :
1488 2849 1706 2921 Respice
1731 2850 1786 2904 in

188 2948 408 3012 caelum,
449 2955 498 3001 et
541 2962 756 3001 numera
792 2945 998 3006 stellas.
1044 2945 1089 2999 si
1126 2945 1314 3015 poteris
1340 2961 1359 2998 :
1398 2944 1472 2998 sic
1497 2945 1591 2997 erit
1618 2960 1787 2998 semen

190 3048 353 3092 tuum.
399 3037 468 3093 Et
493 3039 709 3093 credidit
735 3036 999 3091 Abraham
1024 3035 1167 3102 Deo,
1197 3047 1244 3090 et
1272 3045 1567 3107 reputatunt
1601 3043 1674 3088 est
1707 3035 1788 3090 illi

189 3131 258 3186 ad
289 3131 549 3203 justitiam
578 3129 731 3203 (Gen.
761 3145 852 3198 xv,
881 3129 915 3185 5
938 3138 986 3184 et
1009 3128 1106 3199 6):
1148 3127 1310 3182 aliam
1352 3128 1569 3198 quando
1605 3127 1788 3196 jussus

1876 1941 1994 1981 rum
2020 1967 2034 1991 ,
2081 1941 2151 1982 ex
2196 1942 2303 1996 quo
2349 1941 2548 1997 genere
2594 1925 2888 1998 legitimam
2930 1924 3336 1981 successionem
3377 1921 3483 1980 sibi

1876 2033 2124 2088 quaerere
2154 2017 2412 2089 fugiebat.

1948 2111 2038 2166 82.
2084 2109 2152 2165 Et
2193 2112 2393 2166 vocavit
2424 2129 2644 2183 puerum
2674 2113 2928 2170 seniorem
2957 2111 3144 2169 domus
3169 2127 3277 2168 sua:
3305 2110 3324 2184 (
3349 2109 3479 2166 Gen.

1878 2217 2024 2266 xxiv,
2043 2202 2128 2270 2),
2155 2213 2208 2259 et
2229 2203 2367 2258 dixit
2388 2205 2435 2260 ei
2459 2216 2515 2260 ut
2540 2206 2644 2261 iret
2666 2207 2719 2262 in
2739 2207 3029 2272 Charram,
3054 2205 3199 2262 etde
3222 2201 3486 2274 proximis

1879 2296 1992 2350 suis
2023 2312 2249 2353 uxorem
2281 2307 2490 2368 peteret
2508 2299 2728 2371 .juniori
2759 2300 2980 2357 domino
3010 2315 3129 2356 suo.
3174 2297 3332 2354 Disce
3361 2297 3486 2352 hinc

1879 2392 2022 2462 quod
2054 2393 2217 2449 etiam
2247 2393 2482 2449 senioris
2511 2395 2691 2450 :etalis
2730 2397 2932 2452 servuli
2977 2394 3127 2466 pueri
3171 2392 3418 2448 dicantur
3455 2405 3487 2446 a

1881 2485 2118 2542 dominis
2139 2529 2154 2556 ,
2187 2488 2270 2544 vel
2303 2503 2332 2544 a
2364 2488 2672 2560 quibusque
2702 2489 3033 2561 potioribus.
3069 2487 3227 2545 Unde
3269 2495 3327 2544 et
3365 2485 3489 2558 qui-

1880 2579 2004 2635 dam
2035 2591 2196 2650 poeta
2225 2581 2330 2638 hoc
2360 2581 2702 2652 sequendum
2747 2583 2995 2653 putavit:
3039 2582 3156 2637 sive
3203 2580 3258 2637 in
3299 2595 3488 2635 eorum

1883 2686 1982 2727 usu
2013 2674 2104 2742 qui
2145 2673 2247 2729 sibi
2289 2673 2436 2730 docti
2477 2685 2533 2730 et
2579 2676 2860 2747 sapientes
2906 2675 3179 2742 videntur,
3227 2673 3344 2744 ipse
3386 2671 3493 2728 hoc

1884 2765 2091 2834 reperit
2120 2782 2134 2818 :
2167 2766 2285 2822 sive
2327 2766 2395 2823 de
2432 2767 2638 2824 nostris
2667 2768 2785 2839 ipse
2817 2766 3135 2825 transtulit:
3165 2766 3282 2822 sive
3314 2773 3495 2822 trans-

1886 2859 2056 2916 latum
2088 2859 2293 2916 invenit
2324 2879 2337 2913 :

2014 2968 2208 3019 Pascite
2240 2974 2294 3019 ut
2323 2977 2438 3022 ante
2461 2971 2643 3033 boves,
2667 2973 2836 3036 pueri,
2866 2971 3141 3036 submittite
3179 2977 3366 3036 tauros.

2942 3031 3116 3098 (Virg.
3148 3032 3254 3085 Ecl.
3281 3032 3341 3097 ι.)

1892 3135 2022 3193 lude
2051 3145 2107 3192 et
2137 3151 2338 3207 pueros
2369 3137 2599 3194 dicimus
2621 3179 2636 3205 ,
2669 3137 2885 3209 quando
2927 3137 3176 3194 servulos
3218 3136 3498 3208 significa-

191 3233 276 3281 οδῐ
299 3223 569 3280 Abraham
596 3223 861 3280 nominari
892 3222 1047 3297 (θεῖτο
1074 3238 1222 3289 XV".
1247 3223 1302 3294 5)
1323 3265 1337 3290 9
1369 3233 1423 3279 ει
1451 3222 1787 3294 signaculum
1817 3236 1864 3301 C
1896 3245 2015 3286 mus
2038 3273 2054 3299 ,
2088 3245 2194 3286 non
2227 3239 2441 3288 :ctatem
2477 3232 2847 3302 exprimentes
2869 3275 2883 3298 ,
2915 3231 3011 3287 sed
3045 3229 3441 3287 conditionem.

192 3318 358 3390 308
385 3322 597 3389 accepit
624 3317 1058 3374 circumcisionis
1087 3333 1100 3371 :
1135 3316 1351 3373 tertiam
1406 3316 1493 3372 hic
1515 3359 1528 3382 ,
1571 3315 1791 3388 quando

192 3410 607 3467 dilectissimum
634 3410 803 3465 illium
830 3425 988 3465 suum
1017 3409 1390 3467 holocaustum
1421 3410 1531 3465 Deo
1561 3425 1668 3465 non
1695 3409 1793 3466 du-

193 3503 388 3561 bitavit
408 3503 624 3561 offerre.
649 3503 776 3559 llazc
806 3503 1000 3559 iterum
1020 3503 1330 3560 benedictio
1358 3503 1612 3574 praestitit
1631 3518 1794 3574 snpe-

196 3596 453 3652 rioribus.
486 3595 545 3651 In
574 3595 680 3651 illis
707 3595 851 3652 enim
884 3595 1332 3668 propagationem
1362 3595 1587 3651 seminis
1620 3594 1795 3651 Abra-

197 3688 283 3744 ha:
328 3689 578 3760 promisit
607 3688 842 3745 futuram
871 3707 882 3742 :
918 3688 970 3742 in
1005 3689 1105 3744 hac
1134 3697 1312 3744 autem
1342 3689 1451 3743 ait:
1489 3687 1557 3742 Et
1595 3687 1798 3742 benedi-

199 3792 378 3837 centur
415 3783 470 3837 in
505 3783 692 3838 semine
729 3792 816 3836 tuo
846 3793 868 3821 ο
899 3798 1072 3837 omnes
1112 3792 1284 3854 gentes
1322 3793 1512 3847 terrm;
1553 3784 1798 3852 quoniam

201 3878 396 3933 audisti
424 3893 599 3933 uocem
622 3893 791 3932 meam
816 3876 972 3950 (Gen.
1004 3892 1152 3942 xxu,
1182 3877 1297 3947 i8).
1329 3875 1398 3930 Et
1423 3890 1522 3930 nos
1550 3889 1680 3946 ergo
1705 3891 1800 3930 au-

201 3973 416 4029 diamus
454 3987 644 4027 vocem
689 3972 781 4026 Dei
823 3971 1032 4037 nostri,
1075 3979 1130 4025 et
1169 3968 1485 4025 obediamus
1515 3969 1800 4040 praeceptis

205 4065 327 4138 ejus
348 4107 361 4133 ,
395 4066 441 4121 si
469 4065 717 4121 volumus
746 4064 888 4136 apud
921 4080 1044 4120 eum
1077 4063 1322 4120 invenire
1350 4062 1602 4134 gratiam.

828 4157 1055 4215 CAPUT
1092 4157 1185 4214 IX.

207 4253 436 4312 Moritur
475 4254 610 4312 Sara
646 4272 709 4309 ac
734 4254 998 4326 sepelitur.
1040 4252 1300 4308 Abraham
1330 4252 1443 4324 ﬁlio
1470 4268 1562 4308 suo
1592 4268 1805 4308 uxorem

280 4349 533 4421 providet,
552 4365 761 4421 eantque
787 4349 856 4403 ad
881 4365 991 4404 rem
1016 4347 1266 4404 delectum
1289 4364 1488 4404 servum
1502 4351 1806 4422 juramento

277 4444 375 4498 sibi
395 4443 585 4515 obligat
608 4459 627 4496 :
653 4451 702 4497 et
727 4441 851 4512 quid
877 4441 990 4496 istic
1020 4441 1173 4496 lateat
1195 4441 1464 4512 mysterii?
1483 4439 1551 4494 In
1571 4439 1808 4510 eligenda

278 4535 498 4606 conjuge
535 4534 791 4607 imprimis
832 4535 944 4604 ejus
981 4533 1278 4606 religionem
1324 4550 1389 4589 ea:
1435 4551 1537 4604 qua
1584 4533 1808 4604 pendent

281 4645 446 4684 mores
469 4670 483 4695 ,
513 4628 863 4698 speclandant.
903 4627 1170 4696 Quomodo
1211 4628 1488 4698 guwrenda
1528 4627 1764 4699 proxima
1789 4668 1803 4693 ,
1831 4621 1886 4684 D

283 4742 388 4780 non
417 4725 734 4796 alienigena,
779 4739 872 4778 nec
909 4723 1116 4778 invita?
1150 4722 1262 4790 Quo
1288 4725 1408 4778 item
1436 4723 1592 4777 modo
1617 4724 1673 4777 in
1703 4721 1808 4778 Re-

285 4818 433 4873 becca
452 4817 716 4890 designata
742 4816 808 4871 sit
830 4814 1064 4870 Ecclesia
1085 4825 1130 4869 et
1155 4815 1458 4885 baptismus.
1488 4813 1631 4882 Quas
1657 4815 1807 4869 inau-

209 4927 214 4932 '
284 4928 366 4968 res
393 4911 621 4983 exemmo
647 4909 890 4966 Rebecca:
911 4909 1103 4965 ambire
1130 4908 1342 4964 debeant
1367 4907 1678 4963 Christianae
1701 4908 1808 4962 vir-

285 5008 463 5077 gines;
489 5005 673 5076 quidve
691 5005 798 5060 alia
819 5020 1035 5059 munera
1058 5004 1222 5058 eidem
1247 5004 1434 5074 puellis
1454 5003 1626 5057 oblata
1653 5001 1816 5074 signi-

285 5103 479 5172 ﬁcent?
528 5100 695 5168 Quam
739 5100 1047 5154 imitandum
1093 5098 1308 5170 pudoris
1353 5096 1648 5166 exemplum
1701 5097 1819 5166 ipsa

288 5193 603 5264 pra’bnerit;
633 5200 681 5245 et
707 5207 863 5261 quam
906 5192 1028 5246 bene
1073 5193 1127 5245 in
1177 5195 1290 5266 ejus
1330 5190 1572 5263 conjugio
1621 5191 1818 5245 vacatio

287 5284 537 5339 Ecclesia:
561 5293 711 5354 atque
734 5285 1072 5354 apostolicum
1097 5285 1433 5339 ministerium
1457 5284 1776 5354 exprimatur
1807 5285 1828 5338 !

293 5377 384 5432 80.
434 5374 611 5434 Locus
649 5376 740 5451 qui
785 5361 1051 5446 seqniiur,
1101 5376 1267 5433 habet
1312 5390 1543 5432 mortem
1595 5376 1821 5445 uxoris,

293 5514 321 5544 α
350 5501 427 5557 Ita
458 5501 591 5558 edit.
620 5515 829 5558 omnes.
859 5499 930 5554 At
953 5498 1190 5570 quinque
1214 5513 1347 5553 mss.
1376 5498 1621 5554 melioris
1650 5505 1813 5564 notae,

222 5581 372 5651 cujus
401 5575 731 5644 principium.
766 5572 1004 5638 Utraque
1029 5580 1205 5625 autem
1237 5570 1405 5626 dictio
1433 5570 1626 5626 eodem
1656 5582 1821 5624 sensu

300 5668 309 5681 '
411 5664 439 5694 tl
557 5688 570 5701 ,

222 5650 328 5758 du:
356 5655 668 5782 ἑὶάξὲδξιειη
699 5714 924 5771 ostendit
952 5713 1179 5765 arietem.
1209 5712 1396 5779 Rom.,
1433 5751 1448 5767 .
1483 5753 1496 5766 .
1530 5752 1543 5766 .
1581 5710 1822 5770 cornibus

224 5793 460 5847 arietem.
503 5791 767 5846 Neutrum
800 5785 1069 5853 reperitur
1099 5785 1151 5837 in
1185 5798 1316 5839 mss.
1353 5799 1524 5854 neque
1554 5786 1821 5854 adeone-

226 5863 528 5921 ccssarium
558 5869 673 5926 est,
702 5873 825 5916 cum
853 5854 986 5914 satis
1010 5854 1344 5926 intelligatur
1369 5871 1400 5912 e
1427 5853 1823 5925 superioribus.

1965 3325 2055 3380 83.
2101 3324 2343 3380 Advorte
2376 3341 2522 3381 nunc
2553 3324 2781 3381 virtutes
2808 3325 2936 3382 boni
2968 3322 3412 3396 patrisfamilias,
3446 3327 3504 3380 et

1893 3417 2180 3474 considera
2213 3417 2484 3488 primum,
2517 3417 2663 3490 quod
2695 3434 2926 3482 munus,
2959 3429 3008 3474 et
3042 3417 3126 3472 cui
3161 3415 3413 3482 mandet;
3446 3421 3508 3470 ut

1893 3519 1948 3566 et
1979 3518 2032 3566 tu
2065 3511 2139 3565 ita
2171 3510 2424 3566 instituas
2452 3511 2703 3566 servulos
2726 3553 2740 3578 ,
2767 3521 2826 3567 ut
2857 3510 3046 3566 liberis
3078 3509 3187 3565 tuis
3215 3516 3504 3578 paternum

1893 3601 2145 3658 affectum
2175 3601 2463 3671 deferant,
2497 3611 2553 3658 et
2582 3602 2762 3657 ofﬁcia
2795 3609 3183 3673 exsequantur.
3218 3599 3382 3673 309
3409 3599 3502 3656 ln-

1895 3703 2090 3751 ventus
2120 3703 2205 3751 est
2233 3693 2302 3751 de
2331 3694 2563 3751 servulis
2593 3695 2798 3763 senior,
2832 3705 3015 3750 tamen
3047 3695 3138 3766 qui
3171 3693 3237 3749 ad
3269 3707 3500 3749 uxorem

1897 3787 2290 3859 providendam
2325 3788 2549 3843 domino
2573 3786 2780 3857 juniori
2812 3788 3127 3858 eligeretur,
3161 3796 3216 3843 et
3244 3785 3510 3842 constric-

1902 3891 1988 3938 tus
2019 3891 2077 3936 ut
2103 3881 2352 3952 juraret,
2393 3881 2638 3936 mitteret
2677 3894 2894 3934 manum
2941 3881 3043 3935 sub
3084 3878 3259 3934 femur
3299 3876 3509 3932 domini

1901 3973 2007 4029 sui.
2042 3973 2146 4028 Per
2178 3973 2351 4027 femur
2379 3971 2790 4042 generationem
2833 3969 3194 4041 intelligimus
3223 3987 3237 4024 :
3279 3983 3512 4039 genera-

1902 4065 1978 4119 tio
2003 4073 2182 4119 autem
2209 4061 2443 4118 Abrabze
2469 4062 2722 4118 Christus
2749 4071 2852 4119 est.
2880 4061 3036 4119 Unde
3066 4061 3363 4134 Apdstolus
3391 4063 3502 4118 ait:

1904 4159 2126 4215 Abrahae
2155 4160 2307 4214 dicae
2335 4169 2456 4214 sunt
2493 4159 2861 4227 promissiones
2885 4200 2898 4225 ,
2924 4168 2972 4214 et
2994 4158 3178 4214 semini
3204 4160 3340 4232 ejus.
3385 4157 3511 4213 Non

1907 4253 2069 4320 dicit,
2103 4265 2153 4310 et
2183 4253 2495 4322 seminibus,
2521 4254 2670 4326 quasi
2698 4253 2752 4309 in
2783 4253 2998 4309 multis:
3027 4253 3118 4308 sed
3144 4253 3276 4308 sicut
3303 4253 3357 4306 in
3385 4268 3512 4319 uno,

1907 4354 1954 4400 et
1987 4346 2172 4400 semini
2210 4355 2334 4415 tuo,
2375 4346 2517 4419 quod
2555 4355 2632 4401 est
2675 4346 2914 4402 Christus
2947 4346 3096 4418 (Gal.
3131 4362 3225 4414 ιιι,
3262 4342 3395 4416 16);
3427 4359 3517 4400 os-

1911 4438 2142 4495 tendens
2184 4455 2282 4510 per
2332 4439 2508 4510 ipsum
2559 4438 2716 4495 nobis
2766 4450 3019 4496 sanctum
3071 4447 3514 4506 sacramentum,

1909 4546 2010 4603 per
2041 4531 2219 4602 ipsum
2255 4537 2427 4587 tutum
2459 4530 2723 4586 auxilium
2755 4530 2893 4588 fore.

1985 4625 2074 4682 8L
2109 4623 2450 4682 Constrinxit
2483 4635 2665 4682 autem
2697 4641 2822 4682 eum
2854 4640 2923 4682 ne
2961 4623 3030 4683 de
3059 4626 3269 4683 semine
3305 4623 3519 4683 Chana-

1914 4736 2158 4778 ntcorum
2191 4736 2415 4777 uxorem
2436 4719 2728 4777 arcessiret
2756 4720 2980 4776 domino
3009 4735 3132 4788 suo,
3156 4735 3388 4792 quorum
3417 4735 3517 4791 ge-

1917 4817 2064 4872 neris
2091 4826 2283 4870 auctor
2310 4825 2520 4884 patrem
2550 4829 2657 4870 non
2687 4813 3074 4880 honoraverat,
3109 4822 3165 4870 et
3192 4813 3315 4869 ideo
3345 4811 3519 4868 male-

1917 4905 2171 4962 dictionis
2193 4904 2567 4961 hmreditatem
2601 4905 2898 4962 transmisit
2919 4907 2973 4961 in
2997 4920 3160 4971 suos;
3194 4914 3254 4959 ut
3280 4918 3519 4976 cognos-

1918 5015 2107 5054 camus
2140 4999 2324 5064 fidem,
2361 5008 2416 5054 et
2442 4997 2728 5070 quamdam
2759 4998 3132 5056 haereditatem
3173 4997 3242 5054 de
3288 4997 3527 5053 auctoris

1922 5096 2176 5166 prosapia
2227 5095 2280 5148 in
2319 5093 2386 5148 iis
2430 5093 2840 5164 requirendam,
2880 5108 3021 5164 quos
3063 5090 3224 5147 nobis
3271 5089 3524 5145 volumus

1925 5189 2240 5259 adjungere.
2293 5186 2428 5243 Cum
2458 5198 2652 5243 sancto
2682 5187 2829 5243 enim
2877 5194 3100 5241 sanctus
3142 5181 3275 5247 eris,
3306 5192 3361 5237 et
3401 5195 3523 5236 cum

1924 5297 2182 5354 perverso
2212 5281 2565 5352 perverteris.
2601 5280 2660 5336 Si
2701 5278 2805 5334 hoc
2835 5279 2888 5332 in
2939 5277 3086 5342 aliis,
3117 5285 3324 5346 quanto
3352 5270 3529 5344 magis

1926 5375 1985 5431 in
2013 5375 2288 5446 conjugio,
2320 5374 2411 5430 ubi
2441 5389 2542 5430 una
2569 5387 2722 5437 caro,
2756 5382 2810 5427 et
2841 5385 2983 5426 unus
3011 5369 3234 5437 spiritus
3258 5377 3364 5423 est.
3384 5368 3531 5434 Quo-

1922 5498 2030 5555 Sed
2064 5513 2195 5554 mss.
2230 5495 2442 5553 Theod.
2475 5504 2532 5553 et
2560 5494 2713 5551 Vale.
2750 5493 2968 5566 legunt,
3003 5490 3226 5547 ostendit
3264 5488 3486 5562 virgulto
3510 5531 3528 5560 ,

1924 5571 1981 5625 id
2009 5581 2082 5625 est
2109 5569 2277 5637 illud,
2310 5577 2416 5625 etc.

2003 5653 2024 5681 ο
2058 5643 2134 5697 lta
2165 5629 2297 5696 mss.
2329 5655 2519 5697 omnes
2540 5680 2557 5707 ,
2587 5647 2643 5694 et
2671 5635 2831 5692 Rom.
2862 5633 2994 5691 edit.
3028 5629 3150 5690 νει.
3184 5643 3364 5690 autem
3393 5636 3527 5693 edit.

1931 5731 2104 5786 omnes
2135 5731 2285 5786 reges
2310 5724 2478 5767 terris.

2001 5784 2025 5825 δ
2058 5775 2310 5844 Νυιιιῖιιιιί
2347 5799 2478 5840 mss.
2517 5777 2749 5836 Festinat
2777 5789 2948 5834 autem
2977 5793 3076 5848 pro
3106 5775 3278 5834 loculo
3301 5819 3316 5848 ,
3347 5789 3453 5837 etc.
