4082 6370
634 264 733 339 451

1949 271 2198 333 SANCTI
2234 269 2562 336 AMBROSII

3839 271 3938 330 ιεπξ

633 391 797 446 modo
817 398 994 446 autem
1023 395 1197 462 potest
1231 399 1532 459 congruere
1557 384 1820 450 charitas,
1870 385 1918 441 si
1947 383 2222 455 discrepet
2247 385 2302 447 Α
2327 387 2429 442 iret
2461 385 2642 443 studio
2675 387 2946 457 petitoris,
2975 395 3031 442 et
3068 386 3265 456 puellae
3307 385 3617 444 inclinaret
3657 384 3929 441 animum.

631 483 803 540 fides?
833 483 898 538 Et
921 481 1040 537 ideo
1067 495 1218 546 cave,
1244 477 1574 545 Christiane,
1605 477 1793 550 gentili
1819 485 1914 534 aut
1940 475 2130 533 Judmo
2157 476 2218 531 ﬁ-

631 577 755 633 liam
795 587 939 634 tuam
981 573 1196 632 tradere
1221 573 1338 647 (28,
1376 591 1429 644 q.
1478 573 1530 639 i,
1560 589 1675 644 cap.
1715 570 1892 643 Cave).
1927 569 2096 638 Cave,
2133 570 2218 626 in-

628 688 807 745 quam,
836 672 1090 745 gentilem
1117 678 1211 726 aut
1235 667 1479 726 iudicant
1506 677 1670 736 atque
1703 667 2086 738 alienigenam,
2118 666 2222 721 hoc

627 775 731 832 est,
761 765 1094 832 haereticam,
1139 772 1196 820 et
1231 777 1449 820 omnem
1493 762 1728 818 alienam
1776 777 1804 815 a
1833 760 1943 818 ﬁde
1973 768 2062 817 tua
2090 774 2223 816 uxo-

626 871 740 912 rem
787 870 1034 911 arcessas
1077 855 1195 910 tibi.
1249 853 1428 910 Prima
1493 853 1728 926 conjugii
1773 851 1910 908 ﬁdes
1954 850 2222 908 castitatis

623 948 794 1018 gratia
821 956 923 1002 est.
956 945 1012 1001 Si
1059 945 1204 1002 idola
1235 945 1381 1002 colat
1413 961 1643 1018 quorum
1676 943 2043 1016 praedicantur
2068 943 2224 998 adul-

627 1037 782 1103 teria,
814 1039 858 1093 si
882 1035 1159 1093 Christum
1189 1047 1349 1109 neget
1377 1038 1468 1108 qni
1497 1044 1799 1112 prmeeptor
1823 1047 1880 1092 et
1905 1050 2223 1092 remunera-

626 1138 711 1185 tor
758 1139 845 1186 est
873 1130 1169 1201 pudicitiae,
1215 1131 1496 1203 quomodo
1528 1138 1704 1202 potest
1751 1130 1979 1202 diligere
2018 1129 2227 1202 pudici-

625 1222 792 1278 tiam?
833 1222 892 1279 Si
937 1222 1245 1280 Christiana
1299 1223 1392 1289 sit,
1446 1239 1552 1278 non
1600 1234 1684 1278 est
1721 1224 1870 1290 satis,
1922 1223 2027 1278 nisi
2066 1221 2227 1279 ambo

625 1315 823 1371 initiati
860 1313 982 1371 sitis
1009 1324 1355 1372 sacramento
1385 1315 1751 1387 baptismatis.
1781 1315 1956 1372 Simul
1999 1315 2070 1370 ad
2101 1329 2230 1371 ora-

626 1407 829 1464 tionem
883 1416 1044 1464 nocte
1089 1408 1247 1464 vobis
1291 1407 1621 1478 surgendum
1667 1418 1773 1474 est,
1825 1417 1881 1464 et
1922 1407 2228 1480 conjunctis

627 1502 882 1572 precibus
923 1501 1290 1558 obsecrandus
1337 1500 1502 1557 Deus.
1548 1501 1774 1558 Accedit
1819 1501 1967 1556 aliud
2013 1503 2229 1573 insigne

627 1595 986 1660 castimoniae,
1022 1595 1067 1650 si
1114 1594 1309 1652 credas
1338 1611 1368 1650 a
1400 1595 1513 1652 Deo
1558 1606 1650 1651 tuo
1693 1595 1785 1651 tibi
1814 1595 1957 1667 quod
1999 1596 2230 1652 sortitus

628 1700 711 1752 es,
754 1687 1066 1758 conjugium
1089 1685 1297 1745 datum.
1328 1685 1482 1744 Unde
1512 1699 1568 1742 et
1592 1687 1848 1744 Salomon
1873 1688 1952 1743 ait
1981 1704 1996 1741 :
2025 1689 2069 1742 Α
2096 1688 2225 1756 Deo,

2320 479 2487 546 Quasi
2514 479 2778 552 propheta
2805 479 2914 535 hoc
2942 478 3082 536 dixit
3110 480 3168 536 in
3191 494 3357 537 causa
3389 479 3512 546 ﬁlii,
3548 486 3612 535 et
3629 478 3799 550 quasi
3826 493 3940 534 mo-

2324 573 2452 628 ralis
2479 573 2674 630 doctor
2695 571 2882 632 docuit
2915 587 3140 644 sperare
3169 572 3237 630 de
3269 572 3531 642 Domino,
3575 570 3734 644 quod
3758 571 3940 641 iuvare

2324 663 2575 735 dignetur
2605 664 2934 722 incrementa
2960 663 3082 722 ﬁdei
3111 674 3475 736 qumrentem.

2397 758 2488 816 87.
2518 757 2584 816 Et
2606 774 2818 830 surgens
2849 774 2974 827 puer
2996 767 3261 829 profectus
3291 769 3368 816 est
3396 759 3455 814 its
3499 757 3938 828 Impensius

2325 849 2517 921 (Ibid,
2563 851 2654 921 10)
2688 869 2700 905 :
2733 860 2789 908 et
2811 853 2963 923 juxta
2994 853 3105 907 voti
3146 853 3344 910 seriem
3390 851 3539 924 quod
3585 851 3938 924 proﬁciscens

2325 946 2574 1002 servulus
2603 953 2848 1012 voverat,
2874 946 3098 1000 occurrit
3122 946 3166 999 ei
3195 944 3446 1012 Rebecca,
3473 943 3684 1000 habens
3705 943 3936 1014 hydria!

2325 1052 2482 1106 super
2520 1037 2808 1105 humerum,
2853 1039 2998 1109 virgo
3037 1038 3271 1108 speciosa
3299 1036 3473 1102 ualde,
3519 1053 3693 1107 quant
3741 1036 3820 1090 εἰν
3849 1052 3934 1089 nos
4012 1077 4013 1109 ξ

2327 1141 2652 1204 cognoverat.
2709 1129 2984 1188 Descendit
3023 1142 3192 1187 autem
3241 1132 3312 1186 ad
3341 1137 3563 1201 fontem,
3616 1142 3670 1185 et
3717 1130 3934 1199 implerit

2326 1225 2587 1297 hydriam,
2614 1225 2754 1281 dedit
2785 1242 2945 1296 puero
2972 1225 3156 1293 bibere,
3196 1225 3478 1294 adaqmit
3506 1239 3700 1278 omnes
3724 1222 3932 1277 camelos

2329 1321 2441 1386 eius
2474 1317 2664 1391 (Ibid.,
2706 1319 2772 1374 15
2809 1329 2858 1374 et
2886 1318 3040 1390 seq.).
3089 1317 3244 1375 Unde
3279 1332 3414 1388 puer
3459 1316 3714 1372 Abrahae
3745 1315 3932 1385 accepit

2331 1412 2553 1468 inaures
2578 1427 2772 1469 aureas
2798 1412 3134 1483 singularum
3165 1411 3579 1477 drachmarum,
3613 1419 3674 1466 et
3711 1409 3848 1464 duas
3867 1409 3929 1460 vi-

2332 1507 2442 1562 rias
2468 1505 2618 1560 dedit
2656 1506 2710 1560 in
2755 1521 2948 1564 manus
2977 1505 3116 1575 ejus,
3151 1505 3340 1560 decem
3388 1516 3700 1558 aureorum
3732 1499 3924 1572 pondus

2332 1614 2541 1666 earum,
2569 1608 2624 1655 et
2649 1599 2899 1670 quaesivit
2926 1598 2996 1653 ab
3026 1614 3088 1655 ea
3120 1599 3167 1656 si
3207 1598 3360 1654 locus
3390 1606 3544 1653 esset
3591 1595 3858 1666 hospitio,
3883 1605 3923 1648 et

2333 1692 2484 1764 cujus
2509 1701 2654 1750 esset
2687 1693 2818 1748 ﬁlia.
2868 1693 3199 1763 Simplicitas
3237 1691 3457 1763 quidem
3499 1691 3739 1747 moralis
3769 1691 3924 1760 expri-

629 1780 828 1852 inqmt,
868 1781 1244 1853 preparabitur
1285 1781 1394 1835 viro
1438 1779 1777 1852 uxor(Prov.
1805 1795 1926 1847 xu,
1962 1777 2076 1853 14).
2107 1779 2226 1835 Νοιι
2255 1779 2306 1864 Β
2332 1787 2516 1852 mitur,
2549 1786 2694 1858 Quod
2737 1787 2919 1844 nullus
2950 1786 3113 1842 fuerit
3140 1785 3229 1843 vel
3281 1785 3334 1840 in
3381 1785 3630 1855 eonjugii
3681 1785 3925 1856 petitione

631 1886 858 1947 possunt
889 1877 990 1930 hoc
1035 1875 1280 1946 dispares
1313 1875 1418 1931 ﬁde
1462 1874 1712 1942 credere,
1746 1883 1804 1929 ut
1843 1873 1912 1930 ab
1956 1889 2022 1930 eo
2067 1889 2226 1945 quem

629 1981 738 2024 non
767 1967 917 2033 colit,
951 1976 1104 2039 putet
1152 1968 1254 2022 sibi
1298 1966 1557 2023 connubii
1608 1966 1941 2039 impartitam
1972 1969 2223 2039 gratiam.

629 2061 790 2117 Ratio
811 2062 992 2130 docet,
1017 2062 1110 2118 sed
1130 2063 1362 2136 amplius
1387 2063 1637 2133 exempla
1668 2073 2046 2118 commonent.
2070 2062 2230 2133 Saepe

628 2154 881 2212 illecebra
927 2155 1205 2211 muliebris
1234 2155 1453 2227 decepit
1495 2155 1660 2211 etiam
1690 2154 1947 2210 fortiores
1976 2155 2227 2223 maritos,

627 2256 682 2304 et
707 2265 734 2302 a
762 2250 1023 2320 religione
1049 2249 1177 2305 fecit
1206 2249 1491 2306 discedere
1520 2249 1607 2324 (Ill
1643 2249 1772 2320 Reg.
1803 2246 1978 2320 ΠΛ).
2014 2248 2084 2304 Ει
2109 2249 2233 2304 ideo

627 2351 684 2398 tu
713 2344 797 2400 vel
844 2344 1018 2400 amori
1065 2345 1315 2412 consule,
1365 2345 1452 2401 vel
1496 2359 1743 2400 errorem
1789 2358 1946 2400 cave.
1988 2343 2230 2401 Primum

627 2452 760 2508 ergo
805 2438 860 2493 in
905 2437 1165 2510 conjugio
1213 2437 1404 2508 religio
1448 2439 1731 2509 quaeritur.
1783 2435 1912 2493 ideo
1957 2434 2232 2492 Abraham

632 2532 932 2602 proximam
963 2532 1222 2602 quaesivit
1247 2532 1380 2588 dare
1413 2531 1526 2587 ﬁlio
1551 2548 1673 2588 suo.

706 2623 797 2678 85.
831 2623 898 2678 Et
946 2633 1002 2678 tu
1032 2622 1332 2696 proximam
1372 2640 1580 2694 qtttcre.
1615 2623 1748 2692 Quis
1788 2632 1874 2681 est
1905 2624 2235 2694 proximus?

639 2717 740 2784 Qui
785 2717 928 2790 fecit,
975 2717 1171 2788 inquit,
1217 2717 1646 2773 misericordiam.
1691 2717 1750 2773 In
1795 2717 2100 2788 Evangelio
2136 2717 2237 2774 hoc

636 2811 774 2868 dixit
799 2812 1063 2870 Dominus
1089 2811 1272 2869 Jesus.
1298 2813 1366 2869 Et
1391 2823 1446 2870 tu
1473 2816 1774 2884 proximam
1806 2814 2036 2871 seminis
2058 2813 2236 2870 Abra-

637 2909 722 2964 hae
750 2909 988 2980 require,
1015 2917 1072 2964 ct
1093 2910 1450 2982 propinquam
1475 2911 1706 2980 proximi
1737 2911 1810 2966 tui
1835 2909 1990 2978 (Luc.
2025 2925 2086 2974 ι,
2116 2909 2233 2980 57).

636 3001 832 3070 Semen
857 2997 1092 3058 Abrahae
1123 2999 1372 3058 Christus
1412 3011 1515 3068 est,
1545 3002 1659 3073 ipse
1698 3013 1780 3058 est
1813 3002 2093 3072 proximus
2121 3017 2239 3057 om-

635 3095 806 3162 nium,
845 3095 936 3165 qui
959 3109 1122 3166 super
1143 3109 1337 3150 omnes
1368 3094 1499 3150 fecit
1540 3095 2000 3163 misericordiam,
2035 3095 2237 3152 tollens

2332 1879 2614 1935 ambitioni
2647 1879 2822 1945 locus,
2866 1879 2964 1937 sed
2997 1879 3260 1935 Dominus
3289 1878 3488 1948 praesul
3518 1877 3772 1948 coniugii
3813 1878 3924 1946 peti-

2335 1973 2536 2030 tionem
2581 1971 2908 2040 impleverit.
2960 1970 3167 2026 Tamen
3209 1979 3461 2040 spectare
3506 1969 3641 2025 licet
3683 1968 3922 2024 Ecclesia

2333 2065 2616 2136 mysteria.
2654 2065 2753 2124 Ubi
2787 2063 3061 2121 invenitur
3102 2062 3366 2130 Ecclesia,
3394 2063 3502 2118 nisi
3535 2062 3594 2118 in
3635 2060 3922 2132 Mesopota-

2333 2160 2439 2214 mia
2464 2158 2486 2212 ‘l
2512 2158 2586 2214 lbi
2611 2157 2895 2230 qureritur,
2929 2157 3055 2215 inde
3077 2158 3393 2223 arcessitur,
3433 2155 3508 2211 ibi
3531 2155 3762 2212 duobus
3788 2155 3922 2225 stipa.

2339 2261 2424 2306 tur
2449 2249 2785 2318 ﬂuminibus,
2809 2251 3026 2307 lavacro
3067 2248 3278 2322 gratiis,
3317 2258 3374 2305 et
3413 2247 3547 2305 ﬁetu
3579 2249 3919 2320 paenitentia.

2338 2343 2553 2400 Etenim
2583 2344 2684 2400 nisi
2717 2354 2941 2415 peccata
2970 2344 3188 2415 propria
3215 2342 3525 2409 deﬂeveris,
3559 2343 3669 2400 nisi
3713 2342 3920 2413 gratim

2339 2437 2678 2508 baptismatis
2715 2438 3015 2508 acceperis,
3053 2450 3159 2492 non
3195 2435 3308 2504 ,tibi
3346 2434 3656 2505 acquiritur
3682 2434 3923 2490 Ecclesia

2338 2529 2498 2596 ﬁdes,
2525 2539 2582 2584 et
2607 2539 2633 2567 ⁸
2663 2529 2911 2601 quaedam
2951 2529 3254 2601 conjugalis
3288 2529 3508 2598 copula.
3542 2528 3802 2584 Muniunt
3826 2543 3919 2583 eam

2338 2622 2555 2695 Tygris,
2587 2622 2692 2679 hoc
2736 2632 2840 2692 est,
2875 2622 3180 2694 prudentia,
3225 2631 3283 2678 et
3324 2621 3668 2694 Euphrates,
3703 2624 3808 2678 hoc
3833 2633 3917 2688 est,

2334 2716 2568 2788 justitia,
2597 2727 2652 2774 et
2703 2716 3025 2773 illuminatio
3063 2715 3362 2785 fructuosa,
3419 2730 3452 2772 a
3496 2715 3752 2772 barbaris
3791 2730 3919 2786 sepa-

2341 2825 2470 2866 rans
2494 2809 2770 2882 gentibus.

2413 2904 2504 2960 88.
2555 2901 2714 2974 Virgo
2764 2912 2939 2959 autem
2978 2903 3215 2972 speciosa
3261 2903 3430 2966 valde,
3473 2902 3639 2972 cujus
3687 2901 3916 2958 decorem

2342 2996 2488 3052 nulla
2534 2995 2780 3066 corrupit
2814 3004 2969 3050 tetas.
2999 2994 3257 3066 Speciosa
3289 2994 3476 3063 valde,
3507 2995 3639 3065 quia
3667 2995 3919 3064 speciosus

2344 3099 2398 3144 et
2425 3088 2521 3145 ille
2552 3104 2662 3160 pra:
2687 3087 2810 3144 ﬁliis
2853 3089 3156 3154 hominum,
3187 3087 3280 3158 qui
3324 3102 3444 3144 eam
3487 3087 3794 3158 acquisivit
3823 3084 3917 3140 sibi.

637 3196 914 3258 peccatum
949 3189 1160 3245 mundi.
1203 3189 1360 3246 Disce
1390 3189 1589 3247 deinde
1628 3192 1759 3263 quid
1792 3192 1844 3247 in
1888 3207 2060 3248 uxore
2087 3207 2238 3261 quae-
2267 3173 2314 3241 (ἶ
2349 3185 2517 3253 Quam
2541 3185 2617 3239 νίν
2646 3200 2749 3239 ποη
2781 3193 3126 3255 cognoverat;
3154 3182 3284 3238 num
3321 3181 3466 3238 enim
3499 3182 3621 3238 νίτο
3651 3191 3774 3238 cf“
3796 3179 3823 3221 δ
3848 3194 3920 3234 ω’

637 3291 835 3336 ratur:
871 3296 979 3338 non
1022 3297 1240 3348 aurum,
1283 3297 1390 3338 non
1433 3293 1717 3354 argentum
1759 3283 2014 3355 quaesivit
2063 3283 2240 3339 Abra-

637 3371 787 3438 ham,
817 3388 922 3426 non
953 3374 1354 3443 possessiones,
1387 3375 1482 3430 sed
1505 3376 1735 3446 gratiam
1764 3377 1921 3432 bona:
1947 3375 2166 3433 indolis.

711 3463 800 3519 86.
837 3463 1038 3519 Deinde
1090 3466 1455 3539 interrogatus
1500 3469 1546 3523 si
1577 3470 1748 3525 nollet
1794 3470 1982 3526 venire
2022 3472 2240 3539 mulier,

643 3564 952 3611 utrumnam
1001 3572 1068 3612 eo
1120 3558 1293 3614 ﬁlium
1341 3561 1552 3616 domini
1601 3563 1683 3616 sui
1732 3563 1959 3620 duceret
1988 3565 2245 3621 :Altende

643 3649 754 3715 tibi,
775 3647 973 3720 inquit,
996 3666 1058 3705 ne
1079 3667 1282 3706 revoces
1312 3653 1478 3721 ﬁlium
1501 3671 1666 3709 meum
1686 3654 1798 3710 illo.
1825 3655 2081 3711 Dominus
2105 3657 2245 3714 Deus

643 3743 779 3808 caeli,
807 3754 856 3797 et
890 3741 1027 3799 Dens
1066 3754 1216 3801 terra:
1247 3748 1446 3816 accepit
1475 3764 1554 3805 me
1577 3748 1640 3802 de
1679 3749 1831 3804 domo
1855 3751 2019 3823 patris
2045 3753 2166 3816 mei,
2199 3759 2246 3806 et

643 3835 706 3892 de
735 3845 871 3890 terra
899 3837 953 3890 in
979 3854 1081 3910 qua
1105 3848 1257 3894 natus
1286 3855 1422 3907 sum,
1464 3839 1551 3908 qui
1577 3841 1781 3896 locutus
1818 3851 1891 3898 est
1919 3843 2065 3911 mihi,
2090 3853 2136 3899 et
2151 3845 2246 3917 ju-

641 3931 775 3985 rat-it
810 3931 986 3988 dicens
1009 3948 1028 3987 .'
1055 3931 1169 3988 Tibi
1209 3933 1343 3989 dabo
1381 3941 1573 3990 terram
1610 3937 1766 4004 hanc,
1803 3947 1850 3992 et
1895 3939 2076 3993 semini
2123 3951 2245 4008 tuo;

643 4025 753 4096 ipse
796 4027 961 4080 mittet
992 4027 1245 4098 Angelum
1289 4045 1441 4085 suum
1482 4040 1604 4086 ante
1643 4039 1712 4098 te,
1760 4041 1807 4086 et
1834 4033 2057 4103 accipies
2081 4034 2248 4106 310

643 4117 756 4186 ﬁlio
791 4134 902 4174 meo
931 4135 1146 4175 uxorem
1173 4121 1314 4177 inde.
1348 4124 1498 4191 Quod
1525 4124 1569 4179 si
1615 4125 1843 4180 noluerit
1879 4135 2048 4181 tecum
2077 4129 2249 4182 venire

646 4212 833 4266 mulier
873 4215 926 4266 in
956 4224 1148 4269 terram
1186 4216 1340 4282 hanc,
1384 4235 1546 4289 purus
1592 4221 1692 4274 eris
1739 4239 1770 4276 a
1805 4225 2106 4294 juranteuto
2150 4222 2248 4277 hoc

647 4295 801 4369 (Gen.
833 4313 980 4364 xxiv,
1017 4297 1124 4354 6et
1151 4300 1304 4371 seq.).
1347 4301 1467 4370 Quo
1511 4305 1761 4375 proﬁciat
1807 4306 1912 4362 hoc
1962 4307 2248 4363 considera

647 4391 984 4464 diligentius.
1045 4392 1160 4449 Non
1223 4394 1351 4450 licet
1402 4396 1498 4452 tibi
1555 4399 1808 4468 accipere
1860 4399 2244 4472 alienigenam.

647 4485 790 4541 Sane
815 4486 860 4541 si
881 4485 1248 4544 Christianam
1271 4505 1331 4545 se
1357 4489 1542 4554 faciat,
1574 4490 1790 4546 laudem
1822 4493 2048 4550 habebis
2069 4510 2134 4549 ex
2160 4511 2244 4551 ea.

2346 3278 2468 3348 pula
2495 3277 2636 3348 ejus,
2662 3276 2758 3332 sed
2800 3276 2904 3333 soli
2947 3275 3172 3332 Christo
3207 3275 3410 3332 debita.
3444 3273 3714 3346 Hydriam
3759 3272 3921 3328 habent

2345 3388 2496 3442 super
2523 3371 2818 3437 humerum,
2863 3383 2969 3438 qua
2999 3368 3146 3424 lavat
3183 3376 3337 3424 actus
3380 3367 3686 3424 hominum.
3725 3366 3794 3422 Et
3823 3363 3921 3434 quia

2345 3479 2413 3520 ex
2439 3463 2860 3534 congregatione
2888 3461 3175 3532 gentilium
3207 3470 3443 3528 constat,
3475 3476 3581 3531 qua
3625 3475 3761 3518 suos
3801 3460 3919 3522 lavit,

2349 3557 2470 3613 ideo
2501 3557 2634 3628 legis
2663 3555 2787 3627 quia
2836 3557 3099 3611 descendit
3133 3556 3201 3610 ad
3229 3557 3443 3627 fontem,
3487 3563 3538 3609 et
3576 3553 3809 3622 implet-it
3849 3553 3922 3619 hy-

2349 3649 2522 3704 driam
2555 3658 2603 3702 et
2634 3648 2866 3703 ascendit
2911 3647 3103 3721 (lbid.,
3135 3647 3246 3719 i6).
3286 3646 3636 3703 Samaritana
3682 3645 3773 3700 illa
3799 3640 3926 3696 venit

2349 3742 2417 3798 ad
2446 3741 2674 3810 fontem,
2703 3743 2844 3798 sicut
2871 3741 2924 3796 in
2949 3740 3246 3811 Evangelio
3267 3740 3530 3810 scriptum
3557 3748 3644 3796 est
3666 3737 3842 3810 (Joat.
3861 3750 3921 3798 tr,

2350 3835 2428 3906 7),
2461 3834 2558 3891 sed
2587 3849 2694 3890 non
2719 3832 3006 3889 descendit
3038 3850 3052 3886 :
3083 3843 3280 3905 puteus
3303 3832 3356 3888 ei
3377 3831 3693 3896 videbatur,
3722 3843 3821 3885 nec
3845 3828 3923 3882 its-

2352 3929 2518 4000 plevit
2545 3928 2812 4002 hydriam.
2845 3929 3088 3994 Denique
3114 3928 3190 3982 ait
3223 3945 3238 3983 :
3271 3939 3292 3966 ε
3320 3926 3583 3998 ﬂydriam
3615 3939 3727 3982 non
3758 3923 3919 3978 habeo.

2351 4024 2470 4080 Non
2501 4022 2739 4079 habebat
2764 4021 2910 4079 unde
2936 4028 3092 4078 actus
3114 4036 3246 4078 suos
3284 4021 3512 4077 lavaret.
3539 4019 3673 4076 Haec
3720 4018 3832 4074 sola
3850 4017 3920 4070 de-

2354 4114 2585 4182 scendit,
2618 4114 2737 4170 hazc
2781 4114 2897 4170 sola
2927 4114 3183 4186 cognovit
3217 4111 3420 4168 fontem
3447 4127 3663 4178 verum,
3698 4112 3798 4165 hoc
3840 4116 3921 4170 est,

2355 4227 2463 4266 non
2489 4225 2644 4281 aqua:
2679 4209 2905 4274 fontem,
2938 4207 3038 4265 sed
3065 4210 3189 4264 vita:
3225 4215 3466 4274 internis,
3512 4207 3655 4264 sicut
3682 4206 3818 4261 dixit
3845 4204 3922 4258 Da-

2357 4302 2447 4358 vid
2480 4319 2495 4357 :
2534 4303 2790 4369 Quoniam
2819 4301 2962 4374 apud
2991 4310 3040 4355 te
3068 4310 3138 4356 est
3166 4301 3281 4370 {ous
3310 4301 3449 4367 vitae,
3481 4310 3529 4354 ct
3554 4301 3607 4355 in
3646 4299 3835 4354 tantine
3854 4305 3922 4349 tuo

2354 4395 2636 4450 uidebimus
2658 4396 2827 4450 lumen
2851 4392 2973 4466 (Ps.
2999 4409 3168 4459 xxxv,
3197 4392 3308 4464 10).
3333 4392 3571 4464 Ideoque
3599 4385 3921 4461 habuitquod

2354 4489 2511 4545 daret
2539 4488 2871 4552 sitientibus,
2905 4488 3030 4558 quia
3069 4486 3322 4544 credidit.
3352 4485 3484 4542 Nam
3520 4501 3647 4557 quae
3689 4499 3795 4540 non
3826 4497 3921 4537 cre-

647 4576 726 4632 Ne
772 4589 825 4635 te
853 4593 1067 4652 quoque
1111 4582 1160 4636 si
1213 4585 1552 4639 recusaverit
1589 4581 1898 4640 Christiana
1942 4587 2082 4656 ﬁeri,
2130 4599 2248 4645 stu-
2271 4567 2327 4631 Ῑ)
2355 4585 2539 4649 debat,
2559 4583 2638 4638 ait
2664 4583 2798 4638 fonti
2833 4581 2960 4636 huic
2988 4581 3188 4638 volenti
3213 4577 3240 4618 ἀ
3270 4580 3373 4636 sibi
3399 4589 3585 4650 potum
3609 4579 3742 4634 dare
3767 4596 3781 4632 :
3805 4574 3925 4632 Unde

647 4667 798 4725 dium
854 4671 1163 4741 nuptiarum
1207 4689 1240 4728 a
1295 4673 1401 4731 ﬁde
1445 4673 1734 4743 deflectat,
1785 4677 2004 4736 instruit
2059 4681 2242 4738 lectio.

647 4763 920 4817 Abraham
971 4773 1290 4834 sequentem
1330 4764 1526 4824 deduci
1555 4767 1862 4838 admonuit,
1907 4774 2245 4832 residentem

647 4869 754 4909 non
795 4855 999 4926 expeti,
1048 4872 1147 4912 nec
1178 4873 1246 4912 eo
1283 4857 1450 4914 ﬁlium
1496 4877 1658 4916 suum
1689 4877 1933 4934 pergere.
1967 4865 2108 4922 Sane
2149 4867 2247 4924 do-

647 4945 778 5001 mini
808 4948 892 5002 sui
925 4948 1016 5020 qui
1045 4964 1103 5005 se
1134 4948 1204 5006 ab
1241 4950 1480 5007 incolatu
1521 4963 1684 5010 terra:
1711 4955 1765 5010 in
1790 4971 1896 5026 qua
1938 4956 2239 5031 habitabat,

645 5038 967 5110 abduxerat,
1020 5058 1127 5099 non
1169 5042 1477 5102 defuturam
1522 5048 1984 5118 misericordiam,
2016 5063 2074 5110 ut
2103 5071 2242 5126 prae.

720 5171 746 5199 ει
764 5159 892 5218 Mss.
925 5169 1177 5236 quatuor,
1203 5164 1470 5236 Quadam
1492 5163 1758 5236 conjugali
1787 5165 1978 5235 copula
2001 5170 2245 5226 muniunt

720 5187 746 5199 “
765 5187 892 5218 ωδε.
925 5187 1177 5232 quatuor,
1229 5187 1470 5234 uuaaam
1492 5187 1584 5220 (ἱοη
1614 5187 1756 5236 ugau
1787 5187 1978 5235 coputa
2001 5187 2245 5226 mutuum

647 5249 791 5316 eam,
829 5241 935 5316 etc.
978 5234 1063 5316 _Ex
1104 5235 1298 5306 quibus
1341 5247 1520 5292 tamen
1563 5187 1719 5292 ialc.
1761 5237 2051 5306 praefert,..
2097 5242 2249 5313 copia

648 5313 906 5371 muniunt,
939 5314 1045 5361 etc.

719 5374 988 5454 bCunctae
1036 5377 1194 5454 edit.,
1239 5378 1440 5454 copuli;
1464 5379 1572 5454 jus.
1615 5378 1808 5454 cuncti
1855 5393 2013 5448 mss.,
2058 5385 2248 5454 copula

649 5447 782 5516 ejus.
831 5450 1106 5534 Attamen.
1133 5451 1207 5532 ita
1257 5447 1513 5534 seri'bitur
1559 5451 1616 5506 in
1653 5449 1818 5506 Corb.
1857 5458 1918 5506 ut
1959 5447 2250 5529 utrumque

651 5532 790 5586 pene
818 5533 886 5575 ex
913 5535 1069 5589 :equo
1096 5521 1198 5592 legi
1226 5522 1423 5590 possit.
2159 5521 2176 5529 ⁷

727 5588 933 5670 filum.
959 5593 1092 5648 edit.
1123 5593 1278 5670 _so_la,
1325 5592 1531 5662 reliquit
1558 5591 1801 5664 hydriam
1849 5593 2055 5670 mulier.
2101 5596 2248 5654 Reli‘

653 5661 797 5725 quit;
828 5661 962 5736 unde
982 5679 1084 5719 non
1114 5662 1316 5736 habuit,
1347 5679 1446 5736 quo
1472 5661 1617 5720 actui
1653 5680 1799 5734 suos,
1827 5675 1934 5722 etc.
1962 5666 2249 5736 Verumta-

655 5742 782 5810 mea
820 5731 1045 5810 evidens
1066 5743 1171 5810 gest
1194 5731 1386 5810 virum
1431 5747 1678 5810 sanetum
1713 5731 1834 5810 non
1866 5733 2108 5797 indicare
2155 5741 2246 5796 illa

656 5795 950 5869 Scriptura:
969 5804 1157 5873 verba,
1178 5805 1410 5876 Reliquit
1431 5822 1554 5877 ergo
1570 5807 1833 5878 hydriam,
1864 5795 1999 5882 etc.,
2025 5795 2125 5870 sed
2151 5795 2250 5883 po-

2357 4679 2485 4734 mihi
2505 4679 2662 4732 habes
2684 4677 2810 4731 dare
2836 4692 3023 4748 aquam
3048 4677 3213 4731 sicam
3239 4674 3294 4745 (1
3299 4691 3421 4730 orm.
3442 4691 3521 4741 iv,
3557 4673 3693 4744 ll)?
3718 4673 3923 4728 Bascau-

2357 4781 2466 4827 tem
2523 4771 2712 4827 habuit
2761 4769 2908 4826 unde
2960 4784 3070 4825 non
3115 4769 3292 4826 solum
3335 4782 3599 4838 puerum,
3638 4767 3738 4822 sed
3783 4765 3920 4822 etiam

2355 4867 2598 4926 camelos
2651 4865 2989 4937 adaquaret,
3042 4865 3204 4938 3]],
3260 4879 3382 4935 quze
3437 4877 3547 4920 non
3607 4861 3785 4918 solum
3825 4860 3922 4930 jus-

2361 4972 2445 5018 tos
2495 4960 2670 5031 rigare
2709 4957 3024 5024 consuevit,
3078 4958 3178 5013 sed
3220 4957 3385 5012 etiam
3424 4957 3660 5026 injustas
3701 4953 3923 5024 implere.

2355 5056 2484 5112 Ideo
2507 5052 2720 5123 accepit
2753 5052 2974 5106 inaures
3025 5065 3245 5118 aureas,
3288 5059 3346 5106 et
3385 5058 3409 5086 ε
3452 5047 3622 5106 virias
3668 5062 3806 5119 quas
3846 5041 3928 5100 mi.

2358 5170 2468 5226 tius
2487 5166 2611 5233 ista,
2639 5164 2882 5229 Domine,
2902 5179 3065 5230 neque
3085 5164 3136 5218 in
3165 5178 3266 5232 quo
3285 5162 3518 5227 haurias,
3545 5161 3740 5224 habes;
3758 5158 3927 5233 legisse

2356 5251 2538 5296 autem
2565 5232 2806 5308 ipsorum
2827 5237 2979 5299 loco,
3023 5234 3530 5308 Domine,neque__i_n
3553 5249 3655 5303 quo
3694 5232 3926 5308 hauriam,

2358 5314 2540 5368 habeo.
2581 5302 2736 5378 Quod
2787 5317 2965 5362 tamen
3017 5309 3069 5362 in
3118 5302 3530 5378 Di_bliis__'nullis
3567 5302 3821 5378 reperire
3844 5308 3926 5353 est.

2428 5381 2454 5420 ἀ
2474 5374 2624 5437 Mss:
2646 5379 2835 5444 Corb.,
2868 5379 3072 5448 Long.,‘
3101 5376 3280 5443 Colb.,
3319 5374 3452 5430 Maz.
3480 5383 3536 5448 et
3587 5374 3760 5448 prima
3795 5383 3930 5428 manu

2355 5455 2399 5512 Τ
2403 5469 2548 5514 orn.,
2591 5451 2778 5506 volenti
2804 5451 2899 5505 sibi
2929 5444 3107 5521 potum
3132 5449 3258 5521 dare
3281 5463 3466 5518 aquam
3489 5447 3677 5521 vivam.
3711 5444 3832 5498 Haec
3852 5457 3932 5494 ax-

2356 5537 2479 5590 tem,
2499 5533 2603 5580 etc.
2627 5522 2794 5578 Forte
2816 5518 3114 5595 non'male,
3137 5518 3182 5576 si
3207 5529 3346 5595 post.
3365 5534 3552 5588 aquam
3572 5518 3761 5595 vivant,
3776 5521 3934 5595 mente

2355 5585 2712 5667 suppleamus
2752 5593 2896 5667 quod
2925 5585 3448 5667 supra_'exp'rim_itur,
3473 5603 3693 5658 nempe,
3720 5585 3934 5667 hydriant

2356 5658 2663 5729 non'habeo;
2681 5658 2824 5735 quod
2840 5679 2972 5735 sane
2989 5658 3169 5735 aptius
3182 5658 3421 5734 quadrat
3436 5675 3559 5716 cum
3581 5658 3930 5735 sequentibus.

2429 5749 2453 5776 ο
2478 5736 2662 5805 νὶτὶω,
2699 5729 2858 5807 idem
2894 5729 3396 5807 signiﬁcant'atque
3437 5729 3646 5796 annuli,
3684 5739 3742 5784 ut
3778 5742 3841 5784 ex
3867 5738 3934 5780 se-

2359 5808 2647 5884 quentibus
2670 5805 2927 5880 colligere
2954 5805 3060 5866 est.
