4082 6370
175 299 290 378 455

1483 300 1570 362 [ιε
1609 290 1945 364 WA“
1985 292 2115 366 LIB.
2159 304 2201 361 I.

3365 301 3472 360 451
3511 327 3522 338 ·

182 421 258 476 sit
308 415 882 486 Abraham,tamquam
913 415 1228 472 meritorum
1259 430 1480 471 suorum
1529 418 1774 487 praemia.
1805 429 1852 488 Α
1883 434 2036 476 meus
2056 434 2244 475 curam
2274 419 2506 480 subibit;
2536 416 2638 475 hoc
2681 418 2827 474 enim
2855 431 2962 473 non
2988 426 3073 474 est
3095 432 3296 474 meum.
3335 418 3478 488 Ergo

255 510 346 565 89.
380 509 636 563 Fortasse
684 507 971 565 audientes
995 507 1111 563 haec
1136 509 1277 575 ﬁlim,
1306 524 1427 584 qua:
1456 508 1523 564 ad
1551 510 1776 580 gratiam

188 605 397 662 Domini
453 603 694 670 tenditis,
748 611 804 659 et
855 617 956 658 vos
1006 601 1373 673 provocemiui
1428 612 1492 658 ut
1535 601 1780 659 habeatis

186 698 402 753 inaures
430 706 486 752 et
513 698 698 761 virias,
721 704 777 751 et
803 693 998 751 dicatis
1023 713 1037 749 :
1060 695 1344 762 Quomodo
1367 694 1619 766 prohibes
1650 696 1777 764 hoc,

189 789 477 860 Episcope,
517 797 576 843 ut
624 788 924 844 habeamus
950 787 1094 858 quod
1139 788 1385 844 Rebecca
1427 789 1640 861 accepit
1683 805 1781 866 pro

187 897 436 951 munere,
465 891 519 939 et
544 881 778 938 hortaris
807 893 866 937 ut
892 880 1099 938 similes
1129 882 1301 938 simus
1339 881 1646 940 Rebecca?
1673 881 1782 940 Sed

189 992 296 1033 non
325 977 420 1032 has
449 978 667 1031 inaures
692 975 937 1032 Rebecca
967 974 1204 1031 habebat
1249 984 1305 1032 et
1347 975 1539 1041 virias,
1569 993 1689 1049 quae
1718 977 1786 1034 li-

185 1078 272 1127 tes
299 1072 352 1125 in
381 1068 616 1125 Ecclesia
650 1082 834 1125 serere
860 1067 1064 1136 solent,
1092 1084 1212 1140 qum
1245 1069 1506 1126 labuntur
1530 1071 1785 1144 frequen-

187 1173 307 1219 ter:
335 1163 469 1218 alias
498 1162 718 1218 inaures
748 1159 1007 1228 habebat,
1041 1176 1177 1234 quas
1203 1163 1424 1232 iutinam
1460 1177 1558 1218 vos
1587 1160 1788 1219 habea-

187 1255 276 1320 tis,
309 1252 443 1308 alias
475 1252 664 1309 virias.
695 1249 920 1310 lnaures
970 1252 1233 1310 Rebeccae
1275 1254 1350 1325 pii
1393 1255 1614 1312 auditus
1663 1255 1789 1312 insi-

185 1347 332 1419 gnia,
383 1354 438 1404 et
474 1346 628 1402 viriac
658 1346 927 1404 Rebecca:
975 1358 1294 1404 ornamenta
1325 1349 1591 1406 factorum
1638 1359 1786 1406 sunt.

189 1440 298 1496 llas
344 1442 567 1495 inaures
613 1431 870 1506 habebat,
913 1456 1033 1511 qute
1085 1455 1193 1496 non
1242 1453 1525 1512 gravarent
1575 1458 1786 1512 aurem,

189 1531 286 1588 sed
315 1531 692 1588 demulcerent
721 1549 736 1584 :
769 1531 870 1587 bas
898 1532 1083 1600 virias,
1117 1547 1240 1603 qua:
1279 1547 1500 1588 manum
1535 1549 1640 1590 non
1675 1549 1792 1590 ma-

193 1625 370 1682 teriali
420 1639 558 1680 auro
587 1631 905 1690 onerarent,
950 1623 1046 1680 sed
1097 1623 1326 1694 spiritali
1375 1631 1495 1680 actu
1520 1624 1787 1681 levarent.

193 1718 324 1776 ideo
349 1729 402 1774 et
425 1719 578 1774 fratri
611 1726 666 1774 ct
692 1718 1007 1789 parentibus
1035 1719 1088 1772 in
1121 1717 1225 1774 hoc
1253 1717 1453 1788 placuit
1477 1727 1692 1774 ornatu.
1724 1717 1792 1774 Et

1882 511 2024 581 quod
2067 519 2119 566 ct
2166 510 2270 580 ipsi
2312 511 2619 581 philosophi
2650 510 2830 564 mirati
2875 519 3002 566 sunt
3049 519 3282 576 servate,
3315 509 3481 580 virgi-

1883 619 2000 660 nes.
2029 597 2134 660 Sed
2160 603 2350 668 etiam,
2387 601 2712 671 ltntulieres,
2750 603 2794 658 si
2827 618 2956 674 qua,
2987 603 3186 658 amisso
3228 603 3337 658 cito
3361 617 3478 656 ma-

1881 698 2009 763 rito,
2051 697 2461 754 adulescentula
2504 699 2755 768 laqueum
2798 698 3126 754 inﬁrmitatis
3174 712 3288 754 sua:
3328 697 3484 753 timet

1884 790 2148 856 incidere,
2177 799 2236 846 ut
2256 791 2302 846 si
2322 792 2438 847 vult
2464 791 2692 858 nubere,
2727 790 2893 846 nubat
2915 798 3122 846 tantum
3149 790 3202 846 in
3232 789 3480 858 Domino,

1885 893 1942 939 ut
1971 883 2293 941 electionem
2317 883 2496 940 mariti
2526 883 2837 956 parentibus
2870 882 3104 948 deferat;
3135 898 3203 938 ne
3225 891 3484 954 appeten-

1887 977 1974 1033 tiac
2011 977 2340 1047 procacioris
2387 978 2710 1042 aestimetur,
2762 978 2808 1032 si
2862 976 2973 1052 ipsa
3020 975 3087 1034 de
3128 977 3329 1048 nuptiis
3372 977 3484 1031 suis

1886 1069 2207 1126 electionem
2233 1069 2336 1124 sibi
2361 1068 2620 1126 vindicet.
2646 1068 2894 1141 Expetita
2923 1071 3095 1142 magis
3124 1068 3290 1128 debet
3316 1067 3486 1125 videri

1887 1175 1916 1215 a
1966 1161 2104 1227 viro,
2138 1177 2299 1232 quam
2353 1161 2467 1234 ipsa
2517 1160 2693 1216 virum
2748 1161 3040 1230 expetisse.
3091 1161 3486 1218 Verecundiam

1890 1252 2202 1326 prmmittat,
2231 1262 2522 1329 antequam
2551 1254 2738 1320 nubat,
2788 1254 2930 1325 quod
2964 1253 3140 1324 ipsum
3175 1252 3488 1327 coujugium

1893 1339 2012 1419 plus
2043 1349 2390 1407 commendet
2430 1349 2780 1407 verecundia.
2824 1347 2930 1406 Sed
2975 1349 3055 1405 illi
3084 1351 3247 1408 verba
3274 1348 3492 1406 imitan-

1893 1454 2000 1511 tur,
2030 1460 2194 1516 opera
2227 1446 2428 1502 imitari
2453 1454 2750 1518 nequeunt.

1963 1539 2054 1598 92.
2087 1537 2272 1596 [nesse
2297 1555 2510 1612 quoque
2533 1543 2586 1596 in
2611 1555 2679 1596 eo
2706 1535 3028 1612 praeclarum
3051 1534 3312 1596 Ecclesiae
3342 1552 3492 1610 mys-

1893 1633 2090 1688 terium
2135 1632 2336 1702 liquet,
2378 1648 2444 1689 co
2488 1634 2632 1705 quod
2675 1648 2836 1689 neruo
2883 1647 3047 1687 ausus
3094 1634 3163 1688 sit
3208 1647 3325 1688 eam
3371 1641 3496 1689 ante

1894 1723 2169 1780 Christum
2201 1740 2429 1792 vocare;
2460 1723 2562 1781 soli
2590 1724 2730 1782 enim
2761 1723 2984 1781 Christo
3011 1724 3130 1780 haec
3153 1733 3271 1780 erat
3301 1739 3496 1780 vocan-

194 1823 250 1868 tu
293 1827 450 1868 sume
483 1813 702 1868 inaures
727 1825 862 1882 quas
900 1810 997 1866 tibi
1024 1809 1298 1868 Abraham
1327 1811 1562 1883 'reliquit
1593 1829 1606 1865 :
1637 1827 1791 1868 sume
1821 1819 1868 1879 Β
1895 1815 2085 1870 darum
2108 1817 2387 1872 nationum
2419 1817 2655 1888 reposita
2684 1815 3058 1888 praerogativa.
3089 1813 3288 1872 Vocata
3315 1825 3496 1871 autem

193 1920 329 1978 quas
359 1904 663 1961 transmisit
704 1904 890 1960 virias.
921 1902 1061 1959 Audi
1091 1904 1253 1960 verba
1294 1904 1508 1960 Domini
1558 1906 1653 1961 Dei
1691 1907 1791 1973 tui,

193 1999 336 2055 sicut
359 1997 477 2069 ipse
507 1996 765 2054 audiebat
797 2014 810 2051 :
842 2010 1141 2067 exsequere
1163 1995 1334 2068 jussa,
1359 1997 1500 2053 sicut
1524 1997 1640 2066 ipse
1662 2012 1793 2070 pro-

193 2091 406 2163 peravit
435 2101 460 2127 ιι
499 2089 754 2160 implere.
1759 2078 1761 2080 ’

261 2185 359 2242 90.
389 2183 797 2239 l’ulcherrimus
819 2191 1000 2240 autem
1028 2181 1184 2239 locus
1215 2182 1280 2238 ad
1311 2181 1663 2239 instruendos
1701 2198 1796 2240 eos

197 2277 394 2348 quibus
421 2276 627 2348 aliquid
659 2275 980 2346 iniungitur.
1004 2274 1148 2346 quod
1181 2289 1289 2330 non
1320 2276 1469 2344 prius
1500 2271 1798 2330 manduca-

196 2373 273 2427 vit
300 2386 435 2442 puer
464 2365 698 2426 Abrahae
734 2370 1042 2440 appositum
1069 2370 1169 2426 sibi
1201 2385 1420 2441 panem,
1447 2385 1609 2440 quam
1643 2385 1799 2426 man-

196 2465 380 2520 datum
429 2463 647 2520 Domini
694 2473 1110 2534 exsequeretur.
1155 2464 1274 2530 Quo
1315 2467 1628 2534 impetrato,
1667 2479 1798 2521 vasa

198 2575 360 2614 aurea
407 2569 461 2616 et
508 2566 766 2628 argentea
810 2567 866 2614 et
913 2567 1124 2614 vestem
1170 2557 1319 2614 dedit
1364 2556 1646 2614 Rebeccae.
1693 2557 1797 2614 Ubi

198 2663 453 2722 sponsata
472 2665 557 2709 est
581 2653 853 2719 Ecclesia,
879 2653 1084 2723 accepit
1109 2666 1236 2706 vasa
1257 2667 1419 2706 aurea
1443 2659 1498 2708 et
1520 2660 1798 2723 argentea,

200 2744 255 2798 iu
285 2746 478 2816 quibus
505 2755 651 2801 esset
679 2745 973 2800 thesaurus
1002 2741 1130 2799 ﬁdei
1156 2759 1171 2809 ;
1205 2751 1331 2798 sunt
1362 2743 1561 2798 etenim
1589 2758 1715 2799 vasa
1745 2743 1799 2798 in

201 2837 491 2902 honorem,
519 2848 646 2894 sont
674 2849 729 2895 et
756 2838 813 2893 in
843 2837 1248 2894 contumeliam.
1282 2837 1413 2905 Quae.
1444 2837 1550 2891 sint
1581 2851 1641 2893 ea
1674 2851 1803 2892 vasa

196 2929 322 2985 audi
345 2947 359 2984 :
386 2929 652 2986 Habemus
679 2931 971 2986 thesaurum
995 2930 1048 2984 in
1070 2931 1204 2984 vasis
1231 2929 1475 3000 ﬁctilibus
1503 2928 1572 3000 (ll
1589 2927 1708 2984 Cor.
1728 2945 1802 2996 tv,

196 3023 273 3092 7).
306 3021 447 3078 Vasa
505 3024 694 3080 ﬁctilia
740 3038 968 3094 corpora
1017 3032 1206 3078 nostra
1248 3031 1375 3077 sunt
1409 3039 1422 3076 :
1455 3022 1588 3077 ﬁdes
1621 3030 1805 3078 nostra

200 3116 490 3174 thesaurus
542 3126 644 3173 est.
678 3115 748 3173 Et
790 3117 1020 3172 fortasse
1061 3116 1174 3186 jam
1221 3117 1383 3171 etiam
1415 3116 1530 3187 ipsa
1577 3129 1805 3185 corpora

1901 1925 2006 1966 non
2031 1907 2157 1966 iecit
2181 1927 2412 1977 moram,
2435 1923 2491 1968 et
2512 1910 2634 1966 ideo
2661 1912 2934 1982 acceptior
2957 1909 3223 1978 Domino;
3252 1911 3376 1984 quia
3403 1926 3493 1984 po-

1901 1999 2395 2072 pulus'Judzeornm
2425 2003 2514 2075 qui
2545 2013 2664 2060 erat
2687 2004 2753 2058 ad
2781 2017 2991 2060 cumam
3025 2013 3269 2074 vocatus,
3300 2005 3498 2076 dignus

1902 2109 2008 2148 non
2031 2093 2330 2150 fuitvcnirc
2361 2113 2374 2149 :
2405 2097 2754 2168 congregatio
2776 2108 2954 2152 autem
2982 2097 3226 2169 gentium
3247 2097 3412 2154 simul
3442 2105 3503 2154 ut

1901 2187 2153 2244 arcessiri
2183 2203 2244 2243 se
2273 2187 2426 2256 vidit,
2457 2187 2713 2244 occurrit.

1974 2279 2064 2335 95.
2097 2277 2341 2350 Denique
2371 2288 2429 2334 ut
2461 2279 2601 2334 scias
2629 2293 2738 2335 non
2771 2279 2888 2335 sine
2909 2279 3172 2352 m'ystcrio
3199 2295 3342 2347 esse,
3379 2295 3500 2336 cum

1902 2376 2196 2427 veheretur
2241 2371 2470 2434 camelo,
2513 2371 2764 2428 veniebat
2803 2371 2868 2426 ad
2901 2387 3204 2444 sponsum;
3247 2388 3313 2428 eo
3359 2373 3504 2444 quod

1906 2464 2132 2536 populus
2173 2467 2453 2520 nationum
2494 2463 2739 2522 belluina
2785 2465 3016 2537 quadam
3049 2463 3306 2522 horridus
3341 2465 3507 2522 meri-

1905 2570 2083 2614 torum
2139 2558 2514 2626 deformitate,
2548 2559 2637 2631 qui
2662 2558 2853 2616 forma:
2883 2576 2995 2614 sua:
3040 2557 3246 2614 nullum
3281 2555 3509 2614 haberet

1905 2651 2180 2717 deCorcm,
2213 2651 2371 2707 ﬁdem
2403 2661 2549 2708 esset
2577 2663 2740 2724 atque
2771 2667 3099 2708 consensum
3132 2651 3390 2708 Ecclesim
3422 2667 3508 2710 re-

1905 2752 2181 2813 cepturus.
2226 2741 2335 2799 Nec
2361 2742 2494 2798 illud
2535 2744 2768 2812 otiosum
2816 2744 2931 2818 (50,
2964 2762 3016 2812 q.
3047 2743 3102 2814 ὅ,
3134 2761 3250 2816 cap.
3283 2743 3395 2800 Nec
3439 2742 3509 2798 il-

1908 2833 2045 2905 lud),
2079 2833 2222 2905 quod
2262 2849 2384 2889 cum
2411 2835 2624 2892 veniret
2671 2832 2942 2902 Rebecca,
2976 2834 3110 2890 vidit
3143 2834 3294 2890 Isaac
3323 2835 3513 2890 deam~

1910 2926 2184 2981 bulaulcm
2212 2943 2226 2993 ;
2255 2933 2456 2983 etcum
2493 2926 2906 2997 interrogasset,
2947 2928 3068 2999 quis
3098 2938 3266 2995 esset,
3290 2927 3512 2998 cognito

1911 3017 2053 3088 quod
2097 3019 2216 3090 ipse
2263 3028 2410 3074 esset
2457 3020 2543 3075 cui
2574 3018 2866 3075 duceretur
2905 3035 3070 3086 uxor,
3115 3019 3412 3088 descendit,
3457 3027 3512 3076 et

1911 3120 2076 3182 caput
2120 3117 2276 3166 Suum
2314 3112 2596 3168 obnubere
2638 3111 2825 3182 coepit,
2876 3112 3078 3168 docens
3128 3112 3512 3168 verecundiam

200 3223 383 3269 nOStra
416 3228 541 3282 qua:
590 3209 902 3267 thesaurum
953 3209 1113 3266 istum
1163 3208 1387 3272 habent,
1439 3223 1602 3264 aurea
1657 3217 1806 3274 sunt,
1838 3207 1884 3272 C
1917 3203 2117 3274 nuptiis
2150 3205 2345 3276 praeire
2384 3204 2590 3260 debere
2621 3204 2782 3260 :inde
2819 3203 2961 3260 enim
2996 3213 3051 3260 et
3091 3205 3295 3276 nuptirc
3328 3204 3510 3272 dictae,

201 3306 324 3375 quia
357 3312 482 3358 sunt
533 3304 688 3374 plena
723 3301 1023 3373 prudentiae
1053 3318 1065 3353 :
1096 3311 1150 3356 et
1186 3309 1442 3372 argentea
1485 3314 1614 3355 vasa
1657 3308 1807 3367 sunt,

200 3408 323 3466 quae
355 3393 616 3450 videntur
656 3392 896 3448 mandati
938 3391 1176 3449 ccelestis
1217 3391 1470 3464 alloquiis
1514 3389 1804 3462 refulgere.

201 3487 554 3543 Honorantur
578 3497 760 3543 autem
789 3495 845 3542 et
880 3494 1134 3556 parentes
1183 3483 1496 3541 muneribus
1522 3482 1636 3557 (52,
1667 3500 1720 3555 ᾳ.
1749 3482 1804 3553 2,

203 3597 250 3636 ε.
289 3579 676 3650 Iionorantur).

275 3675 365 3733 9i.
412 3673 731 3731 Consulitur
778 3673 955 3744 puella
993 3688 1101 3729 non
1148 3671 1217 3728 de
1267 3670 1632 3743 sponsalibus,
1681 3685 1807 3726 nam

203 3768 575 3840 illajudicium
614 3777 890 3836 exspectat
922 3773 1227 3838 parentum,
1260 3781 1369 3823 non
1400 3773 1487 3821 est
1512 3764 1657 3820 enim
1697 3765 1810 3819 vir-

204 3863 404 3936 ginalis
437 3861 656 3934 pudoris
679 3861 880 3932 eligere
902 3862 1152 3916 maritum
1181 3879 1194 3916 :
1224 3859 1319 3915 sed
1344 3860 1455 3930 jam
1483 3858 1811 3930 deSponsata

207 3944 327 4013 viro
385 3957 455 4012 de
505 3954 855 4026 profectionis
893 3954 1197 4010 consulitur
1224 3953 1331 4009 die.
1386 3953 1496 4008 Nec
1537 3953 1812 4007 immerito

207 4051 526 4107 dilationem
579 4065 687 4104 non
738 4049 952 4114 attulit;
984 4048 1106 4121 jure
1142 4047 1344 4104 etenim
1377 4062 1670 4118 properare
1716 4045 1811 4102 de-

205 4147 327 4203 buit
353 4145 419 4202 ad
466 4145 742 4200 maritum.
785 4142 940 4200 Unde
989 4143 1123 4199 illud
1170 4142 1501 4212 Euripideon
1529 4140 1671 4213 quod
1705 4141 1812 4196 mi-

208 4248 401 4298 rantur
422 4241 694 4314 plerique,
726 4238 867 4294 unde
891 4237 1210 4294 translatum
1243 4236 1313 4293 sit
1339 4235 1682 4291 manifestum
1704 4244 1810 4290 est.

206 4337 298 4392 Ait
326 4337 474 4393 enim
519 4335 572 4391 in
607 4348 836 4406 persona
864 4330 1133 4400 mulieris,
1173 4346 1294 4404 qua:
1334 4338 1510 4385 tamen
1559 4328 1813 4383 maritum

205 4429 428 4487 volebat
454 4429 787 4498 relinquere,
820 4435 877 4484 et
905 4425 974 4481 ad
1001 4426 1137 4482 alias
1163 4423 1450 4497 petebatur
1475 4423 1694 4494 nuptias
1726 4441 1739 4475 :

463 4578 732 4630 Νυιυνινμάτνι
747 4578 813 4627 μιν
831 4582 904 4617 τῦν
927 4576 1020 4628 MV
1040 4577 1163 4626 πατὴρ
1185 4575 1269 4623 Ms

465 4644 648 4694 Μιριμνιν
673 4640 761 4688 ἰξιι,
787 4641 820 4678 δι’
845 4640 910 4679 ob:
928 4640 1012 4690 ιμὸν
1035 4640 1162 4688 ιρίνιιν
1185 4632 1288 4675 τάδε.

965 4736 967 4740 Α
988 4687 1270 4758 (Euripides
1292 4689 1346 4742 in
1367 4687 1754 4750 Andromacha.)

213 4804 524 4880 31211οο
573 4811 678 4869 est,
715 4798 1063 4872 Sponsalium
1091 4794 1322 4867 quidem
1359 4807 1609 4850 meorum
1663 4801 1818 4863 pater

286 4953 316 4984 ι
337 4944 472 5000 Post
495 4956 704 5004 vocem,
726 4941 957 5010 implere,
985 4936 1157 5010 Rom.»
1169 4934 1308 5010 edit.
1335 4933 1556 5010 ints-usit
1583 4946 1818 5010 sequen-

215 5017 290 5072 tia
321 5035 336 5073 :
365 5014 548 5080 I‘nqstit
573 5014 729 5072 enim.
760 5003 811 5066 ei
847 5009 1089 5080 apposuit
1115 5007 1224 5080 iiiis
1259 5021 1420 5080 partes
1447 5003 1517 5080 ad
1540 5004 1819 5058 comeden-

213 5090 372 5152 dum,
427 5076 520 5151 qui
561 5083 694 5138 ditat
738 5099 757 5138 :
797 5076 928 5136 Non
969 5079 1238 5135 comedam
1281 5076 1443 5131 donec
1489 5077 1670 5146 loquor
1722 5090 1820 5145 ego

213 5159 369 5214 verba
398 5172 532 5211 utea.

291 5228 415 5282 bIta
458 5239 590 5279 mss.
625 5223 771 5277 Edit.
821 5235 1024 5286 autem,
1071 5221 1259 5276 mulier
1303 5218 1476 5285 etim,
1753 5215 1822 5271 Et

217 5308 344 5372 post
373 5293 784 5372 tria_verba_ub_i
811 5294 1016 5372 eadem
1038 5292 1312 5372 edit_.ct_tm
1343 5289 1635 5372 praecipuis
1651 5301 1816 5372 mss,

218 5357 802 5442 iaqueumiuﬁrmitatis
844 5380 950 5442 sua:
975 5363 1117 5442 timet
1143 5357 1390 5432 incidere,
1437 5357 1544 5417 tres
1575 5373 1705 5416 mss.
1739 5357 1820 5416 lo-

220 5435 356 5516 gu'nt
375 5435 670 5512 inﬁrmitati
695 5451 804 5493 sua:
829 5435 965 5491 timet
982 5435 1216 5507 injicere.

1913 3302 2058 3374 quod
2105 3299 2329 3374 pudoris
2371 3299 2544 3374 gratia
2576 3299 2770 3372 puella:
2801 3316 2862 3356 se
2907 3300 3272 3357 obnuberent.
3314 3299 3516 3358 Discite

1910 3411 2041 3468 ergo
2071 3393 2330 3466 virgines,
2362 3393 2816 3467 quemadmodum
2843 3396 3075 3452 servetis
3103 3394 3511 3461 verecundiam,

1911 3505 2013 3545 nec
2052 3488 2259 3546 intecto
2311 3488 2488 3560 capite
2528 3489 2804 3559 prodeatis
2857 3499 2984 3544 ante
3027 3497 3338 3557 extraneos,
3391 3502 3515 3543 cum

1909 3582 2156 3637 Rebecca
2175 3581 2286 3651 jam
2306 3580 2657 3652 deSpousata,
2681 3579 3020 3650 designatum
3051 3582 3302 3635 maritum
3327 3588 3517 3651 aperto

1910 3672 2089 3744 capite
2120 3689 2226 3726 non
2254 3672 2527 3747 putaverit
2556 3670 2869 3727 videndum.

1984 3766 2074 3822 93.
2122 3766 2253 3834 Quis
2285 3767 2376 3823 ille
2426 3777 2512 3823 est
2557 3767 2810 3823 servulus
2837 3768 2926 3840 qui
2968 3768 3208 3836 providit
3254 3769 3352 3823 has
3383 3786 3519 3842 nup-

1915 3859 2054 3915 tias?
2081 3858 2233 3915 Uuus
2263 3857 2448 3930 utique
2491 3859 2559 3915 de
2591 3858 2889 3930 Apostolis,
2937 3870 2991 3916 et
3031 3861 3121 3917 ille
3164 3863 3397 3917 maxime
3427 3863 3519 3934 qui

1913 3953 2034 4008 ait:
2079 3950 2185 4005 Viri
2215 3953 2423 4021 fratres,
2465 3967 2553 4006 vos
2605 3951 2744 4006 scitis
2771 3953 2892 4024 quia
2937 3970 2968 4006 a
2997 3952 3173 4007 diebus
3217 3955 3440 4026 antiquis
3466 3955 3520 4010 in

1916 4042 2062 4098 nobis
2092 4041 2234 4098 Deus
2259 4044 2411 4115 elegit
2439 4059 2502 4097 ex.
2532 4059 2620 4098 ore
2668 4059 2780 4096 meo
2821 4043 3006 4097 audire
3051 4047 3281 4099 nationes
3314 4049 3521 4100 verbum

1919 4134 2194 4206 Evangelii
2223 4135 2360 4206 (Act.
2397 4150 2490 4203 xv,
2521 4132 2600 4207 7).
2633 4133 2735 4190 Vel
2763 4134 2853 4190 ille
2879 4135 2968 4208 qui
2999 4135 3191 4192 doctor
3219 4137 3522 4208 appellatus

1918 4235 2004 4283 est
2027 4227 2265 4298 gentium
2295 4223 2341 4298 (1
2370 4224 2502 4280 Tim.
2538 4241 2595 4294 tt,
2628 4224 2704 4298 7).
2736 4225 2839 4298 Ipsi
2870 4227 3013 4283 enim
3043 4239 3064 4266 ο
3090 4243 3214 4284 cum
3246 4229 3518 4301 leguntur,

1919 4327 2013 4375 aut
2039 4318 2278 4375 Joannes
2295 4319 2625 4390 evangelista
2643 4360 2659 4388 ,
2685 4319 2976 4390 acquirunt
3004 4319 3223 4376 Christo
3251 4323 3521 4390 animam;

1920 4422 1979 4473 ut
2028 4411 2217 4469 credat
2269 4427 2390 4483 qua:
2447 4422 2574 4468 ante
2628 4427 2734 4467 non
2779 4411 3010 4469 credidit
3043 4432 3058 4469 :
3087 4423 3141 4470 et
3181 4414 3524 4488 cupientibus

1918 4504 2192 4562 Christum
2225 4503 2429 4573 videre,
2462 4505 2805 4562 sermonibus
2833 4505 3209 4563 demonstrant
3246 4511 3379 4564 suis.
3411 4509 3524 4565 Ita.

1840 4600 1897 4662 D
1923 4617 2029 4674 que
2066 4601 2341 4658 Abraham
2380 4601 2667 4660 celebratis
2694 4603 2792 4660 ﬁlii
2837 4605 3039 4676 nuptiis
3080 4605 3234 4680 (Gen.
3271 4623 3398 4678 xxv,
3442 4608 3523 4682 8),

1927 4696 2170 4768 longaeva
2200 4703 2383 4767 aetate,
2413 4706 2468 4752 et
2493 4695 2631 4754 bona
2660 4706 2943 4756 senectute
2967 4701 3257 4773 complevit
3286 4703 3424 4767 dies.

2007 4941 2028 4968 ο
2055 4927 2173 5008 Vet.
2205 4925 2364 5008 edit?
2391 4942 2513 5008 cum
2535 4927 2797 5008 teguntur,
2838 4929 2912 4985 ait
2937 4929 3175 5008 Joannes
3189 4935 3523 5008 evangelista,

1927 5000 2204 5069 acquirunt
2229 4996 2435 5053 Christo
2457 4996 2706 5054 animum.
2731 4999 2802 5055 At
2823 5016 2943 5056 cum
2965 4996 3342 5060 advertissent'
3362 4996 3521 5062 ilum.

1926 5073 2164 5129 editores
2189 5069 2535 5144 commodum
2559 5086 2785 5144 sensum
2805 5073 2930 5128 hinc
2949 5072 3070 5128 elici
3084 5090 3206 5144 inon
3235 5090 3417 5144 posse,
3443 5079 3528 5131 lo-

1925 5158 2048 5200 cum
2066 5137 2505 5216 ‘emendaverunt
2524 5141 2578 5216 in
2604 5142 2743 5198 hanc
2761 5142 2991 5198 formam
3015 5161 3033 5196 :
3062 5143 3193 5216 Cum
3219 5137 3526 5216 audiuntur,

1925 5214 2200 5285 acquirunt
2225 5209 2432 5285 Christo
2479 5213 2775 5268 animm...
2821 5224 2868 5268 et
2912 5215 3236 5285 cupientibus
3267 5209 3530 5274 Christum

1927 5281 2123 5356 uidere,
2168 5295 2226 5339 ut
2269 5285 2341 5338 ait
2377 5281 2613 5356 Joannes
2651 5281 2991 5356 evangelista,
3029 5288 3369 5355 sermonibus,
3413 5300 3527 5346 etc.

1925 5353 2178 5413 Nostram
2237 5370 2367 5412 vero
2412 5355 2701 5413 lectionem
2759 5353 3273 5427 maguo’consensu
3334 5353 3530 5429 prefe-

1926 5437 2054 5485 runt
2078 5441 2210 5484 mss.
