4082 6370
588 350 603 363 ι
640 324 751 382 455
1987 318 2233 378 SANC'I'I

2272 316 2594 379 AMBROSII
3884 320 3975 375 156

658 449 2297 477 MM

1620 594 1782 667 διδ
1852 569 2195 655 LIBER

1152 846 1380 905 CAPUT
1433 845 1724 907 PRIMUM.

631 942 758 1003 Post
786 944 1071 1019 expositum
1095 943 1340 998 moralem
1370 960 1601 1009 sensum,
1634 942 2117 1017 adprofundiorem
2145 958 2235 997 seu

697 1040 1037 1111 allegoricum
1060 1036 1285 1093 transit:
1314 1046 1363 1090 et
1393 1038 1830 1108 quemadmodum
1880 1039 2071 1092 anima:
2101 1052 2234 1109 prae-

697 1132 921 1203 cipiatur
952 1140 1009 1185 ut
1033 1141 1177 1185 exeat
1203 1128 1268 1183 de
1299 1139 1438 1183 terra
1468 1148 1587 1196 sua,
1614 1141 1658 1185 et
1682 1132 1747 1186 de
1772 1132 2081 1201 cognatione
2106 1144 2233 1193 sua;

696 1238 788 1277 nec
842 1240 945 1277 non
984 1240 1017 1277 a
1060 1222 1243 1293 quibus
1281 1222 1348 1275 ad
1392 1226 1667 1292 perfectam
1700 1223 2057 1294 purgationem
2099 1236 2235 1274 rece-

694 1314 922 1369 dendum
961 1315 1049 1381 sit,
1083 1314 1331 1387 explicat.
1379 1312 1617 1386 Denique
1672 1316 1980 1385 promissam
2010 1313 2233 1368 Abrahae

695 1408 1051 1477 posteritatem
1080 1407 1262 1477 refert.

696 1503 751 1558 1.
794 1502 1059 1559 Moralem
1098 1502 1320 1573 quidem
1355 1501 1534 1559 locum
1565 1503 1842 1575 prosecuti
1882 1518 2093 1571 sumus,
2128 1518 2233 1575 qua

625 1591 906 1663 potuimus
962 1593 1271 1648 intellectus
1326 1592 1712 1665 simplicitate;
1772 1605 1831 1649 ut
1877 1597 1966 1666 qui
2019 1596 2228 1667 legunt,

624 1702 837 1742 morum
862 1691 1075 1755 possint
1105 1687 1209 1742 sibi
1235 1687 1454 1743 haurire
1487 1690 1796 1761 magisteria
1830 1709 1843 1745 :
1873 1691 1966 1747 sed
2008 1692 2130 1759 quia
2164 1708 2232 1746 ex

624 1790 857 1847 utraque
890 1788 1045 1850 parte
1068 1788 1225 1834 acuta
1256 1789 1339 1835 est
1365 1780 1510 1837 acies
1529 1780 1715 1852 gladii,
1732 1798 1799 1837 ex
1825 1792 2054 1855 utraque
2079 1793 2233 1854 parte

624 1871 912 1943 prmliaris;
958 1872 1208 1927 similiter
1249 1872 1472 1927 verbum
1521 1873 1642 1940 Dei,
1690 1874 1834 1945 quod
1887 1885 1971 1929 est
2022 1874 2233 1930 acutius

624 1965 772 2022 omni
800 1965 983 2037 gladio
1019 1964 1356 2034 acutissimo,
1396 1977 1688 2037 penetrans
1716 1983 1888 2037 usque
1916 1965 1982 2022 ad
2015 1966 2235 2023 divisio-

622 2072 750 2114 nem
781 2058 997 2125 animcc,
1026 2073 1368 2129 quocumque
1396 2060 1756 2123 converteris,
1800 2069 2048 2129 paratum
2077 2061 2231 2115 inve-

623 2149 744 2205 nies
795 2158 851 2205 et
905 2158 1297 2221 opportunum,
1330 2158 1385 2204 ut
1427 2151 1664 2205 animam
1708 2149 1939 2222 legentis
1962 2162 2234 2221 pertrans-

623 2251 713 2299 eat
776 2242 846 2299 ad
901 2242 1261 2304 revolandum
1316 2244 1759 2314 prOpheticarum
1823 2244 2229 2314 Scripturarum

620 2336 931 2408 :enigmata.
965 2335 1121 2394 Unde
1148 2353 1253 2392 uon
1275 2336 1573 2394 absurdum
1597 2353 1723 2394 reor
1752 2338 1962 2395 referre
1990 2338 2055 2395 ad
2074 2339 2232 2394 allio-

619 2447 680 2489 ra
703 2447 946 2497 sensum,
968 2442 1023 2488 et
1050 2446 1147 2503 per
1169 2430 1456 2487 historiam
1479 2432 1818 2489 diversarum
1845 2448 2227 2502 personarum,

620 2525 835 2582 virtutis
863 2526 1054 2581 formae
1074 2525 1362 2597 quemdam
1388 2541 1700 2596 processum
1730 2526 2027 2596 eXplicaro;
2062 2528 2231 2583 maxi-

624 2633 716 2675 me
742 2634 865 2675 cum
884 2620 997 2689 jam
1030 2619 1082 2674 in
1111 2619 1285 2676 Adam
1322 2620 1632 2676 intellectus
1677 2620 2047 2690 profundioris
2072 2638 2232 2679 exor-

624 2709 716 2766 dia
757 2710 1230 2783 degustaverimus
1290 2710 1416 2781 (De
1450 2710 1730 2777 Paradiso,
1778 2714 2005 2786 cap.2).
2056 2715 2230 2770 Adam

624 2804 828 2861 etenim
861 2814 1102 2860 mentem
1126 2804 1384 2873 diximus,
1419 2803 1587 2860 Evam
1618 2820 1841 2862 sensum
1871 2821 1994 2863 esse
2022 2806 2229 2877 signiﬁ-

625 2897 891 2963 cavimus,
922 2898 1193 2968 serpentis
1246 2896 1431 2967 specie
1478 2896 1899 2954 delectationem
1954 2899 2233 2969 expressi-

625 3004 769 3056 mus;
802 2988 900 3046 sed
932 2990 1003 3045 ibi
1025 2989 1095 3047 de
1121 3005 1336 3046 summa
1366 2990 1717 3055 beatitudine,
1742 2992 2044 3063 etquadam
2076 3006 2233 3047 natu-

624 3082 727 3139 rali
769 3083 1031 3139 virtutum
1089 3083 1407 3140 amoenitate
1450 3093 1477 3122 ι
1519 3099 1616 3156 per
1666 3084 2229 3157 circumscriptionem

626 3190 841 3238 sensus.
867 3186 922 3232 et
958 3176 1344 3233 delectationis
1365 3176 1675 3234 illecebram
1702 3177 1731 3218 δ
1754 3179 1992 3235 relluxus
2020 3178 2089 3235 ad
2112 3179 2228 3235 cul-

625 3285 750 3340 pam
780 3279 882 3327 est:
911 3269 1001 3325 hic
1034 3277 1213 3325 autem
1247 3270 1548 3340 profectum
1596 3272 1795 3328 mentis
1825 3273 2095 3343 speculari
2130 3272 2229 3329 da-

627 3372 737 3418 tur.
764 3362 879 3419 Hoc
895 3366 1040 3418 enim
1066 3362 1369 3433 Legislator
1399 3362 1623 3434 provide
1650 3365 1783 3434 egit,
1805 3375 1860 3420 ut
1881 3367 2232 3437 quemadmo-

629 3453 760 3511 dum
805 3454 1013 3525 lapsum
1048 3454 1243 3510 mentis
1289 3455 1717 3525 demonstravit,
1770 3467 1828 3512 ut
1868 3459 1985 3513 illas
2026 3461 2230 3517 erroris

630 3561 943 3603 caveremus
971 3547 1193 3602 semitas
1218 3564 1233 3601 :
1263 3546 1334 3602 ita
1363 3548 1525 3602 etiam
1559 3562 1873 3618 processum
1902 3551 2101 3606 mentis
2126 3592 2141 3616 ,
2176 3562 2232 3609 et

630 3639 917 3713 quemdam
948 3638 1286 3709 superiorem
1318 3639 1553 3695 reditum
1569 3641 1923 3712 signiﬁcaret,
1950 3651 2010 3699 ut
2037 3660 2226 3716 quem-

626 3734 924 3790 admodum
962 3731 1193 3789 inlracta
1246 3748 1401 3789 mens
1454 3732 1756 3791 reformare
1797 3752 1856 3793 sc
1914 3737 2105 3807 possit,
2138 3754 2230 3795 co-

627 3844 1038 3903 gnosceremus.
1071 3829 1405 3901 Purgaverat
1447 3829 1593 3886 enim
1622 3841 1819 3887 terram
1863 3832 2118 3887 Dominus
2145 3832 2229 3888 di-

627 3922 757 3979 luvii
801 3921 1093 3992 inlusione,
1135 3921 1342 3979 laverat
1390 3921 1645 3981 humanae
1671 3925 2039 3982 colluvionem
2068 3926 2230 3997 fragi-

626 4016 821 4072 litatis:
857 4015 955 4072 sed
986 4032 1095 4072 non
1118 4016 1252 4072 satis
1273 4026 1391 4073 erat
1426 4018 1495 4073 ad
1532 4018 1744 4074 virtutis
1770 4019 2095 4091 profectum,
2122 4020 2227 4076 nisi

626 4117 689 4166 ut
716 4110 1077 4167 instrueretur
1105 4111 1270 4166 homo
1302 4111 1761 4181 quemadmodum
1813 4130 1875 4171 se
1904 4122 2118 4185 regeret
2173 4122 2230 4170 et

627 4202 974 4273 gubernaret,
998 4202 1272 4260 Abraham
1304 4205 1502 4260 mentis
1522 4206 1640 4262 loco
1668 4205 1962 4263 inducitur.
1986 4207 2230 4279 Denique

632 4300 656 4330 ε
688 4291 958 4365 Abraham
986 4296 1247 4352 transitus
1289 4297 1509 4353 dicitur.
1562 4298 1705 4370 Ergo
1756 4308 1815 4353 ut
1842 4315 1996 4355 mens
2027 4316 2148 4370 quae
2175 4300 2227 4355 in

629 4382 803 4441 Adam
834 4394 1003 4442 totam
1045 4402 1105 4443 se
1137 4387 1492 4445 delectationi
1543 4400 1598 4446 et
1627 4392 1903 4447 illecebris
1932 4393 2231 4465 corporali-

628 4477 731 4535 bus
771 4479 1018 4547 dederat,
1049 4482 1102 4537 in
1134 4480 1366 4537 formam
1399 4483 1618 4539 virtutis
1673 4486 2021 4556 speciemque
2052 4474 2229 4543 trans-

628 4569 756 4636 iret,
787 4572 869 4626 vir
897 4572 1116 4640 sapiens
1140 4573 1298 4630 nobis
1327 4576 1396 4630 ad
1429 4575 1753 4632 imitandum
1786 4577 2095 4649 propositus
2120 4588 2226 4636 est.

629 4660 875 4733 Denique
915 4662 1191 4719 Abraham
1237 4665 1535 4722 secundum
1592 4666 1849 4731 Hebraeos
1874 4710 1892 4735 ,
1930 4671 2227 4728 secundum

625 4753 847 4814 Latinos
871 4766 1025 4828 pater
1049 4758 1229 4815 dictus
1257 4768 1364 4830 est,
1397 4776 1465 4817 eo
1490 4761 1635 4833 quod
1653 4778 1811 4820 mens
1842 4772 2067 4835 paterna
2098 4781 2230 4838 qua-

700 4948 725 5008 9
764 4937 912 4996 Edit.
941 4938 1127 5002 Rom.,
1158 4956 1251 5008 per
1270 4939 1752 4997 circumventionem
1776 4958 1977 4999 sensus.

694 5007 725 5048 δ
764 5010 894 5068 Mss.
916 5012 1046 5077 duo,
1069 5007 1301 5083 deﬂexus
1322 5012 1391 5065 ad
1411 5011 1618 5083 culpam
1637 5025 1732 5070 est.

700 5115 721 5144 ε
763 5104 994 5159 Abrahae
1024 5119 1221 5160 nomen
1268 5105 1483 5162 videtur
1510 5104 1833 5163 Ambrosius
1863 5105 2157 5163 deduxisse
2194 5121 2225 5162 a

625 5190 760 5231 voce
802 5175 1160 5249 Abrantqun
1210 5179 1471 5249 transitus
1515 5178 1877 5249 signiﬁcatur:
1912 5188 2007 5232 aut
2047 5181 2226 5249 potius

625 5250 935 5315 resnexisse
983 5247 1051 5302 ad
1086 5263 1207 5316 cap.
1234 5248 1324 5314 14,
1361 5266 1417 5304 n.
1452 5247 1672 5309 i5.'ubi
1722 5250 2022 5305 secundum
2053 5247 2226 5304 LXX

625 5321 897 5375 Abraham
937 5322 1199 5375 transitor
1233 5319 1449 5376 dicitur.
1474 5319 1615 5375 Vide
1653 5319 1929 5376 Nobilium
1960 5322 2012 5376 in
2067 5337 2225 5376 eun:-

625 5390 749 5445 dem
781 5392 981 5446 locum.

696 5459 724 5498 ἀ
764 5462 1031 5528 Censione,
1065 5463 1118 5519 id
1134 5472 1239 5527 est,
1258 5478 1517 5530 censura,
1542 5477 1607 5519 ac
1635 5462 2034 5519 moderatione.

700 5553 965 5624 {Omnes
988 5554 1149 5618 edit.,
1193 5556 1455 5624 prolatum
1497 5565 1569 5609 est
1595 5556 1822 5610 verbum.
1871 5554 2000 5610 Mss.
2034 5570 2225 5611 omnes

627 5620 908 5690 Gallicani,
938 5620 1248 5696 prolativum
1274 5636 1349 5681 est
1377 5626 1607 5680 verbum.
1636 5626 1781 5697 Idem
1813 5636 1992 5679 autem
2019 5626 2225 5697 signifi-

626 5698 1048 5769 cat‘protat‘ivum
1071 5708 1255 5769 atque
1287 5697 1648 5769 extensivum.
1676 5696 1791 5753 Vox
1821 5698 1991 5764 enim,
2018 5696 2221 5765 domus,

625 5776 657 5819 a
681 5763 913 5831 simplici
949 5763 1342 5840 signiﬁcatione
1374 5768 1440 5825 ad
1482 5770 1765 5840 ﬁguratam
1802 5780 1856 5827 et
1886 5763 2223 5840 metaphorié

626 5848 745 5893 eam
766 5836 1095 5893 extenditur.

2270 566 2933 655 SECUNDUS.

2247 844 2452 919 Adam
2500 849 2846 918 auctoritate,
2884 844 2910 887 ά
2955 847 3236 919 censione,
3268 860 3321 909 et
3375 848 3775 907 sollicitudine
3811 858 3961 907 totum

2336 941 2602 1011 gubernet
2629 942 2931 997 hominem.

2408 1033 2465 1087 2.
2510 1034 2635 1090 llzcc
2657 1051 2788 1105 ergo
2814 1050 2966 1091 mens
3002 1046 3121 1091 erat
3149 1036 3201 1091 in
3257 1035 3499 1102 Charra,
3528 1035 3587 1091 id
3619 1044 3736 1095 est.
3775 1035 3834 1090 in
3888 1052 3959 1091 ca-

2336 1124 2540 1191 vernis,
2559 1126 2791 1181 obnoxia
2819 1127 2985 1182 variis
3016 1128 3386 1197 passionibus.
3420 1127 3675 1199 Ideoque
3702 1125 3877 1199 31‘
3897 1128 3959 1183 di-

2335 1220 2474 1272 citur
2503 1218 2551 1272 ei
2583 1217 2725 1272 τετε
2776 1218 2841 1273 de
2868 1229 3004 1273 terra
3034 1229 3124 1273 tua
3156 1218 3312 1291 (Gen.
3344 1235 3443 1286 xu,
3481 1218 3569 1290 1),
3629 1219 3690 1273 id
3740 1229 3855 1283 est,
3906 1221 3956 1273 de

2334 1322 2565 1376 corpore
2598 1316 2712 1362 tuo.
2755 1308 2934 1363 Exivit
2959 1309 3025 1364 de
3052 1309 3152 1364 hac
3206 1320 3351 1365 terra
3383 1310 3501 1377 ille,
3536 1310 3711 1380 cujus
3741 1325 3953 1365 conten

2337 1400 2474 1455 satio
2523 1402 2576 1455 in
2629 1401 2784 1457 caelis
2821 1411 2923 1457 cst.
2959 1401 3025 1456 Et
3078 1402 3141 1457 de
3188 1404 3523 1476 (agitatione,
3585 1403 3805 1474 inquit,
3862 1415 3949 1458 tua.

2336 1496 2561 1567 Cognati
2591 1508 2718 1553 sunt
2749 1499 2943 1553 anima:
2970 1509 3171 1555 nostra:
3217 1501 3467 1571 corporis
3494 1516 3738 1557 sensus.
3768 1502 3949 1557 Dividi-

2338 1598 2427 1644 tur
2456 1591 2599 1645 enim
2631 1590 2683 1645 in
2714 1591 2825 1647 duo
2854 1593 3029 1647 anima
3063 1600 3246 1648 nostra
3274 1610 3287 1645 :
3320 1594 3372 1647 iu
3398 1592 3452 1648 id
3484 1595 3645 1663 quod
3674 1603 3767 1649 est
3803 1595 3946 1649 ratio-

2338 1681 2538 1749 nabile,
2566 1692 2621 1738 et
2648 1684 2699 1738 in
2745 1685 2796 1739 id
2823 1686 2964 1754 quod
3012 1694 3097 1740 est
3128 1686 3527 1742 irrationabile.
3566 1687 3628 1741 In
3687 1703 3759 1743 eo
3787 1699 3942 1743 autem

2336 1776 2480 1845 quod
2526 1786 2610 1832 est
2657 1778 3049 1846 irrationabile,
3084 1796 3277 1835 sensus
3322 1790 3495 1835 sunt:
3546 1797 3695 1851 ergo
3752 1785 3940 1854 cognati

2337 1878 2464 1925 sunt
2494 1872 2661 1941 partis
2700 1873 3061 1941 rationabilis,
3094 1876 3196 1931 hoc
3218 1882 3322 1937 est,
3354 1876 3581 1930 mentis.
3614 1875 3695 1930 Et
3716 1878 3787 1932 de
3812 1878 3938 1931 ὀοειε

2338 1974 2457 2027 tua,
2508 1964 2701 2034 inquit,
2761 1966 2863 2021 exi.
2919 1967 3121 2021 Domus
3181 1970 3380 2022 mentis
3410 1978 3433 2005 ο
3477 1969 3831 2038 prolativum
3877 1982 3936 2025 eat

2337 2054 2582 2111 verbum.
2630 2056 2784 2112 Sicut
2830 2057 2974 2112 enim
3023 2060 3410 2127 paterfamilias
3439 2059 3661 2117 habitat
3716 2062 3773 2116 in
3801 2062 3933 2116 domo

2338 2165 2457 2214 sua,
2491 2160 2546 2205 et
2575 2152 2627 2205 in
2658 2160 2925 2221 potestate
2946 2150 3109 2207 habet
3130 2152 3599 2222 quemadmodum
3652 2164 3817 2225 regat
3862 2155 3933 2210 de

2259 2265 2307 2325 Β
2338 2260 2484 2299 mum
2514 2261 2707 2301 suam:
2743 2248 2817 2301 ita
2850 2249 3012 2301 etiam
3062 2262 3218 2303 mens
3268 2249 3323 2303 in
3364 2248 3732 2304 sermonibus
3760 2248 3931 2303 nostris

2332 2339 2563 2407 habitat,
2594 2349 2650 2396 et
2677 2340 2941 2411 gubernat
2967 2342 3128 2398 verba
3157 2351 3365 2409 nostra,
3386 2351 3446 2398 et
3469 2343 3553 2399 vis
3585 2343 3718 2415 ejus
3746 2358 3811 2398 ac
3832 2341 3923 2397 dis-

2331 2430 2531 2499 ciplina
2558 2432 2611 2487 in
2650 2447 2903 2489 sermone
2934 2434 3128 2490 elucet.
3158 2432 3229 2490 Ut
3251 2434 3426 2489 bonus
3454 2435 3862 2506 paterfamilias
3903 2450 3921 2487 ε

2334 2525 2510 2596 primo
2560 2526 2825 2582 vestibulo
2872 2526 3066 2582 domus
3112 2528 3459 2582 aestimatur:
3513 2528 3591 2582 ita
3647 2530 3819 2584 etiam
3874 2526 3923 2581 de

2332 2620 2678 2675 sermonibus
2701 2620 2900 2675 nostris
2930 2636 3085 2677 mens
3137 2630 3322 2677 nostra
3352 2622 3745 2693 perpenditur.
3782 2622 3921 2678 Deni-

2333 2726 2439 2781 que
2458 2710 2623 2765 etiam
2650 2708 2667 2748 ί
2697 2710 2931 2767 modulis
2954 2713 3101 2768 vocis
3131 2714 3313 2784 pulsat
3337 2721 3394 2768 et
3418 2722 3673 2769 revocat.

2404 2801 2457 2857 3.
2503 2800 2643 2874 Ergo
2695 2804 2785 2874 qui
2841 2804 2955 2859 vult
2986 2804 3280 2873 perfectam
3334 2806 3734 2878 purgationem
3766 2823 3924 2863 conse-

2331 2896 2442 2967 qui,
2469 2896 2740 2967 disiungat
2765 2912 2825 2953 se
2844 2898 2912 2953 ab
2955 2897 3041 2954 his
3087 2899 3282 2966 tribus,
3312 2914 3341 2953 a
3396 2914 3661 2971 corpore,
3697 2918 3731 2957 a
3776 2904 3919 2959 sensi-

2331 2989 2433 3044 bus
2457 2989 2853 3059 corporalibus,
2879 3004 2909 3045 a
2935 3005 3093 3058 voce,
3115 2991 3169 3046 in
3198 2992 3395 3062 quibus
3438 3002 3569 3048 sunt
3615 3010 3818 3052 omnes
3835 3011 3923 3049 ror-

2334 3081 2480 3151 poris
2505 3084 2803 3153 passiones,
2835 3092 2888 3139 et
2920 3084 3459 3154 circumscriptiones
3502 3102 3800 3155 sensuum,
3835 3089 3921 3160 qni-

2332 3176 2435 3232 bus
2474 3176 2778 3247 decipimur
2818 3186 2874 3234 et
2921 3177 3217 3234 illudimur.
3250 3178 3309 3235 In
3360 3179 3515 3236 nullo
3562 3182 3718 3238 enim
3764 3183 3918 3240 horum

2334 3269 2495 3324 trium
2520 3271 2742 3326 bonum.
2765 3270 2882 3327 Non
2911 3272 2963 3327 in
2990 3288 3179 3335 carne,
3202 3274 3450 3344 quamvis
3480 3273 3712 3345 Epicuri
3742 3276 3917 3335 schola.

2332 3359 2576 3432 plerique
2621 3362 2784 3418 etiam
2814 3363 3139 3433 Voluptuarli
3167 3364 3585 3436 disrumpantur
3610 3377 3638 3415 ε
3669 3368 3919 3424 laudantes

2332 3454 2581 3523 corporis
2606 3454 3050 3524 delectationem;
3085 3472 3262 3528 neque
3287 3457 3340 3511 in
3366 3457 3656 3523 sensibus,
3687 3461 3782 3530 qui
3806 3475 3920 3530 saepe

2334 3542 2611 3611 luduntur;
2639 3561 2814 3617 neque
2840 3548 2892 3602 in
2918 3563 3059 3605 sono
3080 3550 3249 3616 vocis,
3284 3564 3405 3619 quae
3438 3550 3596 3606 falsis
3634 3552 3920 3623 plerumque

2258 3656 2304 3719 ο
2336 3644 2571 3694 animam
2594 3639 2867 3697 demulcet
2897 3640 2924 3679 ιι
2954 3642 3225 3709 cantibus,
3260 3651 3344 3697 est
3381 3644 3695 3713 perfectum
3726 3647 3915 3705 bonum;

2334 3732 2452 3790 haec
2490 3734 2635 3789 enim
2684 3735 3094 3806 corruptibilis:
3132 3735 3276 3807 quod
3324 3743 3509 3792 autem
3556 3753 3695 3795 vere
3723 3739 3915 3803 bonum,

2332 3826 2437 3883 hoc
2474 3828 2907 3900 iucorruptihile.
2968 3830 3253 3887 Manifesta
3296 3840 3480 3887 autem
3529 3831 3695 3889 ﬁdes.
3731 3833 3914 3890 Mortuo

2332 3921 2535 3977 etenim
2573 3922 2814 3991 homine,
2839 3939 2968 3979 caro
3008 3925 3394 3995 corrumpitur,
3442 3940 3647 3984 sensus
3698 3936 3912 3999 pereunt,

2332 4031 2434 4073 vox
2465 4015 2755 4083 amittitur,
2805 4030 3055 4076 remanet
3106 4033 3262 4075 meus
3292 4019 3649 4087 immortalis,
3686 4023 3911 4095 incorpo-

2332 4124 2485 4166 ream
2507 4110 2670 4165 vitam
2698 4110 2989 4183 recipiens.
3030 4111 3183 4169 Unde
3214 4114 3266 4168 in
3297 4112 3526 4169 alteram
3558 4125 3765 4171 terram
3788 4131 3913 4172 vocs-

2334 4212 2422 4257 tur
2452 4202 2672 4274 plenam
2719 4203 3092 4270 beatitudine,
3134 4205 3224 4260 ubi
3265 4220 3371 4261 non
3424 4205 3562 4261 falsa
3622 4224 3725 4278 pro
3772 4209 3907 4271 veris,

2335 4296 2477 4353 sicut
2504 4298 2557 4353 in
2587 4297 2688 4354 hac
2715 4298 2865 4352 vita:
2898 4298 2995 4355 sed
3025 4299 3207 4355 vivam
3232 4315 3414 4355 rerum
3446 4310 3644 4356 cernat
3696 4302 3911 4358 substsu

2330 4391 2479 4459 tiam;
2512 4407 2579 4448 eo
2599 4392 2743 4464 quod
2771 4408 3000 4450 excussa
3021 4393 3290 4465 corporis,
3318 4403 3374 4449 et
3399 4409 3690 4461 sensuum,
3714 4406 3769 4452 et
3790 4397 3908 4450 vocis

2331 4484 2593 4541 nebulosa
2625 4484 2858 4556 quadam
2902 4486 3158 4558 imagine,
3188 4487 3599 4556 corruptibileni
3654 4489 3908 4561 caliginem

2329 4578 2587 4650 deponat,
2619 4587 2677 4636 et
2699 4580 2938 4637 revelata
2960 4578 3098 4636 facie
3133 4582 3308 4637 heatte
3340 4581 3463 4636 vitae
3484 4582 3719 4653 gratiam
3749 4583 3908 4638 lustret

2333 4676 2547 4733 obtutu.

2402 4771 2459 4825 4.
2490 4767 2824 4837 Benedicam,
2880 4769 3076 4842 inquit,
3104 4779 3173 4838 te,
3212 4780 3264 4826 et
3316 4770 3509 4842 faciam
3558 4779 3607 4827 te
3656 4772 3714 4827 in
3741 4784 3907 4844 gentem

2410 4942 2429 4982 ί
2472 4942 2647 5027 Edita,
2682 4944 2959 5027 modulum
2991 4944 3170 5027 Avocis_
3194 4943 3375 5027 pulsat
3404 4946 3909 5027 _et__.reuocat._lidem

2330 5030 2490 5078 mss.,
2515 5015 2738 5070 modulis
2759 5016 2918 5077 vocis,
2952 5022 3086 5078 εις..
3120 5014 3209 5069 ubi
3236 5014 3585 5085 snbiutellige
3623 5018 3908 5084 passiones.

2331 5101 2551 5158 corpus,
2605 5103 2671 5142 ac
2712 5102 2906 5143 sensus
2934 5102 3254 5158 corporeos.
3282 5101 3401 5155 quae
3429 5100 3597 5157 supra
3643 5098 3908 5146 memorata

2332 5157 2494 5224 sunt,
2542 5174 2772 5229 quaeque
2823 5157 3066 5232 modulis
3113 5160 3266 5215 vocis
3323 5158 3557 5213 excitari
3605 5174 3673 5214 ac
3711 5159 3908 5232 mitigari

2333 5243 2493 5284 nemo
2515 5244 2621 5283 non
2645 5231 2944 5300 experitur.

2407 5332 2432 5369 ε
2472 5323 2618 5377 Εαιίι.
2651 5326 2800 5389 Am.,
2839 5323 2989 5390 Era.,
3037 5323 3188 5390 Gill.,
3240 5324 3413 5379 laudis
3440 5324 3683 5393 corporis
3720 5325 3909 5379 delecte-

2251 5390 2307 5452 D
2331 5393 2486 5449 tione.
2514 5394 2672 5450 Rom.
2698 5410 2907 5460 vocem,
2940 5396 3134 5458 laudis,
3154 5390 3544 5465 pra-termiuit.
3571 5395 3685 5451 Nos
3700 5397 3907 5452 omnium

2333 5482 2464 5521 mss.
2492 5468 2799 5522 auctoritati
2830 5466 3162 5524 credendum
3194 5469 3515 5537 putavimus.

2405 5559 2432 5597 ιι
2474 5562 2550 5617 lta
2585 5576 2719 5634 mss.
2749 5578 2913 5633 supra
2939 5562 3113 5627 citati,
3140 5558 3529 5634 praeterCorb.
3576 5560 3635 5634 in
3685 5577 3793 5634 quo
3835 5562 3910 5617 de-

2328 5643 2475 5698 erat,
2497 5633 2751 5699 cantibus,
2779 5632 2874 5700 est,
2904 5635 3044 5702 quod
3064 5633 3351 5688 recentiori
3377 5647 3537 5687 manu
3564 5632 3804 5688 additum
3825 5646 3907 5688 est.

2332 5702 2481 5775 Edit.
2515 5721 2668 5771 vero,
2710 5706 2958 5760 demulcet
3010 5704 3276 5765 cantibus.
3303 5712 3381 5758 est
3414 5706 3704 5775 perfectum
3751 5708 3908 5761 bonum

2332 5773 2428 5831 hoc
2453 5778 2863 5847 incorruptibile.
2887 5776 3189 5849 Manifesta,
3218 5786 3325 5833 etc.
