4082 6370
195 305 321 366 457

1503 314 1591 369 DE
1631 313 1968 376 ABRAHAM
2007 318 2137 376 LIB.
2179 321 2243 376 ll.

3402 345 3512 407 458

200 431 456 486 snaguam
489 417 747 489 (Geram,
776 419 857 490 9).
889 417 1356 478 immortalitatem
1386 423 1643 494 spondet,
1687 442 1809 482 cum
1839 436 1893 496 Α
1919 429 2087 500 ipsius
2111 434 2359 492 contuitu
2387 437 2529 495 viam
2557 440 2817 514 colligunt
2841 464 2854 500 :
2880 447 2952 504 ita
2973 461 3025 506 et
3057 453 3329 516 Abraham
3363 477 3384 503 ε
3409 482 3509 521 nu-

196 522 389 580 gcnus
419 511 704 582 promittit.
731 511 914 570 Genus
939 515 1084 571 enim
1115 515 1418 571 immortale
1440 517 1648 575 videtur
1665 535 1808 588 esse,

201 618 463 674 persona:
505 608 764 665 mortales
817 617 944 666 sunt
992 609 1354 681 singulorum,
1397 620 1456 668 ut
1506 612 1806 682 hominum,

197 706 268 754 ut
294 714 594 773 equorum,
629 710 688 759 ut
712 717 892 774 apum.
924 704 1000 761 De
1021 705 1218 775 quibus
1244 705 1552 777 aitquidam
1577 725 1590 762 :

495 793 562 845 At
579 806 740 858 genus
759 795 1240 858 immortalemanet.

1031 857 1200 924 (Virg.
1226 857 1262 911 Ι.
1286 876 1332 912 tv
1358 862 1556 929 Georg.)

196 932 419 994 Tamen
473 940 641 997 multo
689 941 821 997 illud
860 942 1057 999 melius
1096 944 1242 1015 quod
1285 954 1501 1018 gentem
1555 962 1804 1020 magnam

193 1029 346 1087 dixit
371 1031 629 1089 Ecclesiae
649 1046 962 1105 perpetuam
987 1038 1385 1108 posteritatem,
1416 1049 1470 1096 et
1494 1043 1802 1112 generatio-

195 1139 328 1179 nem
365 1124 510 1180 illam
535 1141 848 1198 supernam,
867 1145 989 1201 qute
1019 1145 1149 1187 vere
1175 1145 1368 1205 magna
1389 1141 1496 1202 est,
1524 1143 1551 1173 ⁸
1574 1144 1635 1191 ιιι
1681 1149 1805 1205 pec-

189 1225 326 1272 cato
353 1217 648 1276 moriamur
676 1221 787 1277 Deo
818 1223 1175 1279 renascimur.

617 1399 620 1402 .
667 1361 831 1435 315
869 1361 1099 1418 CAPUT
1136 1360 1203 1417 u.

192 1470 329 1530 Post
361 1475 641 1531 Abrahami
666 1479 880 1546 exitum,
918 1479 1056 1534 Deus
1087 1478 1168 1534 illi
1217 1490 1476 1552 tamquam
1527 1483 1691 1538 amico
1719 1484 1797 1538 lo-

271 1567 469 1637 quitur.
500 1567 652 1623 ldem
693 1570 836 1625 nobis
879 1572 1187 1643 proponitur
1223 1573 1293 1628 ad
1348 1575 1695 1646 imitandum;
1744 1586 1800 1631 ut

270 1678 415 1718 mens
459 1677 638 1719 nostra
683 1668 797 1738 ejus
827 1667 1060 1738 exemplo
1112 1669 1443 1740 reformatur.
1481 1670 1653 1737 Quare
1700 1669 1798 1725 Lot

271 1771 393 1810 cum
422 1756 516 1811 illo
544 1773 800 1828 egressus;
823 1758 1007 1829 quidve
1031 1761 1352 1832 sexagesimo
1379 1779 1517 1816 anno
1539 1764 1798 1836 significe-

1916 522 2184 581 labundus
2220 528 2459 600 quidem,
2505 542 2684 592 tamen
2715 541 2985 599 tramitem
3017 549 3129 604 veri
3156 557 3505 626 sequebatur.

1913 615 2216 674 Ducebatur
2231 623 2546 698 plerumque
2568 628 2698 684 falsa
2729 637 2911 704 specie
2933 639 3198 700 honorum
3217 615 3251 715 ,.
3267 652 3362 707 sed
3394 615 3504 710 non

1912 708 2124 777 penitus
2145 711 2524 775 inclinabatur.
2558 720 2794 782 Perfecti
2823 740 2907 786 est
2941 736 3085 791 enim
3119 708 3229 796 non
3249 708 3506 807 deﬂecte;

1909 816 1990 896 re,
2033 805 2316 872 prudentis
2353 825 2465 865 non
2515 818 2731 884 penitus
2766 821 3062 885 declinare.
3114 831 3276 891 Solus
3322 805 3502 896 autem

1906 893 2000 950 ille
2025 911 2318 970 numquam
2338 901 2608 976 deﬂectit,
2653 911 2724 967 de
2754 930 2862 986 quo
2901 921 3161 992 scriptum
3204 939 3319 984 est:

1907 987 2051 1061 virgo
2075 990 2129 1045 in
2149 1000 2293 1047 utero
2319 997 2556 1068 accipiet,
2584 1011 2634 1056 et
2672 1007 2838 1073 pariet
2867 987 3056 1081 ﬁlium,
3084 1026 3131 1071 et
3171 1023 3374 1079 vocabis
3413 987 3508 1082 no;

1906 1096 2022 1137 men
2065 1084 2177 1152 ejus
2225 1085 2534 1147 Emmanuel
2566 1111 2584 1148 .·
2635 1096 2877 1171 butyrum
2939 1117 2984 1161 et
3016 1112 3116 1164 mel
3149 1117 3503 1188 manducabit,

1907 1182 2203 1280 priusquam
2243 1182 2373 1238 sciat
2403 1196 2494 1240 aut
2523 1194 2752 1261 proferat
2777 1198 2937 1265 mala,
2963 1201 3117 1272 eligat
3146 1205 3358 1279 bonum;
3380 1182 3506 1284 quo;

1906 1269 2046 1325 niam
2082 1273 2385 1345 priusquam
2441 1282 2574 1336 sciat
2603 1301 2730 1354 puer
2772 1289 2958 1346 bonum
2987 1307 3077 1350 aut
3125 1303 3348 1374 malum,
3391 1269 3503 1363 ἠοη

1904 1364 2075 1470 credet
2104 1368 2335 1439 malitiaz,
2379 1382 2432 1427 ut
2463 1375 2618 1446 eligat
2661 1381 2801 1451 quod
2828 1383 3016 1441 bonum
3053 1401 3126 1445 est
3178 1364 3368 1467 (Esai.
3408 1417 3502 1470 vn,

1907 1454 2020 1557 id).
2047 1457 2160 1516 Hoc
2183 1462 2458 1522 Abraham
2495 1471 2675 1527 facere
2704 1490 2810 1530 non
2843 1487 3078 1551 poterat,
3102 1493 3161 1540 ut
3185 1454 3337 1557 prius
3362 1454 3504 1550 bona

1903 1548 2153 1621 eligeret,
2185 1571 2345 1626 quam
2377 1561 2516 1616 mala
2543 1566 2727 1622 sciret.
2759 1569 2864 1625 Sed
2892 1548 3505 1646 prmceptis'inhmrebat

1903 1645 2224 1706 caelestibus
2245 1693 2258 1718 ,
2287 1667 2356 1709 ne
2375 1654 2691 1716 declinaret
2736 1677 2765 1717 a
2798 1680 2926 1722 vero
2954 1645 3109 1738 (Gen.
3143 1691 3243 1742 xu,
3269 1677 3349 1749 Α).
3375 1679 3504 1738 Ideo

1857 1810 1864 1816 ν
1902 1739 2064 1795 etiam
2112 1747 2452 1816 septuaginta
2492 1759 2548 1805 et
2587 1755 2826 1826 quinque
2854 1775 3120 1822 annorum
3175 1739 3505 1830 describitur

264 1856 371 1902 tur.
392 1847 509 1916 Quo
546 1851 750 1905 tandem
774 1861 928 1920 pacto
954 1854 1159 1925 sapiens
1188 1853 1414 1909 animum
1441 1871 1589 1910 suam
1630 1857 1791 1929 possi-

1903 1832 2081 1889 exisse
2121 1835 2190 1892 de
2227 1835 2460 1907 Charra,
2494 1845 2636 1912 quod
2656 1843 2685 1884 ἀ
2712 1857 3110 1925 septuagesimo
3142 1861 3384 1930 perfecto
3412 1883 3504 1924 re-

263 1943 403 1997 deat.

374 2057 522 2116 Exiit
571 2061 833 2118 Abraham
880 2065 1313 2136 quemadmodum
1371 2068 1572 2123 locutus
1623 2079 1697 2124 est
1751 2069 1798 2124 ei

182 2149 446 2208 Dominus
469 2152 624 2226 (Gen.
652 2171 749 2221 xu,
781 2157 861 2229 4).
895 2157 1030 2214 llinc
1087 2158 1270 2215 ferunt
1308 2161 1540 2232 gentiles
1588 2169 1798 2234 septem

181 2242 511 2314 Sapientum
539 2249 902 2306 sententiam:
928 2251 1171 2323 Sequere
1198 2253 1394 2322 Deum,
1427 2256 1582 2325 quasi
1611 2257 1798 2312 inven-

183 2346 301 2393 tum
323 2355 503 2409 suum;
533 2357 657 2398 cum
687 2343 846 2416 longe
875 2345 1138 2415 anterior,
1168 2361 1277 2403 non
1313 2347 1460 2414 dico,
1492 2348 1794 2419 Abraham,

180 2429 283 2486 sed
331 2432 546 2505 Moyses
578 2433 740 2491 fuerit
780 2452 876 2507 per
904 2453 1068 2509 quem
1106 2440 1194 2495 lex
1236 2439 1364 2496 data
1401 2450 1519 2512 est,
1561 2442 1791 2500 dicens:

179 2519 315 2580 Post
337 2526 615 2584 Dominum
648 2529 814 2585 Deum
842 2541 987 2587 tuum
1023 2534 1310 2590 ambulabis
1339 2534 1520 2608 (Deut.
1553 2553 1679 2604 xm,
1711 2535 1793 2609 4).

178 2611 368 2672 Exivit
393 2634 523 2691 ergo
547 2619 824 2680 Abraham
855 2624 909 2680 in
928 2641 1034 2697 quo
1056 2625 1084 2664 ι)
1110 2642 1217 2682 non
1237 2636 1346 2682 tam
1377 2628 1637 2700 perfectio
1653 2629 1790 2700 ejus,

178 2722 346 2779 quam
375 2712 567 2770 anima:
610 2715 730 2786 ejus
761 2717 1010 2785 devotio,
1041 2729 1096 2775 et
1118 2722 1316 2776 mentis
1360 2721 1587 2779 libertas
1629 2722 1798 2780 exivit

177 2798 249 2856 de
271 2805 517 2874 corporis
554 2807 808 2876 vinculis,
838 2808 906 2865 de
945 2810 1221 2867 illecebris
1249 2812 1650 2870 delectationis.
1683 2815 1791 2872 De-

180 2895 348 2966 nique
403 2897 483 2952 sic
536 2896 705 2955 habes
749 2918 763 2955 :
820 2900 997 2956 Exivit
1047 2904 1308 2959 Abraham
1359 2908 1793 2977 quemadmodum

180 2989 388 3046 locutus
400 2999 471 3047 est
484 2982 563 3047 illi
586 2991 749 3048 Deus.
773 2993 948 3065 Supra
977 2995 1174 3065 habes,
1215 2997 1339 3067 Exi,
1361 2998 1566 3056 dixisse
1597 3002 1789 3069 Deum,

181 3086 237 3143 in
287 3103 394 3160 quo
423 3099 672 3160 apertum
699 3090 985 3162 imperium
1013 3092 1258 3163 iubentis
1303 3111 1625 3166 expressum
1655 3114 1668 3149 :
1701 3096 1790 3154 hic

182 3178 355 3236 habes
398 3181 856 3253 quemadmodum
908 3184 1122 3242 locutus
1165 3195 1250 3244 est
1287 3186 1368 3244 illi
1416 3187 1580 3246 Deus.
1623 3189 1789 3258 Quasi

1901 1924 2178 1983 missionis
2228 1946 2456 1988 numero
2484 1948 2677 1994 sensus
2714 1939 2761 1996 is
2814 1944 2886 2000 sit
2913 1924 3019 2017 qui
3057 1924 3228 2021 possit
3273 1957 3500 2015 inﬂecti.

1900 2018 2066 2092 διδ
2092 2021 2490 2084 Delectationes
2517 2031 2661 2087 enim
2677 2033 2869 2092 horum
2899 2018 3154 2100 sensu-um
3185 2046 3412 2118 faciunt,
3445 2061 3507 2108 ut

1900 2127 2008 2168 non
2045 2130 2265 2187 semper
2282 2132 2463 2178 erecta
2481 2125 2553 2181 sit
2573 2143 2728 2184 mens
2759 2143 2965 2202 nostra,
2991 2138 3085 2192 sed
3123 2140 3414 2212 aliquando
3441 2161 3504 2204 se

1898 2206 2160 2276 inﬂectat;
2183 2220 2242 2267 ut
2273 2229 2381 2270 non
2411 2216 2551 2274 intra
2581 2236 2845 2282 cavernas
2870 2232 3138 2301 corporis,
3161 2236 3254 2291 sed
3276 2251 3335 2295 se
3358 2240 3502 2298 intra

1897 2297 2120 2358 latibula
2151 2306 2442 2378 voluptatis
2464 2313 2780 2374 abscondat.

1972 2393 2025 2447 7.
2066 2395 2271 2455 Tamen
2303 2404 2468 2460 etiam
2500 2406 2554 2461 in
2585 2409 2670 2463 his
2709 2413 2972 2472 cuniculis
3024 2421 3231 2490 positus
3271 2425 3346 2482 ita
3377 2445 3504 2486 eva-

1897 2487 1990 2555 sit,
2017 2496 2076 2543 ut
2103 2503 2345 2551 sumeret
2367 2513 2591 2556 uxorem
2621 2518 2796 2576 suam,
2821 2518 2872 2564 et
2902 2487 3178 2583 nepotem,
3206 2529 3260 2575 et
3283 2537 3503 2583 omnem

1899 2585 2134 2644 animam
2182 2606 2556 2668 quascumque
2594 2603 2916 2670 possederat
2958 2609 3010 2662 in
3041 2611 3325 2671 Charram.
3360 2619 3501 2676 Pru-

1898 2677 2088 2736 dentes
2118 2684 2265 2740 enim
2296 2696 2349 2742 et
2367 2690 2707 2751 continentes
2730 2696 2943 2755 virtutis
2974 2711 3139 2774 atque
3160 2709 3357 2765 anima:
3380 2729 3505 2783 pos-

1897 2785 2142 2831 sessores
2181 2789 2336 2847 sunt,
2382 2781 2634 2839 decorem
2679 2803 2890 2846 morum
2942 2809 3350 2860 mansuetorum
3381 2781 3504 2864 _eli-

1895 2877 2104 2936 gentes.
2129 2869 2231 2938 Qui
2261 2881 2442 2929 autem
2493 2887 2766 2937 amatores
2795 2888 3043 2956 corporis
3071 2903 3218 2960 sunt,
3263 2896 3507 2957 delecta—

1893 2958 2134 3018 tionibus
2188 2964 2305 3033 ejus
2353 2967 2709 3039 irretiuntur;
2768 2977 2893 3046 quia
2950 2958 3403 3047 irrationabilium
3449 2997 3502 3052 in

1893 3055 2138 3122 corporis
2171 3055 2490 3117 habitudine
2525 3069 2702 3121 omnis
2731 3069 2908 3128 virtus
2949 3085 3063 3144 est,
3097 3083 3503 3145 rationabilium

1891 3154 2075 3203 autem
2105 3149 2160 3205 in
2197 3151 2488 3212 virtutibus
2511 3159 2707 3217 anima:
2745 3175 2808 3218 ac
2848 3165 3174 3238 disciplinis.
3207 3175 3503 3249 Propterea

183 3241 434 3344 quidam.
471 3275 929 3333 contabulationis
982 3241 1246 3336 affectus”
1285 3241 1789 3353 comprehenditur;
1819 3242 1864 3306 Ο
1897 3241 2506 3353 ῗῗῖίΒ¹“Ψ,-⁸⁹ῗεέ¹⁶ίίῖῑτ
2557 3253 2636 3323 5)’
2688 3257 2815 3326 quia
2851 3268 2874 3295 ρ
2908 3264 3218 3331 ΡθδδίάθδΜ
3265 3241 3503 3332 adimam

182 3365 367 3421 omnia
427 3367 572 3423 enim
603 3367 726 3424 fecit
769 3385 889 3440 quae
943 3379 1145 3426 statuta
1199 3381 1346 3429 sunt.
1398 3376 1541 3430 Ante
1588 3374 1791 3431 factum

184 3457 349 3531 igitur
375 3459 519 3516 Deus
554 3460 686 3517 dicit
713 3464 866 3534 quasi
896 3464 1153 3533 obnoxio,
1182 3474 1302 3538 post
1321 3466 1526 3524 factum
1554 3469 1793 3540 loquitur

181 3552 336 3622 quasi
380 3553 578 3610 amico.
606 3555 830 3612 Amicus
862 3565 948 3614 est
991 3559 1137 3615 enim
1185 3560 1319 3628 Deo,
1364 3562 1459 3632 qui
1496 3561 1626 3617 facit
1670 3579 1792 3635 qua:

181 3643 447 3718 imperata
473 3659 618 3705 sunt.
644 3649 801 3709 Unde
823 3654 947 3708 etin
978 3653 1275 3727 Evangelio
1302 3672 1402 3713 suo
1449 3657 1582 3715 dicit
1604 3659 1792 3715 Domi-

183 3751 288 3797 nus
307 3740 502 3798 Jesus:
544 3741 647 3799 Vos
691 3747 844 3802 amici
880 3749 982 3803 mei
1023 3751 1178 3816 estis,
1212 3752 1254 3806 si
1287 3751 1510 3821 feceritis
1552 3770 1667 3824 quae
1698 3771 1790 3828 ego

183 3837 432 3909 prtecipio
460 3837 621 3894 vobis.
644 3837 769 3895 Iam
791 3859 896 3897 non
927 3843 1043 3898 dico
1064 3860 1154 3899 vos
1179 3861 1353 3901 servos
1386 3845 1567 3921 (Joan.
1595 3864 1686 3917 xv,
1722 3849 1790 3904 l4

185 3936 233 3984 et
256 3926 369 4000 l5).
403 3929 536 3997 Sed,
567 3940 626 3986 ut
649 3929 781 3999 dixi,
813 3947 1103 4003 processus
1129 3937 1233 3992 viri
1257 3937 1519 4009 sapientis
1543 3941 1792 4012 proposi-

189 4027 277 4076 tus
293 4030 378 4077 est
405 4021 564 4078 nobis
585 4022 653 4078 ad
693 4023 1034 4091 imitandum,
1069 4027 1306 4099 scriptus
1332 4031 1399 4085 ad
1448 4033 1792 4103 experimen-

190 4122 330 4182 tum,
364 4131 471 4172 non
517 4115 800 4187 perfectio.
827 4117 1025 4176 Adhuc
1045 4121 1191 4176 enim
1240 4123 1504 4180 reformat
1529 4141 1590 4182 se
1637 4142 1794 4184 mens

191 4204 247 4264 in
277 4208 573 4276 Abraham,
627 4227 749 4282 quae
797 4213 853 4268 in
891 4212 1114 4271 homine
1143 4216 1320 4287 primo
1374 4219 1523 4293 lapsa
1570 4231 1675 4280 est.
1721 4223 1790 4280 Et

192 4302 313 4360 ideo
336 4319 432 4376 per
450 4305 651 4376 gradus
671 4315 726 4362 et
742 4307 1079 4364 incrementa
1107 4324 1168 4367 se
1187 4312 1415 4384 colligit.

264 4397 316 4452 6.
360 4396 513 4454 Unde
537 4392 592 4454 et
615 4399 822 4456 addidit
853 4418 866 4454 :
897 4400 966 4456 Et
987 4403 1138 4459 exiuit
1158 4421 1270 4460 cum
1293 4422 1353 4462 eo
1383 4405 1482 4463 Lot
1509 4407 1661 4482 (Gen.
1691 4427 1789 4480 χιι,

193 4488 271 4562 4),
316 4489 419 4546 hoc
457 4500 576 4558 est,
607 4491 922 4552 declinatio.
953 4495 1010 4552 Id
1057 4498 1203 4554 enim
1238 4499 1474 4557 nominis
1521 4503 1791 4575 significat

193 4579 589 4655 interpretatio;
618 4602 684 4644 eo
727 4588 872 4660 quod
906 4599 965 4646 ut
1003 4591 1215 4648 viantes
1273 4593 1602 4669 incognitam
1669 4615 1788 4656 ear-

1895 3345 2048 3386 suam
2075 3373 2091 3401 ,
2125 3341 2397 3406 tamquam
2438 3338 2670 3398 liberam
2722 3361 2938 3417 regens,
2995 3361 3050 3407 et
3081 3357 3214 3411 nulli
3252 3364 3502 3422 servituti

1897 3421 2211 3480 obnoxiam.
2242 3426 2356 3483 Hoc
2373 3443 2502 3501 ergo
2531 3431 2696 3490 habet
2722 3436 2954 3496 intentio
2975 3441 3247 3516 doctoris;
3271 3467 3337 3507 eo
3360 3458 3505 3525 quod

1895 3516 2058 3572 etiam
2101 3518 2155 3573 in
2185 3519 2294 3575 illis
2323 3522 2665 3583 diverticulis
2691 3539 2746 3585 et
2789 3532 3126 3594 anfractibus
3153 3516 3498 3621 constitutus,

1895 3611 1981 3668 vel
2011 3611 2188 3682 adhuc
2211 3617 2309 3670 aevi
2353 3621 2701 3691 recentioris,
2751 3627 2836 3681 vel
2867 3629 3106 3687 nondum
3155 3611 3503 3705 perfectioris

1897 3704 2263 3775 disciplinae,f
2293 3709 2380 3766 vel
2412 3711 2514 3768 loci
2558 3717 2793 3784 patentis
2820 3720 2887 3774 ad
2915 3723 3042 3778 vitia
3094 3704 3355 3789 habitavit
3393 3753 3500 3795 non

1858 3866 1861 3870 q
1897 3798 1972 3853 ita
2022 3799 2255 3859 inﬂexus
2307 3803 2376 3860 ad
2398 3807 2648 3878 culpam,
2691 3820 2750 3866 ut
2792 3811 3101 3886 demigrare
3148 3838 3254 3878 non
3295 3842 3501 3897 posset.

1895 3892 2141 3965 Denique
2173 3908 2418 3956 mentem
2456 3917 2610 3960 suam
2659 3907 2728 3964 ab
2768 3909 2860 3965 illa
2894 3911 3106 3971 lubrica
3150 3892 3501 3988 possessione

1896 3986 2136 4046 defendit
2160 4000 2216 4048 et
2240 3997 2541 4053 transtulit.

2511 4112 2740 4172 CAPUT
2777 4117 2870 4173 Ill.

1895 4199 2233 4260 Perambulat
2287 4206 2544 4263 Abraham
2606 4227 2768 4283 usque
2815 4206 2905 4270 ad.
2938 4217 3199 4290 Sychem,
3244 4242 3360 4296 qua:
3400 4245 3499 4288 vox

1965 4297 2381 4356 exercitationem
2426 4303 2652 4358 denotat.
2704 4304 2790 4361 Ibi
2830 4307 3000 4366 Deum
3045 4331 3194 4386 quem
3222 4320 3343 4376 dum
3370 4338 3501 4381 esset

1966 4390 2243 4450 Chaldaeus
2304 4395 2475 4451 uidere
2523 4415 2626 4454 non
2673 4411 2928 4472 potuerat,
2981 4411 3187 4466 cernit:
3214 4415 3298 4469 cui
3348 4434 3497 4474 aram

1911 4473 1930 4492 ⁸
1964 4486 2172 4557 quidem
2211 4490 2456 4560 exstruit,
2480 4492 2569 4547 sed
2615 4511 2718 4550 non
2762 4500 3047 4569 sacriﬁcat;
3068 4512 3119 4558 et
3147 4523 3250 4576 qua
3278 4510 3342 4565 de
3371 4530 3496 4578 cau-

1962 4581 2055 4634 sa?
2085 4581 2280 4638 lterum
2325 4592 2496 4642 tamen
2531 4589 2754 4646 excitata
2795 4609 2891 4649 ara
2926 4612 3113 4653 nomen
3153 4599 3367 4660 Domini
3408 4609 3495 4662 in-

193 4685 377 4746 pentes
414 4677 578 4747 viam,
618 4681 828 4737 semitis
862 4682 1134 4754 aliquibus
1175 4700 1322 4757 saepe
1362 4660 1646 4757 falluntur,
1678 4700 1788 4746 uta
1817 4660 1873 4722 D
1965 4685 2134 4731 υοεαεο

193 4769 394 4827 directo
442 4772 731 4832 deﬂectant
780 4779 1018 4846 tramite;
1049 4789 1104 4836 et
1143 4789 1328 4839 tamen
1385 4786 1432 4842 si
1487 4786 1786 4856 prudentes

195 4873 338 4934 sunt,
379 4883 489 4926 non
529 4870 778 4941 deviant,
826 4873 923 4930 sed
954 4877 1323 4933 cunctabundi
1375 4878 1522 4949 licet,
1552 4883 1788 4954 regionis

269 5003 406 5082 °__lta
430 5021 556 5082 mss.
583 5007 776 5082 ϐοῇ»,
821 5009 1017 5082 Long.,
1059 5013 1212 5070 Colb.
1245 5022 1299 5069 et
1329 5015 1464 5070 Maz.
1497 5016 1604 5073 Sed
1628 5017 1778 5075 Vale.

196 5082 250 5130 et
264 5074 392 5132 edit.
423 5077 546 5153 Alm.
573 5089 630 5135 et
653 5080 811 5148 Gill.,
844 5093 890 5136 et
919 5074 1128 5152 p'ec'cato
1157 5086 1460 5153 moriamur,
1490 5089 1609 5144 ideo
1628 5074 1783 5146 rena-

197 5163 414 5222 s_camur.
441 5148 590 5215 Era.,
621 5161 676 5205 ut
693 5163 902 5222 peccato
918 5148 1202 5212 moriamur
1224 5169 1271 5212 et
1292 5156 1402 5214 Deo
1429 5148 1778 5218 renascamur.

198 5216 352 5272 Rom.
371 5219 599 5301 demum
640 5216 703 5276 ac
751 5225 1090 5301 ms.ATorn.,
1113 5227 1300 5301 Itaque
1349 5243 1555 5300 peccato
1591 5216 1785 5289 moria-

198 5305 328 5369 mur,
360 5287 468 5343 Deo
481 5307 830 5348 renascamur.
859 5297 1020 5368 Atqui
1047 5287 1261 5356 videtur
1288 5287 1374 5358 hic
1409 5287 1655 5361 nonnihil
1691 5287 1785 5364 aut

200 5373 454 5436 omissum
481 5376 602 5436 esse
621 5375 712 5436 aut
740 5378 1077 5436 corruptum,
1114 5381 1205 5428 aut
1227 5375 1390 5430 etiam
1420 5376 1559 5433 forte
1606 5387 1783 5434 trans-

200 5430 697 5517 positu-niaConfer
720 5437 875 5517 qua:
904 5430 1012 5517 hoc
1035 5430 1154 5517 loco
1171 5445 1400 5517 dicitde
1433 5430 1646 5517 generis
1661 5430 1779 5505 “iui-

202 5502 522 5590 mortalitate
546 5520 668 5561 cum
719 5502 880 5590 hujus
916 5511 1082 5578 ipsius
1111 5515 1250 5590 libri
1291 5531 1413 5587 cap.
1433 5502 1786 5590 "ultimofct

200 5574 566 5686 cognationem
591 5592 698 5633 non
729 5574 1006 5661 minimam
1037 5574 1456 5645 animadvertes.

329 5645 405 5686 Mc
455 5644 597 5686 Enr-In
640 5658 692 5686 οι
723 5650 812 5686 αΙη
847 5661 954 5686 hinc
1009 5670 1130 5686 num
1191 5658 1293 5686 ηις.
1354 5661 1456 5686 ιβ..-

328 5645 426 5730 Ms.
455 5644 617 5730 Coyb.
640 5658 696 5706 et
722 5650 814 5705 alii
847 5661 957 5730 tres
991 5670 1130 5730 ‘cum
1150 5728 1168 5730 _
1189 5658 1316 5713 edit.
1354 5644 1482 5715 Era.
1514 5678 1578 5717 ac
1627 5662 1781 5730 Gill.,

203 5719 479 5798 profectio;
665 5725 953 5798 provectio;
982 5725 1118 5798 God.
1149 5728 1341 5798 Long,
1370 5732 1502 5788 Maz.
1534 5743 1591 5791 et
1641 5719 1775 5791 edit:

201 5789 374 5857 Rom,
410 5789 675 5862 perfectio.
706 5795 815 5850 Sed
855 5789 996 5852 hanc
1016 5789 1386 5859 diversitatem
1417 5820 1523 5861 nou
1545 5789 1782 5863 aliunde

201 5870 364 5921 ortam
427 5879 547 5921 esse
587 5869 986 5936 putaverimus,
1039 5885 1203 5941 quam
1257 5887 1290 5930 e
1323 5875 1512 5946 primae
1557 5878 1784 5950 syllaba:

479 5958 760 6025 ΡΑ-ηιοι.
811 5961 990 6025 XIV.

1970 4786 2110 4844 8.Et
2137 4793 2735 4867 perambulavit,inquit,
2767 4801 3025 4859 Abraham
3046 4815 3204 4880 usque
3231 4813 3300 4865 ad
3328 4815 3496 4874 locum

1901 4881 2144 4955 Sychem,
2177 4887 2246 4941 ad
2271 4904 2516 4959 quercum
2537 4893 2699 4948 altam
2733 4895 2888 4966 (Gen.
2913 4917 3006 4970 xu,
3035 4904 3112 4975 6).
3167 4907 3360 4968 Nonne
3411 4914 3498 4970 vi-

1887 5019 2318 5116 “1"3'22’5?“2P?:
2342 5030 2752 5116 ίιιεξπιρ.ειίί,ε.ιξο
2785 5038 2947 5094 modo
2975 5041 3314 5116 interpretati
3339 5069 3483 5116 sunt.

1965 5103 1987 5174 ξ
2026 5092 2157 5174 μεθ.
2180 5092 2372 5174 Cor_b.,
2393 5099 2554 5156 Colb.
2588 5111 2643 5158 et
2665 5105 2824 5168 Maz.,
2858 5092 3221 5174 mutabuiidus.

1959 5160 1986 5201 ἀ
2026 5164 2206 5260 Locus
2241 5169 2503 5260 obscurus
2531 5183 2585 5230 et
2626 5160 2776 5233 forte
2806 5160 3260 5260 diripuimféhi
3305 5205 3484 5260 tamen

1885 5235 2823 5344 rssms'insmsssrr:
2847 5235 3284 5344 summa.
3305 5235 3482 5344 iiii;in

1887 5307 2133 5394 Abrahte.
2149 5352 2162 5374 ,
2201 5307 2291 5393 ubi
2308 5315 2513 5402 "tradit
2567 5307 3485 5402 quinario.nume'ro-Tquowsassus

1885 5382 2136 5484 Cttl‘pOl‘tE'i
2183 5381 2557 5484 significantur
2572 5381 2599 5453 ,’
2617 5389 3005 5484 perfec‘tipnlem
3047 5381 3483 5484 qhé'sepiﬁifg‘éf

1890 5465 2031 5484 clm“
2063 5469 2088 5484 η
2134 5469 2221 5484 nm
2266 5471 2317 5484 ..η
2351 5471 2413 5484 η..
2456 5474 2507 5484 ..ι
2559 5470 2655 5484 ΑΑι-
2686 5474 2747 5484 ΔΑ
2818 5478 2836 5484 Α
2885 5467 2894 5484 Ὗ
2925 5467 2981 5484 ’·ν
3029 5471 3042 5482 ⁹

1890 5451 2435 5524 simo_adumbratur,
2456 5451 2657 5514 inﬂecti
2684 5474 2749 5514 ac
2775 5451 3064 5524 debilitari.

1968 5522 2164 5614 °HCum
2192 5527 2676 5614 hoe'inScrip‘tura
2700 5547 2962 5614 nusquam
2993 5522 3319 5614 reperiatur,
3349 5559 3496 5613 veri-

1892 5594 2070 5686 si‘mile
2112 5607 2195 5650 est
2237 5597 2490 5686 allusi'sse
2621 5594 2968 5686 Ambrosium

1893 5667 1984 5721 ubi
2013 5683 2081 5720 ex
2115 5669 2486 5749 superioribus
2519 5671 2866 5758 intelligimus
2902 5693 3025 5734 eum
3069 5667 3495 5758 regis'sé'féi'bii’.

1895 5753 2012 5810 nem
2043 5741 2267 5792 animam
2289 5756 2442 5810 quam
2475 5739 2790 5810 possidebat.
3038 5778 3047 5786 -

1974 5809 1992 5846 ί
2037 5809 2182 5908 ﬁdit.
2213 5810 2380 5865 locum
2404 5821 2659 5908 pat'ettle‘m
2679 5813 2906 5908 admit-ia,
2931 5839 3034 5881 non
3057 5840 3130 5885 est
3152 5831 3226 5896 ita
3245 5835 3467 5908 inﬂexus

1895 5888 2000 5938 etc.
2035 5881 2225 5938 Melius
2255 5897 2388 5941 mss.
2420 5881 2499 5939 vel
2538 5882 2640 5938 loci
2668 5881 2912 5956 patentis,
2943 5881 3071 5952 etc;
3091 5881 3126 5885 θ’
3154 5881 3224 5896 ""'
3245 5881 3488 5914 """'“'"°,

2990 5992 3064 6055 15
