4082 6370
654 293 765 353 459

1995 283 2242 341 SANCTI
2276 282 2605 343 AMBROSII

3894 284 3980 341 mi

652 404 853 469 dentur
879 410 1146 479 superﬂua
1184 422 1327 473 esse,
1372 407 1471 460 nisi
1521 404 1784 459 rationem
1817 403 2085 473 requiras.
2116 419 2239 459 cum
2269 407 2319 467 Α
2343 404 2621 469 Chanaan,
2647 413 2776 460 tunc
2806 405 2974 459 Deum
3007 404 3197 459 videre
3217 402 3422 472 cmpit,
3448 411 3510 459 et
3531 416 3664 459 eum
3686 416 3975 474 cognosce-

652 518 708 566 et
749 506 1090 563 altitudinem
1121 517 1354 572 quercus
1382 516 1487 556 non
1522 498 1973 567 prtetermiserit?
1995 498 2103 555 Sed
2151 498 2242 553 ubi

647 602 788 657 ratio
817 608 921 664 est,
949 596 1073 652 nihil
1103 595 1456 664 superﬂuum.
1489 592 1723 664 Syeltem
1756 594 1902 647 enim
1933 592 2019 645 vel
2053 598 2243 646 home-

645 709 760 758 rus,
792 692 874 746 vel
896 690 1078 746 cervix
1108 688 1463 760 signiﬁcatur,
1489 686 1633 756 quod
1666 685 1973 741 estlaboris
1998 693 2055 740 et
2081 700 2241 741 exer-

639 785 917 845 citationis
963 784 1244 840 ittdicium.
1275 782 1431 840 Unde
1474 781 1723 838 etlacob
1777 784 1858 835 vir
1904 782 2240 836 exercitatus

637 883 750 939 ﬁlio
778 897 878 937 suo
907 879 1113 951 Jo~eph
1145 895 1264 935 eam
1320 878 1650 949 pr:ccipuam
1706 876 1877 931 dedit.
1926 877 2069 947 Ergo
2114 874 2239 946 quia

635 992 812 1049 neque
834 976 952 1031 sine
978 975 1105 1031 dote
1132 978 1341 1030 oaturm
1367 971 1685 1028 exercitatio
1714 972 1831 1041 ipsa
1865 984 1960 1039 per
2006 985 2068 1025 se
2116 984 2238 1040 per-

554 1064 555 1067 “
635 1052 928 1125 fectionem
960 1067 1214 1123 conferre
1246 1072 1442 1132 petest,
1476 1074 1533 1119 et
1582 1072 1792 1117 natura:
1844 1063 2011 1133 gratia
2072 1061 2239 1115 desti-

632 1165 820 1225 tuitur,
840 1163 885 1218 si
900 1162 1043 1217 desit
1064 1162 1385 1217 exercitatio
1403 1161 1515 1229 (est
1535 1160 1678 1214 enim
1715 1157 1978 1228 ingeniosi
2007 1156 2238 1211 admini-

627 1257 813 1313 culum
838 1254 1153 1327 diligentia)
1196 1252 1471 1307 inducitur
1497 1250 1544 1306 is
1576 1251 1659 1304 vir
1680 1250 1745 1305 ad
1775 1250 1930 1320 cujus
1977 1249 2236 1303 imitatio—

629 1366 752 1406 nem
782 1349 1060 1411 formaris,
1088 1347 1156 1402 ad
1184 1356 1393 1401 natura:
1421 1346 1651 1415 gratiam
1684 1344 1934 1415 adjuncta
1967 1346 2235 1399 exercita-

629 1440 799 1505 tione.
841 1444 915 1497 ita
945 1440 1219 1496 fundatior
1260 1450 1313 1495 et
1339 1439 1609 1495 excelsior
1631 1441 1821 1497 factus,
1852 1449 1909 1492 ut
1944 1452 2114 1509 usque
2163 1436 2231 1492 ad

626 1548 890 1608 quercum
912 1535 1074 1588 altam
1107 1534 1480 1600 pertransiret.
1511 1532 1642 1599 Qua:
1696 1533 1859 1586 arbor
1891 1539 1949 1585 ιιι
1997 1533 2126 1593 alta,
2156 1529 2230 1586 ita

627 1628 792 1686 etiam
826 1629 1044 1684 robusta
1071 1626 1274 1682 iudicio
1305 1635 1387 1680 est
1418 1641 1523 1680 nou
1579 1624 1735 1679 facile
1776 1624 2015 1679 animam
2056 1613 2229 1679 sancti

626 1722 860 1779 Abrahzc
898 1721 1085 1777 sreculi
1128 1719 1286 1789 hujus
1318 1718 1573 1788 procellis
1603 1730 1725 1772 esse
1772 1725 2075 1779 curvatam,
2135 1715 2228 1770 sed

2348 513 2407 553 re
2432 513 2554 553 esse
2597 499 2764 552 Deum
2784 496 2937 568 cujus
2964 497 3227 551 invisibili
3264 496 3485 551 virtute
3529 493 3783 553 advertit
3810 497 3975 551 omnia

2347 591 2461 655 regi
2502 599 2556 646 et
2584 591 2898 658 gubernari.
2949 590 3061 645 Hoc
3084 603 3217 661 ergo
3272 589 3579 660 Scriptura
3622 588 3817 657 docet,
3867 591 3972 661 quia

2344 685 2616 741 Abraham
2642 701 2669 739 a
2703 686 2983 743 stellarum
3014 685 3415 742 observatione
3449 685 3782 756 demignns
3825 685 3971 740 Dem

2346 778 2505 833 vidit.
3490 794 3499 799 '

2417 872 2504 927 10.
2533 869 2885 927 Conﬁrmatio
2913 871 3557 944 testimoniiadjungitor
3578 868 3748 945 (Gen.
3775 885 3870 934 tu,
3891 872 3966 939 7);

2342 966 2463 1037 quia
2487 966 2541 1021 iu
2571 967 2692 1021 loco
2722 982 2869 1020 aram
2902 962 3130 1021 Domino
3158 962 3454 1021 :rdificavit
3485 965 3537 1020 ci
3568 964 3668 1033 qui
3699 962 3808 1019 sibi
3829 978 3963 1035 appa-

2341 1060 2467 1115 ruit.
2520 1058 2819 1130 Impressus
2846 1068 2921 1114 est
2952 1060 3096 1113 enim
3147 1071 3307 1132 typus
3336 1061 3442 1115 iste
3469 1057 3698 1113 validus
3730 1058 3783 1112 in
3806 1057 3960 1111 anima

2341 1152 2479 1224 ejus,
2503 1164 2555 1207 et
2583 1153 2867 1209 manifesta
2898 1152 3033 1208 ﬁdes
3061 1153 3341 1208 veritatis:
3370 1149 3629 1224 suppetit
3659 1151 3810 1206 enim
3829 1157 3959 1221 grata

2340 1249 2460 1302 viro
2487 1248 2779 1317 memoria,
2805 1250 3015 1319 ingrato
3052 1246 3248 1317 irrepit
3294 1246 3526 1303 oblivio.
3576 1246 3663 1301 [lli
3698 1247 3904 1301 luerent
3933 1261 3955 1299 ι

2339 1342 2535 1412 quibus
2553 1342 2860 1411 adjuvatur,
2893 1341 2980 1397 isti
3008 1341 3268 1397 labuntur
3294 1342 3485 1395 omnia
3514 1356 3650 1412 qua:
3680 1340 3953 1395 tranferun-

2340 1444 2447 1489 tur.
2479 1435 2680 1490 Statuit
2702 1445 2882 1490 autem
2910 1450 3091 1504 aram,
3119 1436 3215 1489 sed
3254 1449 3362 1489 non
3392 1433 3762 1488 sacriﬁcavit.
3787 1433 3952 1487 Posset

2340 1545 2592 1592 movere.
2641 1531 2743 1584 nisi
2787 1530 3131 1585 meminisses
3178 1544 3472 1599 processus
3501 1530 3749 1585 mentis.-
3775 1526 3939 1597 hujus,

2337 1622 2633 1693 Scriptura?
2656 1624 2797 1680 serie
2826 1624 3053 1679 servari.
3082 1625 3149 1679 Et
3197 1620 3320 1679 ideo
3346 1622 3639 1693 spectabat
3666 1638 3703 1678 a
3742 1623 3941 1693 Deoge-

2345 1735 2443 1773 uu<
2470 1719 2681 1774 discere
2712 1718 3074 1775 sacriﬁcandi.
3128 1719 3463 1776 Adrertebat
3490 1719 3645 1775 enim
3677 1719 3935 1775 irrationa~

630 1818 899 1873 mansisse
930 1817 1240 1881 sublimem;
1277 1824 1338 1870 ut
1369 1824 1394 1851 ιι
1425 1828 1482 1868 se
1509 1829 1535 1867 a
1583 1812 1816 1867 terrenis
1866 1811 2228 1881 inquisitioni-
2261 1812 2311 1873 B
2336 1811 2463 1868 bilis
2483 1812 2773 1867 animantis
2801 1822 2857 1867 et
2884 1822 3046 1867 mune
3099 1814 3322 1883 pecudis
3360 1814 3710 1867 sacriﬁcium
3740 1813 3931 1884 dignum

625 1909 728 1967 bus
757 1911 823 1966 ad
855 1910 1194 1965 altitudinem
1226 1908 1423 1963 divina:
1448 1906 1776 1978 Cognitionis
1798 1905 2058 1959 elevaret.

693 2004 745 2061 9.
789 2004 1031 2074 Denique
1075 2003 1334 2059 continuo
1363 2004 1616 2073 apparuit
1640 2003 1713 2055 illi
1755 2000 1900 2055 Deus
1941 1998 2098 2071 (Gen.
2123 2002 2220 2063 in,

618 2094 698 2170 7).
731 2097 1002 2167 Nusquam
1048 2097 1302 2166 superius
1359 2095 1529 2149 babes
1575 2094 1717 2161 quod
1761 2094 1909 2148 visus
1962 2101 2103 2147 esset
2142 2091 2223 2145 illi

617 2189 783 2246 Deus.
826 2190 979 2246 Unde
1022 2190 1191 2261 liquet
1249 2205 1317 2245 eo
1369 2189 1739 2252 referendum,
1784 2189 1908 2254 quia
1961 2184 2219 2256 quamdiu

612 2280 1041 2343 Childaausloit.
1094 2285 1196 2337 hoc.
1231 2291 1336 2344 est.
1382 2299 1488 2336 noti
1519 2282 1695 2336 solum
1741 2281 1795 2335 in
1841 2277 2086 2349 regione,
2122 2277 2218 2334 sed

609 2376 774 2432 etiam
815 2375 867 2430 iu
918 2375 1176 2443 opinione
1205 2374 1609 2434 Chaldazorum,
1648 2389 1752 2427 non
1804 2381 2017 2441 poterat
2049 2374 2218 2425 Deum

611 2467 798 2523 videre
818 2483 978 2537 quem
1000 2468 1137 2522 intra
1162 2466 1421 2521 mundum
1452 2467 1749 2535 qua-rebat.
1783 2465 2025 2519 Chaldaei
2070 2464 2215 2518 enim

610 2560 870 2615 mundum
886 2559 1223 2629 superiorem
1246 2560 1409 2612 Deum
1430 2559 1635 2618 dicunt,
1653 2558 1872 2630 317m
1887 2558 2049 2611 etiam
2077 2556 2217 2611 1’uti-

608 2671 795 2711 carum
814 2657 997 2719 domo,
1027 2666 1082 2709 et
1102 2653 1381 2709 stellarum
1397 2669 1558 2708 cursu
1580 2652 1706 2708 ferri
1731 2663 1981 2707 asserunt
2003 2668 2062 2707 ca
2095 2667 2215 2723 qua:

609 2759 828 2804 terrena
856 2756 1004 2808 sunt.
1038 2750 1347 2818 etquodam
1390 2747 1607 2801 vinculo
1637 2748 1901 2802 coerceri.
1964 2745 2114 2802 Unde
2158 2755 2215 2801 et

607 2843 752 2897 Deos
780 2841 969 2896 stellas
995 2840 1428 2911 appellaverunt,
1449 2855 1515 2896 eo
1544 2841 1687 2911 quod
1734 2855 1827 2896 eas
1869 2839 2210 2895 dominatum

604 2935 894 3009 quemdam
925 2935 1127 2990 habere
1154 2949 1448 3004 supernum
1493 2935 1739 2997 credant,
1791 2934 1916 3005 quia
1959 2933 2207 3003 quaedam

603 3030 780 3087 stellis
828 3031 897 3085 ad
955 3039 1169 3086 terrena
1224 3032 1534 3098 compassio
1581 3039 1686 3085 est.
1726 3028 1981 3097 Oportuit
2025 3038 2205 3084 autem

600 3142 694 3182 eos
722 3128 1015 3189 aestimare.
1044 3125 1170 3196 quia
1192 3124 1334 3196 quod
1374 3125 1722 3194 compatitur,
1758 3138 1865 3179 non
1907 3125 2203 3193 imperato-

2331 1905 2515 1960 divino
2568 1905 2718 1961 cultu
2750 1906 2979 1961 hostiam
3034 1922 3141 1961 non
3173 1907 3370 1961 videri.
3428 1906 3695 1962 Nondum
3731 1907 3784 1961 in
3812 1906 3929 1962 Isaac

2331 2007 2517 2070 typum
2556 2009 2885 2068 cognoverat
2907 2000 3179 2070 passionis
3202 1998 3430 2065 futurae,
3460 2000 3715 2054 nandum
3742 1998 3928 2055 Melchio

2328 2091 2525 2146 sedvch
2557 2090 2782 2147 dederat
2812 2093 2862 2148 ei
2905 2090 3303 2149 benedictionis
3327 2093 3591 2165 gratiam,
3646 2092 3709 2149 ut
3728 2092 3831 2149 ista
3850 2108 3925 2149 co-

2327 2192 2637 2254 gnoscervt.

2399 2274 2489 2334 11.
2532 2277 2779 2341 Recessit,
2810 2276 3005 2347 inquit.
3028 2278 3149 2335 inde
3172 2278 3226 2335 in
3262 2290 3510 2349 tuentem,
3543 2292 3738 2336 contra
3769 2281 3921 2337 Orien-

2324 2380 2423 2428 tem
2445 2364 2626 2429 Bethel
2652 2372 2841 2447 (lbid.,
2871 2376 2949 2441 8).
2983 2373 3377 2431 Incremeutum
3402 2370 3727 2431 devotionis
3751 2377 3918 2432 montis

2322 2465 2589 2537 significat
2616 2468 2929 2531 eminentia,
2960 2469 3112 2539 cujus
3134 2470 3386 2525 ascensio
3408 2462 3679 2525 indicium
3707 2480 3790 2525 est
3813 2468 3918 2525 ube-

2323 2556 2486 2614 rioris
2512 2576 2817 2630 processus.
2850 2556 3050 2617 Contra
3072 2560 3352 2617 Orientem
3373 2558 3521 2630 ideo,
3548 2562 3680 2633 quia
3703 2561 3915 2634 prophe—

2321 2654 2466 2710 tabat
2495 2664 2776 2710 venturum
2819 2654 3046 2726 iustitia:
3074 2656 3280 2724 solem;
3315 2656 3458 2725 quod
3508 2653 3626 2713 illic
3654 2651 3909 2728 Sapientia

2320 2758 2533 2817 pararet
2561 2746 2662 2803 sibi
2693 2748 2935 2814 domum,
2964 2757 3020 2804 et
3044 2748 3167 2804 inde
3195 2766 3290 2821 per
3312 2749 3583 2822 virginem
3610 2767 3772 2806 suum
3802 2766 3911 2821 pra:-

2317 2842 2618 2899 destinaret
2656 2856 2927 2900 exortum.
2981 2836 3213 2901 Volebat
3249 2862 3379 2918 ergo
3422 2849 3909 2919 cognoscendorum

2314 2936 2424 3009 iam
2465 2939 2849 3010 mysteriorum
2900 2940 3082 2995 lumen
3125 2940 3398 3009 accipere.
3434 2938 3591 2997 Sicut
3634 2942 3784 2997 enim
3819 2941 3908 2997 Sole

2316 3031 2569 3087 mundus,
2604 3032 2674 3084 ita
2698 3030 2989 3101 splendore
3032 3031 3313 3104 sapientia:
3345 3041 3453 3087 tota
3479 3048 3641 3088 mens
3667 3026 3908 3089 illumina-

2314 3125 2481 3181 bitur.
2503 3122 2802 3195 Meritoque
2827 3126 2999 3197 posuit
3020 3138 3206 3182 contra
3224 3123 3248 3163 ἀ
3267 3118 3552 3182 Orientem
3588 3122 3904 3185 Bethlehem.

599 3225 740 3280 riunt
768 3224 854 3293 jus
877 3239 976 3280 nec
1001 3223 1362 3289 dntttittatum,
1405 3222 1558 3292 quasi
1592 3222 1755 3286 Deus,
1792 3221 1961 3291 possit
1996 3220 2199 3276 habere
2227 3221 2272 3285 ο
2309 3212 2510 3273 Domt’ts
2536 3206 2966 3291 cuilubei
2996 3208 3545 3287 diciturBetblcbeut,
3577 3220 3634 3275 in
3654 3238 3758 3289 qua
3778 3232 3907 3276 natus

600 3317 655 3371 in
681 3318 762 3371 eis
785 3324 1015 3386 quorum
1037 3318 1286 3386 :rgrescit
1313 3315 1714 3384 compassionc;
1743 3328 1865 3367 cttut
1895 3315 1967 3367 sit
2008 3323 2059 3367 et
2086 3314 2204 3382 ipse

604 3409 847 3463 mortalis
876 3418 931 3462 et
977 3407 1370 3476 corruptibilis.
1405 3407 1637 3462 Mundus
1689 3421 1905 3475 quoque
1958 3420 2081 3459 cum
2131 3403 2206 3459 sit

606 3498 799 3564 factus,
831 3501 1020 3571 utique
1067 3501 1183 3570 ipse
1235 3499 1379 3554 Deus
1406 3506 1645 3566 nonest,
1699 3498 1794 3552 sed
1844 3508 2100 3563 Operator
2150 3505 2208 3553 et

603 3592 852 3649 conditor
873 3594 1012 3660 ejus.
1055 3593 1199 3663 Ergo
1217 3607 1370 3648 utens
1391 3592 1643 3663 quamdiu
1688 3590 2000 3646 Chaldaicis
2048 3606 2204 3646 erro-

602 3686 754 3742 ribus
806 3685 1119 3748 inﬂectitur,
1168 3699 1274 3740 non
1322 3686 1467 3740 videt
1502 3686 1707 3751 Deum,
1764 3694 1925 3755 quem
1954 3696 1975 3723 ο
2015 3685 2066 3738 in
2120 3683 2205 3739 his

534 3810 553 3821 ι
603 3780 937 3851 (ιυωτὶιψιω
961 3778 1235 3843 videntur,
1263 3794 1371 3833 non
1405 3780 1457 3833 in
1494 3778 1578 3833 bis
1614 3794 1734 3849 qua:
1761 3794 1866 3833 non
1917 3779 2203 3834 videntur:

600 3890 721 3947 qua!
741 3888 921 3935 autem
956 3874 1569 3945 videntur,temporalia
1599 3883 1743 3937 sunt;
1775 3888 1897 3927 nam
1927 3889 2048 3944 qua:
2097 3879 2206 3928 non

602 3971 851 4027 videntur
874 3983 1100 4025 acterna.
1133 3968 1239 4024 Sed
1263 3986 1371 4023 nou
1407 3968 1726 4038 temporalis
1757 3967 1929 4023 Deus:
1955 3982 2061 4022 non
2109 3967 2208 4037 igi-

604 4071 692 4119 tur
711 4064 939 4119 videtur.
969 4062 1086 4119 Non
1110 4078 1242 4134 ergo
1268 4077 1423 4117 meus
1448 4074 1512 4116 ea
1545 4062 1690 4116 videt
1718 4063 1907 4125 Deum,
1941 4077 2063 4132 qua:
2094 4061 2209 4116 dis-

605 4157 861 4226 ciplinam
883 4158 1295 4212 Chaldaarorum
1326 4158 1589 4227 sequitur.
1621 4156 1779 4212 Unde
1813 4172 1912 4211 nec
1927 4155 2204 4214 Abraham

607 4250 839 4320 primum
892 4250 1127 4304 videbat.
1182 4242 1466 4318 Quomodo
1507 4258 1692 4303 autem
1749 4256 1960 4318 poterat
2019 4249 2207 4304 videre

606 4360 753 4411 eum,
797 4357 959 4411 supra
1007 4357 1167 4412 quem
1214 4343 1443 4395 alterum
1499 4356 1621 4397 csse
1665 4341 2066 4396 arbitrabatur?
2106 4342 2209 4399 Ubi

607 4456 737 4496 vero
763 4439 830 4494 ad
853 4439 1011 4492 aliam
1049 4435 1372 4507 demigravit
1408 4450 1515 4489 non
1556 4436 1854 4505 regionem,
1894 4436 1988 4490 sed
2022 4452 2206 4492 veram

609 4534 924 4605 religionem
968 4536 1212 4602 paratam
1264 4528 1575 4597 humilitati,
1611 4529 1713 4585 hoc
1753 4530 1896 4585 enim
1936 4530 2209 4600 signiﬁcat

681 4709 707 4736 τι
748 4698 837 4754 Sic
865 4711 997 4750 mss.
1022 4708 1145 4749 sex.
1174 4695 1239 4746 At
1260 4701 1469 4748 cuuctre
1489 4693 1647 4754 edit.,
1682 4701 1737 4746 ut
1754 4708 1808 4746 se
1832 4693 2058 4748 αξιοι-πίε.

679 4771 706 4809 ιι
741 4772 895 4825 itum.
925 4766 1055 4821 edit.
1088 4767 1234 4829 sola,
1272 4776 1319 4818 et
1369 4765 1709 4819 erraticarum
1738 4776 1879 4818 motu
1907 4767 2199 4832 stellarum,

608 4854 653 4899 et
686 4846 907 4910 ﬁxurum
928 4855 1081 4894 cursu
1102 4838 1230 4907 regi.
1263 4836 1432 4906 Quam
1465 4837 1685 4963 fflllltieltl
1721 4836 2010 4891 lectionem
2044 4837 2202 4895 facile

608 4913 880 4963 creditleri
905 4930 1003 4963 nus
1043 4913 1422 4963 cunt'inttalattt
1492 4911 1636 4963 uisse
1659 4925 1723 4962 ex
1748 4907 1868 4962 istis
1901 4909 2052 4963 liltris
2080 4910 2202 4962 Plii-

608 4907 881 4971 πεδῆσαι-ί
905 4930 1003 4967 ..υς
1043 4913 1422 4965 cuurinttatattt
1469 4907 1636 4964 fuisse
1659 4907 1868 4962 existis
1901 4909 2052 4963 libris
2080 4910 2205 4962 Plii-

610 4987 747 5041 lonis
798 4986 863 5041 de
925 4980 1214 5038 Abrahamo
1247 4983 1424 5035 verbis
1465 5000 1479 5036 :
1520 4984 1660 5038 Κατὰ
1705 5002 1760 5038 τε
1807 4983 1908 5043 τὰς
1954 4982 2092 5040 ἡλίου
2119 4986 2205 5038 καὶ

608 5061 818 5123 σελήνης
857 5060 941 5114 καὶ
977 5063 1076 5112 τῶν
1116 5050 1276 5108 ἄλλων
1313 5054 1586 5131 alarm-raw
1618 5056 1706 5131 mi
1750 5054 1986 5131 ἀπλανῶν
2008 5054 2206 5131 περιό-

610 5121 850 5200 δουςᾼη
877 5132 963 5187 τὸν
993 5128 1355 5200 κόσμον-αὐτὸν
1382 5128 1634 5182 ὑπέλαϐον
1659 5121 1782 5182 εἶναι
1805 5128 1949 5183 Θεὸν.
2009 5121 2203 5181 Verum

609 5194 736 5259 licet
760 5194 1104 5260 Atubtostutti
1132 5194 1197 5251 atl
1230 5199 1389 5253 iSilllli
1426 5202 1600 5254 locum
1633 5202 1937 5264 Γρδνυλὴδεθ
1982 5214 2088 5251 non
2112 5214 2202 5250 ea-

611 5274 729 5331 mus
755 5270 980 5333 ioﬁcias,
1016 5287 1118 5338 nou
1151 5284 1434 5338 possumus
1462 5277 1640 5323 tamen
1664 5270 1730 5323 ab
1760 5268 2012 5322 omnibus
2034 5270 2205 5333 scrip-

611 5347 701 5410 tis,
751 5359 912 5416 atque
952 5336 1113 5398 editis
1140 5336 1419 5416 codicibus
1465 5340 1772 5416 disredere.
1826 5340 2027 5416 llornm
2056 5340 2201 5396 enim

610 5410 838 5489 quatuor
873 5421 1092 5489 optima;
1134 5422 1272 5467 llttlt‘
1306 5410 1421 5467 ltu-c
1463 5411 1784 5489 praeferunt,
1831 5421 1883 5463 ut
1932 5412 2082 5489 etiam
2112 5416 2204 5467 sli-

611 5482 787 5545 corum
814 5482 1019 5546 donius.
1072 5484 1174 5544 Alii
1215 5500 1336 5549 cum
1375 5484 1609 5551 τηιιίψιίς
1652 5482 1781 5535 etlit.
1803 5523 1817 5536 .
1839 5522 1851 5535 .
1878 5522 1891 5535 .
1913 5522 1925 5535 .
1959 5484 2203 5539 sticarum

612 5562 780 5617 domo.
814 5564 883 5617 Et
910 5564 990 5615 his
1013 5562 1063 5615 iu
1093 5560 1212 5614 loco
1238 5564 1343 5610 lant
1378 5556 1579 5609 difﬁcili
1616 5553 1784 5606 visum
1810 5566 1887 5607 est
1913 5554 2197 5610 atlltwren.

612 5630 735 5686 tlum
764 5650 777 5687 :
807 5634 1036 5687 maxime
1061 5648 1181 5684 cum
1214 5631 1343 5683 satis
1372 5627 1662 5681 verisimile
1701 5632 1772 5678 sit
1800 5642 1901 5675 non
1923 5625 2200 5682 insolitum

613 5698 950 5756 librariorum
997 5718 1117 5758 esse,
1158 5713 1431 5765 peccalttttt
1459 5716 1471 5751 :
1502 5698 1559 5754 S.
1604 5713 1732 5751 vero
1762 5696 2049 5750 Drtt'lttl't’tlt
2094 5700 2203 5759 pri-

612 5788 760 5844 tuum
821 5775 1010 5844 grai-cis
1089 5773 1494 5827 cltaractertbus
1553 5782 1842 5829 exaraSs‘e,
1918 5772 2197 5842 στοιχείων

610 5842 801 5925 δρόμῳ,
830 5842 900 5901 'id
927 5856 1027 5913 est,
1051 5846 1386 5916 planetarum
1416 5857 1610 5909 cursu;
1644 5849 1900 5913 στοιχεῖον
1926 5855 2073 5899 etum
2097 5858 2196 5913 pro

2311 3320 2395 3366 est
2420 3304 2687 3367 Christus.
2724 3302 2879 3368 Unde
2918 3312 2994 3366 ait
3024 3330 3119 3383 per
3166 3314 3486 3384 prophetam
3532 3313 3682 3369 Deus
3712 3332 3727 3368 :
3761 3306 3820 3369 Et
3844 3324 3904 3377 ιι,

2311 3398 2637 3472 Belltleltcm,
2672 3422 2773 3459 non
2800 3422 2851 3460 es
2881 3406 3093 3460 minima
3122 3405 3253 3460 inter
3276 3408 3541 3479 principes
3561 3396 3710 3460 Iuda
3733 3425 3754 3473 ;
3792 3423 3849 3462 ex
3870 3415 3906 3459 te

2312 3501 2447 3555 enim
2474 3500 2603 3554 exist
2632 3517 2901 3572 princeps,
2934 3502 3022 3571 qui
3072 3510 3216 3574 regat
3245 3502 3495 3571 papulum
3529 3518 3705 3555 meum
3743 3496 3903 3573 (.llidl.

2311 3608 2367 3659 ν,
2390 3592 2468 3664 2).
2500 3590 2615 3647 Νοη
2638 3592 2775 3648 dixit
2804 3603 2991 3649 contra
3016 3593 3359 3659 Bethleltem,
3385 3583 3484 3649 sed
3515 3592 3904 3650 tabernaculum

2314 3688 2488 3757 ipsum
2515 3686 2833 3743 Bethlehcm
2858 3686 3170 3758 appellavit.
3207 3684 3450 3743 Ecclesia
3479 3688 3629 3743 enini
3659 3688 3905 3759 justorum

2312 3789 2397 3836 est
2436 3782 2867 3837 tabernaculum.
2899 3780 3017 3837 Jam
3047 3780 3137 3837 illa
3180 3783 3301 3854 quis
3342 3798 3448 3836 non
3474 3781 3708 3837 miretur
3732 3792 3905 3852 myste-

2313 3876 2426 3941 ria,
2481 3877 2622 3946 quod
2682 3870 2993 3933 Betltlehem
3040 3880 3191 3947 juxta
3235 3891 3384 3931 mare
3428 3866 3673 3932 Calibete
3729 3885 3807 3931 est
3848 3872 3902 3928 ab

2313 3970 2563 4033 Oriente,
2616 3972 2830 4028 Etenim
2865 3974 2944 4027 vel
2986 3974 3163 4027 anima
3219 3988 3338 4044 qoce
3391 3983 3640 4028 meretur
3668 3960 3899 4042 templum

2315 4064 2412 4120 Dei
2462 4066 2750 4136 appellari,
2786 4068 2867 4121 vel
2904 4064 3146 4120 Ecclesia
3179 4063 3422 4119 tunditur
3450 4062 3795 4120 saecularium
3821 4078 3898 4119 cu-

2312 4175 2493 4215 rarmn
2528 4162 2778 4217 ﬂuctibus
2802 4201 2817 4225 .
2862 4161 2957 4217 sed
3000 4177 3109 4216 non
3159 4159 3439 4215 subruitur
3473 4178 3486 4215 :
3516 4160 3780 4228 Caeditur,
3823 4155 3900 4214 sed

2315 4271 2423 4310 non
2458 4254 2845 4323 labefactatur,
2903 4253 3296 4310 commotiones
3343 4252 3606 4308 ﬂuctuum
3654 4263 3712 4309 et
3744 4251 3900 4308 insur-

2312 4351 2583 4405 rccﬁones
2617 4351 2931 4420 paSsiunum
2963 4349 3327 4420 corporalium
3373 4347 3549 4404 facilis
3593 4365 3832 4421 premere
3850 4359 3899 4402 ac

2316 4442 2586 4512 mitigare.
2614 4438 2836 4512 Spectat
2864 4444 3090 4509 aliorum
3113 4441 3415 4513 naufragia,
3447 4443 3563 4512 ipsa
3592 4442 3839 4498 immunis
3858 4447 3900 4495 et

2314 4553 2511 4594 exsors
2533 4536 2781 4610 periculi,
2822 4548 3007 4610 parata
3030 4554 3247 4610 semper
3267 4550 3326 4593 ut
3346 4518 3633 4594 illucescat
3653 4536 3755 4593 sibi
3769 4532 3901 4591 Ωιιτί-

2227 4690 2283 4758 Ι)
2312 4700 2429 4754 sole
2471 4715 2535 4754 ac
2566 4699 2691 4755 luna
2726 4699 2871 4755 sumi
2919 4698 3327 4758 eruditissimus
3378 4699 3622 4770 Cahgins
3648 4692 3705 4755 in
3738 4697 3895 4755 Glass.

2314 4772 2461 4826 med.
2500 4772 2623 4839 lat.,
2653 4773 2718 4825 ad
2762 4772 3021 4838 verbum,
3051 4774 3396 4839 elementum,
3425 4772 3613 4827 docet.
3644 4771 3757 4827 Nec
3781 4770 3897 4824 forte

2315 4844 2608 4897 absurdum
2661 4843 2824 4899 fuerit
2848 4844 3095 4899 eamdem
3129 4861 3316 4900 vocem
3354 4861 3452 4916 pro
3482 4844 3714 4916 reliquis
3758 4845 3897 4898 etiam

2276 4950 2279 4954 -
2319 4916 2553 4986 planetis
2580 4932 2870 4983 usurpare;
2904 4926 2962 4971 ut
2981 4933 3136 4987 aeque
3157 4927 3334 4984 pateat
3358 4915 3423 4971 ac
3450 4915 3899 4987 elanentunqquo

2317 4990 2586 5042 vocabulo
2624 4988 2846 5042 eosdem
2899 4986 3142 5056 planetas
3179 4987 3469 5059 signiﬁcari
3498 4987 3752 5043 laudatus
3777 4986 3897 5042 Can-

2316 5060 2438 5130 gius
2469 5068 2658 5113 auctor
2685 5068 2795 5122 est,
2824 5076 2985 5125 quem
3005 5061 3256 5115 consule.
3289 5058 3397 5114 Sed
3440 5060 3487 5130 si
3514 5060 3700 5114 lubeat
3729 5059 3900 5130 dictio-

2323 5128 2480 5193 nem,
2529 5132 2743 5197 domus,
2774 5132 2861 5185 vel
2893 5131 3047 5185 domo
3099 5133 3365 5190 retinere,
3420 5129 3472 5186 id
3525 5134 3689 5184 etiam
3745 5128 3903 5184 licebit

2316 5219 2482 5257 sensu
2515 5203 2646 5256 nilnl
2666 5211 2893 5267 mutato,
2923 5216 3045 5274 cum
3068 5205 3396 5274 planetarum
3431 5200 3617 5256 domus
3646 5203 3719 5255 sit
3743 5212 3899 5274 astro-

2320 5276 2455 5340 logis
2515 5277 2706 5329 usitata
2742 5275 2963 5331 locutio.
3011 5270 3215 5330 Confer
3263 5282 3407 5331 hunc
3451 5274 3631 5331 locum
3661 5286 3783 5329 cum
3818 5270 3894 5326 lib.

2316 5347 2607 5407 Hexaetn..
2631 5362 2753 5418 cap.
2770 5348 2827 5402 4.

2395 5428 2417 5458 ο
2462 5419 2533 5473 lta
2584 5416 2817 5489 quatuor
2860 5433 2991 5475 mss.
3047 5417 3292 5474 melioris
3326 5428 3487 5474 noue.
3539 5416 3643 5471 Alii
3692 5428 3817 5471 vero
3853 5418 3899 5467 et

2313 5490 2474 5556 edit.,
2501 5504 2646 5553 quem
2677 5493 2726 5544 in
2759 5492 2838 5544 liis
2862 5506 2977 5559 qua!
3004 5491 3274 5559 videntur,
3316 5507 3422 5545 non
3454 5490 3512 5545 in
3558 5489 3643 5544 his
3683 5499 3897 5559 quam

2312 5563 2571 5627 videntur,
2604 5579 2710 5617 esse
2732 5572 2934 5630 putant.

2388 5631 2415 5669 ἀ
2456 5636 2656 5687 ()utnes
2682 5628 2815 5687 edit.
2846 5637 3053 5702 legunt,
3098 5634 3309 5700 Bctltel;
3344 5649 3475 5689 mss.
3505 5639 3637 5690 Veri)
3666 5634 3752 5689 hic
3777 5628 3828 5686 et
3850 5629 3895 5683 in

2309 5705 2667 5774 sequentibus
2701 5722 2990 5773 numquam
3022 5722 3127 5761 non
3157 5708 3373 5770 habent,
3394 5705 3725 5776 Bethlem;
3752 5715 3895 5776 quam

2311 5791 2502 5833 vocem
2527 5793 2595 5833 ex
2619 5778 2808 5836 Betltel
2838 5782 3109 5837 deducere
3139 5779 3355 5836 videtur
3386 5778 3728 5836 Ambrosius.
