4082 6370
202 304 303 360 Mil

1449 307 1537 363 DE
1578 298 1913 366 ΑΒΚΑΠΑΜ
1952 309 2081 369 LIB.
2118 312 2189 370 ll.

3413 330 3521 386 462

199 432 350 488 Slus,
377 429 538 491 atque
557 420 675 491 ejus
699 419 1102 475 illuminatione
1134 418 1526 488 jucunditatem
1574 424 1818 492 acquirat
1844 430 1898 491 Α
1923 423 1975 479 in
2022 425 2350 498 Egyptum,
2394 427 2497 483 hoc
2523 435 2608 483 est
2657 430 2709 484 in
2751 427 3098 489 amictionem
3134 441 3400 508 corporis.
3428 444 3520 500 Sic

197 514 325 569 sibi.
352 515 501 570 Sicut
524 515 668 569 enim
706 513 848 568 oculi
883 523 1172 582 pascuntur
1197 514 1372 581 primo
1417 513 1524 568 diei
1565 513 1804 570 lumine:

198 606 273 661 ita
304 608 468 660 etiam
499 621 653 662 mens
695 616 884 660 nostra
921 606 1086 658 alitur
1137 604 1369 658 inventis
1413 605 1720 674 sapientiae,
1755 614 1812 660 et

197 701 524 770 quibusdam
577 699 696 768 ejus
750 699 917 753 radiis
958 699 1173 754 videtur
1222 699 1630 767 splendescere.
1663 700 1808 755 Visi-

199 790 328 846 bilis
367 792 512 846 enim
535 791 672 845 solis
711 790 877 846 radiis
921 801 1078 845 terra:
1106 801 1474 858 vati-urantur:
1506 791 1808 848 invisibiles

193 896 384 939 autem
427 885 562 941 radii
597 885 779 941 cordis
830 886 1003 940 nostri
1046 895 1338 957 penetrant
1397 888 1684 944 interiores
1719 903 1806 945 re-

200 995 416 1036 CCSSUS.

277 1076 363 1130 ~12.
407 1075 599 1130 lterum
631 1075 918 1131 :ediiicavit
965 1089 1147 1142 aram,
1198 1084 1255 1131 et
1307 1076 1579 1132 invocavit
1625 1077 1678 1131 in
1711 1092 1808 1131 no-

195 1169 345 1225 mine
378 1170 584 1224 Domini
629 1168 792 1241 (Gen.
831 1186 926 1233 xu,
952 1170 1038 1239 8).
1087 1169 1380 1224 Processus
1417 1171 1546 1225 ﬁdei
1599 1171 1652 1225 in
1705 1170 1810 1224 Do-

193 1261 327 1317 mini
383 1264 724 1318 invocatione
754 1262 1100 1334 signiﬁcavit.
1165 1259 1280 1318 Hoc
1309 1263 1531 1334 "adjecit
1565 1264 1810 1334 superio-

195 1355 376 1410 ribus.

823 1425 1053 1482 CAPUT
1095 1427 1184 1483 iV.

193 1521 461 1578 Abraham
493 1522 578 1577 tibi
606 1532 952 1577 commoratus
975 1533 1104 1577 esset
1129 1524 1181 1576 in
1235 1524 1442 1578 deserto
1469 1540 1567 1593 quo
1626 1523 1810 1576 mentis

273 1616 627 1686 tranquillitas
692 1615 1059 1678 adumbratttr,
1111 1617 1163 1668 in
1207 1615 1506 1688 nggptum
1542 1632 1654 1684 qua:
1699 1625 1811 1668 ten-

274 1712 403 1766 tatio
431 1721 542 1774 est,
590 1710 851 1766 descendit
884 1715 1022 1781 fame
1043 1711 1358 1778 compulsus.
1402 1709 1509 1764 Cttr
1527 1709 1597 1762 ibi
1621 1710 1810 1764 Suram

271 1821 499 1859 sororem
534 1804 908 1872 appellaverit,
929 1817 1037 1857 non
1060 1803 1310 1857 uxorem?
1342 1801 1492 1856 llunc
1514 1803 1635 1854 dum
1663 1801 1805 1854 Pha-
1837 1821 1886 1886 Β
1916 1837 2038 1878 mon
2087 1841 2175 1878 tm

270 1917 363 1953 rao
382 1916 500 1953 cum
524 1900 880 1972 objurgatione
919 1900 1108 1952 natuita
1150 1898 1353 1965 reddit,
1397 1909 1614 1953 mentem
1633 1898 1800 1952 conti-

271 1994 458 2047 nentia
481 1993 860 2046 renuntiantem
872 1992 1067 2060 signat.

275 2107 362 2161 i3.
418 2106 485 2160 Et
527 2106 652 2160 abiit
678 2106 968 2170 Abraham,
994 2113 1040 2158 et
1088 2105 1378 2160 demoratus
1405 2114 1478 2159 est
1524 2105 1578 2158 in
1605 2105 1803 2168 deserto

204 2197 397 2269 (ibid,
432 2199 510 2271 9).
541 2199 691 2254 Tunc
728 2199 986 2269 probatur
1034 2211 1208 2256 mens.
1237 2195 1456 2267 quando
1484 2197 1536 2251 in
1563 2197 1802 2267 quodam

201 2291 422 2346 deserto
452 2301 564 2356 cst,
601 2292 688 2345 ubi
731 2291 875 2344 nulla
933 2290 1292 2359 cupiditatum
1338 2290 1588 2354 lascivia,
1655 2289 1803 2343 nulla

201 2390 530 2445 abundantia
555 2391 816 2459 pecuniae,
843 2392 1026 2444 nullus
1047 2400 1290 2460 sumptus
1308 2391 1552 2446 luxuria‘.
1588 2389 1804 2446 Utinam

201 2483 254 2537 in
281 2482 382 2537 hoc
407 2483 623 2538 deserto
647 2495 767 2538 csse
805 2485 1043 2552 possim,
1086 2483 1376 2538 destitutus
1422 2485 1490 2539 ab
1539 2484 1685 2537 omni
1725 2483 1806 2537 in-

197 2583 419 2635 'cculivo
441 2579 814 2650 cupiditatum,
845 2578 1136 2634 derelictus
1178 2579 1244 2631 ab
1288 2579 1436 2633 omni
1457 2577 1804 2648 delinquendi

205 2671 408 2739 studio,
438 2674 771 2743 esspoliat-ns
796 2673 1051 2740 jactantia
1077 2683 1133 2728 et
1165 2681 1398 2726 tumore.
1449 2671 1554 2726 Sed
1575 2672 1698 2739 quia
1721 2669 1806 2723 vv!

201 2767 344 2822 Deus
381 2782 478 2822 nos
505 2767 695 2822 tentari
728 2767 958 2836 patitur,
991 2768 1074 2820 vel
1110 2778 1344 2821 tentatur
1373 2765 1650 2828 incursat,
1681 2779 1805 2818 cum

205 2859 308 2912 sibi
340 2859 550 2912 videtur
576 2860 627 2911 in
652 2858 870 2913 deserto
893 2874 1051 2913 mens
1074 2874 1195 2913 esse
1219 2858 1398 2928 quieta
1429 2857 1497 2909 ab
1527 2857 1670 2909 omni
1701 2865 1806 2910 ter-

205 2965 461 3010 ranarum
491 2955 824 3020 voluptatum
851 2940 1196 3022 appetenda,
1255 2952 1308 3006 in
1351 2950 1644 3022 Egyptum
1691 2951 1797 3004 ini-

105 3029 110 3035 ’
199 3045 445 3116 pellitur,
474 3046 561 3099 ubi
585 3049 871 3115 compungi
907 3047 1102 3114 possit.
1148 3044 1411 3100 Stimulus
1437 3045 1579 3099 enim
1606 3043 1803 3096 mentis

202 3151 330 3194 caro
349 3148 530 3192 nostra
553 3147 654 3202 est,
683 3147 738 3191 et
766 3139 1046 3206 passiones
1079 3137 1195 3208 ejus
1215 3138 1655 3205 compulit-tiones
1685 3143 1810 3190 sunt

1913 530 2092 576 tamen
2138 523 2452 591 descendit,
2487 531 2545 579 ut
2571 528 2723 596 quasi
2778 528 2984 586 advena
3012 532 3079 587 ad
3112 545 3326 605 tempus
3367 539 3517 595 inro-

1911 613 2045 684 lere,
2078 631 2186 672 non
2215 621 2365 687 quasi
2389 621 2524 674 civis
2549 622 2830 688 possidere
2868 625 3133 682 videatur.
3160 628 3345 687 Jnsms
3364 636 3513 689 enim

1911 707 2046 762 dixit
2080 727 2092 761 :
2127 709 2338 764 Advena
2384 729 2498 766 sum
2525 714 2580 767 in
2607 725 2742 769 terra
2787 718 2882 772 hac
2912 718 3031 792 (Ps.
3066 737 3252 791 cxvm,
3302 727 3410 796 19).
3445 727 3516 783 Ει

1907 802 2034 857 alibi
2065 819 2077 856 :
2109 803 2224 857 Heu
2255 821 2352 872 me,
2386 809 2522 876 quod
2565 811 2820 867 incolatus
2867 831 3008 871 mens
3056 819 3388 890 protongatus
3437 830 3513 877 est

1904 893 2029 965 (Ps.
2064 909 2208 957 om.
2233 895 2312 967 5).

1982 988 2070 1044 15.
2113 989 2460 1047 Descendens
2531 1004 2710 1050 autem
2778 999 3047 1056 Abraham
3102 1003 3158 1059 in
3219 1001 3512 1078 Egyptnm

1909 1080 2061 1155 (Gen.
2087 1099 2183 1148 xu,
2222 1083 2332 1153 li),
2364 1085 2464 1140 hoc
2503 1098 2606 1153 est,
2637 1089 2702 1142 ad
2731 1089 2885 1147 ‘l‘eros
2931 1103 2986 1149 et
3015 1095 3275 1154 barbaros
3305 1115 3509 1170 mores,

1911 1176 2000 1245 qui
2037 1177 2215 1230 virtuti
2240 1176 2455 1233 deferre
2480 1181 2754 1235 nescirent
2781 1200 2794 1246 ;
2851 1201 2915 1240 ne
2944 1200 3207 1244 nocerent
3240 1205 3335 1261 per
3367 1194 3512 1248 invi-

1909 1266 2075 1332 diam,
2105 1268 2250 1322 dixit
2296 1269 2475 1336 Sarm,
2529 1286 2596 1325 ne
2625 1287 2685 1328 se
2735 1289 2956 1331 uxorem
2981 1279 3354 1349 rjnsdiceret,
3413 1287 3512 1343 scd

1911 1375 2155 1416 Sororem
2197 1367 2510 1434 appellaret.
2536 1368 2600 1422 Et
2632 1369 2754 1424 hinc
2779 1369 2807 1408 ι)
2834 1374 3042 1441 grande
3065 1377 3278 1433 virtutis
3305 1394 3514 1453 myste-

1909 1453 2176 1519 rium,cni
2199 1458 2308 1511 cito
2335 1459 2620 1514 invidetur.
2659 1461 2724 1515 lit
2743 1462 2864 1517 ideo
2883 1476 2939 1518 ut
2959 1468 3212 1522 invidiam
3236 1475 3515 1543 reprimat,

1913 1545 2257 1602 humiliorem
2289 1563 2347 1604 se
2373 1559 2630 1619 praestare
2649 1552 2829 1609 debet.
2884 1556 2999 1612 Non
3027 1559 3130 1615 sibi
3156 1563 3511 1633 principatum

1914 1652 2077 1708 super
2133 1656 2323 1694 omnes
2386 1643 2620 1698 vindicet
2663 1663 2674 1698 :
2725 1663 2829 1701 non
2881 1650 2980 1705 sibi
3032 1653 3130 1706 soli
3195 1656 3514 1724 sapientiam

1913 1732 2065 1800 quasi
2099 1737 2426 1801 principuam
2471 1747 2711 1806 arroget.
2767 1738 2896 1796 ilzec
2925 1756 3006 1797 est
3035 1759 3199 1814 quam
3231 1749 3330 1803 sibi
3355 1749 3510 1806 Salo-

2186 1841 2314 1880 irem
2337 1830 2642 1895 acquisivit.
2702 1830 2862 1888 Uxor
2897 1836 3041 1892 enim
3089 1841 3362 1912 pracipue
3387 1856 3520 1900 cest.

1907 1916 1996 1969 uni
2020 1916 2220 1972 debita.
2279 1919 2466 1988 itaque
2506 1935 2702 1977 omnes
2727 1926 2955 1995 cupiunt
2983 1931 3079 1985 tali
3111 1945 3170 1987 se
3208 1937 3401 2006 “rapula
3423 1939 3515 1993 di-

1897 2021 2041 2080 gnos
2068 2011 2262 2075 videri,
2313 2024 2367 2066 ut
2395 2014 2612 2070 doleant
2652 2019 2887 2088 aliquem
2920 2025 3020 2077 sibi
3070 2027 3333 2092 praeferri.
3379 2032 3515 2099 Quis

1909 2113 2060 2157 tanta
2115 2106 2264 2160 solus
2313 2111 2554 2176 potiatur
2617 2113 3058 2182 pulchritudine?
3107 2121 3282 2177 Soror
3330 2137 3510 2183 autem

1903 2197 2136 2289 quodam
2163 2200 2386 2289 veljurc
2443 2206 2845 2273 germanitatis,
2877 2210 2960 2264 vel
2997 2219 3216 2270 nomine
3247 2218 3519 2289 plerisque

1905 2284 2166 2340 sociatur.
2223 2286 2287 2340 Et
2313 2287 2438 2342 ideo
2468 2304 2656 2346 verum
2704 2303 3006 2351 amatorem
3055 2315 3213 2356 suum
3243 2284 3512 2375 integrum

1902 2377 1976 2432 ab
2011 2377 2205 2448 injuria
2238 2393 2500 2436 reservat.

1981 2473 2068 2529 16.
2115 2474 2268 2530 Unde
2318 2477 2564 2532 videntes
2610 2492 2731 2535 eam
2781 2481 3028 2554 Egyptii
3074 2485 3227 2556 (Gen.
3255 2505 3349 2550 xu.
3388 2490 3512 2563 15),

1907 2570 1999 2640 qui
2023 2587 2129 2625 non
2153 2585 2373 2642 possent
2399 2572 2740 2644 discernere,
2789 2592 2889 2633 nec
2915 2580 3132 2635 Virtutis
3161 2583 3390 2639 formam
3419 2601 3514 2640 ρο-

1903 2678 2192 2734 guoscere,
2223 2666 2422 2736 vulgari
2452 2668 2789 2726 asstimantes
2825 2672 3057 2742 judicio,
3092 2676 3419 2734 induxerunt
3444 2684 3515 2735 ad

1907 2767 2220 2829 tyranuum,
2271 2761 2372 2816 hoc
2401 2771 2505 2828 est,
2540 2764 2604 2818 ad
2629 2777 2865 2821 mentem
2909 2770 3200 2837 superbnu
3233 2789 3352 2843 qua)
3377 2792 3513 2842 pon-

1907 2851 2009 2906 dus
2036 2854 2318 2921 sapientiae
2359 2871 2465 2908 non
2515 2860 2802 2922 sustinuit,
2852 2871 2911 2914 et
2967 2863 3090 2917 ideo
3127 2863 3384 2922 afﬂictata
3407 2880 3511 2925 est.

1909 2942 2126 2997 Etenim
2175 2959 2297 2998 cum
2345 2945 2579 3000 animam
2633 2949 2931 3019 improbam
2984 2956 3198 3011 virtutis
3233 2959 3517 3016 intraverit

1910 3051 2093 3093 sermo
2114 3078 2127 3100 ,
2164 3039 2440 3109 redarguit
2471 3057 2589 3096 eam
2617 3046 2812 3111 culpm,
2861 3051 3172 3116 errorisque
3203 3054 3408 3118 pudore
3435 3055 3516 3110 ai-

1911 3131 2044 3195 iicit,
2069 3141 2125 3186 et
2153 3132 2513 3203 prolapsionis
2542 3144 2758 3204 torquet
2773 3139 2983 3194 dolore.
3029 3141 3272 3210 Namque
3301 3146 3427 3200 dum
3456 3148 3513 3204 in

203 3243 424 3288 nostrze.
485 3224 605 3301 ipsa
661 3239 746 3286 est
784 3229 1045 3300 Egyptus
1093 3241 1275 3284 nostra
1300 3271 1313 3295 ,
1359 3230 1461 3283 hoc
1507 3237 1625 3293 est,
1677 3243 1803 3282 caro
1831 3225 1877 3289 C
1909 3226 2138 3292 quadam
2163 3240 2350 3279 sumus
2377 3227 2726 3298 delinquendi
2769 3231 3012 3300 lib-dine,
3045 3236 3258 3291 nebulis
3285 3241 3513 3309 quibus-

199 3335 420 3390 nostra,
463 3325 575 3394 ipsa
607 3335 691 3377 est
720 3321 962 3377 al'l'l’rcuo.
1019 3321 1077 3376 In
1136 3321 1271 3376 hanc
1325 3323 1606 3376 descendit
1651 3336 1803 3376 meus

198 3428 403 3482 nostra,
437 3417 651 3487 quando
689 3417 892 3486 Cogitat
919 3431 1040 3486 quae
1089 3416 1328 3469 carnalia
1355 3425 1498 3469 sunt.
1533 3415 1680 3470 Tunc
1707 3429 1800 3469 au-

198 3521 306 3566 tem
337 3511 599 3577 ascendit,
639 3509 858 3581 quando
907 3508 1195 3562 invisibilia
1239 3509 1532 3563 desiderat.
1584 3507 1708 3562 ideo
1747 3518 1801 3562 et

198 3605 467 3659 Abraham
493 3605 686 3658 dicitur
737 3602 1086 3658 descendisse
1117 3604 1169 3657 in
1218 3590 1534 3675 Egyptum,
1569 3614 1625 3656 ut
1655 3601 1795 3656 ami-

195 3705 432 3768 gcre‘tur.
481 3696 688 3752 Patitur
715 3697 819 3752 hoc
845 3711 997 3752 mens
1025 3706 1234 3761 nostra,
1271 3696 1546 3750 interdum
1582 3677 1810 3766 separat.

193 3802 253 3849 ‘sc
281 3809 309 3848 a
333 3807 552 3862 cepere,
576 3793 814 3848 secernit
849 3803 905 3844 ut
933 3791 1281 3862 singulariter
1301 3802 1444 3862 agat,
1482 3792 1797 3861 incorporao

193 3880 334 3942 libus
358 3887 636 3942 intendere
655 3895 815 3955 atque
839 3884 1004 3956 319
1033 3884 1314 3939 adlimrcre
1336 3887 1581 3952 cupiens.
1625 3884 1797 3940 inter-

194 3979 320 4034 dnm
339 3981 563 4048 propter
583 3977 984 4046 colligationem
1010 3977 1204 4028 animae
1221 3985 1277 4029 et
1300 3978 1546 4047 corporis
1570 3978 1796 4030 inclina-

195 4083 284 4127 tur
308 4069 373 4126 ad
413 4070 662 4126 carnales
687 4071 992 4140 Voluptates
1015 4069 1210 4136 quibus
1241 4069 1450 4122 inﬁrma
1484 4070 1793 4139 subjicitur,

195 4164 388 4219 fortior
427 4175 540 4218 non
579 4169 815 4217 tenetur.
862 4160 1253 4216 Afﬂictationcs
1312 4161 1476 4231 igitur
1530 4161 1655 4216 forti
1682 4164 1796 4217 viro

194 4271 408 4314 coronae
439 4263 581 4321 sunt,
612 4254 850 4310 invalido
883 4254 1226 4308 inﬁrmitates
1249 4265 1397 4307 sunt.
1424 4251 1582 4308 Unde
1625 4264 1679 4308 et.
1705 4256 1795 4309 ille

191 4365 300 4406 non
331 4350 553 4404 timebat
584 4346 961 4402 amictationes
1001 4348 1196 4417 quibus
1224 4337 1546 4416 prnbat'euir
1575 4349 1790 4411 merito,

195 4445 284 4514 qui
314 4443 445 4498 dicit
473 4461 487 4497 :
523 4439 661 4495 Nam
695 4446 741 4494 et
792 4457 911 4494 cum
940 4440 1253 4493 venissemus
1304 4440 1358 4492 in
1408 4438 1790 4504 Macedoniam,

198 4538 489 4607 nullamque
529 4535 754 4606 requiem
779 4532 955 4586 habuit
987 4548 1106 4587 caro
1145 4541 1321 4586 nostra
1354 4546 1372 4584 :
1401 4532 1490 4585 sed
1528 4532 1582 4584 in
1619 4533 1786 4584 omni-

1903 3314 2028 3370 dam
2059 3316 2392 3385 insipientite
2445 3335 2598 3375 mens
2643 3321 2966 3390 obducitur,
3005 3337 3060 3381 et
3105 3329 3257 3382 fumo
3281 3333 3515 3400 quodam

1906 3411 2206 3479 iniquitatis
2257 3413 2400 3466 oeuli
2429 3413 2548 3480 ejus
2579 3416 2882 3484 ealigantur
2908 3437 2922 3484 ;
2973 3435 3040 3475 ne
3073 3422 3252 3478 videat
3280 3440 3471 3482 eorum
3491 3472 3507 3498 ,

1903 3520 2020 3575 qua:
2039 3505 2826 3571 concupiscit,deformitatem.
2855 3511 2959 3568 Sed
2976 3529 3095 3569 cum
3111 3520 3285 3572 omnis
3315 3521 3510 3578 nebula

1904 3598 2198 3659 transierit,
2215 3601 2558 3669 etsapientim
2576 3601 2780 3671 fulgore
2796 3605 3023 3666 fulsi-rit.
3048 3609 3226 3678 gravia
3243 3621 3512 3669 tormenta

1899 3701 2223 3745 exercentur
2241 3691 2294 3745 in
2323 3692 2553 3760 quodam
2582 3697 2720 3750 male
2751 3699 3289 3756 Consciisv'Crelario.
3322 3704 3510 3775 itaque

1899 3785 2119 3853 gravior
2149 3794 2332 3838 nostra
2361 3803 2511 3839 mens
2547 3787 2713 3857 judex
2756 3799 2836 3843 est
2864 3794 3210 3849 Conscientiae
3235 3809 3420 3863 reatu,
3453 3810 3510 3856 ct

1898 3877 2104 3946 judicio
2137 3879 2494 3948 pmuitenlite’.
2547 3881 2702 3947 Quod
2744 3881 2790 3935 si
2821 3884 2902 3937 vel
2935 3899 3076 3952 aggra
3121 3902 3222 3955 per
3252 3893 3505 3957 culpam,

1899 3971 1988 4024 vel
2017 3973 2245 4026 invatida
2275 3987 2368 4039 per
2393 3974 2767 4028 infirmitatem
2789 4015 2805 4041 ,
2855 3992 2962 4030 non
2993 3983 3227 4047 potuerit
3273 3984 3415 4039 ferre
3446 4001 3511 4042 ac

1904 4064 2113 4132 perpeti
2142 4061 2358 4116 virtutis
2414 4065 2784 4132 praisentiam,
2837 4067 3059 4123 dimittit
3103 4086 3248 4136 eam,
3291 4084 3450 4142 atque
3478 4093 3508 4132 τι

1901 4173 1960 4210 se
1998 4157 2219 4225 relegat,
2249 4170 2351 4211 nec
2378 4158 2580 4227 patitur
2626 4173 2744 4214 eam
2793 4163 2932 4215 volvi
2961 4166 3015 4217 in
3045 4179 3125 4229 se,
3145 4176 3207 4222 et
3227 4169 3508 4229 adluatrere

1899 4251 2317 4321 cogitationibus
2346 4251 2484 4305 suis.
2520 4253 2578 4306 Et
2617 4263 2672 4306 ιιι
2696 4253 3027 4311 iniirniiores
3050 4261 3384 4318 oculilucein
3417 4282 3500 4320 rc-

1899 4343 2140 4414 i‘ugiunt,
2186 4345 2257 4398 ita
2291 4359 2444 4398 mens
2477 4343 2711 4399 invaiida
2760 4348 3040 4415 sapientia}
3090 4352 3354 4423 fulgorem
3393 4374 3500 4422 non

1897 4438 2146 4492 susunet.
2193 4436 2350 4490 Tales
2381 4445 2538 4490 erant
2565 4436 2825 4493 Gerascni
2856 4441 3022 4514 320
3046 4446 3134 4514 qui
3159 4450 3420 4512 rugabaut
3450 4463 3507 4510 ιιι

1899 4533 2150 4586 transiret
2184 4531 2249 4586 de
2288 4531 2481 4608 linivbus
2536 4547 2725 4586 eorum
2772 4534 3026 4590 Dominus
3075 4537 3233 4594 Jesus
3272 4541 3501 4614 (Matth.

197 4629 286 4684 bna
357 4643 533 4682 sumus
589 4626 828 4697 afﬂictati
891 4641 908 4679 :
963 4625 1092 4695 foris
1139 4636 1351 4697 pugnae,
1402 4625 1539 4678 intus
1585 4625 1795 4679 timores

1907 4643 2018 4691 \lil,
2048 4627 2174 4692 5i).

197 4721 278 4793 '(ii
308 4719 429 4775 Cor.
463 4735 559 4783 vu,
591 4719 670 4792 5).

272 4813 359 4870 iii.
399 4814 506 4870 Sed
534 4819 590 4866 ut
609 4811 972 4868 descenderet
1013 4811 1070 4865 in
1103 4809 1395 4882 Egyptum
1425 4809 1599 4864 fames
1620 4812 1797 4880 coegit

197 4908 352 4982 (Gen.
384 4924 490 4974 xu,
524 4905 630 4978 10).
661 4905 916 4960 Exoritur
947 4905 1093 4958 enim
1143 4917 1284 4958 saeva
1333 4904 1534 4959 utentis
1594 4901 1792 4969 fames,

199 5001 414 5073 quando
441 5000 747 5068 appetuntia
776 4998 954 5052 carnis
980 4996 1137 5067 hujus
1166 4995 1441 5061 exundat,
1489 5004 1543 5051 et
1569 5011 1797 5064 exspec-

197 5099 320 5150 ιτιιςυ
347 5107 500 5164 aquae
529 5093 684 5148 saluti
718 5092 958 5147 adversae
983 5099 1129 5145 sunt.
1177 5090 1447 5159 Redigttnt
1477 5105 1577 5145 nos
1609 5092 1661 5143 in
1693 5106 1793 5144 an-

199 5188 400 5259 gusuas
453 5184 728 5254 corporis,
777 5197 898 5238 cum
951 5183 1185 5238 habendi
1232 5183 1504 5252 cupiditas
1565 5184 1788 5251 irrepit,

201 5287 229 5317 τι
257 5281 468 5333 luxuria
512 5277 762 5331 suavitati
780 5286 900 5339 cst,
951 5277 1100 5330 cordi
1171 5277 1445 5344 jactamia.
1494 5277 1794 5331 Tentamur

203 5387 410 5451 omnes.
465 5370 756 5426 inﬂectitur
804 5369 965 5422 etiam
988 5367 1200 5423 sobrius
1240 5368 1482 5434 animus,
1517 5367 1798 5424 descendit
1847 5385 1853 5392 ’

278 5567 300 5595 τ·
346 5559 416 5611 Ila
441 5571 574 5612 mss.
597 5568 817 5609 omnes.
842 5551 985 5607 Edit.
1013 5551 1795 5618 autem,luxuritcsuacitate,et

205 5631 372 5685 cordis
388 5630 643 5701 jactantia
678 5635 936 5701 tentantur
965 5639 1160 5676 omnes.

273 5701 300 5740 ι)
343 5693 468 5756 Mss.
512 5701 682 5757 Corb.
715 5713 778 5752 ac
829 5698 1001 5767 Long,
1032 5693 1225 5766 grande
1260 5695 1438 5752 sobria:
1478 5704 1663 5757 mentis
1694 5719 1802 5773 mg-

207 5783 571 5900 "inimum.
605 5857 819 5899 omnes.
853 5842 973 5898 Am.
1009 5848 1190 5895 autem
1220 5853 1282 5894 ac
1312 5839 1466 5905 Era,
1491 5848 1563 5893 est
1593 5836 1689 5892 viri
1718 5835 1805 5889 de-

1979 4721 2064 4774 17.
2111 4719 2350 4787 Denique
2380 4728 2432 4772 ct
2463 4718 2562 4772 iste
2591 4734 2684 4774 rex
2733 4718 2944 4791 .«iifgypli
2967 4724 3042 4776 ait
3071 4724 3136 4778 ad
3179 4728 3453 4786 Abraham
3489 4750 3502 4788 :

1909 4813 2047 4879 Quid
2095 4815 2190 4865 hoc
2219 4812 2386 4880 fecisti
2429 4811 2597 4866 mihi?
2629 4812 2802 4878 Quare
2849 4832 2948 4869 non
2991 4817 3168 4872 dixiin
3196 4821 3352 4886 mihi,
3382 4826 3506 4890 quia

1904 4920 2036 4960 uxor
2061 4914 2149 4957 tua
2171 4905 2281 4956 est?
2309 4904 2398 4956 sed
2423 4905 2602 4958 dixisti
2621 4907 2742 4975 quia
2770 4919 2918 4962 soror
2941 4920 3030 4964 tua
3057 4924 3129 4966 est
3151 4954 3166 4972 .
3193 4924 3244 4967 et
3272 4932 3506 4985 sumpse-

1899 5016 2014 5053 rant
2037 4999 2164 5051 mihi
2192 5014 2418 5052 uxorem.
2476 4998 2546 5052 Et
2588 5015 2725 5054 nunc
2765 5017 2882 5056 ecce
2931 5004 3113 5058 mulier
3151 5017 3241 5060 tua
3287 5021 3407 5064 ante
3434 5022 3502 5079 te,

1901 5091 2109 5160 accipe,
2143 5101 2190 5142 et
2241 5105 2446 5142 recurre
2462 5090 2581 5144 hinc
2608 5091 2764 5159 (Gen.
2797 5109 2890 5157 xit,
2950 5095 3091 5150 18'et
3141 5097 3256 5169 19).
3290 5100 3506 5156 lntuea-

1901 5197 2024 5234 mur
2045 5182 2226 5234 animo
2271 5183 2720 5250 intemperantem
2780 5184 3016 5259 aliquem
3041 5187 3129 5255 qui
3163 5188 3385 5245 intuitus
3415 5208 3506 5248 ca-

1904 5276 2104 5329 Stitatis
2143 5274 2374 5343 gratiam
2416 5275 2650 5343 quodam
2672 5279 2864 5344 captus
2895 5278 3010 5343 ejus
3052 5281 3250 5336 decore
3275 5299 3507 5349 sequen-

1905 5367 2029 5423 dam
2050 5374 2220 5437 putet.
2249 5367 2452 5423 Deinde
2483 5367 2833 5437 pedissequas
2854 5367 2971 5437 ejus
2997 5375 3247 5426 nesciens
3265 5371 3291 5410 (ί
3309 5377 3509 5445 quibus

1909 5550 2032 5604 bita.
2093 5550 2234 5604 Vitio
2259 5553 2440 5617 proetil
2473 5551 2638 5604 dubio
2667 5552 2916 5606 codicum
2959 5552 3159 5621 quibus
3208 5557 3292 5610 usi
3337 5571 3506 5617 sunt;

1908 5623 2048 5692 quod
2081 5622 2264 5676 vitium
2299 5633 2352 5699 ut
2382 5622 2514 5699 GI":
2536 5631 2599 5699 et
2629 5623 2784 5676 lium.
2823 5623 2957 5677 edit.
2989 5625 3379 5699 emendarem,
3427 5649 3514 5689 re-

1913 5710 2162 5763 posui-rc,
2190 5703 2265 5747 est
2295 5694 2404 5746 viro
2431 5693 2620 5746 debita.

1985 5763 2254 5889 ddQ‘nines
2283 5765 2417 5819 edit.
2468 5779 2590 5818 cum
2636 5762 2803 5817 Tum.
2857 5763 3006 5831 cod.,
3039 5768 3222 5836 quibus
3266 5774 3514 5849 colligata

1985 5853 2025 5889 τε
2067 5855 2080 5889 ι
2111 5875 2124 5889 .

1915 5838 2124 5890 incedit.
