4082 6370
659 271 769 328 465
2005 261 2235 321 SANCTJ

2336 260 2614 321 MBROSll
3896 267 3983 323 to;

657 392 919 447 comitata
943 387 1159 454 incedit,
1191 392 1246 441 et
1270 384 1466 456 stipata
1493 382 1731 448 advenit,
1762 379 2113 438 sobrietatem
2146 383 2256 439 sci-
2283 387 2338 448 Α
2363 391 2552 439 tutem.
2581 381 2734 438 Mens
2758 394 2890 453 ergo
2918 381 3148 438 validior
3189 381 3559 456 principalem
3592 383 3864 440 virtutem
3909 400 3979 438 se-

654 483 806 562 licet,
837 481 1150 536 modestiam
1178 492 1240 534 ac
1270 476 1672 542 verecundiam,
1707 475 2093 545 parcimoniam
2126 474 2251 542 cibi,
2361 493 2483 546 cum
2514 477 2695 544 habet,
2722 477 2823 534 hoc
2842 487 2946 546 est,
2973 478 3378 549 imperitantem
3418 479 3687 551 corporis
3715 478 3976 540 sensibus,

657 576 843 647 fugam
870 573 1106 629 lasciviae
1127 613 1140 636 ,
1186 569 1534 641 procacitatis
1552 612 1566 636 ,
1601 568 1927 639 petulantiae
1947 609 1962 635 ,
1996 577 2023 605 ⁸
2051 568 2258 623 cautio-
2361 587 2469 628 non
2492 572 2862 628 obedientem.
2884 571 3016 641 Quae
3037 573 3105 628 de
3133 572 3374 645 Egypto
3397 589 3603 630 secum
3633 576 3832 628 omnia
3856 581 3979 628 rem.

656 685 779 727 nem
810 669 1032 735 seriam,
1057 666 1349 723 sollicitam
1385 664 1715 730 custodiam,
1757 664 1938 720 subito
1965 671 2058 718 aut
2081 663 2259 719 ebrie-
2360 664 2441 732 lit,
2479 664 2608 719 nihil
2641 665 2714 719 ibi
2743 664 3156 736 disciplinarum
3187 681 3414 721 suarum
3447 665 3673 721 amisit.
3703 664 3832 720 Non
3859 665 3977 719 colo

651 763 777 818 tatis
794 774 1092 818 succensus
1106 760 1307 828 calore,
1330 767 1424 815 aut
1451 757 1623 829 ipsius
1650 757 1836 814 carnis
1864 763 2026 821 aestu,
2049 765 2144 810 aut
2165 770 2260 811 oc-
2359 769 2476 816 rata
2505 769 2591 816 est
2635 760 3054 832 intemperantia
3072 802 3088 829 ,
3130 761 3454 828 insolentia,
3499 760 3857 832 ﬂagitiorum
3899 758 3975 812 ἰω-

649 870 815 912 cursu
861 854 1052 910 formae
1081 850 1415 908 decentioris
1447 865 1786 921 nequaquam
1813 863 1873 904 se
1913 857 2127 912 teneat,
2157 861 2259 903 nec
2360 851 2659 920 modestia,
2689 867 2796 909 non
2819 853 3118 924 exspoliata
3141 855 3510 912 estamictum
3535 854 3766 911 sedulae
3793 852 3974 910 sobrie-

648 947 753 1018 Ῑθεί
803 947 988 1003 carnis
1022 958 1333 1016 περυεηθις
1369 958 1555 1000 nonne
1590 942 1762 998 ἀίοὶῑε
1795 941 1988 997 Ριιιθνὶ
2019 954 2135 996 rem
2179 938 2257 995 ἴδ-
2359 946 2504 1014 tatis,
2539 963 2645 1002 non
2674 956 2842 1004 exuta
2863 947 3192 1004 vestimento
3221 949 3472 1020 pudoris.

645 1040 918 1104 ciliorem,
963 1039 1341 1094 castimoniam
1367 1037 1562 1107 sequi:
1593 1049 1764 1106 supra
1793 1034 2050 1089 humeros
2079 1047 2253 1100 meos,
2315 1068 2342 1118 ’,ο
2428 1040 2520 1097 20.
2562 1039 2854 1096 Eratdives
2899 1042 3047 1097 valde
3075 1040 3226 1114 (Gen.
3272 1059 3402 1111 xm,
3448 1044 3509 1114 2)
3537 1085 3555 1109 ,
3611 1052 3683 1098 ut
3731 1051 3862 1114 pote
3905 1045 3968 1098 cui

644 1149 811 1204 supra
867 1133 1016 1189 vires
1069 1147 1220 1188 meas
1269 1138 1373 1187 est.
1427 1129 1604 1185 Rarus
1648 1128 1736 1184 cui
1779 1128 1887 1183 ista
1932 1127 2254 1198 jungantur.
2357 1131 2784 1202 nihilbonorum
2814 1134 3033 1202 deerat,
3059 1151 3182 1207 quae
3211 1152 3317 1192 non
3339 1137 3510 1193 alieni
3541 1145 3678 1192 erat
3704 1147 3965 1207 appetens,

650 1227 802 1294 Vale,
837 1227 1092 1293 castitas,
1136 1224 1366 1293 recede,
1410 1222 1607 1279 recede
1649 1223 1717 1278 de
1770 1221 1967 1277 ﬁnibus
1996 1235 2255 1277 sensuum
2296 1265 2306 1306 ξ
2356 1240 2477 1296 quae
2506 1226 2714 1283 nullius
2743 1226 3074 1298 lindigebat,
3105 1228 3251 1300 quod
3278 1244 3436 1284 suum
3468 1229 3589 1286 dici
3639 1229 3840 1284 vellet.
3876 1229 3962 1284 Hoc

642 1336 912 1377 meorum.
961 1321 1209 1377 Recurre
1264 1319 1376 1375 cito
1417 1333 1484 1374 eo
1533 1315 1678 1372 unde
1722 1315 1827 1370 huc
1875 1314 2114 1370 venisti:
2146 1329 2254 1369 non
2295 1313 2312 1404 ἒ,
2357 1331 2440 1376 est
2468 1321 2613 1376 enim
2643 1335 2767 1377 esse
2803 1321 3066 1388 divitem,
3104 1322 3307 1379 habere
3342 1323 3488 1394 quod
3519 1324 3672 1379 satis
3722 1324 3961 1379 voluntati

641 1416 890 1473 sustineo
912 1415 1258 1486 praesentiam
1279 1423 1448 1480 tuam,
1481 1412 1694 1484 afﬁigor
1709 1409 1967 1482 gravibus
1993 1409 2256 1480 quaestio-
2307 1415 2322 1490 ξ
2355 1416 2446 1472 sit.
2476 1416 2780 1473 mensuram
2813 1417 2955 1472 enim
2990 1417 3267 1489 frugalitas
3291 1417 3484 1480 habet,
3509 1433 3734 1474 census
3757 1434 3865 1474 non
3887 1419 3958 1474 In.

643 1509 827 1578 nibus,
857 1509 986 1565 dum
1012 1507 1302 1565 tenendam
1333 1516 1386 1564 te
1420 1506 1679 1572 arbitror,
1726 1520 1888 1577 quam
1920 1514 2112 1561 tenere
2143 1519 2252 1560 non
2314 1497 2468 1588 Ehet,
2515 1510 2670 1578 cujus
2718 1508 2912 1565 modus
2954 1509 3009 1565 in
3054 1509 3284 1566 arbitrio
3327 1510 3643 1581 quaerentis
3689 1520 3800 1566 est.
3856 1509 3954 1564 Erat

642 1619 890 1676 possum.
2302 1613 2311 1674 3
2352 1612 2532 1659 autem
2563 1603 2716 1659 dives
2740 1604 3030 1674 pecoribus
3055 1645 3068 1669 ,
3097 1614 3326 1677 argento
3349 1645 3366 1668 ,
3395 1611 3454 1660 et
3491 1619 3662 1660 auro.
3696 1602 3840 1670 Quid
3869 1604 3945 1658 sibi

717 1697 808 1752 l8.
849 1697 1160 1754 Conversus
1195 1695 1395 1753 deinde
1425 1695 1492 1751 ad
1522 1695 1759 1766 aliquem
1784 1693 2110 1750 monitorem
2139 1692 2245 1759 sui,
2353 1696 2458 1752 hoc
2487 1697 2634 1753 vult?
2660 1696 2776 1752 Non
2806 1697 2937 1752 mihi
2962 1697 3215 1754 videntur
3239 1699 3290 1754 in
3315 1697 3541 1754 homine
3565 1698 3732 1768 justo
3757 1698 3949 1753 mula-

645 1792 740 1864 qui
791 1791 1063 1848 studuerit
1118 1792 1346 1862 iniejus
1392 1763 1629 1846 mentem
1685 1789 1944 1844 inducere
1998 1798 2250 1843 assuetu-
2281 1763 2330 1846 Β
2357 1806 2445 1847 res
2486 1791 2687 1846 divitiae
2727 1790 2954 1847 laudari.
3000 1791 3158 1848 Unde
3201 1791 3255 1847 in
3307 1763 3604 1862 pecoribus
3655 1791 3946 1862 corporales

639 1886 825 1942 dinem
873 1884 1208 1941 castimoniae
1229 1925 1244 1950 ,
1285 1883 1530 1954 allegans
1565 1897 1674 1938 non
1721 1880 1947 1937 arduam
1981 1881 2116 1946 fore,
2148 1894 2250 1936 nec
2353 1899 2546 1940 sensus
2576 1884 2851 1956 intelligo,
2883 1885 3009 1956 quia
3041 1893 3097 1940 et
3123 1883 3228 1954 ipsi
3259 1883 3683 1941 irrationabiles
3719 1895 3873 1946 sunt;
3908 1883 3942 1936 in

640 1979 1055 2051 impossibilem,
1104 1977 1200 2034 sed
1227 1977 1473 2048 pluribus
1535 1975 1772 2041 sociam,
1819 1975 2102 2029 ﬁnitimam
2134 1983 2251 2029 stu-
2351 1985 2576 2048 argento
2622 1991 2957 2044 sermonem,
3008 1977 3062 2033 in
3109 1992 3243 2033 auro
3274 1987 3537 2033 mentem.
3591 1976 3799 2032 Merito
3825 1976 3980 2044 dives,

637 2072 837 2140 diosis,
863 2072 1308 2139 iconvenientem
1333 2069 1360 2108 ι)
1389 2069 1732 2135 voluntariis,
1779 2067 1918 2134 Quid
1980 2066 2104 2133 hoc,
2132 2063 2138 2068 ’
2166 2066 2248 2120 in-

635 2167 775 2238 quit,
811 2165 988 2221 fecisti
1017 2165 1183 2220 mihi?
1231 2163 1410 2232 Quare
1440 2178 1548 2218 non
1567 2161 1754 2217 dixisti
1777 2159 1910 2215 mihi
1936 2159 2063 2230 quia
2111 2173 2247 2214 uxor

638 2267 728 2315 tua
779 2260 902 2316 est?
943 2259 1055 2314 Hoc
1099 2266 1217 2326 est,
1270 2273 1389 2328 quae
1417 2271 1528 2312 non
1580 2252 1973 2325 perfunctorie,
2028 2251 2125 2307 sed
2168 2252 2247 2308 lc-

633 2352 830 2424 gitimo
891 2360 1140 2407 teneatur
1167 2349 1461 2421 conjugio,
1518 2362 1707 2403 secum
1734 2347 2029 2402 maximam
2081 2343 2248 2399 vehat

636 2444 824 2501 dotem
846 2485 862 2510 ,
886 2446 1033 2514 :quae
1065 2443 1292 2498 invehat
1341 2441 1528 2512 gravia
1567 2454 1734 2496 onera
1767 2437 2134 2504 matrimonii,
2191 2445 2247 2492 et

633 2542 790 2597 durae
820 2539 976 2610 fenus
1006 2537 1414 2608 conjunctionis
1439 2553 1452 2590 :
1482 2535 1577 2592 sed
1609 2534 1796 2590 dixisti
1826 2548 2096 2600 sororem,
2120 2531 2242 2587 nul-

632 2635 702 2692 lis
750 2635 1032 2691 astrictam
1076 2631 1325 2703 legibus,
1369 2639 1425 2685 et
1465 2637 1676 2684 naturae
1724 2627 1962 2694 sociam,
1988 2642 2094 2681 non
2117 2624 2240 2696 jure

630 2731 817 2801 aliquo
846 2728 1052 2784 dotalis
1078 2741 1279 2784 census
1308 2723 1598 2797 superbam
1639 2738 1703 2780 ac
1731 2732 2030 2794 potentem.
2053 2721 2240 2793 Itaque

629 2821 954 2894 imprudens
997 2835 1225 2876 onerum
1274 2819 1394 2890 ejus
1431 2816 1793 2888 copulandam
1851 2831 1971 2871 eam
2002 2815 2136 2870 mihi
2183 2823 2240 2870 et

632 2916 923 2974 tenendam
947 2922 1264 2987 putaveram
1286 2953 1302 2978 ,
1341 2911 1439 2968 sed
1485 2909 1728 2966 intellexi
1759 2908 1902 2979 quod
1935 2907 2146 2978 pondus
2167 2907 2239 2962 sit

626 3010 681 3066 in
716 3025 778 3066 ea
830 3019 884 3066 et
912 3008 1148 3065 sarcina.
1187 3005 1330 3062 Ecce
1358 3003 1642 3071 mulierem
1675 3009 1853 3065 tuam,
1888 2999 1943 3056 id
1969 3009 2084 3066 est,
2108 3013 2238 3056 ecce

624 3102 907 3173 persuasio
938 3111 1026 3156 tua
1051 3106 1177 3156 ante
1205 3106 1279 3166 te,
1311 3095 1518 3167 accipe,
1551 3104 1607 3151 et
1659 3107 1905 3150 recurre.
1940 3091 2079 3148 Nolo
2105 3099 2235 3147 ante

2351 2077 2469 2124 erat
2506 2067 2806 2135 Abraham,
2850 2069 2976 2138 quia
3022 2067 3244 2140 regebat
3287 2083 3483 2125 sensus
3532 2057 3974 2126 irrationabiles.”

2349 2162 2595 2235 Denique
2620 2174 2674 2219 et
2700 2163 2934 2230 domuit,
2966 2173 3022 2219 et
3045 2173 3359 2219 mansuetos
3391 2163 3536 2229 fecit,
3570 2172 3634 2218 ut
3667 2163 3862 2218 ﬁerent
3882 2177 3937 2216 ra-

2349 2257 2654 2313 tionabiles.
2686 2255 2929 2313 llabebat
2971 2270 3280 2312 sermonem
3327 2254 3456 2310 ﬁdei
3486 2255 3683 2311 colore
3722 2254 3932 2326 splendi-

2345 2349 2496 2416 dum,
2531 2359 2817 2420 purgatum
2850 2348 3111 2419 spiritalis
3140 2349 3314 2420 gratia
3337 2347 3652 2420 disciplina:
3685 2364 3701 2402 :
3736 2346 3932 2402 habebat

2344 2454 2585 2499 mentem
2616 2443 2831 2512 plenam
2863 2441 3182 2512 prudentiae.
3212 2441 3281 2496 Et
3303 2440 3426 2496 ideo
3448 2455 3589 2496 auro
3613 2450 3931 2510 comparatur

2344 2552 2500 2592 mens
2541 2539 2720 2604 bona;
2754 2536 2880 2608 quia
2925 2537 3065 2591 sicut
3106 2549 3296 2591 aurum
3325 2534 3540 2590 caeteris
3583 2543 3814 2604 praestat
3841 2547 3928 2587 rne-

2343 2633 2509 2698 tallis,
2542 2633 2613 2688 ita
2649 2647 2805 2687 mcns
2858 2632 3000 2687 bona
3048 2631 3101 2686 in
3148 2629 3372 2685 homine
3400 2629 3625 2685 caeteris
3661 2611 3844 2700 potior
3868 2637 3926 2682 est

2343 2724 2594 2780 humanae
2619 2725 2935 2781 substantia:
2963 2723 3325 2795 portionibus.
3349 2722 3409 2778 In
3438 2722 3619 2778 tribus
3645 2723 3812 2794 igitur
3829 2737 3923 2776 ccu-

2341 2833 2431 2872 sus
2463 2817 2758 2889 sapientis,
2809 2817 2862 2872 in
2892 2832 3057 2873 sensu
3080 2858 3095 2883 ,
3137 2830 3391 2872 sermone
3418 2857 3432 2883 ,
3468 2824 3660 2872 mente
3695 2833 3711 2870 :
3757 2815 3921 2886 gradus

2339 2913 2558 2985 quidam
2589 2929 2684 2983 per
2710 2912 2957 2969 ordinem
2986 2912 3181 2978 factus,
3223 2912 3362 2969 sicut
3383 2911 3551 2968 etiam
3585 2911 3642 2968 in
3687 2911 3920 2981 Apostolu

2346 3009 2576 3079 legimus
2601 3029 2613 3062 ;
2645 3007 2823 3064 Manet
2848 3017 3022 3065 autem
3043 3025 3190 3079 spes,
3216 3007 3364 3073 ﬁdes,
3391 3006 3610 3062 claritas
3628 3049 3644 3073 ,
3679 3007 3785 3061 tria
3807 3007 3917 3069 Itur,

2338 3105 2508 3175 major
2525 3112 2697 3157 autem
2725 3103 2805 3157 his
2833 3112 2904 3159 est
2929 3102 3158 3157 cltaritas
3181 3099 3227 3174 (ι
3250 3099 3369 3155 Cor.
3405 3116 3526 3166 xtrt,
3561 3099 3680 3173 l3).
3708 3099 3779 3155 Et
3799 3112 3918 3154 mens

625 3212 713 3253 me
763 3197 868 3261 εει,
918 3195 1046 3251 nolo
1074 3195 1128 3249 ill
1161 3191 1299 3248 meis
1336 3188 1780 3262 cogitationibus.
1832 3186 1987 3242 ΤΟῘΙΘ
2026 3195 2078 3242 te
2106 3184 2233 3240 hinc
2261 3186 2307 3251 C
2339 3194 2500 3265 igitur
2529 3195 2700 3265 major
2743 3203 2859 3260 est;
2909 3196 3036 3266 quia
3084 3195 3199 3265 ipsa
3241 3201 3328 3249 est
3355 3208 3479 3264 qua:
3507 3193 3667 3248 moli:
3711 3191 3918 3263 spiritale

621 3304 750 3347 cum
777 3289 884 3344 tuis
903 3285 1147 3343 consiliis
1166 3324 1183 3352 ,
1211 3298 1336 3339 cum
1376 3291 1466 3338 tua
1486 3279 1861 3337 admonitione
1880 3321 1896 3347 ,
1923 3279 2032 3335 cito
2064 3277 2231 3345 tolle,

627 3381 737 3436 cito
767 3393 1010 3443 recurre,
1063 3390 1244 3433 moras
1273 3384 1394 3430 tuas
1423 3389 1531 3430 non
1570 3373 1709 3440 fero,
1753 3371 2086 3428 afﬁictiones
2107 3380 2236 3427 sunt

632 3473 766 3529 mihi
798 3491 812 3527 :
845 3473 978 3528 satis
1009 3479 1127 3537 est,
1173 3469 1318 3541 quod
1347 3477 1475 3524 ante
1497 3465 1760 3537 deceptus
1789 3481 1930 3522 sum.
1985 3464 2054 3520 Et
2087 3465 2234 3522 misit

623 3568 875 3623 alumnos
919 3581 1046 3621 suos
1097 3564 1295 3635 quibus
1334 3572 1560 3634 vagatur
1588 3561 1908 3632 plerumque
1949 3575 2104 3615 mens
2147 3560 2234 3615 in-

632 3661 1055 3733 temperantior,
1114 3658 1346 3714 volvens
1385 3655 1567 3712 animo
1599 3655 1956 3726 cogitationes
1986 3654 2232 3722 luxuriae,

627 3756 962 3823 ambitionis,
999 3754 1277 3820 avaritia),
1312 3761 1369 3809 et
1405 3751 1648 3808 diversas
1677 3761 1699 3789 ο
1725 3749 2016 3806 illecebras
2063 3748 2234 3804 oﬁ‘en-

628 3850 806 3916 dens;
863 3859 922 3904 ut
962 3847 1340 3912 eliminarent,
1368 3859 1432 3901 ac
1457 3844 1617 3916 longe
1659 3841 2028 3914 propellerent
2073 3841 2234 3898 casti-

623 3945 902 4013 moniam,
955 3958 1024 4000 ne
1060 3955 1344 3999 recursum
1398 3939 1600 3996 faceret
1627 3938 1680 3993 in
1711 3951 1810 3993 eos
1858 3937 1996 3993 ﬁnes
2037 3935 2233 4008 quibus

619 4038 799 4094 fuerat
844 4035 1068 4107 expulsa
1093 4051 1110 4102 ;
1139 4049 1251 4106 quo
1271 4033 1518 4103 (secura:
1544 4030 1655 4102 jam
1682 4038 1739 4087 et
1759 4028 1971 4086 arbitrii
2003 4027 2232 4087 serioris

624 4130 818 4197 libera,
851 4130 906 4184 in
934 4129 1174 4200 peccatis
1198 4128 1314 4184 suis
1344 4125 1597 4197 redargui
1625 4139 1734 4183 non
1762 4123 2103 4182 formidaret.

1177 4310 1336 4382 κει
1375 4306 1605 4364 CAPUT
1635 4305 1700 4361 v.

629 4444 862 4505 Discedit
911 4446 1172 4500 Abraham
1220 4459 1284 4499 ea:
1324 4441 1561 4514 ligyplo
1587 4457 1705 4496 cum
1746 4440 1886 4496 Sara
1925 4456 2117 4507 uxore,
2169 4458 2228 4496 ac
2281 4493 2294 4500 .

700 4542 809 4596 suis
851 4539 1103 4605 omnibus,
1151 4537 1248 4592 hoc
1293 4545 1388 4604 est,
1433 4535 1565 4590 veris
1610 4533 1798 4589 anima:
1836 4534 2050 4589 divitiis.
2095 4533 2226 4607 Ejus

703 4635 898 4691 reditus
921 4634 978 4687 in
1002 4631 1182 4687 Bethel
1211 4631 1334 4703 quid
1360 4630 1656 4703 signiﬁcet?
1682 4619 1882 4696 Quidue
1903 4629 2003 4686 Lot
2030 4647 2159 4686 auro
2179 4639 2227 4687 et

699 4737 912 4802 argento
933 4726 1072 4782 dives
1101 4742 1205 4780 non
1231 4724 1477 4779 dicatur?

702 4875 794 4932 19.
829 4870 1086 4929 Discessit
1114 4870 1296 4941 itaque
1327 4869 1599 4926 Abraham
1627 4870 1754 4929 inde
1793 4871 1999 4928 habens
2034 4885 2221 4928 secum

627 4985 853 5028 uxorem
881 4982 1036 5025 suam
1071 4966 1264 5022 Saram
1297 4962 1448 5036 (Gen.
1475 4979 1594 5033 xrtr,
1629 4963 1704 5036 i),
1740 4965 1842 5022 hoc
1871 4975 1986 5031 est,
2020 4966 2223 5037 princi-

627 5066 828 5138 palem,
850 5078 958 5118 non
982 5059 1332 5118 servientem.
1353 5056 1478 5112 ldeo
1503 5065 1558 5112 et
1581 5055 1778 5113 dicitur
1796 5058 1877 5114 illi
1910 5076 1924 5111 :
1956 5059 2094 5114 Audi
2123 5059 2222 5116 Sa-

623 5177 737 5214 ram
763 5171 978 5213 uxorem
1005 5163 1148 5209 tuam
1171 5150 1327 5225 (Gen.
1356 5165 1443 5205 xxI
1461 5190 1477 5216 ,
1518 5149 1631 5221 12).
1655 5151 1789 5217 Qua:
1818 5153 1964 5207 enim
1997 5153 2222 5209 servitio

620 5252 942 5308 delictorum
971 5261 1031 5304 se
1054 5245 1237 5312 exuit,
1270 5241 1632 5314 principatum
1664 5243 1865 5311 habet,
1894 5259 2005 5300 non
2046 5245 2221 5302 servi-

689 5403 715 5428 ³
755 5391 880 5448 Vet.
916 5387 1074 5452 edit.,
1096 5383 1383 5442 cautionem
1414 5381 1706 5454 femineam.
1731 5379 1890 5454 Rom.
1915 5397 2035 5437 cum
2061 5385 2215 5452 quin.
2265 5365 2270 5369 ’

616 5477 721 5534 quc
751 5477 907 5534 mss.,
935 5459 1217 5534 cautiorem
1241 5452 1442 5534 feriam}
1469 5452 1676 5534 Quibus
1718 5453 1969 5534 omnibus
2000 5457 2214 5513 videtur

617 5525 795 5602 potior
825 5533 985 5587 Corb.
1020 5530 1075 5584 in
1093 5542 1202 5597 quo
1231 5525 1425 5602 legas,
1457 5525 1750 5602 cautionem
1779 5525 1990 5602 seriam.

690 5602 718 5639 b
757 5602 1057 5656 Voluntarii
1088 5594 1188 5654 hoc
1231 5594 1350 5652 loco
1370 5594 1839 5668 dicuntur_ii,gqui
1862 5610 1975 5668 non
2004 5607 2209 5668 coacte,

618 5672 714 5726 sed
746 5687 841 5740 sua
872 5679 1066 5740 sponte
1091 5682 1252 5738 atque
1279 5684 1348 5724 ex
1369 5669 1553 5740 animo
1583 5665 1650 5722 ad
1676 5665 1875 5736 aliquid
1908 5667 2173 5725 feruntur.

616 5816 647 5884 Ῑ
695 5752 743 5864 ed
758 5737 958 5797 Omnes
977 5743 1134 5809 edit.,
1155 5737 1420 5796 illecebras
1440 5737 1694 5807 offerens;
1721 5752 1913 5794 omnes
1941 5753 2102 5809 mss.,
2135 5747 2216 5814 of-

644 5828 704 5866 en
746 5826 854 5866 ens.

644 5826 854 5866 enaens.

2341 3285 2695 3354 frumentum,
2724 3297 2779 3342 ut
2804 3287 3182 3359 purgationem
3209 3300 3490 3351 sensuum,
3523 3297 3917 3354 sermonumque

2339 3383 2598 3452 proferat.
2623 3381 2882 3439 Servatur
2905 3383 3102 3454 ubique
3131 3396 3358 3451 persona
3383 3380 3659 3450 sapientis
3689 3379 3811 3436 viri.

2408 3476 2499 3530 ‘21.
2546 3476 2789 3546 Denique
2820 3491 2888 3532 eo
2915 3475 3191 3532 inducitur
3219 3474 3453 3532 rediisse
3479 3474 3761 3530 Abraham
3790 3473 3914 3546 (Gen.

2339 3582 2468 3633 xm,
2519 3565 2627 3637 5),
2675 3567 2779 3624 hoc
2825 3576 2945 3635 est,
3001 3567 3054 3623 in
3101 3567 3325 3634 Bethel,
3379 3565 3526 3621 unde
3559 3566 3615 3620 in
3650 3565 3915 3638 Egyptunt

2319 3652 2732 3730 'descenderat,
2763 3665 2848 3727 ut
2891 3677 3249 3734 agnoscamus
3296 3659 3445 3732 quod
3499 3660 3670 3716 etiam
3715 3660 3840 3730 justi
3876 3659 3917 3711 in

2334 3755 2498 3812 domo
2529 3757 2622 3813 Dei
2650 3757 2832 3828 positi,
2864 3767 2920 3813 et
2948 3758 3115 3813 verbo
3147 3756 3242 3812 Dei
3283 3755 3477 3811 intenti
3509 3763 3798 3810 tentantur
3821 3751 3915 3824 qui-

2334 3848 2470 3906 dem'
2488 3849 2841 3906 saecularibus
2865 3849 3338 3914 afﬁictationibus;
3368 3846 3466 3902 sed
3496 3861 3606 3902 non
3638 3847 3913 3902 alienantur

2333 3955 2364 3996 a
2393 3942 2556 3998 domo
2585 3942 2704 4008 Dei,
2745 3950 2802 3998 et
2828 3957 2857 3996 a
2896 3941 3141 3998 custodia
3177 3949 3578 4011 praeceptorum
3609 3939 3912 3997 caelestium.

2333 4029 2362 4072 (ί
2394 4034 2518 4092 Suis
2546 4042 2831 4091 contentos
2855 4049 2980 4090 esse
3010 4033 3226 4101 ﬁnibus,
3259 4047 3365 4087 non
3400 4031 3592 4087 extolli
3627 4030 3910 4087 divitiarum

2331 4127 2544 4199 capiis,
2623 4138 2679 4185 ct
2735 4128 2899 4185 rebus
2956 4127 3255 4185 secundum
3309 4127 3544 4198 gratiam
3603 4127 3912 4198 voluptatum

2334 4221 2658 4287 fluentibus,
2695 4221 2799 4277 hoc
2828 4237 2952 4278 esse
2980 4222 3178 4278 mentis
3206 4219 3428 4290 optimae
3461 4237 3473 4272 :
3504 4217 3764 4275 meditari
3791 4231 3912 4274 sem-

2330 4329 2428 4386 per
2473 4313 2796 4386 prin’cipium
2841 4324 2898 4372 et
2942 4316 3144 4384 ﬁnem,
3196 4329 3263 4370 eo
3313 4312 3654 4383 procedere,
3709 4322 3763 4368 et
3810 4310 3911 4366 inde

2328 4406 2562 4479 ingredi,
2589 4407 2692 4464 hoc
2712 4422 2834 4464 esse
2847 4408 2952 4464 bon
2961 4407 3282 4464 um.Bonum
3298 4406 3461 4478 322
3473 4413 3661 4462 autem
3677 4401 3909 4474 sapientia

2328 4512 2431 4560 est.
2465 4501 2636 4559 Nemo
2679 4503 2825 4559 enim
2872 4503 3069 4571 bonus,
3101 4502 3206 4558 nisi
3237 4515 3378 4557 unus
3408 4500 3574 4556 Deus.
3608 4499 3696 4555 Ab
3722 4513 3788 4555 co
3815 4510 3910 4568 pre

2249 4588 2304 4650 D
2329 4594 2594 4663 cedimus,
2625 4596 2795 4653 creati
2823 4610 2922 4666 per
2944 4595 3120 4667 ipsum
3147 4613 3162 4651 :
3191 4593 3258 4650 ad
3276 4609 3401 4650 eum
3428 4592 3784 4659 revertimur,
3806 4588 3906 4662 quia

2331 4705 2456 4747 cum
2485 4687 2701 4745 Christo
2721 4702 2843 4746 esse
2867 4687 3039 4744 multo
3069 4686 3283 4744 melius.
3318 4685 3387 4741 Et
3420 4693 3478 4740 ut
3513 4684 3661 4740 scias
3689 4685 3812 4756 quia
3833 4681 3907 4736 bo-

2331 4799 2460 4841 num
2512 4794 2597 4841 est
2641 4798 2943 4856 congruere
2990 4781 3317 4854 principium
3361 4787 3418 4836 et
3465 4777 3655 4845 ﬁnem,
3702 4777 3815 4848 ipse
3849 4774 3908 4828 ait

2331 4877 2506 4934 bonus
2535 4876 2739 4934 Jesus:
2776 4875 2892 4949 Ego
2915 4892 3046 4948 sum
3087 4875 3132 4932 Δ
3160 4883 3208 4930 et
3249 4886 3314 4943 Ω,
3360 4873 3676 4945 principium
3721 4877 3768 4924 et
3810 4867 3907 4938 ﬁnis

2332 4969 2518 5044 (Apoc.
2549 4987 2599 5039 ι,
2631 4969 2710 5040 8).

2400 5062 2492 5118 22.
2534 5061 2684 5118 Mens
2709 5061 2872 5132 igitur
2917 5069 3104 5118 nostra
3136 5075 3260 5117 cum
3291 5060 3414 5130 ipso
3455 5073 3676 5130 semper
3718 5055 3826 5113 sit:
3852 5051 3906 5108 ab

2329 5157 2447 5227 ejus
2468 5157 2692 5229 templo,
2717 5157 2784 5213 ab
2804 5156 2923 5227 ejus
2948 5157 3117 5213 verbo
3139 5171 3430 5227 numquam
3453 5152 3905 5222 recedat.Sempet

2329 5249 2383 5305 in
2412 5249 2643 5306 lectione
2671 5249 3075 5321 Scripturarum
3099 5251 3190 5318 sit,
3221 5246 3701 5313 meditationibus,
3728 5243 3905 5301 oratio-

2393 5384 2419 5423 ι¹
2454 5387 2602 5444 Edit.
2637 5403 2830 5444 omnes
2867 5403 2989 5444 cunt
3031 5387 3200 5444 tribus
3238 5401 3408 5454 mss.,
3448 5385 3511 5442 Si
3555 5384 3629 5440 vis
3658 5391 3902 5454 contentus

2321 5475 2525 5514 csse....
2558 5459 2652 5515 hoc
2679 5461 2814 5516 scias
2853 5477 2960 5516 esse
2997 5461 3280 5516 mentis....
3328 5450 3429 5511 hoc
3466 5467 3540 5512 est
3569 5456 3781 5511 bonum.
3813 5450 3901 5509 Sed

2320 5531 2579 5587 credibile
2609 5544 2692 5587 cst
2739 5533 2920 5587 locum
2964 5531 3036 5586 ita
3069 5531 3452 5586 concinnatum
3480 5543 3603 5584 esse
3632 5528 3700 5582 ab
3742 5527 3901 5594 aliquo

2319 5601 2568 5659 lectionis
2586 5645 2599 5668 ,
2631 5619 2752 5673 quae
2776 5604 2830 5658 in
2854 5613 3088 5674 quatuor
3113 5600 3509 5674 antiquioribus
3536 5613 3668 5655 mss.
3697 5597 3900 5674 praefer-

2322 5682 2446 5741 tur,
2497 5668 2720 5730 sensum
2769 5668 2886 5730 non'
2924 5668 3272 5745 assequente'.
3315 5672 3496 5728 Facile
3536 5681 3721 5726 autem
3766 5668 3897 5724 illum

2322 5755 2468 5801 esset
2511 5755 2790 5802 assecutus
2812 5789 2825 5810 ,
2869 5745 2911 5802 si
2946 5747 3195 5812 verbum,
3223 5759 3595 5817 agnoscamus,
3629 5756 3788 5813 supra
3818 5754 3897 5794 cx-

2323 5831 2573 5891 pressum
2596 5817 2930 5892 subintelligi
2950 5817 3440 5876 animadvertisset.
