4082 6370
190 400 298 455 465

1449 391 1538 448 DE
1575 389 1910 449 ABRAHAM
1956 389 2085 446 LIB.
2130 387 2193 445 ll.

3385 387 3496 446 466

189 517 383 585 nibus;
419 525 477 574 ut
509 526 533 555 τι
563 529 745 574 sermo
771 514 889 586 ejus
915 513 1005 585 qui
1049 521 1151 577 est,
1185 522 1398 580 semper
1437 516 1692 580 operetur
1728 507 1781 562 in
1809 506 1863 568 Α
1958 512 2225 572 tentasset,
2259 504 2407 559 illum
2459 519 2576 560 cum
2606 505 2740 559 bona
2769 503 2939 575 gratia
2978 503 3208 559 dimittit.
3239 503 3322 565 De
3340 504 3501 576 impe-

191 609 353 665 nobis
380 651 395 677 ,
423 617 482 664 et
508 618 568 664 ut
596 607 836 680 quotidie
866 605 1223 677 procedentes
1258 602 1310 658 in
1354 600 1674 666 Ecclesiam,
1704 597 1789 653 vel

189 701 505 758 domesticis
527 701 844 758 incubantes
856 699 1213 762 orationibus,
1229 696 1296 750 ab
1316 695 1786 765 ipsoincipiamus,

192 801 248 850 et
273 794 328 848 in
355 794 474 864 ipso
499 793 834 849 desinamus.
860 791 934 846 Ita
965 789 1128 844 totius
1154 788 1241 854 hic
1261 788 1384 842 vita:
1407 794 1608 842 nostra:
1635 785 1752 841 dies
1771 825 1786 849 ,

193 894 249 940 et
273 900 468 941 cursus
487 885 595 940 diei
618 884 685 940 ab
705 900 765 940 se
791 890 966 938 sumat
986 880 1402 952 principium,et
1432 877 1536 949 ipsi
1557 875 1789 933 desinat.

191 976 346 1033 Sicut
393 977 536 1033 enim
586 991 616 1031 a
665 975 932 1046 principio
963 974 1086 1028 vitae
1129 972 1376 1038 credere,
1421 971 1447 1009 ιι
1489 981 1543 1025 et
1591 968 1790 1024 initiari

194 1069 344 1138 Deo,
395 1070 541 1125 salus
584 1078 668 1125 est
709 1085 724 1123 :
773 1069 845 1123 ita
885 1067 1295 1138 perseverantia
1325 1079 1496 1136 usque
1528 1064 1598 1130 in
1629 1061 1790 1118 finem

193 1162 500 1218 necessaria
527 1170 633 1218 est.
676 1161 776 1216 Est
803 1169 982 1216 autem
1007 1159 1210 1216 mentis
1232 1157 1452 1229 optimae
1477 1156 1790 1228 diligentia;

191 1271 248 1316 ut
277 1261 444 1330 verbo
485 1259 582 1316 Dei
624 1259 828 1315 intenta
856 1259 988 1314 nihil
1025 1258 1185 1313 faciat
1228 1254 1618 1321 irrationabile,
1651 1252 1794 1308 unde

189 1353 409 1408 tristitia
457 1352 686 1408 subeat:
749 1361 810 1407 ut
853 1351 1058 1422 jugiter
1109 1360 1327 1404 actuum
1380 1361 1604 1403 suorum
1655 1345 1795 1400 bene

189 1446 450 1510 conscia,
500 1444 745 1499 lzetitiam
795 1443 952 1499 bonae
1001 1451 1182 1498 servet
1222 1440 1590 1498 conscientiae.
1640 1438 1794 1507 Quod

189 1539 335 1594 enim
364 1540 564 1594 bonum
594 1538 699 1594 hoc
739 1539 858 1594 sine
887 1536 1082 1592 timore
1110 1547 1165 1592 et
1195 1536 1314 1591 sine
1343 1534 1555 1591 tristitia
1585 1543 1668 1590 est
1687 1576 1702 1600 ,
1743 1532 1796 1588 id

189 1641 295 1698 est,
324 1631 634 1688 securitatis
673 1631 894 1700 plenum
925 1639 980 1685 et
1007 1628 1217 1700 gratiae.
1267 1639 1290 1666 ο
1339 1627 1619 1683 Possessio
1649 1625 1797 1681 enim

184 1721 318 1792 justi
367 1731 580 1791 gratum
611 1737 732 1778 esse
778 1722 888 1778 Deo
919 1739 932 1774 :
966 1720 1336 1791 insipientium
1386 1727 1568 1774 autem
1609 1716 1796 1772 nullus

190 1814 411 1886 gradus.
462 1815 588 1871 Ideo
637 1815 864 1881 Esaias,
918 1817 1388 1887 appropinquante
1436 1813 1620 1879 bono,
1661 1810 1736 1865 ait
1780 1827 1794 1866 :

1961 597 2084 652 ritia
2107 614 2166 652 ac
2194 598 2469 653 insolentia
2496 597 2594 654 Lot
2619 599 2674 654 in
2698 597 2973 670 eligendo;
3004 597 3165 670 deque
3194 597 3495 655 Sodomita-

1964 708 2080 746 rum
2107 693 2348 764 peccatis.

1965 781 2056 836 ΞΒ.
2101 783 2255 839 Nunc
2301 784 2433 840 illud
2479 799 2821 856 nequaquam
2871 785 3313 857 praetereundum
3358 785 3504 842 arbi-

1895 885 2045 942 tror,
2099 875 2243 947 quod
2302 875 2516 932 videtur
2562 877 2727 932 etiam
2767 877 3039 934 doctiores
3083 877 3353 944 movisse;
3401 891 3508 948 qua

1893 968 2101 1026 ratione
2129 969 2208 1024 sic
2239 970 2502 1041 scriptum
2540 972 2611 1026 sit
2651 990 2664 1025 :
2709 970 2777 1024 Et
2804 971 2902 1026 Lot
2932 973 3020 1042 qui
3049 971 3346 1026 ambulabat
3385 986 3502 1024 cum

1896 1064 2087 1118 Abram
2117 1063 2269 1136 (Cen.
2313 1080 2408 1120 xm
2434 1107 2449 1133 ,
2479 1064 2574 1137 5);
2603 1064 2760 1136 quasi
2785 1067 2920 1123 alter
2947 1076 3094 1124 esset
3123 1067 3227 1123 Lot
3267 1068 3359 1139 qui
3388 1082 3498 1123 non

1895 1156 2369 1218 ambulabat_cum
2401 1172 2467 1213 eo
2491 1197 2506 1224 ,
2540 1157 2842 1214 secundum
2875 1159 3017 1228 quod
3062 1161 3392 1232 accepimus.
3435 1161 3508 1215 Et

1897 1257 2086 1318 putant
2111 1249 2355 1320 plerique
2386 1264 2494 1305 non
2535 1249 2673 1304 solvi
2703 1252 3079 1321 quaestionem.
3113 1251 3258 1323 Ergo
3289 1261 3347 1308 ut
3393 1253 3504 1308 illis

1899 1339 2315 1408 satisfaciamus,
2347 1350 2404 1396 et
2429 1357 2459 1396 a
2487 1341 2672 1412 regula
2698 1339 2995 1412 Scripturae
3022 1358 3128 1398 non
3154 1343 3499 1410 recedamus,

1901 1451 2062 1490 unam
2092 1450 2382 1506 personam
2412 1437 2666 1506 dicimus,
2710 1437 2818 1493 duo
2849 1438 3088 1509 negotia,
3117 1439 3262 1509 quod
3309 1439 3362 1494 in
3395 1454 3503 1495 uno

1899 1533 2198 1605 eodemque
2225 1535 2342 1590 viro
2365 1535 2486 1591 duae
2512 1551 2600 1593 res
2627 1536 3003 1608 significantur
3032 1553 3045 1590 :
3090 1550 3317 1592 numero
3363 1550 3503 1590 unus

1899 1638 2004 1694 est,
2035 1628 2215 1686 officio
2239 1629 2462 1701 duplex.
2493 1631 2794 1687 Declinatio
2821 1631 2964 1687 enim
2986 1632 3188 1687 dicitur
3206 1631 3331 1697 Lot,
3361 1632 3506 1686 sicut

1901 1722 2065 1779 habet
2109 1723 2297 1779 Latina
2337 1724 2734 1796 interpretatio.
2778 1726 3026 1782 Declinat
3063 1735 3244 1782 autem
3276 1726 3507 1798 quisque

1902 1825 1996 1870 aut
2041 1815 2242 1872 bonum
2295 1825 2388 1872 aut
2437 1819 2658 1874 malum.
2705 1817 2840 1874 Cum
2887 1833 3018 1890 ergo
3061 1818 3166 1875 Lot
3209 1819 3510 1876 declinaret

191 1905 383 1980 Fugiet
415 1909 583 1976 dolor,
599 1919 646 1962 et
675 1908 908 1972 tristitia,
942 1917 990 1962 et
1016 1909 1233 1979 gemitus
1264 1905 1437 1976 (Esai.
1471 1920 1644 1972 xxxv,
1677 1903 1792 1975 10).
1827 1905 1876 1966 Β
1902 1911 2124 1980 malum,
2154 1911 2258 1968 hoc
2287 1921 2392 1977 est,
2425 1927 2692 1979 errorem,
2719 1912 3010 1983 ﬂagitium,
3045 1914 3276 1982 crimen,
3314 1913 3509 1986 junge-

187 2000 428 2056 Joauues
474 2015 690 2071 quoque
738 2001 791 2055 in
845 2000 1173 2073 Apocalypsi
1229 2017 1241 2052 :
1291 1997 1358 2052 Et
1406 2000 1546 2070 ipse,
1599 1996 1793 2068 inquit,

190 2092 331 2148 Deus
358 2109 474 2147 cum
499 2094 604 2148 illis
629 2094 748 2159 erit,
779 2102 824 2147 et
848 2093 1030 2148 delebit
1054 2108 1254 2147 omnem
1281 2093 1563 2163 lacrymam
1589 2091 1653 2144 de
1673 2105 1796 2144 ocu-

191 2186 256 2240 lis
286 2203 496 2250 eorum,
542 2196 588 2240 et
634 2201 773 2240 mors
803 2202 906 2240 non
950 2186 1047 2240 erit
1086 2185 1341 2256 amplius,
1390 2199 1550 2253 neque
1593 2183 1794 2250 luctus,

192 2295 355 2350 neque
383 2281 610 2348 clamor,
658 2296 817 2350 neque
843 2280 993 2334 dolor
1031 2280 1246 2335 ulterius
1277 2279 1475 2352 (Apoc.
1507 2293 1630 2345 xxx,
1671 2278 1705 2332 5
1750 2286 1798 2332 et

191 2371 289 2444 4).
343 2372 402 2428 In
455 2374 854 2429 resurrectione
899 2373 1044 2429 enim
1094 2373 1366 2443 justorum
1419 2370 1609 2426 laetitia
1654 2370 1799 2441 jugis

190 2469 298 2525 erit
340 2477 396 2523 et
437 2469 628 2540 gratia,
675 2483 800 2524 cum
848 2467 980 2523 illud
1011 2467 1212 2523 bonum
1241 2465 1472 2536 coeperit
1512 2479 1634 2520 esse
1674 2478 1798 2519 cum

191 2561 396 2616 sanctis
444 2562 583 2627 suis,
633 2561 852 2633 quando
893 2562 1238 2632 requiescent
1289 2560 1341 2614 in
1388 2559 1508 2614 sinu
1539 2556 1796 2622 Abrahae,

192 2655 358 2728 positi
409 2655 460 2709 in
506 2655 626 2726 ejus
674 2655 1027 2711 tabernaculo
1053 2696 1066 2722 ,
1099 2653 1246 2726 quod
1276 2655 1418 2710 inter
1449 2654 1669 2709 domum
1711 2652 1798 2708 vel

194 2764 510 2805 sermonem
539 2750 634 2805 Dei
663 2759 718 2806 et
739 2751 968 2822 gratiam
1003 2749 1168 2806 fixum
1201 2759 1286 2806 est
1319 2765 1334 2803 :
1366 2750 1677 2820 significans
1720 2749 1800 2803 in-

195 2842 507 2897 nocentiam
549 2843 785 2898 fidelium
825 2859 986 2914 agere
1028 2843 1232 2913 gratias
1279 2843 1490 2897 auctori
1537 2856 1665 2907 suo,
1708 2841 1800 2912 qui

197 2951 308 2991 non
338 2935 540 2992 habent
571 2936 712 2990 unde
742 2951 836 2991 eos
863 2935 1124 3006 paeniteat
1157 2935 1208 2989 in
1239 2935 1342 2990 hoc
1371 2933 1571 2989 mundo
1610 2933 1796 2988 fuisse.

270 3028 364 3084 25.
393 3027 574 3083 Factis
625 3029 806 3098 itaque
849 3027 1184 3098 simplicibus
1225 3025 1457 3082 Abrahae
1486 3040 1800 3097 magnarum

199 3124 605 3179 institutionum
634 3121 956 3177 documenta
988 3137 1054 3176 ex
1068 3121 1349 3191 plicantur.
1388 3119 1579 3175 Merito
1607 3119 1758 3175 dives
1781 3160 1798 3187 ,

200 3216 292 3286 qui
324 3216 490 3272 etiam
520 3214 918 3286 disputationes
945 3213 1395 3285 philoSOphorum
1427 3213 1624 3268 divites
1656 3213 1799 3280 facit,

199 3309 290 3379 qui
321 3307 388 3364 de
415 3308 534 3378 ejus
561 3315 682 3362 actu
710 3316 977 3377 praecepta
1010 3304 1312 3360 formarent
1338 3320 1455 3360 sua.

272 3401 364 3455 24.
399 3400 537 3471 Ejus
562 3413 693 3470 ergo
720 3399 936 3454 divitias
965 3398 1242 3468 Scriptura
1275 3387 1620 3468 expresserat
1662 3415 1675 3449 :
1703 3394 1803 3451 'su-

200 3504 420 3566 pererat
469 3508 798 3565 cognoscere
841 3501 1145 3548 utrumnam
1194 3492 1296 3547 Lot
1353 3506 1568 3562 quoque
1631 3505 1801 3562 nepos

201 3592 350 3664 ejus,
397 3601 452 3646 et
496 3592 612 3662 ipse
642 3602 700 3646 ut
746 3601 871 3662 pote
917 3591 1160 3662 ejusdem
1208 3587 1604 3654 successionis,
1649 3586 1802 3643 dives

203 3684 366 3741 fuerit
395 3702 408 3740 :
439 3685 535 3740 scd
567 3684 845 3755 Scriptura
873 3699 996 3740 eum
1042 3683 1254 3754 pecoris
1277 3680 1500 3736 'tantum
1531 3678 1805 3734 abundano

205 3788 312 3833 tem
353 3779 565 3833 asserit.
613 3778 859 3848 Denique
895 3777 976 3832 sic
1018 3775 1226 3831 habet:
1271 3774 1336 3828 Et
1380 3773 1478 3827 Lot
1523 3774 1612 3843 qui
1650 3772 1804 3826 simul

203 3869 496 3924 ambulabat
535 3886 651 3924 cum
691 3869 911 3933 Abram,
943 3877 1086 3922 erant
1119 3883 1232 3920 oves
1275 3875 1321 3920 et
1360 3866 1506 3920 boves
1529 3905 1542 3930 ,
1589 3874 1694 3918 etc.
1717 3904 1733 3930 ,
1775 3859 1800 3898 ά

207 3963 535 4017 tabernacula
563 3961 718 4033 (Gen.
761 3977 889 4030 xm,
941 3961 1017 4033 5).
1047 3960 1162 4015 Non
1193 3959 1430 4014 habebat
1473 3966 1800 4028 argentum,

208 4056 334 4125 quia
359 4053 811 4124 nondmnjustus.
828 4052 1042 4107 Etenim
1070 4060 1352 4122 argentum
1375 4051 1599 4119 ignitum
1626 4049 1806 4120 lingua

203 4149 361 4220 justi.
389 4148 504 4204 Non
541 4149 771 4204 habebat
797 4163 1021 4213 aurum,
1051 4147 1194 4218 quod
1226 4145 1458 4201 habebat
1488 4145 1578 4201 ille
1605 4145 1695 4216 qui
1724 4146 1807 4199 vi-

209 4243 286 4298 dit
315 4242 519 4298 Christi
549 4244 870 4312 posteriora,
901 4243 966 4296 tle
989 4257 1094 4312 quo
1116 4241 1374 4310 scriptum
1399 4250 1479 4294 est
1505 4257 1517 4294 :
1546 4238 1612 4292 Et
1643 4248 1810 4307 poste-

210 4337 348 4389 riora
374 4336 485 4406 ejus
513 4336 568 4388 in
601 4335 767 4405 specie
793 4334 907 4387 auri
943 4332 1061 4403 (Ps.
1112 4347 1274 4398 vau,
1309 4331 1422 4399 Ib).
1470 4330 1616 4385 Vidit
1657 4330 1807 4385 illum

211 4429 522 4493 Abraham,
548 4427 688 4482 sicut
715 4435 941 4483 testatus
967 4436 1050 4481 est
1075 4426 1331 4482 Dominus
1371 4424 1559 4481 dicens
1597 4441 1610 4479 :
1649 4423 1811 4478 Abra-

213 4523 332 4574 ham
359 4522 494 4576 diem
522 4537 686 4575 meum
715 4520 873 4588 vidit,
899 4530 946 4573 et
975 4521 1179 4592 gavisus
1205 4529 1278 4573 est
1307 4518 1486 4591 (.Ioan.
1526 4534 1617 4572 vm
1642 4560 1654 4583 ,
1689 4517 1806 4588 58).

217 4615 284 4671 Et
313 4615 434 4672 ideo
461 4617 576 4671 auri
605 4617 842 4687 speciem
875 4616 1074 4672 habere
1103 4615 1303 4671 meruit
1329 4623 1384 4670 et
1409 4614 1712 4685 possidere.

715 4753 875 4826 323
917 4752 1146 4810 CAPUT
1196 4751 1279 4807 v1.

219 4895 335 4959 Quo
361 4910 514 4950 sensu
541 4893 788 4966 scriptum
828 4893 894 4947 sit
934 4908 954 4948 :
984 4892 1052 4948 Et
1076 4892 1181 4948 Lot
1223 4891 1314 4962 qui
1342 4877 1650 4948 ambulabat
1688 4907 1814 4948 cum

288 4987 528 5056 Abram,
576 4989 796 5058 itemque
838 5004 856 5042 :
905 5001 1010 5041 non
1062 4986 1310 5056 capiebat
1360 5000 1455 5042 eos
1513 4995 1676 5041 terra.
1733 4985 1814 5041 De

288 5083 616 5156 pastoribus,
665 5092 711 5137 et
759 5083 875 5136 rixa
922 5083 1056 5136 inter
1102 5097 1188 5135 eos
1235 5089 1383 5145 orta,
1433 5095 1587 5150 quam
1636 5079 1815 5134 sedare

289 5187 507 5233 conatur
535 5175 816 5231 Abraham.
868 5174 1016 5230 Idem
1060 5191 1178 5228 cum
1224 5174 1422 5244 {rustra
1451 5171 1552 5228 Lat
1597 5173 1815 5228 retinere

294 5376 317 5401 ἰ
359 5365 416 5420 ld
445 5373 560 5430 est,
590 5377 769 5417 sermo
809 5362 936 5428 Dei,
969 5377 1089 5431 qua:
1116 5361 1316 5416 locutio
1343 5375 1409 5416 ex
1455 5360 1678 5416 Philone
1727 5359 1820 5416 de-

218 5449 434 5508 sumpta
458 5445 563 5498 est,
592 5435 733 5507 λόγος
755 5442 844 5489 τοῦ
868 5431 1049 5508 "Ov-:05
1068 5451 1094 5508 ε
1126 5448 1301 5504 neque
1324 5432 1435 5487 fere
1457 5447 1684 5508 usquam
1715 5432 1820 5486 ali-

220 5520 301 5567 tcr
331 5501 376 5566 is
411 5509 580 5563 Deum
620 5501 779 5558 vocat
820 5521 981 5574 quam
1010 5501 1035 5558 ὅ
1063 5502 1146 5571 ὅν;
1190 5501 1383 5574 nempe
1427 5505 1550 5571 quia
1591 5504 1693 5557 hoc
1724 5519 1821 5557 no-

220 5583 368 5639 mine
396 5595 455 5636 sc
483 5577 745 5650 appellari
769 5576 935 5648 Moysi
968 5575 1178 5629 dixerat
1197 5575 1426 5644 ipsemet
1454 5575 1618 5641 Deus,
1645 5574 1817 5630 Exod.

294 5727 318 5766 ιι
362 5725 490 5781 Mss.
532 5721 738 5781 Torn.,
774 5717 928 5772 Vale.
965 5726 1124 5785 atque.
1159 5717 1322 5784 edit.,
1371 5728 1417 5773 et
1451 5718 1644 5772 imitari
1681 5718 1822 5772 salus

223 5808 330 5865 est;
353 5787 524 5860 nam,
550 5805 598 5849 et
623 5791 816 5846 imitari
849 5787 971 5865 ρεοΔ
1000 5789 1139 5842 salus
1165 5801 1237 5865 est
1259 5790 1475 5865 λϐοιὶ)ζ
1495 5788 1694 5844 omittit
1722 5831 1736 5854 ,
1777 5799 1824 5865 et

221 5858 440 5926 initiari.
483 5858 591 5924 Sed
622 5877 805 5920 veram
849 5861 1138 5917 lectionem
1168 5858 1331 5917 Corb.
1364 5870 1418 5916 et
1445 5861 1624 5933 Long.
1674 5859 1828 5916 resti-

225 5950 395 5999 tuere.

1898 2006 2058 2061 batur
2073 2015 2294 2077 patruo:
2319 2022 2441 2063 cum
2468 2007 2767 2064 declinaret
2782 2007 3006 2073 bonum,
3027 2006 3129 2063 hoc
3150 2015 3254 2074 est,
3270 2007 3501 2078 justum,

1898 2099 2266 2166 innocentem,
2309 2111 2578 2169 sanetum,
2610 2102 2952 2173 religiosum,
3001 2101 3313 2157 sociabatur
3357 2102 3511 2175 ﬂagi-

1897 2191 2148 2248 tio.Bene
2171 2209 2300 2264 ergo
2322 2193 2486 2249 dixit:
2513 2195 2581 2248 Et
2602 2194 2701 2249 Lat
2721 2196 2809 2266 qui
2831 2195 3127 2250 ambulabat
3144 2212 3261 2250 cum
3281 2197 3506 2265 Abram;

1899 2287 2022 2358 quia
2067 2287 2242 2342 adhuc
2286 2303 2393 2343 non
2439 2288 2678 2359 elegerat
2718 2288 3034 2355 Sodomam,
3085 2305 3191 2344 nou
3223 2289 3504 2345 habitabat

1898 2393 2023 2433 cum
2049 2378 2375 2450 ﬂagitiorum
2404 2379 2737 2436 auctoribus.
2769 2379 2963 2435 Postea
2990 2381 3133 2437 enim
3161 2382 3330 2452 cmpit
3358 2381 3509 2436 habi-

1901 2478 2016 2525 tare
2063 2470 2118 2525 in
2161 2470 2435 2527 Sodomis.
2481 2471 2716 2543 Ideoque
2762 2473 2918 2543 quasi
2962 2487 2992 2526 a
3031 2473 3214 2544 seipso
3242 2481 3506 2542 mutatus,

1904 2561 2055 2617 velut
2081 2563 2219 2620 alter
2244 2563 2542 2634 accipitur;
2575 2579 2682 2620 non
2714 2563 2891 2620 solum
2932 2579 2962 2620 a
2990 2565 3141 2644 justo
3177 2565 3319 2633 viro,
3352 2566 3450 2623 sed
3477 2582 3507 2622 a

1900 2656 1977 2710 sei
1986 2670 2082 2726 pso
2118 2655 2452 2713 desciscens.

1971 2747 2063 2802 26.
2108 2748 2349 2818 Denique
2397 2749 2520 2819 quia
2565 2749 2748 2806 studio
2783 2751 2896 2822 jam
2937 2750 3148 2808 deﬂecti
3195 2760 3440 2823 cmperat
3479 2766 3508 2805 a

1902 2849 2122 2910 patruo,
2156 2841 2279 2896 Non
2306 2841 2538 2915 capiebat
2569 2859 2654 2898 eos
2699 2853 2835 2898 terra
2878 2842 3035 2915 (Gen.
3079 2860 3200 2914 xm,
3229 2843 3311 2914 6).
3353 2842 3509 2899 Nulla

1903 2934 2048 2990 enim
2070 2936 2244 3004 Spatia
2275 2944 2500 3004 possunt
2521 2937 2654 2992 satis
2675 2951 2798 2994 esse
2823 2937 3168 2993 discordibus
3194 2956 3206 2992 :
3235 2938 3437 3009 quietis
3457 2946 3514 2992 et

1904 3027 2145 3096 pacificis
2170 3028 2334 3082 etiam
2378 3038 2606 3098 angusta
2633 3028 2914 3084 abundant
2946 3047 2958 3082 :
2993 3029 3231 3085 dissonis
3269 3029 3514 3084 moribus

1904 3118 2066 3172 etiam
2112 3119 2349 3188 spatiosa
2388 3128 2686 3174 arctantur.
2731 3119 2802 3175 Et
2843 3121 2969 3191 quia
3016 3137 3044 3174 a
3091 3120 3358 3192 principio
3397 3122 3512 3177 dixi

1911 3212 2110 3284 (supra,
2139 3229 2184 3267 c.
2222 3230 2234 3267 l
2269 3213 2428 3287 hujus
2443 3213 2586 3284 libri)
2611 3224 2845 3270 mentem
2876 3215 2965 3270 hic
2999 3215 3219 3270 formari
3250 3215 3510 3283 hominis,

1827 3293 1872 3356 C
1905 3322 2025 3377 qum
2071 3321 2100 3361 a
2149 3307 2416 3378 principio
2455 3307 2772 3378 imperfecta
2818 3309 3014 3376 fuerat,
3051 3308 3147 3364 sed
3189 3323 3290 3379 per
3335 3309 3515 3365 incre-

1908 3411 2092 3458 menta
2123 3411 2179 3458 et
2207 3401 2406 3473 gradus
2449 3403 2716 3474 quosdam
2761 3403 3010 3473 proﬁcit,
3057 3403 3181 3459 ideo
3211 3405 3286 3458 ait
3326 3421 3340 3457 :
3387 3402 3514 3460 Non

1905 3495 2136 3564 capiebat
2163 3512 2246 3551 eos
2273 3505 2410 3550 terra
2441 3513 2459 3550 :
2492 3495 2596 3552 hoc
2623 3505 2742 3564 est,
2771 3513 2874 3551 una
2903 3498 3081 3552 anima
3115 3506 3296 3554 motus
3324 3497 3512 3554 diver-

1904 3603 1997 3644 sos
2026 3603 2132 3643 non
2164 3589 2462 3658 recipiebat
2491 3589 2814 3645 naturaliter
2843 3589 2946 3646 sibi
2979 3599 3368 3662 repugnantes.
3407 3591 3510 3647 Ρο-

1908 3687 2014 3737 test
2041 3691 2223 3737 tamen
2253 3681 2370 3737 ﬂeri
2414 3690 2473 3736 ut
2503 3681 2775 3738 interdum
2824 3697 2932 3737 non
2975 3683 3157 3738 omnia
3189 3684 3242 3739 in
3272 3699 3380 3738 uno
3417 3699 3512 3740 eo-

1905 3772 2140 3844 demque
2167 3773 2405 3844 perfecta
2449 3775 2595 3840 sint;
2627 3775 2801 3846 possit
2832 3784 3010 3830 tamen
3039 3775 3218 3844 aliqua
3251 3776 3381 3831 vitia
3412 3791 3509 3831 sua

1907 3866 2143 3936 Operire,
2200 3866 2284 3920 vel
2333 3876 2512 3920 motus
2556 3880 2685 3920 suos
2737 3876 3040 3936 temperare
3083 3885 3096 3920 :
3142 3867 3188 3921 si
3215 3876 3309 3922 aut
3356 3867 3513 3937 plura

1909 3957 2051 4013 bona
2091 3957 2204 4011 sint
2230 3958 2425 4026 quibus
2455 3957 2712 4027 pauciora
2744 3958 2872 4012 vitia
2902 3958 3114 4028 operiat
3147 3977 3161 4014 :
3193 3967 3289 4012 aut
3317 3973 3513 4028 repen-

1909 4051 2078 4106 tinam
2143 4053 2560 4107 commotionem
2617 4051 2846 4106 consilio
2900 4053 3196 4108 maturiore
3248 4053 3514 4109 reﬂectat.

1910 4144 2110 4200 Verum
2140 4143 2186 4198 si
2213 4159 2283 4198 ex
2313 4154 2538 4215 utraque
2563 4152 2717 4216 parte
2750 4144 2908 4215 plura
2941 4154 3272 4201 concurrant
3295 4145 3513 4202 dissona

1911 4252 1976 4292 ac
2001 4239 2378 4308 repugnantia,
2413 4239 2676 4295 habitatio
2704 4241 3128 4312 discrepantium
3159 4241 3417 4297 virtutum
3449 4257 3512 4298 ac

1914 4331 2222 4400 passionum
2263 4331 2315 4385 in
2350 4347 2450 4386 una
2480 4333 2658 4387 anima
2688 4333 2934 4389 solvatur
2959 4349 3185 4390 necesse
3211 4343 3314 4391 est.
3346 4334 3512 4407 Figu-

1912 4434 2028 4481 rate
2058 4440 2188 4497 ergo
2217 4426 2450 4481 animam
2481 4428 2778 4482 secundum
2809 4428 3156 4501 physiologos
3181 4441 3380 4485 terram
3411 4445 3516 4500 ap-

1912 4519 2153 4589 pellavit.
2181 4519 2314 4575 Nam
2343 4529 2399 4576 et
2423 4520 2684 4576 Salomon
2713 4522 2789 4576 ait
2823 4541 2834 4576 :
2870 4521 3153 4594 Tamquam
3181 4523 3513 4594 agricultura

1915 4611 2066 4666 homo
2112 4613 2409 4682 imprudens
2441 4611 2636 4685 (Prov.
2671 4613 2858 4684 xxrv);
2905 4630 3027 4684 qua:
3073 4616 3120 4671 si
3169 4615 3397 4672 fecunda
3443 4616 3518 4672 sit

1917 4705 2112 4778 Opimis
2142 4718 2385 4778 segetum
2414 4707 2702 4776 fructibus,
2727 4709 3061 4767 abscondere
3085 4720 3265 4782 potest
3290 4711 3516 4780 Spinas:

1916 4799 2000 4855 sin
2029 4814 2160 4855 vero
2191 4799 2362 4870 spina:
2408 4808 2737 4856 concurrant
2762 4802 2962 4870 aristis,
2994 4801 3218 4860 secandi
3257 4801 3407 4859 nulla
3436 4809 3522 4858 est

1916 4894 2091 4962 copia.

1988 4988 2078 5042 27.
2111 4988 2213 5056 Qui
2244 4988 2406 5059 igitur
2435 4997 2680 5060 pastores
2705 4991 2814 5046 sint
2844 4989 2998 5059 (Gen.
3025 4989 3125 5045 xtit
3144 5030 3158 5055 ,
3187 4987 3242 5061 7)
3266 5031 3282 5056 ,
3307 4999 3362 5044 et
3383 5003 3518 5058 quo-

1921 5098 2038 5137 rum
2069 5083 2443 5150 animantium,
2473 5093 2526 5139 et
2556 5099 2677 5154 quae
2708 5085 2821 5138 rixa
2853 5082 2995 5138 inter
3015 5092 3263 5153 pastores
3283 5081 3519 5139 Abrahae

1918 5185 1972 5232 et
2017 5177 2157 5232 inter
2196 5187 2442 5247 pastores
2480 5177 2581 5233 Lot
2623 5176 3052 5233 consideremus.
3095 5175 3348 5232 Pastores
3395 5182 3525 5230 sunt

2006 5374 2027 5400 ο
2068 5362 2156 5418 Sic
2186 5379 2320 5420 mss.
2345 5363 2539 5430 Corb.,
2575 5363 2770 5434 Long.,
2799 5360 2953 5418 Colb.
2987 5372 3043 5418 et
3069 5361 3198 5416 Maz.
3227 5362 3332 5416 Alii
3361 5377 3489 5434 vero
3511 5405 3530 5429 ,

1928 5442 1986 5490 et
2012 5444 2222 5506 cuncta)
2250 5436 2407 5502 edit.,
2459 5431 2732 5491 Possessio
2759 5435 2896 5488 enim
2922 5435 3058 5506 justi
3085 5442 3236 5504 grata
3265 5442 3349 5506 est
3372 5431 3481 5488 Deo
3512 5452 3532 5490 :

1926 5505 2070 5632 q_t:lod
2100 5506 2186 5590 hic
2213 5523 2319 5563 non
2354 5509 2424 5563 ita
2457 5508 2598 5563 bene
2618 5515 2852 5576 apteque
2877 5505 3148 5576 quadrare
3172 5505 3384 5576 patebit
3401 5520 3534 5562 con-

1927 5593 1970 5631 SI
2015 5587 2210 5632 erantt.

1927 5578 2210 5633 sideranti.

1997 5645 2025 5685 ἀ
2060 5648 2196 5703 Rom
2225 5651 2380 5717 edit.,
2409 5659 2456 5704 et
2479 5659 2733 5703 armenta.
2756 5646 2984 5718 Caetera?
3007 5687 3023 5714 ,
3057 5661 3119 5701 ac
3151 5659 3340 5703 omnes
3371 5663 3531 5718 mss.,

1926 5730 1973 5775 et
2017 5721 2364 5776 tabernacula.
2399 5721 2702 5789 Utrumque
2745 5717 2964 5774 defendi
2998 5727 3176 5789 potest
3219 5735 3289 5774 ex
3321 5718 3466 5775 LXX
3513 5717 3529 5776 ἐ

1929 5808 2053 5847 nam
2079 5794 2128 5846 in
2145 5793 2458 5862 quibusdam
2489 5788 2702 5846 illorum
2721 5789 3003 5846 codicibus
3027 5788 3224 5862 legitur
3244 5797 3327 5847 καὶ
3347 5797 3525 5855 arma.

1930 5863 1985 5918 in
2012 5865 2160 5931 aliis,
2195 5869 2277 5919 καὶ
2307 5868 2503 5921 σκηναὶ.
