4082 6370
578 351 687 408 467

1909 342 2152 402 SANC’I'I
2193 343 2518 404 Διιειιθειιι

3812 343 3916 401 463

575 464 829 544 magistri
851 477 1094 536 gregum,
1127 461 1207 518 rel
1223 460 1504 532 diligentes
1519 459 1774 526 ctsobrii.
1804 474 1914 526 non
1935 461 2176 527 sinente;
2207 464 2256 534 Α
2283 461 2424 529 cepti
2452 460 2659 516 viscera
2687 501 2700 525 ,
2744 468 2799 515 et
2849 474 2954 513 uno
2996 457 3090 513 foti
3124 469 3290 529 atque
3316 457 3484 516 θαιιεί
3529 465 3716 513 utero.
3761 456 3916 514 Unde

579 573 843 630 agrorum.
888 556 1030 618 culta
1080 554 1252 612 obteri
1306 552 1455 622 pedis
1502 552 1766 622 vestigio,
1816 562 1984 623 atque
2025 555 2213 620 aduri.

582 656 827 710 sentibus
859 672 873 708 :
906 652 986 704 vel
1022 651 1354 720 negligentes
1383 659 1438 703 et
1477 647 1727 707 remissi.
1763 649 1850 714 qui
1885 665 1990 703 non
2023 664 2184 704 revo-

579 757 706 806 cent
729 761 893 816 pecus
915 758 1072 801 suum
1095 785 1108 805 ,
1135 758 1240 811 quo
1265 741 1493 802 herbosa
1514 753 1564 795 et
1591 739 1756 812 3M
1776 755 1882 796 non
1907 740 2181 796 fructuosa

574 847 859 911 paSCultlt‘,
893 835 988 890 sed
1034 835 1208 891 libere
1246 835 1428 904 vagari
1462 849 1557 903 per
1597 834 1778 887 Varios
1819 832 1933 902 agri
1981 834 2182 886 lructus

576 931 778 990 sinant.
832 929 1059 993 Istorum
1103 943 1233 997 ergo
1281 924 1559 997 pastorum
1602 926 1776 982 solt-rs
1807 926 2053 982 custodia
2086 941 2182 980 ue-

577 1022 813 1080 ceSSaria
844 1030 958 1086 est;
994 1037 1061 1076 ne
1105 1020 1248 1084 forte
1302 1019 1606 1084 oSCribatur
1628 1018 2007 1088 diligentibus,
2042 1018 2188 1088 quod

574 1115 770 1172 evertit
803 1114 1195 1188 negligentium
1230 1113 1458 1170 incuria.
1487 1112 1590 1168 Sed
1616 1113 1742 1186 quia
1776 1128 1880 1165 non
1913 1127 2094 1167 sermo
2115 1112 2188 1168 de

573 1208 920 1272 visibilibus,
975 1207 1098 1262 ideo
1130 1206 1290 1273 cujus.
1330 1205 1540 1280 pecoris
1592 1216 1840 1271 pastores
1883 1207 1992 1260 sint
2037 1205 2184 1274 prius

575 1301 1007 1358 consideremus.
1047 1300 1300 1356 l’astores
1343 1297 1446 1361 hos.
1471 1296 1699 1352 delinire
1731 1312 2036 1364 possumus.
2075 1297 2184 1350 Pa-

578 1408 775 1461 stores,
827 1395 1005 1465 inquit
1027 1437 1039 1456 .
1065 1398 1421 1467 jumentorum
1455 1392 1624 1466 (Gen.
1657 1409 1779 1456 χιιι,
1812 1390 1902 1463 7).
1932 1391 2185 1448 Iumenta

578 1501 759 1546 autem
795 1502 990 1544 sensus
1013 1489 1256 1557 Corporis
1286 1487 1684 1548 irrationabiles
1715 1488 2005 1556 signiﬁcari
2027 1503 2178 1544 acce-

581 1582 782 1650 pimus.
812 1580 912 1650 Qui
945 1589 1070 1634 sunt
1113 1595 1243 1649 ergo
1287 1590 1532 1649 pastores
1569 1596 1827 1636 sensuum
1851 1622 1865 1644 ,
1900 1581 2002 1634 nisi
2050 1596 2189 1652 prte-

582 1685 867 1742 ceptores,
899 1683 959 1730 et
987 1675 1138 1744 quasi
1183 1674 1397 1742 quidam
1437 1687 1680 1731 rectores
1720 1690 1942 1746 gregum
1966 1717 1981 1740 ,
2021 1676 2188 1730 duces

584 1783 772 1824 corum
792 1809 810 1834 ,_
840 1769 925 1823 vel
955 1770 1256 1823 munitores
1282 1767 1512 1837 alicujus
1541 1769 1808 1823 sermonis
1827 1809 1839 1832 ,
1874 1769 1956 1822 vel
1991 1770 2190 1823 mentis

2285 555 2440 608 nobis
2465 553 2585 623 jure
2626 552 2858 623 qut-dam
2905 552 3281 622 germanitatis
3327 551 3488 606 velut
3538 551 3741 605 fratres
3789 565 3916 605 con.

2283 647 2554 710 nectimur
2597 647 2664 706 ab
2705 662 2811 708 uno
2844 655 2996 713 patre
3033 644 3271 709 conditi,
3303 654 3360 700 et
3396 659 3508 700 una
3544 655 3728 698 matre
3781 653 3914 703 tam-

2284 755 2442 809 quam
2473 737 2665 794 fratres
2696 738 2894 792 uterini
2922 737 3074 792 editi.
3112 738 3177 792 Et
3203 736 3329 800 ideo
3361 752 3489 792 cum
3525 737 3713 792 simus
3748 737 3914 790 ratis-

2285 832 2479 887 nabilis
2511 843 2716 886 natura:
2745 831 2983 895 soboles,
3015 839 3286 899 tamquam
3316 830 3520 886 uterini
3551 846 3656 884 nos
3686 831 3912 899 diligere

2286 927 2546 981 debeums
2576 942 2761 982 arnore
2789 938 2996 989 mutuo,
3031 941 3139 980 non
3169 927 3492 998 impugnare
3535 940 3604 982 ac
3629 927 3908 997 persequi.

2286 1019 2457 1075 Multo
2501 1030 2678 1074 autem
2726 1020 2916 1074 verius
2966 1019 3033 1073 ad
3080 1034 3241 1073 unam
3316 1021 3565 1080 animam
3637 1017 3906 1082 refertur;

2291 1113 2483 1181 ccujus
2513 1112 2836 1168 rationabile
2861 1123 3122 1182 cognatos
3162 1113 3346 1175 habet,
3375 1120 3434 1170 ut
3461 1127 3632 1180 supra
3667 1112 3906 1167 diximus

2288 1205 2445 1280 (Cap.
2499 1223 2515 1260 ι
2578 1207 2736 1277 hujus
2789 1203 2964 1275 libri),
3009 1220 3203 1262 sensus
3252 1205 3721 1264 irrationabiles:
3771 1206 3906 1273 quod

2289 1311 2470 1355 autem
2497 1299 2833 1363 rationabile,
2857 1300 3114 1356 virtutum
3143 1298 3306 1364 habet
3326 1297 3782 1370 copulam.Unde
3809 1299 3904 1353 fra—

2291 1404 2438 1458 terna
2455 1395 2619 1466 325
2645 1393 2872 1462 quadam
2893 1393 3330 1464 sihicopulantur
3347 1392 3764 1452 necessitudine
3784 1393 3901 1446 vitia

2288 1489 2625 1554 virtutesque
2655 1486 2926 1546 hominis;
2960 1489 3085 1556 quia
3119 1485 3208 1549 illa
3236 1487 3476 1544 carnalis
3505 1487 3628 1542 ista:
3654 1485 3893 1542 rationa-

2290 1580 2418 1636 bilis
2460 1581 2656 1634 anima:
2700 1589 2846 1635 sunt.
2893 1579 3036 1637 Caro
3079 1590 3264 1638 autem
3310 1592 3473 1650 atque
3514 1581 3706 1638 anima
3748 1581 3902 1636 veluti

2291 1673 2521 1744 quadam
2573 1673 2690 1744 lege
2738 1675 3014 1729 sociantur
3061 1673 3322 1744 coniugii.
3371 1690 3440 1730 ex
3486 1676 3702 1745 quibus
3749 1674 3901 1728 homo

2292 1775 2525 1821 constat.
2561 1766 2736 1820 Homo
2775 1767 2938 1836 igitur
2968 1767 3116 1822 velut
3144 1767 3428 1836 portiones
3457 1781 3590 1822 suas
3638 1766 3900 1822 fcederare

584 1873 791 1917 nostra:
842 1863 1235 1938 cogitationes?
1286 1863 1388 1930 Qui
1443 1863 1488 1918 si
1545 1863 1839 1934 pasmralis
1891 1862 2195 1934 disciplinae
2224 1877 2274 1936 Β
2299 1857 2482 1924 debet,
2518 1866 2679 1928 atque
2707 1857 2773 1914 ad
2819 1873 3002 1926 pacem
3031 1874 3244 1929 Cogere.
3279 1859 3384 1915 Sed
3424 1859 3549 1927 quia
3585 1875 3756 1914 nemo
3799 1867 3899 1913 erat

584 1956 744 2024 gnari
772 1962 828 2008 et
875 1967 1088 2010 tenaces
1117 1965 1276 2024 sunt,
1312 1972 1416 2010 non
1450 1956 1770 2024 permittunt
1816 1957 2027 2024 longius
2069 1971 2194 2011 sen-

584 2063 748 2110 suum
769 2050 1192 2122 gregcmVagari
1218 2091 1230 2115 ,
1275 2060 1322 2105 et
1357 2050 1635 2112 inutilibus
1663 2060 1756 2104 aut
1799 2051 1977 2103 noxiis
2029 2050 2202 2104 iulia:-

587 2157 708 2198 rere
740 2142 946 2211 pabulis
980 2164 992 2198 :
1025 2150 1051 2178 ει
1076 2143 1169 2198 sed
1196 2142 1422 2212 provido
1449 2142 1679 2198 ductore
1709 2153 1990 2204 revocant,
2019 2153 2070 2197 et
2093 2143 2198 2197 fre-

587 2250 689 2289 nos
720 2236 939 2290 rationis
967 2235 1261 2290 admovent
1282 2277 1297 2303 ,
1333 2244 1495 2301 atquc
1521 2237 1793 2292 obsistunt
1817 2236 2193 2290 renitentibus.

586 2326 709 2382 Mali
745 2339 926 2381 autem
960 2337 1364 2398 prmeeptores,
1406 2327 1494 2384 vel
1526 2329 1738 2386 inutilis
1764 2327 2195 2396 disceptationis,

586 2423 908 2491 permittunt
938 2437 1032 2477 eos
1062 2423 1266 2492 impetu
1297 2437 1398 2478 suo
1432 2421 1594 2488 ferri,
1623 2433 1675 2476 et
1704 2421 1757 2475 in
1783 2432 2113 2490 prarruptum
2137 2438 2201 2478 ac

587 2516 895 2588 periculum
926 2531 1123 2581 ruere,
1158 2526 1210 2570 et
1256 2515 1399 2574 culta
1445 2517 1731 2581 obterere,
1782 2515 2055 2570 fructuosa
2102 2519 2198 2572 dc-

591 2608 772 2678 pasci;
804 2616 862 2662 ttt
889 2611 930 2661 si
963 2612 1051 2676 qui
1102 2619 1228 2662 sunt
1260 2610 1311 2664 in
1349 2609 1538 2663 eadem
1580 2609 1764 2670 anima
1792 2612 2052 2675 virtutum
2096 2609 2201 2670 hu-

589 2703 894 2771 juscemodi
930 2702 1168 2768 fructus,
1200 2717 1293 2757 eos
1320 2719 1540 2778 quoque
1573 2702 1859 2772 dissipent.
1897 2704 2030 2764 llinc
2071 2718 2202 2774 ergo

596 2795 986 2866 cogitationum
1040 2804 1348 2862 nostrarum
1396 2795 1695 2864 discordia.
1747 2797 1885 2856 Cum
1929 2811 2058 2851 caro
2113 2812 2202 2853 reo

594 2898 801 2959 pugnat
830 2887 1091 2944 adversus
1131 2887 1399 2966 spiritum,
1433 2901 1488 2952 et
1527 2889 1750 2960 spiritus
1787 2890 2047 2948 adversus
2077 2905 2201 2954 car-

597 2997 748 3043 nem,
783 2997 886 3043 non
921 2981 1210 3036 mediocris
1238 2997 1414 3053 pugna
1442 2993 1544 3047 est,
1577 2984 1792 3052 quando
1823 2981 1940 3048 ipse
1970 2981 2204 3051 Aposto-

600 3076 688 3130 lus
717 3091 811 3130 vas
839 3077 1120 3130 electionis
1154 3075 1438 3136 dominica:
1466 3077 1596 3132 dicit
1636 3096 1649 3130 :
1703 3077 1865 3132 Video
1895 3077 2058 3149 legem
2088 3095 2205 3132 car-

599 3169 682 3222 nis
712 3185 833 3222 metu
862 3178 1231 3240 repugnantem
1262 3169 1364 3239 legi
1395 3170 1579 3224 mentis
1603 3186 1756 3233 metu.
1793 3181 1837 3226 et
1864 3173 2204 3238 captivantem

2303 1961 2484 2005 tantus
2508 1951 2597 2019 qui
2625 1965 2846 2010 carnem
2879 1950 3120 2006 vinceret
3145 1969 3159 2016 ;
3193 1951 3314 2006 ideo
3335 1993 3348 2012 .
3391 1950 3545 2006 Venit
3575 1969 3685 2023 pax
3714 1964 3896 2013 nostra,

2301 2043 2386 2109 qui
2417 2042 2535 2111 fecit
2564 2054 2777 2111 utraque
2806 2059 2966 2100 unum
2985 2085 3002 2110 ,
3033 2053 3081 2096 et
3121 2045 3345 2098 medium
3378 2045 3633 2114 parietem
3679 2046 3901 2100 macria

2303 2133 2533 2196 solvens,
2567 2135 2862 2189 inimicitias
2903 2136 2959 2190 in
2989 2152 3144 2192 carne
3177 2152 3306 2198 sua,
3341 2135 3506 2205 legem
3547 2137 3901 2190 mandatorum

2303 2225 2482 2279 edictis
2503 2242 2758 2282 evacuans
2779 2269 2793 2291 ,
2818 2237 2874 2290 ut
2900 2228 3032 2290 duos
3061 2229 3301 2286 conderet
3325 2231 3380 2282 in
3403 2230 3686 2299 semetipso
3707 2273 3721 2290 .
3742 2232 3798 2284 in
3817 2247 3900 2283 ω

2303 2335 2433 2378 novo
2465 2321 2671 2374 homine
2703 2321 2900 2391 faciem
2920 2337 3128 2391 pacem.
3160 2331 3216 2377 ut
3249 2323 3551 2378 conciliaret
3583 2335 3827 2392 utrosque
3861 2325 3902 2375 ιιι

2303 2427 2407 2466 uno
2435 2427 2652 2481 corpore
2687 2412 2793 2469 Deo
2813 2455 2827 2476 ,
2852 2430 2943 2485 per
2964 2431 3167 2469 crucem
3189 2415 3505 2483 interﬁciens
3532 2416 3839 2470 inimicitias
3859 2417 3900 2469 ia

2303 2510 2577 2573 semetipso
2609 2504 2830 2578 (Epltes.
2877 2523 2944 2574 tt,
2979 2505 3047 2562 M
3093 2516 3140 2563 et
3169 2509 3324 2574 seq.).
3359 2507 3530 2571 Recte
3560 2511 3734 2576 igitur
3763 2523 3818 2566 Se
3851 2518 3897 2562 ut

2306 2597 2581 2652 hominem
2619 2598 2888 2656 infelicem
2916 2599 3051 2656 dixit
3082 2600 3375 2670 Apostolus
3405 2627 3423 2672 κ
3448 2600 3603 2656 Rom.
3641 2617 3746 2669 vtt,
3775 2601 3898 2671 ἐι),

2305 2693 2396 2762 qui
2431 2701 2636 2746 tantum
2691 2693 2890 2746 bellum
2943 2694 3081 2758 intra
3136 2709 3197 2750 se
3255 2704 3572 2764 pateretur,
3621 2696 3768 2764 quod
3815 2711 3898 2749 non

2307 2779 2520 2854 dpossit
2547 2785 2907 2854 restinguere.
2931 2785 3169 2856 Denique
3188 2801 3309 2844 cum
3342 2785 3411 2841 de
3442 2802 3550 2842 una
3581 2789 3898 2857 portiuncula

2305 2878 2652 2947 passionum,
2705 2877 2807 2932 hoc
2850 2889 2932 2932 est
2983 2878 3300 2946 iracundia,
3350 2878 3556 2942 diceret
3591 2879 3844 2946 Salomon
3886 2900 3898 2933 ι

2311 2968 2499 3024 Melior
2525 2981 2618 3036 est,
2650 2971 2843 3040 inquit,
2871 2972 3078 3042 sapiens
3097 2971 3222 3042 forti
3247 2989 3264 3026 :
3291 2974 3570 3039 quiautem
3598 2976 3895 3030 iracundiam

2307 3065 2565 3130 continet,
2595 3065 2775 3117 melior
2808 3075 2879 3119 est
2908 3082 3063 3134 quam
3091 3065 3175 3134 qui
3205 3065 3386 3138 urbem,
3412 3067 3553 3136 capit
3580 3066 3772 3137 (Prop.
3794 3083 3895 3126 ιιι,

2309 3153 2424 3225 52).
2457 3155 2654 3210 Beatus
2687 3154 2849 3225 igitur
2880 3160 2971 3227 qui
3003 3156 3104 3210 hoc
3134 3157 3336 3218 bellum
3360 3159 3608 3216 evaserit.
3629 3159 3794 3216 etiam
3816 3175 3896 3212 nua

603 3277 684 3313 me
725 3262 776 3313 iu
822 3260 929 3330 lege
966 3261 1190 3331 peccati,
1220 3260 1360 3329 quod
1390 3271 1464 3318 est
1509 3262 1560 3314 in
1603 3262 1841 3323 membris
1877 3261 2201 3333 inclamant.

2313 3249 2520 3301 advena
2565 3257 2620 3301 et
2666 3250 3016 3326 peregrinus,
3065 3249 3159 3318 sed
3203 3250 3338 3304 civis
3383 3261 3708 3314 sanctorum
3754 3251 3896 3306 etde-

602 3367 714 3417 vu,
748 3352 863 3419 23).
899 3355 1101 3407 Sedare
1134 3353 1272 3408 hanc
1317 3368 1551 3422 pugnam
1595 3355 1710 3424 ipse
1754 3357 2107 3424 nequiverat,
2155 3364 2213 3410 ct

604 3439 730 3492 ideo
758 3441 820 3492 ad
853 3438 950 3493 Chi
969 3440 1130 3493 istum
1157 3442 1395 3512 confugit
1421 3441 1607 3502 dicens
1637 3461 1648 3495 :
1677 3440 1876 3511 Infelix
1901 3461 1991 3512 ego
2015 3446 2165 3498 homo
2192 3462 2210 3499 .'

608 3533 724 3602 quis
757 3549 835 3584 me
865 3532 1096 3586 liberabit
1125 3532 1188 3583 tle
1215 3549 1427 3604 carpare
1453 3535 1632 3588 mortis
1657 3533 1814 3600 huius
1848 3533 2039 3606 (Ibid,
2070 3535 2166 3603 24)
2190 3537 2212 3590 ?

606 3625 725 3687 Hoc
757 3633 868 3689 est,
916 3643 981 3679 ne
1013 3627 1465 3682 delectationibus
1498 3629 1676 3682 carnis
1706 3629 2032 3692 adhatream.
2084 3630 2216 3700 Quis

606 3719 775 3790 igitur
804 3727 886 3773 est
921 3720 1009 3790 qui
1045 3719 1126 3792 his
1175 3736 1260 3773 mc
1301 3720 1477 3775 Solvat
1520 3722 1782 3788 vinculis,
1812 3721 1838 3760 δ
1882 3733 1935 3778 et
1983 3723 2210 3794 liberum

610 3809 781 3864 societ
815 3812 924 3865 [leo
945 3854 958 3876 ,
992 3825 1293 3883 sensusque
1333 3812 1400 3867 ad
1432 3813 1782 3870 sobrietatem
1821 3816 2015 3870 anima:
2045 3819 2217 3888 magis

603 3904 962 3975 detorqueat,
1016 3921 1177 3975 quam
1228 3906 1294 3960 ad
1345 3908 1592 3975 corporis
1651 3908 2061 3964 letnuleutiam?
2106 3910 2216 3974 Sed

608 3999 728 4068 quia
763 3999 902 4053 inter
930 3998 1178 4054 homines
1228 4008 1434 4054 tantum
1469 4016 1573 4053 non
1619 4000 1793 4066 potuit
1821 4013 2088 4060 rectorem
2133 4003 2216 4058 iu-

605 4094 815 4156 venire,
845 4101 1143 4147 conversus
1173 4093 1236 4147 ad
1273 4095 1437 4149 Deum
1469 4114 1482 4149 :
1512 4093 1727 4162 Gratia,
1761 4096 1961 4164 inquit,
1995 4097 2091 4151 Dei
2127 4115 2218 4166 per

609 4185 794 4238 Jesnm
822 4182 1081 4240 Christum
1113 4186 1392 4239 Dominum
1423 4186 1586 4258 (Ibitl.
1612 4229 1626 4254 ,
1655 4187 1769 4258 ‘25).
1797 4187 1852 4242 Si
1884 4188 2074 4244 fortior
2104 4191 2216 4248 suis

612 4295 722 4333 non
750 4278 1019 4334 conunisit
1051 4281 1254 4344 viribus
1277 4323 1292 4345 ,
1326 4281 1467 4350 quod
1493 4295 1693 4348 corpus
1719 4283 1908 4335 mortis
1935 4282 2212 4350 evaderet,

615 4372 711 4427 sed
759 4373 1016 4426 auxilium
1065 4373 1308 4443 quaesivit
1353 4387 1382 4444 ξι
1427 4372 1676 4436 Christo;
1719 4374 1846 4441 quid
1896 4391 1992 4427 nos
2038 4376 2217 4434 facere

615 4473 832 4534 oportet
883 4464 1248 4517 infirmiores?
1316 4463 1466 4518 Hanc
1519 4479 1754 4536 pugnam
1811 4481 2031 4536 gravem
2096 4483 2220 4525 esse

617 4557 871 4626 cognovit
920 4557 1223 4623 Abraham,
1257 4567 1310 4612 et
1342 4557 1463 4612 ideo
1511 4559 1564 4612 in
1613 4560 1876 4627 principio
1919 4562 2215 4628 cavendum

2315 3343 2573 3396 mesticus
2609 3341 2739 3407 Dei,
2774 3358 2936 3414 quem
2979 3339 3032 3394 iu
3082 3349 3178 3396 teri
3197 3341 3243 3396 is
3271 3342 3510 3412 positum
3560 3352 3778 3400 terrena
3815 3357 3896 3396 ιι‹ιιι

2314 3438 2581 3506 quatiant.

2386 3529 2478 3585 29.
2515 3529 2669 3584 Hunc
2695 3528 2943 3584 allectum
2971 3545 3191 3586 servare
3209 3529 3466 3598 cupiebat
3495 3529 3793 3586 Abraham.
3820 3530 3896 3584 lla-

2315 3639 2418 3692 quc
2451 3631 2509 3682 ut
2538 3624 2618 3677 vir
2643 3624 2898 3692 pacilit-us
2926 3625 2999 3677 ait
3031 3625 3232 3693 primo:
3254 3621 3374 3676 Non
3401 3623 3466 3676 sit
3493 3624 3612 3694 rixa
3641 3627 3769 3677 inter
3789 3634 3897 3676 mret

2316 3720 2450 3772 inter
2466 3728 2529 3770 te.
2546 3717 2674 3772 lude
2689 3719 2763 3772 ait
2783 3735 2795 3770 :
2816 3716 2880 3770 Et
2902 3718 3034 3772 inter
3053 3726 3278 3786 pastores
3300 3733 3455 3782 meos,
3474 3726 3521 3780 et
3537 3727 3771 3785 pastores
3785 3725 3894 3769 tuos.

2318 3810 2561 3868 Tertium
2591 3811 2794 3881 posuit:
2827 3810 2993 3878 Ecce,
3029 3811 3201 3882 inquit
3222 3853 3236 3877 ,
3261 3821 3368 3872 tota
3401 3821 3539 3866 terra
3562 3820 3685 3869 ante
3710 3825 3774 3878 te,
3818 3813 3895 3864 LUC.

2317 3915 2430 3971 est,
2466 3907 2508 3960 si
2542 3921 2648 3959 non
2681 3915 2855 3972 potest
2902 3906 3198 3960 convenire
3225 3946 3237 3961 .
3268 3904 3405 3960 cedo
3439 3906 3722 3971 omnibus,
3753 3912 3894 3958 totum

2318 4016 2453 4071 cape
2480 4042 2492 4064 ,
2528 4000 2575 4055 si
2605 4000 2672 4056 de
2700 4001 2820 4055 loco
2849 4009 2943 4054 aut
2967 4001 3314 4068 possessione
3339 3999 3611 4054 dissensio
3632 4010 3738 4056 est.
3767 3996 3895 4066 Quod

2318 4096 2362 4150 si
2388 4095 2632 4154 moribus
2660 4109 2766 4148 non
2791 4094 3084 4162 convenit,
3113 4092 3334 4148 discede
3362 4110 3391 4146 a
3424 4109 3532 4148 nte.
3564 4093 3773 4160 Quanta
3795 4101 3894 4144 ante

2318 4190 2622 4260 praemisit,
2674 4205 2741 4243 ne
2769 4200 3053 4259 cogeretur
3094 4188 3416 4243 discedere?
3464 4187 3571 4243 Sed
3603 4189 3766 4242 etiam
3813 4186 3894 4239 hoc

2321 4283 2539 4336 virtutis
2564 4295 2626 4336 ac
2655 4281 2955 4348 disciplina:
2981 4290 3086 4334 est.
3113 4279 3257 4334 Dixit
3287 4281 3431 4334 enim
3465 4290 3592 4334 ante
3621 4295 3721 4334 nos
3751 4285 3823 4331 vir
3841 4294 3892 4332 es

2320 4372 2686 4442 Philosophim
2709 4373 2980 4444 prolectus
3011 4372 3294 4443 disciplina
3319 4417 3334 4442 ,
3369 4381 3601 4442 quatuor
3629 4373 3745 4427 lucc
3777 4373 3891 4426 bono

2321 4467 2436 4522 viro
2465 4467 2643 4522 inesse
2668 4484 2681 4519 :
2719 4469 2784 4522 Ut
2809 4467 3050 4522 elaboret
3077 4468 3306 4536 primum
3351 4476 3406 4520 ut
3438 4481 3631 4520 omnes
3659 4466 3759 4522 sibi
3784 4465 3892 4519 ami-

2324 4575 2418 4616 cos
2441 4562 2634 4622 faciat:
2665 4559 2990 4624 secundum,
3022 4560 3139 4614 utsi
3171 4574 3274 4614 non
3301 4561 3702 4629 potestamicos
3721 4558 3888 4620 facere,

616 4649 848 4720 putavit.
877 4648 1119 4718 Sapienti
1145 4649 1290 4704 enim
1320 4650 1467 4720 pacis
1493 4658 1578 4706 est
1602 4649 1863 4718 studium,
1889 4652 2216 4726 imprudenti
2242 4646 2296 4707 D
2321 4666 2469 4711 certe
2502 4671 2602 4710 nec
2633 4655 2911 4708 inimicos:
2949 4653 3188 4718 tertium,
3222 4655 3337 4707 utsi
3365 4669 3466 4708 nec
3492 4653 3636 4707 ialUd
3657 4651 3886 4720 suppetit,

618 4747 793 4800 antica
815 4743 1012 4814 iurgia.

688 4839 779 4894 28.
805 4839 926 4894 Non
951 4842 1037 4906 sit,
1066 4839 1385 4910 inquit,ria:a
1402 4845 1531 4895 inter
1559 4859 1635 4896 me
1649 4851 1696 4897 el
1722 4843 1859 4898 inter
1881 4853 1949 4906 te,
1975 4856 2024 4900 et
2045 4857 2219 4918 pasto:

618 4950 702 4989 res
743 4951 882 4987 meos
925 4942 973 4988 et
1019 4940 1248 5003 pastores
1281 4944 1426 4999 tuos;
1474 4936 1595 5005 quia
1625 4935 1858 5000 homines
1899 4955 1991 4992 nos
2032 4943 2218 5008 fratres

613 5044 792 5083 sumus
821 5025 974 5100 (Gen.
1007 5042 1103 5094 xui
1125 5067 1140 5092 ,
1175 5026 1253 5096 8).
1286 5025 1541 5082 Patruutn
1574 5029 1802 5100 legimus
1833 5030 2130 5098 Abraham,
2161 5040 2216 5096 et

613 5122 718 5177 Lot
749 5122 864 5191 ejus
893 5133 1181 5189 nepotem;
1216 5121 1491 5190 quomodo
1522 5139 1642 5176 eum
1682 5124 1900 5180 fratrem
1935 5125 2216 5194 appellat?

612 5215 722 5272 Sed
753 5215 976 5270 adverte
1007 5215 1131 5283 quia
1164 5230 1354 5269 causas
1380 5216 1684 5270 eooeordiaa
1714 5219 1930 5286 sapiens
1967 5217 2209 5273 adhibet.

613 5309 768 5366 Unde
801 5307 1095 5379 praemisit,
1131 5306 1385 5366 Homines
1415 5324 1507 5368 nos
1538 5325 1738 5370 sumus.
1786 5309 1987 5374 Omnes
2034 5320 2212 5366 autent

612 5400 864 5466 bottiines
893 5401 1050 5466 unius
1083 5411 1290 5456 natura:
1323 5409 1507 5470 partus
1547 5409 1706 5466 sunt,
1750 5401 1888 5458 intra
1919 5402 2036 5470 ejus
2079 5417 2212 5457 cou-

686 5529 711 5556 ει
745 5517 887 5572 Edit.
921 5526 969 5570 et
999 5514 1154 5583 pauci
1187 5531 1319 5569 mss.
1339 5558 1352 5578 ,
1384 5516 1473 5570 sed
1509 5517 1719 5578 provido
1743 5529 1969 5572 aoctore.

685 5590 712 5627 ι)
737 5591 811 5642 lla
846 5603 970 5656 mss.
1020 5587 1209 5650 ϐαιὴ,
1239 5588 1436 5656 Long.,
1477 5587 1631 5642 Coll).
1668 5601 1720 5641 ct
1751 5589 1880 5642 Mal.
1921 5590 2026 5645 Αιῑῑ
2061 5605 2212 5656 vero,

621 5676 683 5714 ac
728 5660 855 5713 edit.
875 5648 967 5732 ,‘ct
996 5648 1210 5711 liberum
1237 5648 1394 5727 fuciril
1415 5648 1433 5725 ,⁷
1463 5677 1769 5732 sensusque,
1801 5669 1904 5714 etc.
1950 5661 2138 5728 Toru.,
2169 5648 2216 5718 cl

622 5731 832 5800 liber-ton
862 5730 1049 5800 societ)
1075 5745 1370 5800 sensusque.
1663 5730 1666 5740 ἶ

712 5797 1101 5881 ,Δριξςδηςξιιιτὴη
1128 5797 1274 5853 Vale.
1305 5816 1354 5854 et
1393 5802 1799 5881 Torn.__prtm:_t_
1824 5821 1980 5860 manu
2002 5848 2015 5871 ,
2067 5811 2214 5881 cujus

622 5867 977 5925 irrationabile
1002 5880 1243 5938 cognatos
1263 5911 1278 5938 ,
1308 5882 1451 5937 etin;
1486 5867 1638 5930 Cotti.
1671 5886 1726 5929 et
1751 5874 1884 5930 Maz.
1909 5918 1924 5944 ,
1963 5867 2214 5950 cujus’ir-

2322 4764 2387 4803 ex
2437 4749 2704 4803 sententia
2735 4747 2979 4802 discedat
3007 4765 3022 4802 :
3079 4755 3332 4818 quartum
3355 4789 3368 4810 ,
3397 4747 3440 4800 si
3481 4749 3607 4817 quis
3634 4746 3888 4800 cedentem

2323 4852 2715 4916 perrcqualnr,
2742 4842 2980 4900 vindicet
3006 4857 3065 4898 se
3089 4883 3102 4903 .
3137 4851 3196 4897 ut
3219 4849 3416 4912 potest.
3449 4841 3558 4898 Sed
3587 4841 3675 4896 illa
3705 4840 3796 4894 tria
3821 4854 3892 4892 su-

2328 4937 2542 5008 periora
2576 4936 2626 4992 iu
2658 4935 2894 5004 Abrahte
2925 4951 3033 5002 non
3062 4935 3407 5006 sermonibus
3439 4936 3621 5003 nudis,
3653 4935 3746 4991 sed
3772 4935 3890 4988 vires

2321 5029 2574 5098 Oporibus
2595 5030 2957 5100 agnoscimus.

2394 5121 2482 5187 50.
2512 5124 2770 5194 Quartum
2800 5134 2978 5190 autem
3008 5137 3114 5182 non
3141 5123 3208 5178 ita
3241 5130 3346 5189 est,
3378 5120 3595 5190 quando
3617 5119 3776 5174 etiam
3797 5120 3886 5172 ciro

2323 5235 2384 5274 ca
2415 5219 2697 5273 cedentem
2727 5215 2963 5270 servavit
2994 5214 3242 5270 affectum
3277 5214 3548 5284 parentis;
3581 5223 3637 5265 ιιι
3659 5197 3888 5266 cumnon

2323 5313 2499 5372 solum
2535 5326 2638 5372 non
2668 5318 3110 5382 persequeretur,
3140 5307 3232 5363 sed
3280 5307 3440 5362 etiam
3463 5316 3680 5374 captum
3703 5312 3889 5360 erueret

2325 5422 2388 5460 ac
2417 5406 2698 5459 liberaret.
2734 5401 2978 5472 Denique
3009 5400 3295 5472 Apostolus
3317 5415 3435 5454 cum
3458 5399 3557 5452 tria
3589 5397 3683 5452 illa
3704 5397 3887 5460 doceat,

2319 5521 2623 5586 rationabile
2645 5521 2887 5573 virtutum
2909 5518 3060 5574 habet
3081 5517 3336 5587 capulum.
3367 5515 3472 5572 Sed
3501 5516 3729 5569 aliorum
3754 5526 3889 5583 atque

2321 5596 2454 5647 edit.
2488 5594 2776 5659 genuinam
2811 5592 3095 5644 lectionem
3120 5605 3239 5643 esse
3271 5600 3381 5640 tttut
3405 5588 3655 5641 Collet‘tio
3677 5588 3887 5652 subjecta

2321 5670 2453 5720 Satis
2478 5665 2668 5720 duret.
2707 5663 2956 5717 nimiruu‘t
2993 5680 3007 5718 '.
3057 5661 3204 5717 Utth
3235 5664 3460 5732 fraterna
3488 5661 3727 5732 quodam,
3760 5669 3849 5712 etc.
3871 5699 3884 5723 ,

2319 5745 2430 5790 tum
2462 5737 2622 5788 etiam
2657 5739 2806 5788 locus
2835 5751 2850 5788 ι
2880 5750 2999 5800 cap.
3033 5743 3119 5797 qm
3150 5734 3214 5787 ad
3236 5729 3536 5800 'tnargincm
3565 5729 3834 5785 iudicatur.

2392 5805 2418 5844 ἀ
2445 5809 2692 5874 Atuerh.,
2720 5808 2873 5862 Et-as.
2908 5813 2962 5860 et
2990 5805 3205 5875 quidam
3235 5803 3562 5874 mss.,possit
3586 5804 3881 5874 restringere.
