4082 6370
612 337 716 392 471

1956 329 2204 388 SANCTI
2243 329 2566 390 AMBROSII

3847 341 3954 397 47?.

606 449 740 522 quid
765 449 820 506 in
845 463 910 505 ea
929 459 1138 504 errasse
1165 459 1288 501 eum
1317 443 1502 502 dicere
1543 451 1696 514 potes
1721 483 1734 504 ,
1767 441 1916 514 quod
1943 442 2106 514 elegit
2129 443 2208 499 vi-
2234 447 2289 506 Α
2313 443 2367 498 ni
2389 452 2478 498 tuo
2505 445 2558 498 in
2585 455 2831 500 teternum
2853 443 3006 517 (Gen.
3029 461 3149 513 xui,
3181 443 3248 502 14
3273 445 3464 518 e115).
3497 445 3642 503 llinc
3657 453 3946 520 tamquam

609 544 732 598 cina
761 540 1014 597 Jordanis
1039 582 1054 608 ,
1087 547 1142 594 et
1169 553 1232 593 ea
1263 553 1380 608 quae
1411 535 1776 606 irrigabautur
1819 537 1960 592 sicut
1989 533 2206 608 paradi-

607 650 702 690 sus
743 633 886 689 Dei?
937 631 1053 688 Non
1081 631 1269 701 utique
1299 629 1596 686 secundum
1647 629 1904 683 litteram.
1945 627 2054 684 Sed
2083 643 2204 683 cum

601 729 859 784 Iordanis
912 727 1198 782 descensio
1219 723 1472 791 dicatur,
1510 724 1794 780 descendit
1819 725 1910 796 qui
1965 725 2209 782 deseruit

601 823 818 877 virtutis
839 821 1192 888 consortium,
1211 829 1268 875 et
1289 819 1530 890 speciem
1555 817 1742 890 elegit,
1771 833 1880 874 non
1900 819 2206 875 veritatem.

599 914 894 972 Paradisus
935 912 1192 984 perlecta:
1245 911 1598 968 beatitudinis
1641 911 1930 966 amoenitas
1957 919 2078 978 est,
2123 910 2208 966 vel

605 1008 806 1064 animae
866 1007 1164 1062 fructuosae
1214 1005 1611 1071 fundamenta,
1663 1005 1716 1058 in
1773 1019 1878 1074 qua
1929 1004 2210 1075 sapientiae

603 1105 736 1170 sint,
765 1103 994 1174 justitite
1019 1111 1452 1171 caeterarumque
1465 1099 1720 1154 virtutum
1737 1099 2022 1168 plantaria.
2041 1097 2210 1154 Terra

599 1209 776 1254 autem
807 1197 1028 1269 Egypti
1057 1197 1398 1268 corporalem
1429 1194 1786 1250 substantiam
1819 1193 2212 1264 signiﬁcat,cu-

594 1293 683 1362 jus
723 1293 990 1364 plantaria
1023 1303 1152 1346 sunt
1181 1305 1380 1346 sensus
1400 1331 1414 1355 ,
1448 1298 1502 1344 et
1527 1289 1806 1359 passiones
1827 1288 2093 1358 corporis.
2121 1287 2208 1344 Si-

596 1396 690 1441 cut
717 1385 864 1441 enim
895 1386 1067 1439 vireta
1117 1385 1377 1438 virtutum
1411 1383 1615 1438 fontem
1645 1381 1846 1437 habent
1887 1381 2164 1436 Christum
2189 1422 2204 1446 ,

600 1487 656 1534 et
677 1477 942 1548 spiritalis
971 1477 1276 1532 ubertatem
1301 1477 1512 1546 gratim,
1535 1491 1644 1546 quo
1673 1474 2008 1530 exuberent:
2036 1474 2106 1528 ita
2129 1473 2214 1527 in-

603 1571 964 1640 temperantia
993 1571 1114 1624 iens
1145 1569 1363 1639 quidam
1385 1577 1467 1624 est
1487 1567 1799 1639 passionum
1817 1565 2207 1637 corporalium,

603 1679 712 1734 quo
735 1665 959 1718 aluntur
984 1661 1281 1735 superﬂua.

674 1757 763 1814 55.
806 1757 1038 1813 Pulchre
1065 1766 1245 1813 autem
1277 1756 1352 1811 ait
1383 1757 1664 1828 Scriptura
1697 1755 1850 1830 (Gen.
1897 1769 2018 1820 xm,
2068 1749 2160 1824 Η)
2193 1769 2208 1806 :

2313 552 2346 593 a
2401 536 2552 594 fonte
2591 537 2892 593 hauserunt
2940 536 3112 594 Stoici
3162 537 3478 610 philosophi
3535 539 3830 611 dogmatis
3867 545 3946 598 sui

2311 631 2677 688 sententiam:
2699 632 2880 686 omnia
2911 632 3176 702 sapientis
3203 647 3327 689 esse
3349 633 3607 707 (Diogen.
3633 632 3832 702 Leon,
3859 636 3941 690 lib.

2317 739 2415 792 vn,
2439 726 2492 778 in
2531 723 2648 780 Vita
2669 723 2936 797 Zenonis).
2967 723 3162 781 Oriens
3192 728 3336 782 enim
3366 737 3424 784 et
3445 729 3756 794 Occidens,
3813 730 3944 802 Sep-

2313 819 2535 886 tentrio,
2563 829 2618 876 et
2645 819 2898 876 Meridies
2927 821 3206 891 portiones
3239 831 3362 878 sunt
3391 823 3818 880 universitatis.
3853 825 3940 881 llis

2311 915 2459 970 enim
2501 923 2645 970 totus
2699 915 2934 971 mundus
2979 915 3294 972 includitur.
3341 917 3472 974 lltec
3510 933 3645 974 cum
3681 921 3940 989 promisit

2315 1009 2458 1064 Deus
2485 1007 2738 1064 daturum
2771 1025 2830 1065 se
2871 1009 3104 1064 Abraha:
3130 1052 3144 1076 ,
3176 1011 3303 1082 quid
3337 1011 3488 1066 aliud
3515 1013 3778 1068 declarat
3801 1055 3816 1078 ,
3843 1015 3936 1070 nisi

2313 1101 2546 1171 sapienti
2579 1113 2634 1157 et
2666 1101 2810 1158 Iideli
2845 1104 3260 1173 praestoomnia,
3283 1105 3476 1162 deesse
3501 1105 3642 1160 nihil
3667 1106 3694 1160 ’ἓ
3721 1106 3934 1164 Undeet

2313 1195 2572 1252 Salomon
2605 1197 2658 1252 in
2691 1199 3002 1254 Proverbiis
3047 1199 3126 1254 ait
3159 1219 3171 1252 :
3207 1204 3318 1274 ejus
3351 1203 3442 1272 qui
3462 1202 3646 1272 ﬁdelis
3673 1205 3778 1268 sit,
3813 1215 3934 1260 tota:

2315 1293 2538 1346 uumdus
2565 1291 2866 1346 divitiarum
2893 1291 3078 1366 (Prov.
3105 1309 3215 1348 xvtl
3241 1335 3255 1359 ,
3291 1295 3367 1364 6).
3396 1293 3624 1362 Quanto
3659 1295 3820 1366 prior
3841 1297 3930 1352 Sa-
4008 1329 4009 1366 ἦ

2313 1383 2496 1440 lomon
2523 1400 2682 1456 quam
2699 1385 2886 1440 Zenon
2911 1385 3218 1442 Stoicorum
3241 1388 3522 1459 magister,
3553 1399 3732 1460 atque
3755 1401 3928 1446 auctor

2315 1485 2478 1532 secta:
2507 1479 2708 1548 ipsius!
2729 1477 2942 1546 Quanto
2973 1479 3124 1548 prior
3153 1497 3312 1551 quam
3349 1482 3467 1552 ipse
3497 1493 3670 1554 pater
3697 1484 3928 1554 philoso-

2315 1569 2460 1640 phiae
2501 1571 2688 1638 Plato,
2717 1571 2806 1626 vel
2844 1571 2962 1642 ejus
2989 1573 3238 1628 inventor
3257 1576 3496 1630 nominis
3544 1575 3918 1649 Pythagoras!

2315 1666 2437 1736 quis
2463 1673 2639 1721 autem
2669 1665 2862 1734 fidelis,
2901 1667 3004 1722 nisi
3057 1668 3276 1738 sapiens
3297 1668 3322 1722 ?
3345 1667 3563 1725 Stultus
3613 1671 3770 1725 enim
3803 1672 3920 1726 sicut

2317 1757 2444 1814 luna
2483 1760 2836 1816 immutatur:
2865 1759 3084 1831 sapiens
3111 1771 3294 1816 autem
3321 1761 3628 1818 immobilis
3659 1762 3774 1821 (ide
3817 1781 3918 1835 per-

604 1853 758 1926 elegit
773 1853 868 1908 sibi
887 1852 1003 1916 Lat,
1023 1853 1125 1906 hoc
1146 1859 1246 1918 est,
1268 1851 1588 1918 declinatio;
1612 1851 1734 1922 quia
1755 1851 1934 1920 posuit
1961 1849 2102 1904 Deus
2116 1861 2213 1901 an—
2243 1858 2290 1920 Β
2317 1861 2522 1908 manet.

605 1959 662 2005 te
692 1963 794 2004 nos
817 1949 1018 2004 bonum
1048 1955 1102 2003 et
1122 1948 1320 2002 malum
1348 1987 1364 2014 ,
1396 1957 1452 2001 ut
1481 1946 1852 2016 unusquisque
1879 1943 2048 2014 eligat
2069 1941 2212 2016 quod

607 2042 896 2098 velit.Nou
923 2043 1188 2113 eligamus
1218 2057 1351 2113 ergo
1378 2040 1522 2112 quod
1553 2040 1739 2112 specie
1755 2038 2214 2108 videaturjucun-

609 2137 732 2192 dius
755 2182 769 2206 ,
825 2138 922 2193 sed
966 2137 1110 2208 quod
1144 2138 1374 2192 veritate
1403 2143 1656 2208 praestet;
1707 2150 1778 2190 ne
1805 2149 1930 2190 cum
1957 2134 2026 2188 sit
2057 2133 2214 2188 nobis

612 2235 811 2290 tributa
853 2233 1004 2304 Optio
1037 2243 1095 2287 ut
1133 2246 1430 2304 sequamur
1474 2231 1708 2300 potiora,
1743 2229 1986 2284 levemus
2025 2229 2217 2284 oculos

607 2329 794 2385 inﬂexi
819 2329 955 2384 falso
978 2327 1309 2383 ammnitatis
1332 2325 1532 2380 decore
1557 2342 1569 2378 :
1599 2325 1883 2379 veritatem
1907 2331 2088 2378 autem
2117 2337 2214 2376 na-

607 2433 746 2478 tura:
773 2423 922 2478 velut
949 2420 1179 2476 deﬂexis
1205 2417 1484 2474 obtutibus
1516 2417 1932 2472 obumbremus.

681 2516 774 2570 56.
817 2514 973 2582 Quod
1003 2523 1184 2568 autem
1216 2511 1467 2566 homines
1497 2511 1550 2564 in
1585 2508 1838 2565 Sodomis
1866 2507 1994 2562 saevi
2039 2515 2216 2574 erant,

613 2607 780 2678 (Ibid.
806 2649 820 2672 ,
852 2606 964 2678 l5),
1007 2617 1060 2661 et
1091 2615 1412 2675 peccatores
1439 2603 1493 2656 in
1525 2611 1820 2672 conspectu
1857 2601 2066 2656 Domini
2099 2600 2216 2655 val-

615 2703 684 2758 de
710 2743 724 2769 ,
770 2716 878 2756 non
913 2699 1204 2754 mediocris
1236 2697 1326 2753 hic
1353 2707 1437 2754 est
1467 2695 1770 2753 meonomia
1801 2736 1815 2760 ,
1865 2703 1926 2749 ut
1969 2693 2218 2750 advertas

617 2796 804 2850 mitem
861 2794 1032 2848 Deum
1065 2793 1214 2863 gravi
1264 2799 1612 2862 peccatorum
1665 2789 1870 2844 moveri
1920 2787 2218 2843 acerbitate

615 2891 685 2946 ad
733 2887 1124 2954 ulciscendum,
1149 2902 1250 2943 nec
1289 2887 1562 2940 immerito
1587 2899 1696 2940 non
1729 2883 1966 2953 potuisse
1992 2893 2220 2936 exorare

617 2980 892 3038 Abraham
925 2979 1292 3036 Sodomitanis
1348 2978 1562 3032 veniam
1591 3018 1605 3042 ,
1660 2975 1786 3046 quia
1811 2987 1971 3045 supra
1997 2972 2215 3027 modum

615 3074 870 3146 ﬂagitiosi
925 3081 1100 3130 erant.
1157 3071 1410 3142 Plerique
1455 3079 1582 3125 sunt
1620 3083 1728 3140 quo
1769 3067 2060 3138 nequiores
2092 3109 2106 3132 ,
2151 3081 2218 3120 eo

614 3169 889 3234 tectiores,
916 3167 1008 3238 qui
1032 3166 1315 3222 hominum
1339 3162 1742 3234 subterfugiunt
1765 3161 2097 3232 indaginem,
2125 3158 2218 3214 ubi

2399 1945 2489 2002 58.
2539 1945 2648 2002 Sed
2699 1947 2837 2003 forte
2886 1947 3070 2004 dicas:
3119 1949 3404 2017 Quomodo
3459 1951 3740 2021 sapientis
3797 1961 3914 2007 totus

2318 2038 2556 2094 nmndus
2583 2042 2708 2096 est?
2763 2041 3028 2110 Quoniam
3079 2041 3196 2112 ipsa
3225 2053 3416 2098 natura
3465 2043 3564 2100 dat
3595 2045 3680 2099 illi
3731 2055 3914 2100 sortem

2303 2137 2592 2204 omnium,
2623 2137 2836 2192 etiamsi
2889 2137 3006 2207 ipse
3037 2135 3168 2190 nihil
3219 2133 3518 2206 possideat.
3563 2137 3800 2193 Domina
3847 2147 3910 2193 est

2317 2227 2464 2283 enim
2489 2238 2542 2284 et
2569 2243 2852 2300 possessor
2879 2229 3120 2284 omnium
3167 2230 3426 2300 sapientia
3447 2271 3464 2298 ,
3495 2247 3626 2303 qua:
3655 2247 3754 2287 sua
3787 2244 3912 2303 putat

2318 2335 2528 2380 natura}
2569 2339 2836 2392 munera;
2895 2325 3150 2395 quoniam
3178 2325 3230 2380 in
3262 2339 3422 2380 nsum
3479 2326 3770 2382 hominum
3811 2329 3908 2380 dats

2319 2427 2466 2486 sunt,
2497 2434 2599 2474 nec
2629 2419 2756 2474 ullis
2777 2417 3002 2490 indiget,
3039 2419 3200 2474 etiam
3227 2419 3273 2473 si
3319 2418 3501 2488 desint
3531 2421 3586 2475 ei
3617 2420 3690 2476 ad
3737 2421 3906 2474 vietum

2321 2514 2656 2568 necessaria.
2681 2512 2928 2584 Namque
2957 2521 3016 2568 ut
3045 2511 3288 2568 musicus
3309 2527 3536 2585 organa,
3569 2523 3668 2568 aut
3693 2515 3904 2571 medic-us

2321 2605 2720 2662 medicamenta
2747 2647 2762 2672 ,
2805 2615 2898 2660 aut
2929 2605 3218 2661 nauclerus
3248 2621 3368 2677 qua:
3391 2605 3460 2662 ad
3502 2609 3670 2662 navis
3727 2609 3900 2662 instru-

2321 2709 2562 2756 mentum
2585 2701 2896 2764 necessaria
2919 2709 3064 2768 sunt,
3093 2701 3302 2756 etiamsi
3329 2702 3549 2772 quando
3575 2718 3688 2757 non
3709 2701 3900 2758 habeat:

2323 2793 2485 2851 habet
2509 2803 2686 2850 tamen
2719 2809 2784 2850 eo
2816 2795 2934 2865 ipso
2982 2810 3090 2864 quo
3117 2796 3288 2866 possit
3319 2796 3402 2850 his
3446 2797 3522 2850 uti
3549 2839 3567 2864 ,
3597 2797 3814 2852 etiamsi
3853 2796 3900 2848 ad

2323 2896 2536 2958 tempus
2563 2901 2694 2942 usus
2721 2902 2912 2943 eorum
2943 2901 3051 2942 non
3081 2897 3363 2958 suppetat:
3393 2897 3602 2960 quanto
3645 2889 3816 2961 magis
3837 2903 3900 2944 sa-

2323 2982 2480 3051 piens
2509 2997 2668 3038 suum
2713 2981 2921 3054 judicat
2947 2982 3207 3054 quidquid
3239 2991 3450 3037 natura:
3499 2993 3628 3053 est,
3656 2987 3750 3056 qui
3795 2983 3898 3040 vivit

2322 3075 2624 3131 secundum
2673 3077 2962 3130 naturam!
3015 3075 3134 3130 Non
3187 3078 3331 3132 enim
3362 3077 3564 3132 amittit
3613 3078 3706 3148 jus
3735 3093 3898 3142 suum,

2321 3169 2414 3240 qui
2443 3169 2690 3225 meminit
2718 3185 2778 3226 se
2827 3169 2894 3225 ad
2925 3171 3216 3242 imaginem
3266 3173 3360 3228 Dei
3391 3172 3619 3240 factum,
3653 3182 3714 3230 et
3739 3175 3802 3228 ad
3826 3173 3898 3227 ho-

613 3275 704 3317 res
732 3261 849 3316 sine
879 3261 1083 3316 arbitro
1101 3271 1384 3330 geruntur,
1413 3265 1506 3313 aut
1529 3258 1660 3312 l’also
1703 3257 2015 3313 testimonio
2035 3256 2214 3326 justus
2243 3255 2290 3320 C
2321 3265 2494 3318 mines
2524 3279 2554 3318 a
2575 3264 2810 3320 Domino
2835 3265 2945 3320 Deo
2975 3265 3176 3320 dictum
3206 3283 3219 3321 :
3253 3265 3493 3334 Crescite,
3529 3277 3578 3321 et
3609 3269 3899 3338 multiplice-

613 3355 1056 3411 circumvenitur.
1073 3353 1252 3408 Manet
1273 3361 1451 3408 tamen
1476 3363 1602 3408 ante
1617 3355 1783 3407 Deum
1807 3351 2004 3422 justus,
2023 3352 2216 3407 etiam-

614 3449 660 3503 si
689 3447 1082 3502 condemnetur
1111 3447 1274 3520 328
1300 3447 1367 3501 ab
1395 3447 1707 3502 hominibus
1732 3465 1748 3513 ;
1775 3447 1898 3517 quia
1929 3448 2071 3502 Deus
2107 3461 2216 3502 non

611 3541 941 3611 iudiciorum
971 3539 1146 3594 exitus
1171 3579 1185 3606 ,
1220 3555 1322 3594 nec
1348 3556 1472 3595 cum
1503 3541 1722 3594 intextis
1767 3527 2024 3610 nequitiae
2063 3526 2216 3594 com-

615 3635 813 3688 mentis
845 3633 1081 3702 negotia,
1106 3633 1200 3687 sed
1230 3633 1428 3688 undam
1453 3642 1664 3702 spectat
1687 3633 2028 3703 negotiorum
2062 3644 2218 3689 natu-

615 3741 754 3780 ram.
813 3725 871 3782 In
905 3725 1156 3781 examine
1209 3735 1390 3780 autem
1425 3723 1702 3780 hominum
1753 3727 1903 3781 falsa:
1945 3726 2217 3798 Opinionis

613 3833 769 3874 error
789 3819 1112 3890 plerumque
1133 3818 1358 3874 obducit
1385 3819 1491 3873 vim
1517 3819 1781 3874 veritatis.
1803 3819 2052 3874 Manebat
2075 3819 2216 3890 apud

615 3916 784 3972 Deum
813 3917 1062 3974 Susanna
1089 3917 1280 3986 pudica
1309 3915 1486 3982 valde,
1519 3916 1682 3972 etiam
1711 3930 1834 3971 cum
1865 3903 2218 3970 damnaretur

609 4011 862 4067 adulterii
897 4029 911 4078 ;
941 4013 1066 4083 quia
1092 4012 1235 4067 Deus
1265 4027 1374 4066 non
1393 4011 1786 4067 assertionibus
1818 4010 2074 4066 falsorum
2104 4021 2214 4066 tes-

612 4109 745 4162 tium
777 4107 902 4164 facti
925 4111 1268 4165 examinabat
1293 4109 1496 4165 ﬁdem:
1555 4109 1649 4164 scd
1689 4108 1898 4163 intima:
1929 4107 2216 4164 conscien-

613 4202 740 4256 tiam
771 4204 968 4257 mcntis
997 4203 1390 4275 interrogabat.

1234 4297 1464 4353 CAPUT
1515 4296 1630 4353 VII.

614 4387 699 4443 Ea:
723 4389 886 4444 verbis
917 4389 1128 4446 Domini
1169 4391 1236 4444 ad
1265 4390 1528 4444 Abraham
1568 4391 1907 4460 philosophos
1935 4389 2028 4442 hor
2067 4406 2214 4444 suunt

686 4483 874 4554 dogma
910 4501 928 4539 :
957 4484 1148 4540 Omnia
1176 4500 1298 4540 esse
1329 4485 1610 4554 sapientis,
1643 4485 1905 4551 hausisse,
1939 4495 2087 4554 atque
2114 4485 2217 4538 ini-

683 4575 731 4630 bi
761 4593 876 4647 qnae
898 4579 1148 4650 possessio
1163 4578 1383 4632 Abrahae
1398 4577 1643 4632 divinitus
1673 4578 1738 4631 sit
1751 4578 2038 4648 promiss'a?
2054 4577 2215 4646 Quin-

2319 3359 2468 3426 mini,
2498 3368 2546 3413 et
2577 3359 2766 3430 replete
2795 3369 3004 3426 terram,
3036 3369 3084 3414 et
3109 3361 3448 3416 dominamini
3479 3363 3536 3417 in
3567 3379 3684 3418 eam
3711 3407 3724 3430 ,
3753 3375 3798 3418 et
3823 3365 3896 3416 iat-

2319 3461 2494 3521 perate
2533 3453 2758 3524 piscibus
2785 3455 2964 3518 maris,
3023 3463 3069 3508 et
3099 3456 3390 3510 volatilibus
3420 3457 3556 3526 caeli,
3600 3468 3652 3512 et
3695 3459 3896 3514 omnibus

2317 3543 2483 3616 329
2502 3543 2766 3613 pecoribus
2787 3553 2833 3599 et
2851 3545 3084 3600 omnibus
3102 3548 3418 3620 serpentibus
3435 3550 3522 3619 qui
3545 3567 3708 3620 super
3739 3561 3898 3604 terreat

2321 3635 2476 3708 (Gen.
2493 3654 2531 3704 ι,
2547 3637 2666 3710 28).
2685 3637 2754 3692 Et
2776 3638 2928 3693 novit
2943 3640 3064 3710 quia
3079 3639 3344 3710 sapientia
3363 3643 3608 3696 omnium
3627 3653 3798 3698 mater
3809 3653 3890 3706 est,

2320 3742 2374 3788 et
2397 3734 2510 3804 ipsa
2529 3732 2715 3787 orbem
2737 3742 3000 3790 terrarum
3019 3735 3276 3804 possidet.
3297 3735 3540 3808 Denique
3555 3736 3806 3794 Salomon
3822 3741 3892 3810 qui

2319 3825 2642 3897 sapientiam
2663 3827 2905 3897 poposcit
2926 3838 2976 3882 et
2999 3829 3210 3897 accepit
3235 3845 3261 3882 a
3283 3831 3514 3888 Domino
3545 3832 3662 3888 Deo
3687 3844 3886 3889 nostro:

2319 3919 2444 3990 Ipse
2465 3921 2616 3986 mihi,
2649 3920 2843 3991 inquit,
2877 3921 3017 3975 dedit
3047 3937 3220 3976 eorum
3251 3937 3368 3995 qua:
3389 3934 3508 3978 sunt
3554 3927 3814 3981 scientiam
3831 3943 3895 3980 ve-

2319 4029 2429 4068 ram
2443 4023 2539 4078 ;ut
2560 4013 2718 4068 sciam
2761 4013 3148 4078 dispositionem
3197 4015 3332 4070 orbis
3354 4025 3640 4086 terrarum,
3668 4029 3716 4074 et
3759 4019 3896 4072 virtv-

2319 4117 2418 4161 tem
2449 4107 2833 4172 elementorum,
2855 4107 3060 4160 initium
3079 4116 3126 4162 et
3145 4111 3642 4166 consummationem
3670 4123 3716 4166 et
3737 4111 3889 4166 mdis-

2319 4209 2472 4255 tatem
2499 4201 2725 4254 omnium
2755 4216 2950 4268 rerum,
2982 4210 3032 4256 et
3057 4200 3330 4257 divisiones
3359 4211 3671 4274 temporum,
3714 4215 3760 4259 et
3795 4205 3892 4258 enni

2273 4305 2276 4308 λ
2319 4309 2528 4358 cursus,
2557 4303 2604 4348 et
2633 4293 2898 4348 stellarum
2927 4293 3289 4364 dispositiones
3309 4337 3323 4360 ,
3357 4305 3576 4350 naturas
3619 4297 3888 4351 animalium

2319 4397 2366 4442 et
2377 4389 2484 4444 iras
2497 4387 2789 4453 bestiarum,
2808 4387 2908 4442 vim
2921 4397 3183 4442 ventorum
3193 4431 3206 4454 ,
3222 4399 3268 4443 et
3284 4390 3620 4461 cogitationes
3633 4389 3888 4445 hominum.

2321 4481 2638 4550 differentias
2664 4481 2960 4548 herbarum,
2995 4490 3040 4535 et
3070 4482 3282 4536 virtutes
3305 4481 3640 4548 radicum,et
3665 4499 3890 4556 quercum-

2319 4591 2418 4646 que
2447 4584 2566 4628 sunt
2593 4571 2623 4610 ι’
2652 4572 2953 4628 abscondita
2979 4584 3027 4628 et
3045 4573 3490 4646 improvisa(Sap.
3509 4589 3605 4630 vn.
3635 4577 3699 4630 l7
3721 4579 3886 4646 ειυς).

680 4691 778 4744 que
805 4691 948 4748 reges
972 4716 987 4741 ,
1019 4691 1199 4746 nempe
1225 4675 1459 4744 corporis
1497 4691 1677 4729 sensus
1701 4715 1715 4741 ,
1749 4690 1780 4727 a
1805 4683 2027 4746 quatuor
2048 4716 2062 4740 ,
2117 4672 2214 4728 hoc
2243 4653 2294 4714 Ῑ)
2321 4667 2426 4723 Sed
2460 4666 2576 4722 haec
2601 4665 2732 4721 nulli
2759 4666 2861 4720 nisi
2892 4666 3130 4736 perfecto
3158 4675 3468 4737 suppetunt.

678 4778 770 4831 est,
805 4768 1158 4838 corporalibus
1187 4768 1436 4824 illecebris
1466 4768 1804 4824 devincuntur
1827 4784 1847 4823 :
1872 4777 1922 4822 ut
1950 4759 2208 4824 Sodomo-

677 4879 794 4917 rum
824 4863 1108 4933 equitatum
1144 4864 1280 4916 idem
1335 4861 1639 4932 patriarcha
1687 4863 1740 4916 in
1774 4859 1968 4920 Christi
2009 4861 2215 4914 nomine

674 4974 913 5030 pugnans
933 4966 1166 5022 revocat,
1203 4957 1325 5012 vitia
1349 4957 1543 5011 scilicet
1570 4959 1817 5021 refrtenot
1845 4973 1904 5009 ac
1935 4969 2154 5009 errores.

675 5053 765 5107 37.
799 5053 1052 5124 Sequitur
1099 5053 1250 5107 locus
1285 5066 1392 5122 quo
1432 5051 1722 5108 evidenter
1763 5051 2024 5106 docemur
2043 5063 2214 5119 quan-

605 5153 715 5199 ttuu
745 5159 898 5199 mens
931 5154 955 5180 α
987 5143 1276 5214 superﬂuis
1311 5143 1573 5215 portionis
1596 5142 1984 5198 irrationabilis
2005 5139 2211 5195 exhau-

605 5236 701 5291 stis
735 5234 1012 5304 proiiciat,
1069 5243 1122 5289 et
1151 5243 1412 5306 quantum
1457 5235 1587 5290 vitia
1616 5235 1761 5290 vitiis
1792 5234 2046 5302 adjuncta
2079 5230 2204 5284 mali
2257 5255 2262 5258 -

601 5327 848 5383 afferant.
872 5327 990 5383 Non
1023 5329 1166 5383 enim
1211 5331 1381 5385 otiose
1411 5329 1688 5400 Scriptura
1718 5329 1898 5400 posuit
1925 5349 1938 5380 ;
1971 5323 2036 5377 Et
2077 5324 2206 5378 dixit

605 5415 748 5472 Deus
788 5420 854 5472 nd
879 5419 1160 5484 Abraham,
1187 5432 1459 5492 postquam
1487 5427 1691 5476 recessit
1726 5420 1824 5474 Lat
1851 5420 1914 5474 ab
1941 5417 2033 5474 illo
2057 5435 2075 5472 .·
2107 5415 2208 5470 Re-

603 5507 742 5574 spice
784 5510 948 5563 oculis
999 5511 1100 5564 tuis
1135 5521 1182 5564 et
1209 5512 1323 5565 vide
1364 5529 1394 5564 a
1426 5512 1536 5566 loco
1565 5513 1619 5566 in
1647 5528 1746 5582 quo
1773 5528 1908 5565 nunc
1935 5522 1988 5564 tu
2011 5529 2062 5567 es
2085 5555 2098 5578 ,
2143 5514 2212 5567 ad

606 5595 870 5662 Africam,
899 5609 944 5652 et
989 5601 1329 5671 Aquilonem,
1361 5613 1406 5656 et
1455 5603 1748 5684 Orientem,
1777 5615 1824 5658 et
1866 5621 2047 5672 mare;
2089 5607 2208 5676 quia

603 5701 804 5740 omnem
833 5699 1018 5748 terram
1045 5708 1292 5764 quantum
1315 5697 1456 5752 vides
1475 5737 1490 5764 ,
1526 5699 1614 5752 tibi
1640 5699 1772 5752 dabo
1802 5713 1918 5751 eam
1947 5740 1961 5764 ,
1989 5708 2036 5752 et
2056 5701 2208 5755 semi-

671 5799 800 5856 “Sic
818 5807 1147 5882 tnss._ilorl).,
1165 5809 1360 5882 Long.,
1374 5811 1534 5866 Colb.
1553 5821 1606 5866 et
1621 5812 1755 5868 Maz.
1775 5812 1922 5868 Edit.
1936 5827 2065 5868 vero
2076 5831 2200 5872 cum

597 5869 763 5926 Turn.
795 5881 850 5926 et
874 5874 1045 5938 Valc..
1079 5869 1360 5950 superﬂuis
1397 5883 1716 5950 portionibus
1744 5894 1792 5940 et
1809 5869 2198 5942 irrationabili:

2391 4761 2480 4818 59.
2511 4761 2755 4832 Denique
2787 4759 3054 4816 Abraham
3078 4755 3344 4832 quamdiu
3371 4751 3690 4818 adhaerebat
3719 4763 3766 4820 ei
3791 4763 3889 4827 Lot,

2317 4854 2421 4909 hoc
2451 4863 2533 4909 est
2555 4895 2569 4918 ,
2597 4853 2834 4910 deﬂexio
2886 4867 3122 4920 morum,
3147 4863 3355 4909 sortem
3385 4855 3580 4910 horum
3626 4871 3735 4912 non
3765 4869 3892 4912 acce-

2319 4955 2489 5020 perat.
2523 4947 2628 5004 Ubi
2680 4953 2812 5002 vero
2845 4946 3165 5003 deﬂexionis
3199 4947 3457 5019 ambiguo
3493 4950 3731 5019 quodam
3757 4961 3892 5022 atque

2315 5042 2565 5098 anfractu
2593 5041 2896 5109 absolutus,
2923 5051 3102 5098 rectas
3123 5045 3382 5100 virtutum
3405 5046 3628 5102 semitas
3649 5049 3891 5104 continuis

2315 5139 2514 5193 animm
2541 5152 2652 5192 sure
2665 5137 2942 5208 gressibus
2967 5138 3458 5210 cmpitcarperedn
3474 5155 3692 5197 omnem
3719 5151 3888 5197 terram

2314 5247 2597 5305 possessor
2607 5221 2856 5299 mittitur,
2872 5241 3034 5302 atque
3046 5231 3240 5287 dicitur
3255 5235 3302 5288 ei
3320 5248 3335 5287 :
3352 5233 3542 5304 Surge,
3557 5245 3607 5288 et
3619 5235 3888 5306 permuta

2314 5334 2503 5380 terram
2529 5323 2582 5377 in
2600 5323 2970 5396 longitudinem
2989 5333 3040 5376 et
3059 5325 3112 5376 in
3138 5324 3497 5392 latitudinem;
3518 5328 3642 5396 quia
3668 5327 3757 5380 tibi
3780 5325 3888 5380 dabo

2312 5425 2512 5482 cam,et
2536 5415 2718 5470 semini
2747 5425 2833 5470 tuo
2857 5417 2914 5470 in
2939 5424 3187 5470 aeternum
3222 5415 3627 5490 (Gen.xut,l7).
3661 5418 3796 5489 Ergo
3813 5417 3884 5488 qui

2314 5509 2634 5583 sapientiam
2667 5511 2950 5576 meruerit,
2975 5518 3156 5564 etnon
3180 5509 3344 5564 fuerit
3363 5509 3578 5565 ancilla:
3609 5510 3768 5576 titius,
3797 5525 3882 5566 non

2313 5605 2520 5677 peccati
2553 5619 2766 5671 servus,
2821 5618 2928 5658 non
2985 5603 3316 5659 successioni
3369 5607 3549 5659 carnis
3595 5605 3879 5664 obnoxius:

2314 5699 2410 5758 sed
2467 5700 2675 5765 liberat,
2709 5697 2762 5754 id
2809 5707 2913 5768 est,
2949 5696 3098 5754 Sarae
3143 5681 3293 5753 illius
3330 5714 3436 5755 non
3480 5697 3880 5764 servientigsed

2308 5819 2400 5872 bus
2425 5815 2706 5870 exhaustis.

2381 5888 2405 5922 *ι
2441 5887 2595 5942 lion].
2623 5886 2780 5950 edit,
2804 5887 3106 5944 abscondita
3133 5895 3182 5942 et
3213 5887 3502 5958 perspicua;
