4082 6370
222 314 365 374 4Ὶὸ
429 329 437 335 ’

1536 318 1626 376 DE
1663 318 2006 377 ABHAIIAM
2046 319 2173 379 LIB.
2216 323 2279 380 ll.

3450 335 3558 392 474

227 429 612 502 principantis
639 472 653 498 ,
703 430 861 487 home
916 431 1125 503 stirpis,
1154 431 1310 488 bona:
1352 429 1572 500 indolis,
1599 430 1859 503 perfectae
1886 439 1940 501 Α
1967 441 2071 489 tur.
2097 434 2498 495 Undcloaunes
2519 439 2625 495 ait:
2653 436 3106 500 l'teltabitantibus
3125 443 3180 499 in
3202 451 3342 501 terra
3363 444 3552 519 (Apoc.

232 522 412 580 titulo
438 525 653 580 virtutis
685 524 1052 582 barreditatem
1074 525 1319 596 acquiret
1348 525 1738 582 universitatis.
1766 525 1858 581 Di-

230 618 393 674 citur
420 634 550 691 ergo
570 618 840 677 Abrahae:
867 620 1055 693 Surge.
1086 620 1204 677 Non
1235 621 1574 692 corporalem
1606 635 1855 676 assurec—

233 711 462 768 tionem
491 713 783 783 signiﬁcat,
809 714 904 771 sed
935 715 1254 786 spiritalem,
1288 715 1391 771 hoc
1422 727 1523 782 est,
1571 715 1742 789 Surge
1768 718 1856 787 qni

235 803 449 858 dormis
483 804 701 877 (Epltes.
732 823 784 874 v,
815 807 928 875 H),
955 822 1116 879 surge
1153 823 1181 862 a
1212 809 1468 877 terrenis,
1502 824 1663 880 surge
1684 824 1713 863 a
1735 824 1856 865 cor-

235 897 557 967 poralibus,
580 900 824 970 relinque
849 909 1087 967 terrena,
1109 901 1309 957 caelum
1327 902 1538 972 aspice;
1568 911 1616 957 et
1640 919 1856 976 exsurge

234 1005 274 1042 a
294 989 530 1056 mortuis,
552 993 653 1047 hoc
668 993 1105 1062 estopiniouibus
1124 995 1298 1060 vanis,
1316 1003 1372 1050 et
1390 994 1854 1066 disputationibus

234 1082 650 1139 Chaldaeorum.
683 1084 899 1143 Intuere
943 1087 1227 1154 mundum,
1257 1087 1473 1145 intuere
1506 1090 1670 1146 etiam
1697 1091 1852 1146 illum

232 1179 336 1250 qui
370 1187 547 1248 potest
577 1189 750 1234 totum
779 1180 988 1237 donare
1015 1182 1298 1239 mundum.
1336 1184 1393 1240 ln
1427 1186 1850 1256 possessionem,

232 1271 436 1344 inquit,
469 1273 568 1330 tibi
600 1273 740 1332 dabo
799 1276 1086 1345 mundum,
1116 1295 1277 1351 quem
1306 1279 1476 1338 Deum
1511 1292 1636 1337 ante
1664 1281 1855 1339 crede-

232 1365 362 1420 bas.

315 1461 409 1517 40.
441 1462 757 1518 Perambula
785 1475 973 1520 terram
1004 1466 1058 1520 in
1105 1467 1478 1540 longitudinem
1518 1473 1632 1543 ejus
1662 1479 1706 1524 et
1729 1471 1852 1526 lati-

238 1555 497 1611 tudinem.
528 1556 730 1628 Utique
761 1559 900 1612 intra
944 1571 1275 1615 momentum
1307 1571 1508 1616 terram
1540 1563 1696 1618 istam
1723 1563 1850 1619 Per-

239 1662 432 1704 sarum
476 1650 830 1706 interclusam
859 1653 1125 1722 imperiis,
1154 1654 1223 1708 ab
1262 1653 1429 1710 India:
1456 1672 1670 1726 quoque
1695 1657 1849 1712 litto-

241 1743 399 1799 ribus
427 1745 495 1800 ad
531 1745 796 1814 Herculis,
828 1755 884 1802 ut
913 1746 1083 1816 aiunt,
1104 1748 1410 1814 columnas,
1442 1751 1526 1805 vel
1555 1750 1849 1807 Britanniae

1962 540 2080 594 vru,
2111 527 2228 599 15).
2251 528 2368 586 Νοη
2398 533 2583 604 utique
2609 547 2800 590 omnes
2830 534 3074 592 homines
3117 538 3556 610 comprehendit,

1957 621 2048 690 qui
2081 630 2209 676 tunc
2252 625 2378 680 vita:
2428 625 2588 697 hujus
2622 642 2840 684 cursum
2865 630 3195 686 conﬁcerent
3234 631 3383 702 (sunt
3409 633 3554 688 enim

1957 723 2012 768 et
2043 713 2098 769 in
2130 716 2289 771 terris
2329 719 2490 788 positi
2515 735 2748 791 quorum
2777 725 3122 780 conversatio
3153 725 3205 779 in
3232 727 3388 782 caelis
3419 723 3546 796 est),

1956 807 2054 863 sed
2081 823 2176 866 eos
2199 825 2334 880 quos
2363 821 2595 868 terrente
2634 818 3063 872 conversationis
3089 816 3332 887 allectus,
3367 833 3431 875 ac
3458 818 3557 873 bu-

1953 899 2042 971 jus
2094 903 2279 958 saeculi
2317 903 2510 959 vicerit
2540 908 2731 977 gratia.
2768 909 2909 980 Ergo
2937 925 3043 964 non
3075 910 3426 977 habitatores,
3457 911 3552 967 sed

1955 993 2157 1049 accola:
2183 1009 2372 1050 sumus
2418 1004 2580 1052 terrae
2615 996 2796 1068 hujus.
2830 1002 3029 1056 Accola
3059 1001 3208 1058 enim
3238 1004 3554 1075 temporalis

1957 1087 2242 1144 diversorii
2267 1103 2418 1160 spem
2441 1089 2582 1160 gerit
2611 1107 2624 1143 :
2657 1090 2926 1146 habitator
2942 1103 3122 1150 autem
3153 1110 3305 1166 spem
3335 1112 3552 1153 omnem

1957 1192 2119 1255 atque
2164 1199 2321 1238 usum
2349 1199 2464 1240 sua:
2493 1184 2604 1240 illic
2641 1185 3172 1245 substantimlocare
3194 1191 3426 1260 videtur,
3461 1193 3552 1251 ubi

1956 1277 2310 1332 habitandum
2340 1279 2626 1349 putaverit.
2653 1278 2866 1352 (Itaque
2900 1281 2990 1352 qui
3033 1293 3115 1338 est
3158 1293 3319 1340 terrae
3344 1287 3551 1356 accola,

1956 1372 2228 1431 habitator
2249 1373 2370 1430 coeli
2408 1383 2492 1430 est
2521 1392 2535 1430 :
2567 1375 2665 1446 qui
2696 1385 2876 1432 autem
2905 1375 3174 1434 habitator
3220 1389 3399 1450 terrm,
3429 1396 3556 1453 pos-

1954 1480 2138 1522 sessor
2169 1475 2252 1521 cst
2273 1469 2481 1523 mortis.

2029 1560 2116 1615 42.
2150 1559 2457 1616 Numeravit
2498 1561 2688 1616 Abram
2718 1572 2968 1618 trecentos
2999 1564 3170 1619 decem
3199 1574 3246 1620 et
3295 1575 3408 1621 octo
3436 1581 3552 1621 ver-

1954 1656 2169 1709 naculos
2198 1671 2338 1722 suos,
2357 1653 2386 1693 δ
2419 1665 2464 1710 et
2487 1657 2734 1729 percussit
2760 1673 2864 1723 eos,
2897 1666 2949 1712 et
2979 1669 3273 1728 persecutas
3295 1670 3367 1715 est
3393 1678 3555 1732 usque

1955 1749 2148 1818 Cltoba,
2180 1767 2296 1820 qua:
2324 1760 2402 1806 est
2432 1751 2501 1804 ad
2552 1752 2786 1806 dextram
2814 1752 3062 1807 Damasci
3084 1752 3238 1825 (Gen.
3265 1771 3377 1824 xw,
3409 1753 3478 1811 14
3509 1765 3560 1810 et

240 1846 492 1892 extrema
523 1837 780 1903 conﬁnia,
817 1855 922 1900 non
957 1841 1131 1909 potuit
1159 1842 1554 1910 perambulare.
1583 1843 1651 1897 Et
1676 1845 1849 1912 potuit
1881 1844 1926 1905 Β
1957 1842 2069 1914 15).
2104 1843 2173 1898 Ει
2205 1859 2466 1899 numerus
2489 1844 2670 1899 vitalis
2695 1854 2798 1901 est.
2827 1843 2886 1899 In
2914 1845 3032 1914 ipso
3053 1846 3195 1902 enim
3215 1847 3408 1915 vita,si
3431 1861 3553 1902 cre-

239 1932 401 2003 quasi
429 1932 716 1988 indevotus
745 1932 1047 2004 videri,qui
1079 1934 1290 1990 etelesti
1323 1935 1548 1990 oraculo
1579 1952 1685 1990 non
1717 1937 1850 1993 obe-

240 2027 435 2095 disset,
453 2027 499 2082 si
527 2027 789 2084 obeunda:
811 2027 972 2098 hujus
987 2036 1152 2084 terrae
1181 2028 1491 2084 mandatum
1511 2031 1810 2100 accepisset
1835 2048 1847 2085 :

242 2119 340 2174 sed
370 2134 491 2174 eum
523 2121 593 2176 sit
633 2121 754 2192 ejus
781 2121 1000 2178 devotio
1033 2123 1258 2193 probata
1291 2140 1306 2190 ;
1337 2124 1459 2194 quia
1491 2125 1559 2179 ad
1586 2140 1848 2195 quercum

245 2212 623 2267 tantummodo
652 2213 892 2270 Mambre
914 2217 1266 2271 transtulerat
1282 2217 1689 2273 tabernaculum
1715 2216 1852 2291 (Ibi-

241 2308 380 2373 dem,
410 2308 527 2375 18),
551 2308 741 2379 utique
764 2317 986 2377 terram,
1015 2311 1116 2365 hoc
1138 2320 1244 2378 est,
1269 2313 1530 2368 virtutem
1559 2328 1850 2386 possumus

241 2402 542 2472 perfectam
597 2403 928 2473 intelligere,
979 2420 1099 2474 quae
1149 2404 1323 2466 bonos
1355 2404 1562 2461 fructus
1585 2407 1761 2474 daret,
1795 2419 1851 2464 et

242 2497 508 2554 fecundas
556 2498 935 2565 inventiones,
986 2500 1485 2571 cogitationumque
1536 2503 1845 2572 primitias,

241 2593 563 2647 meritorum
611 2590 968 2659 vindemiam,
1029 2593 1327 2660 frumento,
1358 2597 1483 2650 vino
1513 2603 1568 2649 et
1612 2595 1734 2652 oleo
1760 2611 1849 2654 re-

241 2685 416 2754 pleret
435 2685 749 2744 interiorem
764 2685 1005 2750 domum,
1024 2695 1226 2741 terram
1250 2688 1664 2744 resurrectionis
1685 2705 1846 2759 quam

241 2777 496 2848 promisit
527 2777 772 2848 patribus
802 2779 1007 2834 nostris
1039 2778 1295 2833 liuentem
1319 2778 1403 2834 lac
1426 2788 1482 2834 et
1511 2781 1616 2834 mel
1645 2779 1843 2852 (Exod.

242 2888 323 2939 ut,
359 2872 475 2942 17),
504 2872 826 2928 suavitatem
853 2871 1373 2941 vilze,jncunditatis
1391 2874 1644 2942 gratiam,
1667 2875 1850 2944 splen-

241 2967 428 3022 dorem
460 2967 649 3037 gloriae
672 3009 687 3034 ,
718 2967 872 3036 cujus
903 2966 1079 3021 haeres
1110 2966 1318 3035 primus
1341 2964 1513 3019 factus
1538 2974 1624 3020 est
1645 2966 1848 3035 primo-

239 3060 456 3132 genitus
491 3076 523 3114 a
559 3057 787 3114 mortuis
815 3059 910 3114 Dei
942 3058 1113 3113 Filius
1139 3057 1301 3113 Jesus
1329 3057 1594 3112 Christus.
1618 3057 1687 3112 Et
1725 3058 1848 3114 ideo

241 3167 349 3208 non
383 3152 685 3208 seminibus
740 3152 896 3217 dixit,
927 3151 1020 3207 sed
1051 3151 1246 3206 semini
1291 3149 1491 3221 (Galat.
1516 3165 1600 3217 ιιι,
1634 3150 1725 3222 16)
1752 3168 1766 3218 ;
1790 3160 1849 3206 ut

1955 1935 2148 1992 damus
2175 1937 2227 1990 in
2258 1935 2510 2006 passione
2533 1936 2584 1991 in
2613 1936 2829 1993 nomine
2858 1935 3071 1992 Domini
3099 1937 3247 1993 Jesu.
3277 1937 3411 1994 Nam
3437 1938 3554 1995 haec

1955 2041 2038 2088 est
2067 2032 2301 2088 nominis
2325 2032 2702 2103 interpretatio
2727 2031 2920 2103 hujus;
2945 2032 3087 2103 quod
3104 2032 3339 2092 diximus
3365 2031 3552 2090 Choba

1956 2123 2094 2196 (Lib.
2124 2141 2140 2180 ι
2165 2127 2228 2180 tle
2257 2125 2545 2191 Abraham,
2575 2142 2623 2179 e.
2648 2123 2731 2196 2),
2769 2124 2820 2180 id
2862 2126 3096 2181 estvita.
3121 2125 3239 2197 Ipsa
3262 2126 3326 2180 ad
3357 2126 3550 2182 dexte-

1955 2232 2068 2272 ram
2085 2216 2331 2273 Damasci
2363 2217 2587 2287 pulchre
2604 2233 2727 2274 csse
2756 2218 2972 2275 dicitur.
3000 2219 3135 2290 Agni
3153 2219 3298 2274 enim
3329 2219 3397 2274 ad
3419 2219 3553 2276 dex-

1956 2322 2146 2379 teram,
2175 2311 2319 2368 hmdi
2346 2313 2410 2368 ad
2437 2313 2736 2369 sinistram.
2779 2314 2894 2370 Scit
2919 2314 3216 2370 exercitata
3240 2329 3396 2370 mens
3419 2328 3556 2385 quos

1951 2406 2018 2460 ad
2075 2407 2323 2476 praelium
2353 2407 2842 2463 consummandum
2889 2407 2992 2462 sibi
3024 2406 3330 2472 adhiberet,
3359 2406 3554 2478 quibus

1951 2496 2116 2554 armis
2145 2502 2461 2565 instrueret,
2491 2500 2692 2569 quibus
2718 2500 2880 2555 ducat
2926 2497 3159 2554 vexillis.
3189 2497 3306 2555 Non
3342 2509 3364 2536 ο
3395 2498 3552 2570 aqui-

1950 2593 2123 2647 larum
2149 2592 2368 2663 prtefert
2395 2592 2680 2664 imagines,
2711 2608 2810 2648 nec
2832 2592 3099 2648 dracones
3129 2609 3141 2646 :
3173 2590 3271 2648 sed
3303 2591 3358 2646 in
3388 2605 3551 2647 cruce

1950 2686 2176 2752 Christi,
2209 2695 2264 2742 et
2295 2687 2348 2740 in
2375 2686 2508 2742 Jesu
2544 2688 2766 2743 nomine
2813 2687 3160 2758 progreditur
3183 2685 3248 2741 ad
3280 2685 3552 2757 praelium,

1952 2778 2055 2834 hoc
2085 2779 2242 2849 signo
2264 2779 2439 2846 lorus,
2461 2779 2562 2835 hoc
2592 2780 2790 2835 vexillo
2807 2780 2999 2836 ﬁdelis.
3022 2779 3214 2836 Merito
3240 2794 3373 2850 ergo
3398 2793 3551 2835 mens

1949 2870 2269 2939 exercitata,
2301 2887 2422 2941 quae
2451 2874 2660 2942 recepit
2687 2889 2871 2928 veram
2925 2873 3244 2944 sapientiam
3268 2872 3399 2943 justi
3428 2871 3550 2926 viri.

1950 2965 2168 3022 Iustitia
2199 2975 2381 3021 autem
2423 2966 2598 3021 solers
2627 2967 2989 3036 correptionis
3035 2975 3140 3031 est,
3165 2981 3229 3021 ac
3277 2964 3554 3037 arguendo

1951 3067 2171 3114 revocat
2191 3067 2537 3129 peccatores,
2566 3067 2621 3113 et
2636 3058 2854 3128 stringit
2885 3057 3193 3128 passionum
3221 3058 3473 3128 impetus.

2020 3151 2256 3208 45.1deo
2282 3151 2415 3207 dicit
2443 3151 2746 3220 Scriptura,
2763 3151 2888 3220 quia
2915 3149 3165 3204 revocavit
3187 3166 3387 3204 onmem
3406 3150 3554 3220 equio

239 3245 548 3300 declararet
580 3245 754 3313 illum,
787 3244 878 3315 qui
909 3243 1049 3299 hanc
1092 3242 1466 3298 haereditatem
1493 3244 1728 3299 humano
1753 3259 1848 3316 ge-
1875 3243 1922 3309 C
1953 3255 2113 3302 tatam
2153 3245 2520 3309 Sodomorum,
2553 3242 2655 3298 hoc
2703 3251 2809 3307 est,
2842 3241 3107 3308 (habenas
3161 3242 3354 3306 tenuit,
3397 3241 3548 3295 frena

237 3339 356 3394 neri
386 3339 594 3409 primus
620 3339 950 3408 acquireret.

306 3433 398 3488 41.
430 3431 801 3502 Cognovimus
823 3433 980 3488 home
999 3432 1547 3504 mentis‘prol‘ectum,
1571 3451 1692 3504 qua}
1719 3451 1747 3488 a
1767 3436 1846 3490 vi-

235 3534 313 3588 tio
346 3533 570 3589 lubrica:
598 3532 1536 3604 deﬂexionisexsurgens“qumsivit
1559 3533 1843 3606 3303ta-
1874 3605 1878 3609 _

240 3629 338 3684 tim
367 3628 650 3699 praemium
667 3628 970 3699 sapientiae,
995 3627 1374 3683 baereditatem
1393 3626 1638 3696 iustitiae.
1655 3627 1840 3695 Quan-

235 3730 347 3776 tum
377 3733 560 3778 autem
593 3733 819 3778 noceant
870 3722 1081 3777 levitati
1106 3723 1233 3776 vitia
1264 3721 1536 3791 adjuncta,
1568 3721 1729 3777 docet
1750 3737 1838 3777 se-

233 3818 516 3888 quentium
569 3817 744 3872 series
792 3816 1107 3871 lectionum.
1137 3814 1272 3870 Nam
1303 3816 1377 3870 illi
1408 3824 1652 3884 quatuor
1680 3829 1837 3885 reges

233 3908 327 3980 qui
358 3908 427 3962 de
454 3909 694 3979 quinque
738 3909 955 3979 regibus
987 3907 1481 3978 triumphaverunt,
1511 3919 1567 3962 et
1595 3907 1839 3963 adduxe-

235 4013 361 4057 runt
387 4002 687 4072 equitatum
719 4003 1077 4058 Sodomorum
1119 4011 1316 4065 totum,
1362 4011 1642 4071 coeperunt
1671 4003 1835 4058 etiam

233 4095 335 4150 Lot
366 4094 533 4150 ﬁlium
566 4095 751 4152 fratris
782 4095 1036 4160 Abrahae,
1083 4105 1138 4150 et
1161 4095 1558 4152 discesserunt.
1589 4096 1838 4166 Quinque

230 4201 388 4259 reges
418 4186 574 4259 (Gen.
629 4203 742 4254 xrv,
776 4189 796 4243 1
836 4196 883 4242 et
913 4187 1047 4258 seq.)
1074 4187 1313 4258 quinque
1350 4201 1545 4242 sensus
1591 4187 1838 4256 corporis

229 4282 401 4337 nostri
429 4290 576 4348 sunt,
612 4281 774 4348 visus,
807 4274 1087 4348 odoralus,
1112 4288 1326 4351 gustus,
1359 4289 1556 4343 tactus,
1580 4279 1834 4334 auditus:

227 4384 464 4445 quatuor
495 4389 674 4444 reges,
704 4374 979 4429 illecebrae
1013 4373 1329 4444 corporales
1359 4381 1519 4442 atque
1547 4372 1835 4427 mundana:

226 4476 353 4523 sunt
383 4484 397 4533 ;
429 4468 684 4538 quoniam
715 4475 770 4521 et
796 4481 926 4522 caro
958 4466 1214 4532 hominis,
1250 4473 1305 4520 et
1335 4464 1567 4520 mundus
1599 4473 1833 4534 quatuor

225 4572 437 4618 constat
467 4563 771 4618 clementis.
807 4561 1001 4618 Merito
1021 4575 1177 4632 reges
1204 4561 1481 4629 dicuntur,
1512 4560 1636 4631 quia
1670 4559 1832 4613 habet

1951 3339 2181 3396 rationis
2202 3339 2479 3409 imposuit,
2499 3337 2778 3394 revocavit
2801 3338 3036 3407 culpam,
3062 3338 3256 3392 stravit
3281 3351 3545 3392 errorem.

1947 3431 2132 3503 Equus
2161 3431 2307 3486 enim
2349 3438 2496 3485 stare
2537 3431 2730 3495 nescit,
2765 3430 2922 3484 velox
2964 3429 3031 3485 ad
3063 3431 3345 3498 impetum,
3377 3429 3552 3484 cervi-

1942 3540 2062 3581 cem
2094 3524 2339 3580 exaltans
2388 3539 2540 3578 suam
2579 3563 2594 3588 ,
2630 3523 2882 3578 hinniens
2923 3523 2990 3576 ad
3045 3521 3346 3579 libidinem.
3407 3522 3547 3590 Quid

1944 3627 2053 3672 tam
2077 3617 2257 3673 simile
2282 3616 2526 3689 peccati?
2547 3615 2744 3671 Fervet
2767 3615 2912 3671 enim
2947 3615 3126 3684 primo
3150 3616 3309 3685 culpa
3342 3614 3546 3685 impetu

1941 3721 1996 3768 et
2023 3727 2240 3768 omnem
2262 3711 2396 3767 recti
2424 3711 2809 3782 cogitationem
2839 3711 3121 3780 praevenit,
3156 3721 3410 3780 motuque
3440 3710 3545 3764 im-

1940 3816 2154 3864 maturo
2186 3807 2392 3874 exsilit,
2423 3816 2481 3861 ut
2536 3814 2654 3861 eam
2703 3806 2928 3861 difﬁcile
2956 3806 3095 3861 ratio
3122 3819 3380 3861 revocare
3412 3819 3540 3874 pos-

1939 3901 2028 3954 sit.
2061 3899 2256 3955 Fertur
2284 3901 2335 3954 in
2360 3913 2621 3970 praeceps,
2649 3909 2703 3952 et
2753 3912 3100 3953 ascensorem
3143 3911 3299 3950 suum
3327 3895 3544 3964 projicit

1938 3992 1990 4046 in
2019 4006 2168 4046 mare
2199 3991 2342 4046 istud
2373 3991 2528 4059 hujus
2559 3989 2767 4054 szeculi,
2793 3987 3007 4043 cervice
3050 3987 3253 4041 tumida
3283 3999 3544 4041 recusans

1935 4083 2122 4152 jugum
2147 4080 2522 4152 correptionis.
2541 4081 2701 4153 331
2722 4080 2817 4135 Est
2845 4079 3096 4150 specialis
3111 4077 3355 4150 quaedam
3372 4078 3544 4133 forma

1942 4176 2204 4241 libidinis,
2236 4192 2356 4246 quae
2390 4190 2577 4230 vocem
2628 4184 2800 4230 mutet
2826 4174 3082 4241 hominis,
3115 4173 3281 4228 verba
3311 4173 3546 4228 amantis

1940 4279 2276 4339 corrumpat,
2304 4267 2330 4306 ἀ
2351 4270 2572 4339 suisque
2598 4284 2658 4325 se
2689 4267 2884 4340 prodat
2905 4268 3271 4323 sermonibus.
3306 4267 3547 4338 Denique

1939 4362 2005 4418 ad
2038 4362 2228 4417 ludam
2259 4378 2354 4432 per
2380 4361 2668 4417 Jeretniam
2699 4361 2834 4416 dicit
2882 4360 3142 4415 Dominus
3173 4359 3351 4414 Deus:
3388 4357 3545 4412 Nunc

1938 4457 2194 4512 videbitur
2219 4457 2502 4530 ignominia
2533 4467 2640 4520 tua,
2682 4467 2730 4510 et
2759 4457 3066 4510 adulterium
3099 4466 3264 4520 tuum,
3299 4464 3347 4509 et
3373 4455 3546 4509 hinni-

1937 4566 2040 4620 tus,
2074 4561 2120 4606 et
2142 4553 2390 4606 alienatio
2426 4551 2786 4622 fornicationis
2815 4561 2916 4605 tua:
2944 4567 3106 4620 supra
3133 4549 3292 4605 colles
3321 4547 3538 4622 (Jerern.

228 4674 380 4714 suum
409 4659 565 4730 culpa
593 4658 952 4722 dominatum,
979 4656 1144 4711 habet
1171 4671 1399 4727 regnum
1424 4653 1649 4725 grande.
1674 4652 1830 4708 Unde
1855 4677 1910 4738 D
1935 4663 2052 4713 xm,
2097 4647 2169 4702 25
2210 4657 2256 4702 et
2293 4646 2407 4718 26).
2457 4647 2611 4702 Hunc
2656 4646 2831 4716 justus
2879 4644 3156 4700 revocavit
3195 4644 3536 4738 equitatum:

228 4751 520 4822 Apostolus
547 4751 622 4806 ait
652 4769 666 4805 :
701 4749 822 4826 (Van
844 4759 1025 4820 regnet
1053 4759 1315 4820 peccatum
1340 4749 1396 4801 in
1426 4757 1595 4802 restro
1618 4745 1825 4799 mortali

227 4860 438 4915 corpore
459 4843 638 4916 (Rom.
656 4860 733 4910 vr,
759 4843 869 4915 12).
904 4841 1114 4898 Sensus
1136 4842 1298 4911 igitur
1325 4840 1496 4895 nostri
1525 4837 1682 4894 facile
1704 4851 1826 4892 cor-

224 4938 498 5009 poralibus
525 4936 977 4993 delectationibus
1023 4943 1080 4990 et
1132 4933 1486 5004 saecularibus
1513 4932 1733 4999 cedunt,
1768 4941 1827 4988 et

224 5032 452 5103 quadam
476 5047 666 5087 eorum
696 5037 968 5100 potestate
989 5028 1295 5097 capiuntur.
1326 5024 1651 5096 Corporales
1677 5025 1821 5080 enim

225 5125 616 5181 delectationes
646 5132 700 5178 et
727 5123 1018 5179 illecebras
1066 5121 1226 5190 hujus
1275 5117 1459 5174 surculi
1490 5133 1597 5174 non
1629 5120 1821 5186 vincit,

226 5217 328 5273 nisi
375 5230 528 5272 mens
557 5230 676 5284 quae
706 5216 868 5271 luerit
902 5213 1183 5285 spiritalis,
1201 5210 1486 5268 adhaerens
1513 5212 1648 5278 Deo,
1681 5221 1736 5265 et
1764 5225 1825 5266 se

227 5322 390 5370 totam
421 5330 446 5366 a
477 5312 712 5370 terrenis
751 5328 1032 5384 separaris.
1059 5312 1299 5369 Deﬂexio
1347 5312 1524 5368 omnis
1569 5313 1654 5368 his
1675 5312 1826 5381 capi-

343 5452 435 5510 Sic
458 5466 587 5507 mss.
615 5466 826 5508 omnes.
858 5454 927 5507 At
953 5450 1087 5508 edit.
1115 5452 1259 5507 nulla
1279 5458 1548 5522 excopta:
1581 5447 1826 5517 Quaesivit

226 5535 413 5581 statum
439 5526 664 5598 primum
681 5525 969 5595 sapientiai.

294 5640 319 5678 b
341 5640 468 5695 llaec
497 5638 684 5703 verba,
718 5650 762 5692 et
785 5637 1033 5708 percussit
1055 5653 1162 5703 eos,
1190 5647 1236 5693 et
1255 5647 1548 5708 persecutus
1575 5644 1671 5708 est,
1699 5649 1821 5704 quae

226 5716 276 5770 in
309 5727 441 5767 mss.
466 5725 532 5766 ac
572 5711 766 5778 priscis
788 5706 937 5764 edit.
961 5708 1181 5775 desunt,
1208 5706 1442 5764 restituit
1465 5709 1597 5764 edit.
1626 5706 1814 5771 Rom.,

227 5802 327 5841 non
357 5783 519 5838 male.
542 5781 732 5852 Neque
773 5783 920 5837 enim
966 5780 1184 5836 aliunde
1224 5780 1422 5836 factum
1451 5791 1722 5852 putamus,
1761 5787 1817 5833 ut

229 5851 774 5914 omitterenturzinisi
821 5854 943 5923 quia
994 5852 1228 5923 scriptor
1269 5851 1590 5923 compendio
1614 5853 1689 5908 uti
1720 5866 1813 5908 vo-

1937 4755 2120 4797 mores
2140 4755 2359 4812 quoque
2389 4739 2716 4796 declinantis
2744 4738 3034 4804 convertit,
3084 4746 3139 4793 et
3166 4736 3232 4792 ad
3285 4751 3344 4790 se
3373 4749 3537 4790 voca-

1934 4837 2030 4900 vit,
2065 4844 2124 4890 ut
2150 4836 2452 4891 imitatores
2503 4834 2585 4889 sui
2634 4833 2848 4899 ﬁerent,
2882 4833 2972 4903 qui
2999 4831 3378 4894 deﬂexerant;
3411 4829 3536 4899 quia

1931 4944 2128 4987 sensus
2158 4931 2330 4986 nostri
2362 4929 2426 4986 ad
2458 4929 2804 5000 disciplinam
2847 4927 3046 4983 mentis
3078 4932 3384 4981 recurrunt.

2003 5024 2094 5081 41.
2125 5024 2492 5082 Substantiam
2511 5039 2729 5093 quoque
2753 5022 2979 5092 recepit.
3000 5021 3115 5076 Non
3149 5018 3532 5089 patrimonium

1931 5121 2115 5191 utique
2140 5117 2422 5189 signiﬁcat,
2451 5117 2546 5172 sed
2591 5117 2807 5172 vitalem
2839 5117 3033 5170 animae
3063 5112 3445 5179 substantiam,
3479 5113 3530 5168 in

1927 5229 2032 5285 qua
2064 5215 2133 5268 sit
2161 5212 2426 5282 pretiosus
2456 5225 2672 5277 census,
2721 5224 2824 5263 non
2855 5207 3070 5276 stipula,
3102 5219 3208 5260 non
3240 5202 3453 5270 lentim;
3477 5205 3530 5260 in

1928 5324 2035 5378 qua
2068 5307 2241 5363 ﬁdelis
2280 5307 2348 5362 sit
2379 5305 2600 5377 alloquii
2632 5304 2913 5376 splendor,
2940 5302 2992 5356 in
3032 5316 3140 5372 qua
3173 5309 3373 5355 nostra!
3398 5316 3531 5356 cen-

1933 5443 2052 5500 lens
2087 5442 2380 5498 indicasset
2426 5449 2623 5496 caetera
2673 5435 2972 5508 supplenda
3015 5448 3184 5504 usque
3236 5433 3302 5487 ad
3338 5448 3524 5490 vocem

1932 5515 2210 5656 ωιὲῗρυά
2270 5585 2545 5656 Romanos
2599 5580 2824 5656 legionis
2881 5581 3091 5656 signum
3152 5584 3270 5631 erat
3324 5578 3524 5648 aquila,

1927 5658 2090 5714 draco
2108 5651 2580 5724 tmhortisNeget.
2613 5653 2704 5706 lih.
2746 5667 2824 5714 χι,
2854 5665 2902 5724 c.
2933 5651 3018 5704 15.

1998 5729 2024 5768 ἀ
2045 5731 2172 5784 Mss.
2188 5743 2304 5784 sex.
2326 5719 2606 5782 Gallium
2629 5727 2777 5787 Am.,
2802 5721 3015 5783 suisque
3041 5737 3094 5773 se
3126 5719 3305 5786 probat
3331 5719 3528 5791 (Long.

1961 5800 2128 5874 robet)
2153 5797 2498 5874 sermonibus.
2533 5797 2727 5874 Verum
2754 5809 2914 5864 quam
2947 5791 3194 5864 proclive
3220 5793 3292 5847 sit
3318 5791 3533 5874 calamo

1920 5863 2062 5933 inter
2083 5863 2269 5932 voces.
2299 5870 2484 5941 prodat
2512 5877 2568 5925 et
2608 5863 2787 5938 probat
2815 5879 3000 5922 errare
3032 5877 3197 5922 nemo
3220 5877 3326 5920 non
3357 5863 3524 5919 videt:
