4082 6370
173 348 296 408 677
493 380 498 381 ί
653 413 660 415 ἓ
1507 357 1596 415 DE
1636 353 1821 412 ABBA

1933 353 1970 411 ll
2001 353 2134 411 LIB.
2167 355 2233 412 ll.
3441 354 3553 410 478

174 471 349 526 modi
407 490 765 549 responsum
794 479 1032 536 divinum
1079 454 1378 542 resulta‘vit,
1414 486 1440 514 ει
1469 492 1574 546 quo
1617 476 1840 531 edoctus
1872 475 1918 535 Α
1947 483 2148 527 nostra:
2185 482 2239 529 et
2276 472 2402 530 fidei
2440 471 2602 547 335.
2644 473 2937 529 convenire
2975 471 3137 541 hujus
3185 470 3435 527 sacriﬁcii
3470 473 3550 524 ili-

177 563 428 621 audivit
467 586 483 623 :
528 571 756 645 Respice
786 574 838 626 iu
859 573 1062 635 caelum,
1093 581 1142 625 et
1163 587 1373 624 numera
1392 569 1595 632 stellas,
1627 569 1673 622 si
1700 577 1844 640 potes
1945 565 2249 635 sciplinatn.
2301 567 2510 621 Vitulus
2549 568 2692 622 enim
2745 566 3036 620 oratorium
3075 564 3274 619 animal
3305 573 3407 619 est.
3454 562 3550 617 de-

178 671 529 716 numerare.
573 665 640 720 Et
692 667 844 733 dixit,
883 667 958 720 sic
1004 665 1100 719 erit
1127 681 1292 719 semen
1323 672 1487 720 tuum.
1525 661 1588 715 Et
1628 660 1844 714 credidit
1947 655 2116 719 ditnm
2152 666 2370 712 terreno
2401 659 2593 712 labori.
2624 659 2794 729 Capra
2836 658 2899 711 ad
2929 674 3190 725 aquarum
3237 655 3550 711 similitudio

180 750 409 807 Abram
440 755 593 819 Deo,
627 772 672 815 et
702 769 992 830 reputntum
1032 766 1102 813 est
1137 759 1183 812 ei
1209 758 1277 812 ad
1300 758 1562 830 justitiam
1582 755 1841 830 (Gen.xv,
1945 766 2066 805 nem
2097 766 2192 819 per
2213 753 2499 822 aenigmata
2530 753 2807 822 ﬁguratur,
2840 767 2906 808 eo
2934 752 3075 823 quod
3099 749 3182 818 αἲξ
3211 766 3386 821 gra-ce
3405 750 3552 828 παρά

180 844 274 915 6).
313 847 480 916 Quid
517 853 791 909 credidit?
820 853 932 907 Hoc
960 861 1063 918 est,
1101 867 1206 906 noo
1238 852 1412 906 solum
1445 850 1840 906 multitudinem
1943 847 2003 902 τὸ
2053 843 2254 901 αἴσσειν
2301 861 2500 900 nomen
2527 847 2818 915 acceperit,
2850 847 2916 900 ab
2947 862 3012 901 eo
3043 846 3182 917 quod
3224 853 3305 901 est
3346 845 3547 915 impetu

179 943 564 1008 pepnlornm
608 947 659 1000 in
689 946 962 1002 Christum
992 946 1353 1010 credentium,
1399 945 1493 1000 sed
1526 946 1688 1000 etiam
1732 959 1844 1000 εαξ-
1944 939 2095 994 ferri.
2131 939 2220 994 Sic
2266 939 2408 994 enim
2441 939 2608 993 currit
2644 942 2782 994 sicut
2828 950 2881 994 et
2925 955 3084 1010 aqua.
3137 939 3428 994 Possumus
3461 938 3548 992 vel

180 1033 360 1090 lestis
391 1041 605 1106 gratim
627 1040 996 1110 splendorem,
1023 1049 1076 1094 et
1103 1040 1566 1095 resurrectionem
1595 1039 1719 1092 vita:
1743 1038 1834 1091 im-
1943 1031 2010 1086 de
2055 1031 2339 1086 fluviorum
2377 1046 2536 1098 sono,
2568 1047 2754 1099 cursu,
2785 1033 2868 1087 vel
2917 1033 3084 1086 maris
3115 1032 3368 1087 violentis
3400 1031 3547 1085 testi-

186 1129 476 1182 mortalis
527 1132 702 1186 soboli
734 1131 994 1186 Ecclesiae
1038 1131 1412 1186 deferendam.
1440 1130 1581 1200 Quid
1639 1140 1844 1184 estau-
1945 1141 2096 1181 mare
2139 1125 2412 1180 ﬂuetibus.
2445 1123 2590 1185 Acri,
2616 1136 2794 1178 autem
2827 1134 3172 1195 comparauit
3207 1123 3370 1188 aries.
3423 1122 3545 1194 quia

185 1228 313 1274 tem
350 1223 523 1292 quod
554 1225 629 1279 ait
660 1243 672 1278 :
705 1225 901 1280 Eduxit
943 1244 1059 1282 eum
1089 1227 1233 1297 foras
1265 1225 1455 1298 (lbid.)
1486 1226 1510 1279 ?
1544 1225 1840 1296 Tamquam
1943 1219 2194 1274 omnibus
2223 1217 2587 1272 animantibus
2614 1214 2800 1270 ntilins
2830 1216 2933 1270 hoc
2971 1216 3170 1270 animal
3212 1215 3399 1286 generi
3426 1229 3549 1270 esse

181 1310 358 1369 {Oras
395 1315 667 1372 educitur
719 1319 1002 1388 prapbcta,
1035 1327 1091 1372 ut
1115 1328 1272 1373 exeat
1299 1318 1444 1373 fores
1489 1319 1756 1389 corporis,
1787 1328 1842 1374 et
1945 1311 2182 1366 humano
2222 1310 2528 1382 reperitur;
2580 1309 3022 1381 quandoquidem
3071 1317 3125 1364 et
3171 1309 3336 1364 vestis
3391 1309 3551 1363 nobis

185 1411 523 1476 angustias
545 1411 724 1464 carnis
743 1411 1061 1480 operientis,
1087 1427 1149 1465 ac
1169 1411 1401 1481 Spiritus
1423 1411 1596 1465 sancti
1624 1411 1838 1465 inlusio-
1942 1421 2098 1460 ttsum
2127 1405 2366 1469 exhibet,
2400 1406 2538 1460 sicut
2563 1413 2659 1459 aer
2689 1402 2850 1473 hujus
2882 1403 3101 1472 spiritus
3131 1403 3346 1457 vitalem
3394 1401 3550 1456 nobis

185 1511 362 1559 nem.
402 1511 466 1555 ct
503 1504 650 1556 velut
682 1503 972 1574 quamdam
998 1502 1410 1558 descensionem
1437 1503 1633 1557 videat.
1667 1504 1840 1572 Opor-
1941 1499 2209 1553 ministrat
2238 1498 2617 1553 substantiam.
2655 1497 2804 1554 Unde
2827 1508 2880 1552 et
2910 1497 3052 1551 hunc
3075 1498 3320 1552 ordinem
3348 1496 3545 1551 factum

191 1597 285 1644 tet
320 1607 437 1646 nos
459 1609 683 1665 quoque
713 1596 862 1650 exire
894 1612 957 1650 ex
1006 1596 1089 1650 bis
1117 1595 1406 1650 divernorii
1447 1598 1614 1651 no<tri
1642 1611 1839 1667 angus-
1943 1599 2094 1660 puto,
2120 1600 2178 1645 ut
2203 1591 2350 1660 prius
2373 1591 2584 1646 diceret
2608 1607 2621 1644 :
2645 1592 2810 1645 Sume
2831 1588 2962 1644 mihi
2988 1590 3214 1643 vitulum
3235 1599 3545 1658 etcapram,

192 1681 324 1744 tiis,
357 1685 644 1741 mundare
670 1687 863 1741 animae
888 1697 1087 1742 nostra;
1110 1687 1287 1741 locum
1330 1688 1397 1742 ah
1420 1687 1565 1741 onmi
1591 1688 1838 1759 inquiua-
1939 1692 1995 1738 et
2041 1684 2200 1739 tertio
2229 1685 2349 1739 loco
2391 1684 2595 1740 diceret
2636 1685 2897 1747 arietem;
2940 1699 3006 1737 co
3051 1683 3193 1752 quod
3228 1683 3400 1752 prima
3432 1681 3545 1750 illa,

191 1787 436 1842 mento,
471 1779 743 1849 projicere
777 1781 969 1836 sordes
1022 1781 1438 1850 malevolentitr,
1493 1784 1538 1835 si
1589 1783 1834 1837 volumus
1939 1777 2042 1833 hoc
2066 1787 2170 1846 est,
2204 1779 2402 1833 vitulus
2430 1787 2485 1833 et
2525 1793 2684 1849 capra
2733 1779 2893 1832 terris
2920 1787 2969 1831 et
3000 1777 3132 1831 mari
3181 1775 3551 1832 materialibns

190 1870 485 1939 spiritum
512 1874 760 1938 recipere
783 1875 1098 1944 sapientius;
1131 1873 1255 1946 quia
1284 1876 1334 1929 in
1367 1875 1686 1930 malevolam
1715 1876 1832 1930 ani-
1865 1865 1915 1925 Β
1940 1881 2327 1942 comparentur
2365 1872 2670 1937 elementis,
2721 1881 2772 1925 et
2811 1873 2935 1941 quia
2981 1869 3213 1925 feminea
3250 1869 3498 1924 dicantur
3530 1891 3544 1928 :

190 1975 359 2015 mam
423 1977 540 2018 non
587 1966 834 2020 introibit
879 1966 1165 2037 sapientia.
1197 1966 1441 2023 Credidit
1463 1979 1642 2023 autent
1663 1968 1837 2023 Abra-
1939 1975 1995 2020 at
2034 1980 2166 2020 vero
2201 1966 2343 2020 aries
2384 1964 2684 2020 masculum
2724 1963 2993 2034 quoddam
3023 1963 3220 2017 animal
3250 1971 3352 2029 est,
3384 1962 3546 2017 vehe-

194 2051 367 2119 ham,
401 2072 521 2110 non
544 2058 683 2123 auri,
715 2073 819 2112 non
867 2061 1074 2130 argenti
1109 2061 1322 2116 illectus
1348 2062 1660 2116 testimonio
1689 2080 1702 2115 :
1737 2060 1834 2116 sed
1940 2073 2096 2113 mens
2129 2071 2341 2123 natura,
2371 2069 2426 2113 et
2448 2059 2742 2112 violentum
2769 2057 3048 2112 cornibus.
3079 2057 3342 2112 Similiter
3363 2066 3541 2109 autem

191 2148 340 2218 quia
377 2150 556 2205 corde
577 2151 887 2206 crediditad
911 2153 1198 2222 juetitiam.
1222 2153 1277 2207 lu
1307 2168 1415 2224 quo
1441 2154 1722 2222 probatum
1748 2165 1834 2210 est
1935 2153 2076 2207 aeris
2107 2152 2266 2222 hujus
2297 2152 2520 2222 spiritus
2543 2152 2727 2206 vitalis
2757 2161 2861 2216 est,
2905 2161 2962 2204 nt
2989 2151 3258 2204 masculus
3283 2160 3470 2204 auctor
3491 2156 3547 2202 ct

197 2239 335 2310 ejus
371 2244 658 2310 meritum,
694 2245 746 2298 in
778 2259 844 2299 eo
875 2248 1207 2315 persolutum
1241 2259 1322 2302 est
1346 2248 1650 2317 praemium.

280 2333 385 2390 49.
427 2335 669 2406 Denique
700 2338 882 2392 statim
915 2338 1040 2393 fidei
1085 2340 1202 2407 ejus
1240 2340 1608 2395 testimonium
1650 2340 1834 2395 Domi-

199 2441 316 2481 nus
356 2427 517 2486 dedit
545 2429 731 2484 dicens
765 2447 778 2482 :
813 2429 929 2502 Ego
965 2448 1078 2484 sum
1120 2430 1373 2486 Dominus
1407 2431 1546 2485 Deus
1587 2442 1702 2486 tuus
1746 2435 1834 2503 qui

195 2518 380 2573 eduxi
402 2529 454 2573 te
471 2522 536 2575 de
549 2531 684 2576 terra
701 2520 1088 2590 Chaldworum,
1109 2535 1161 2577 ut
1177 2528 1351 2578 darent
1367 2525 1456 2578 tibi
1473 2537 1658 2578 terram
1674 2526 1829 2593 hanc,

198 2622 266 2666 ut
303 2615 482 2668 laceres
521 2633 655 2671 esses
682 2621 798 2690 ejus
826 2616 980 2689 (Gen.
1011 2634 1100 2681 xv,
1133 2618 1208 2687 7).
1244 2619 1311 2674 Et
1357 2621 1478 2691 quia
1507 2621 1830 2691 deposuerat

201 2705 505 2761 Abraham
537 2709 778 2764 studium
808 2711 1208 2776 Chaldaeorum,
1243 2713 1435 2782 qnzerit
1467 2730 1607 2769 nunc
1637 2730 1649 2764 :
1689 2715 1831 2782 Quo-

206 2799 406 2862 modo,
436 2801 633 2869 inquit,
661 2803 946 2874 intelligant
973 2805 1094 2872 quia
1117 2805 1277 2860 Iueres
1304 2815 1414 2878 ejus
1438 2822 1550 2859 sum
1582 2805 1827 2880 (Ibidem,

213 2891 320 2962 8)?
367 2893 482 2948 Hoc
519 2905 623 2960 est,
673 2888 777 2966 iam
819 2898 1182 2954 divinationes
1223 2917 1498 2971 magorum
1530 2905 1828 2974 repudiari,

210 2983 365 3040 doce
397 3001 484 3041 me
513 2988 786 3056 quomodo
817 2991 984 3044 sciam
1012 3008 1097 3046 me
1118 2989 1355 3048 futurum
1385 3004 1544 3049 teme
1574 2999 1690 3065 ejus
1723 2998 1834 3052 hce-

211 3079 438 3133 redem.
465 3079 566 3148 Qui
599 3082 790 3149 qumrit
816 3084 1088 3151 quomodo
1129 3087 1279 3150 sciat,
1323 3103 1425 3140 non
1459 3088 1688 3155 dubitat,
1720 3107 1832 3145 ma-

211 3169 518 3228 nifestante
563 3174 694 3237 Deo,
737 3191 1067 3246 cognoscere
1114 3193 1173 3232 se
1221 3193 1423 3247 posse:
1462 3181 1556 3234 sed
1604 3176 1828 3239 formam

1935 2255 2096 2300 causa
2121 2245 2477 2316 gignentium.
2497 2259 2729 2299 movens
2753 2253 3017 2298 terrarum
3055 2241 3336 2311 genitalia,
3362 2250 3414 2295 et
3440 2240 3548 2294 vel-

1936 2346 1996 2393 ut
2025 2341 2254 2411 quadam
2284 2354 2343 2394 se
2371 2340 2604 2394 miscens
2625 2338 2838 2411 Copula.
2871 2337 3030 2392 Aliud
3060 2352 3190 2407 ergo
3213 2336 3279 2390 ad
3312 2345 3539 2401 terram,

1932 2435 2077 2490 aliud
2109 2435 2173 2488 ad
2207 2450 2376 2500 mare,
2409 2434 2553 2490 aliud
2580 2434 2645 2488 ad
2675 2449 2856 2490 aerem
2893 2433 3106 2488 vitalem
3136 2433 3360 2504 mystice
3401 2429 3542 2514 figu-

1935 2540 2085 2583 ratur
2117 2529 2308 2584 borum
2339 2531 2499 2584 trium
2533 2527 2886 2582 animantium
2919 2542 3108 2598 genus.

2009 2620 2101 2676 51.
2139 2622 2263 2676 ΙΙτιιο
2295 2621 2516 2677 traditio
2548 2622 2809 2676 naturalis
2841 2629 2923 2676 est
2950 2639 2962 2675 :
2996 2619 3090 2676 sed
3124 2617 3348 2674 moralis
3380 2616 3544 2672 etiam

1932 2717 2271 2771 concurritel
2294 2717 2550 2786 suppetit.
2569 2716 2624 2770 In
2642 2714 2894 2770 omnibus
2907 2715 3048 2769 enim
3066 2711 3376 2767 hominibus
3392 2725 3542 2778 caro,

1931 2823 2149 2871 sensus,
2183 2819 2237 2865 et
2267 2811 2487 2863 verbum
2513 2816 2616 2864 est.
2653 2806 2796 2862 Caro
2827 2819 3008 2862 nosua
3033 2804 3200 2860 vitula
3231 2815 3314 2859 cst
3345 2821 3361 2860 :
3396 2802 3544 2857 Ialm-

1931 2911 2034 2958 rat.
2052 2910 2108 2954 ut
2127 2911 2292 2965 serat;
2310 2901 2537 2965 lahorat,
2566 2900 2877 2971 utcolligat;
2904 2900 3130 2966 laborat,
3157 2911 3214 2953 ut
3238 2899 3430 2970 pariat;
3457 2898 3543 2952 in-

1936 2994 2178 3047 numeris
2213 2995 2466 3065 fatigatur
2489 2994 2783 3048 laboribus.
2836 2993 2989 3049 Unde
3027 3002 3082 3048 et
3114 2994 3288 3049 Graeci
3319 2991 3347 3032 ιι
3378 2992 3547 3064 δάμαν

1933 3085 2186 3140 dixerunt
2207 3088 2425 3142 vitulam
2454 3091 2555 3143 ἀπὸ
2583 3095 2675 3143 τοῦ
2695 3086 2961 3161 δαμᾶσθαι
2986 3092 3075 3162 μὲν
3102 3091 3278 3148 αὐτήνε
3306 3103 3372 3141 eo
3400 3088 3542 3154 quod

1933 3177 2186 3232 domctur
2206 3179 2437 3246 injuriis.
2459 3179 2817 3233 Masculornm
2848 3182 3006 3233 boum
3029 3181 3238 3245 labore,
3272 3187 3549 3242 aratro,et

214 3263 342 3316 vult
373 3267 720 3336 acquirendae
764 3270 1089 3338 cognitionis
1143 3272 1447 3328 advertere.
1498 3273 1630 3329 Nam
1682 3288 1734 3331 οι
1780 3280 1830 3334 in
1863 3258 1906 3322 C
1934 3269 2066 3340 jngo
2085 3269 2340 3341 fungitur,
2367 3270 2627 3325 femineos
2647 3281 2830 3341 partus
2849 3281 3344 3342 rcpra-Scntatcnm
3373 3271 3544 3326 multo

216 3358 530 3432 Evangelia
579 3363 741 3417 Maria
779 3380 901 3419 cum
934 3366 1172 3422 audisset
1218 3370 1285 3422 ab
1309 3370 1498 3440 angelo
1530 3373 1652 3442 quia
1684 3374 1833 3444 virgo

213 3454 464 3523 paritura
495 3445 652 3512 esset,
685 3457 878 3522 ﬁlium,
907 3462 1186 3529 reSpmtdit
1229 3480 1241 3514 τ
1274 3463 1543 3528 Quomodo
1579 3467 1665 3536 ﬁet
1696 3468 1833 3522 istud

216 3549 468 3617 quoniam
498 3551 660 3602 virum
694 3569 796 3606 non
819 3555 1036 3624 cognovi
1067 3553 1218 3627 (Luc.
1254 3573 1290 3618 ι,
1321 3555 1453 3628 5i)?
1486 3558 1550 3612 Et
1582 3560 1704 3630 jure
1745 3577 1832 3616 rc-

218 3639 466 3720 Spondit,
501 3642 603 3695 hoc
633 3654 716 3698 est
749 3643 922 3700 :Cnm
957 3647 1008 3700 id
1040 3649 1181 3718 quod
1214 3658 1414 3704 naturm
1444 3661 1548 3717 est,
1575 3669 1678 3706 non
1705 3669 1830 3724 sup-

219 3745 396 3803 petat,
434 3735 553 3804 quia
584 3752 688 3790 non
718 3737 857 3792 solet
881 3755 1074 3810 parere
1105 3758 1220 3812 qua:
1251 3744 1367 3797 viro
1399 3761 1505 3798 non
1539 3744 1713 3800 fuerat
1737 3762 1830 3801 co-

219 3829 430 3898 pulata,
459 3844 642 3896 qtt:rr0
670 3833 938 3898 quomodo
970 3843 1166 3902 prreter
1192 3835 1434 3890 instituta
1469 3846 1673 3892 natura:
1705 3855 1829 3908 pos-

219 3924 329 3976 sim
363 3923 514 3990 virgo
536 3926 834 3993 generare?

300 4014 391 4069 50.
424 4014 564 4069 Dixit
595 4027 764 4070 autem
784 4017 862 4070 illi
889 4017 1143 4072 Dominus
1175 4018 1315 4073 Deus
1349 4039 1367 4075 :
1400 4023 1562 4078 Sume
1594 4025 1720 4077 mihi
1751 4026 1826 4078 vi-

223 4110 392 4164 tulum
419 4111 645 4176 trimum,
686 4120 732 4164 et
762 4127 972 4179 capram
1005 4112 1227 4177 trimam,
1263 4123 1309 4167 et
1354 4116 1564 4168 arietem
1595 4117 1823 4182 trimum,

221 4212 272 4257 et
319 4211 588 4268 turturem,
633 4213 678 4258 et
718 4205 1005 4259 columbam
1036 4203 1186 4277 (Gen.
1230 4223 1316 4271 xv,
1355 4206 1434 4280 9).
1483 4208 1824 4265 Praiterirem

224 4295 538 4365 ltujustnmli
587 4297 1086 4367 interpretationem
1140 4299 1411 4365 sacriﬁcii,
1465 4302 1566 4357 nisi
1607 4303 1829 4374 quibus-

222 4390 348 4444 dam
399 4392 709 4460 scrupulnm
768 4391 894 4447 hinc
957 4393 1103 4448 nasci
1152 4395 1514 4463 adverterem,
1575 4412 1640 4452 eo
1682 4398 1822 4469 quod

220 4485 547 4553 aru5picina:
575 4486 819 4554 qntrdam
852 4487 1014 4540 scribi
1038 4487 1287 4544 videatur
1307 4491 1652 4558 solemnitas;
1681 4493 1822 4562 quod

223 4588 352 4648 post
391 4577 816 4633 immolationem
849 4578 1036 4634 divisa
1076 4591 1196 4634 sunt
1240 4583 1512 4647 animalia,
1557 4593 1610 4638 et
1635 4597 1820 4640 contra

1938 3365 2129 3419 ubere.
2151 3368 2290 3420 tiaro
2315 3381 2530 3436 quoque
2558 3375 2739 3419 nostra
2769 3365 2890 3420 vitae
2920 3366 3073 3420 istius
3103 3365 3420 3435 subjugatnr
3445 3380 3541 3419 ne-

1935 3457 2304 3522 cessitatibus,
2331 3457 2538 3512 crebris
2565 3462 2803 3528 quatitur
2833 3459 3133 3524 doloribus,
3172 3467 3226 3512 et
3251 3458 3539 3512 multarum

1934 3566 2295 3608 aerumnarum
2315 3553 2548 3622 quodam
2569 3562 2787 3606 curvata
2811 3563 2964 3622 partu
2984 3555 3240 3608 senescit.
3266 3551 3385 3607 .lam
3408 3550 3536 3605 illud

1931 3645 2052 3716 quis
2077 3646 2306 3714 ignorat,
2330 3644 2472 3715 quod
2502 3644 2878 3701 vehementior
2905 3647 2974 3699 sit
3005 3647 3174 3700 virtus
3204 3646 3418 3711 animae,
3453 3643 3538 3696 cui

1932 3741 2075 3794 velut
2102 3750 2266 3810 nupta
2285 3741 2528 3794 adburret
2549 3741 2600 3794 in
2619 3741 2771 3794 istius
2785 3743 2910 3795 vitze
2924 3757 3082 3794 cursu
3098 3741 3396 3810 corporalis
3420 3738 3541 3793 sub-

1931 3834 2153 3888 stantia?
2167 3834 2372 3889 Sensus
2387 3843 2562 3888 antem
2581 3835 2747 3888 nostri
2762 3849 3044 3903 capraruut
3062 3833 3224 3888 modo
3239 3833 3379 3886 velut
3395 3831 3534 3885 saltu

1930 3927 2161 3997 quodam
2178 3928 2456 3993 exsiliunt,
2471 3938 2520 3980 et
2538 3934 2829 3996 pascuntur
2848 3925 3312 3995 prteruptioribns,
3331 3925 3531 3984 inri'ettt

1930 4035 2031 4074 suo
2080 4021 2182 4090 ipsi
2240 4022 2635 4075 commotiones
2667 4022 2966 4074 excitantes
2997 4019 3210 4083 anima',
3241 4027 3294 4071 et
3337 4031 3539 4070 concu-

1933 4116 2131 4171 tientes
2175 4131 2316 4171 eam.
2368 4115 2448 4170 Ad
2493 4130 2712 4170 onmem
2759 4116 3098 4169 occasionem
3142 4120 3343 4183 pra-sto
3385 4119 3532 4178 sunt,

1929 4209 2013 4265 vel
2047 4224 2274 4264 occursu
2301 4208 2545 4264 femineae
2578 4207 3015 4279 pulchritudinis.
3047 4205 3132 4261 vel
3164 4205 3330 4259 odore
3358 4205 3536 4258 suavi-

1928 4303 2056 4358 tatis
2086 4304 2336 4375 alicujus.
2373 4304 2572 4360 Auditu
2596 4304 2800 4372 pariter
2821 4312 2873 4356 et
2897 4308 3040 4356 tactu
3069 4308 3360 4355 moventur
3386 4300 3536 4354 velo-

1928 4397 2085 4462 citer,
2112 4397 2305 4467 quibus
2338 4397 2499 4452 etiam
2530 4397 2723 4450 animae
2755 4394 3039 4450 inﬂectunt
3063 4394 3448 4458 constantiam,
3480 4403 3534 4447 et

1928 4493 2068 4546 velut
2105 4507 2132 4544 a
2165 4503 2356 4546 natura
2387 4493 2466 4544 sui
2501 4491 2740 4545 alienant
2768 4505 2909 4544 eam.
2954 4489 3106 4545 Unde
3134 4497 3188 4543 et
3232 4489 3472 4558 plerique
3508 4498 3530 4525 ο

1928 4587 2157 4660 ἀφορμήν
2198 4585 2394 4639 dictam
2436 4593 2660 4654 putant,
2692 4582 2814 4652 quia
2845 4582 2976 4658 ὁρμή
3026 4581 3259 4650 impetus
3307 4580 3536 4645 dicitur:

224 4671 419 4727 faciem
451 4672 768 4727 alterutrum
798 4674 993 4742 posita,
1033 4683 1088 4729 et
1109 4677 1352 4753 copsedit
1386 4677 1491 4733 illis
1523 4679 1814 4736 Abraham.
1847 4675 1895 4735 1)
1922 4693 1987 4731 eo
2016 4678 2157 4748 quod
2189 4693 2254 4732 ex
2299 4676 2532 4746 quodam
2567 4676 2767 4746 impetu
2800 4690 3077 4738 sensuum,
3114 4673 3421 4729 inﬂexionis
3447 4682 3527 4727 at-

226 4761 336 4818 Sed
367 4765 410 4817 si
445 4764 549 4817 vim
597 4763 1031 4834 interrogationis
1082 4769 1372 4835 prtemissre
1411 4778 1464 4823 et
1502 4770 1693 4827 futura:
1735 4789 1819 4827 re-

226 4857 535 4926 sponsionis
571 4858 998 4925 consideremus,
1043 4860 1326 4916 advertere
1365 4864 1663 4932 poterimus
1703 4868 1820 4936 spei

302 5029 327 5057 ο
357 5019 486 5096 Mss.
514 5019 714 5096 Torn.,_
737 5020 886 5096 vale.
919 5029 972 5077 et
999 5029 1113 5076 ant.
1149 5020 1313 5096 edit”
1347 5038 1445 5096 quo
1466 5024 1656 5096 electus
1678 5027 1830 5090 audi-

228 5087 544 5170 nitnRomp,
580 5093 714 5160 quod
752 5091 940 5170 electus
983 5095 1201 5148 audivit.
1235 5087 1370 5148 MSS;
1409 5095 1598 5164 Corb.,
1627 5087 1821 5170 Long.,

227 5162 382 5219 Colh.
408 5175 461 5217 et
488 5164 648 5224 Maz.,
679 5179 775 5226 quo
813 5164 1040 5230 edoctus,
1071 5177 1176 5220 etc.

298 5233 326 5272 ι’
359 5235 559 5287 Desunt
584 5234 634 5286 in
667 5248 796 5287 mss.
829 5236 1054 5305 aliquot,
1085 5252 1146 5292 ac
1175 5238 1225 5292 in
1251 5239 1382 5293 edit.
1411 5240 1681 5303 omnibus,
1710 5241 1826 5298 haec

228 5306 413 5367 verba,
444 5306 680 5384 digerunt
710 5305 921 5359 vitulam
969 5309 1120 5375 Quod
1168 5319 1345 5365 autem
1379 5313 1443 5365 ad
1486 5327 1691 5384 graecas
1731 5329 1819 5366 vo-

230 5391 341 5440 ces,
372 5392 466 5430 eas
494 5375 614 5430 Am.
650 5392 713 5429 ex
763 5391 892 5453 mss.
940 5395 1046 5449 qtto
1090 5385 1311 5452 pr0pius
1343 5375 1538 5453 potuii,
1586 5384 1824 5438 imitatus

231 5459 311 5524 est
353 5466 366 5502 :
410 5463 593 5524 verum
621 5449 884 5524 cntn__il|:e
918 5458 975 5503 ut
1021 5461 1145 5524 pote
1192 5449 1396 5508 vitiosie
1449 5456 1573 5509 Era.
1636 5455 1822 5524 displi-

230 5521 491 5585 coissent,
544 5518 657 5584 ipse
703 5519 862 5571 aliam
894 5521 1308 5589 originationem
1349 5537 1689 5581 cmnutcntus
1725 5518 1824 5581 'est

229 5591 278 5671 in
327 5591 468 5645 hunc
514 5590 750 5671 modum.
806 5590 978 5671 Grzrci
1028 5592 1239 5671 δὰμᾳλιν
1284 5599 1380 5671 εὶπᾷ
1431 5606 1522 5655 τοῦ
1565 5597 1822 5671 δαμᾶσθαι

230 5664 355 5724 λίαν,
390 5681 447 5716 eo
479 5662 614 5731 quod
645 5666 876 5735 domojtur
916 5662 1103 5716 nimisf
1127 5666 1297 5733 Quam
1331 5669 1545 5735 phrasin
1577 5662 1676 5722 ct~i
1707 5686 1825 5723 mn-

233 5737 374 5787 tilam
405 5747 693 5801 Sequentes
723 5733 854 5786 edit.
882 5737 1143 5800 amplexas
1169 5749 1310 5792 sunt.
1331 5733 1450 5800 Nos
1489 5758 1618 5794 vero
1649 5743 1823 5804 locum

229 5807 280 5886 in
315 5806 505 5886 codice
527 5804 692 5886 Corb.
727 5816 779 5858 et
808 5807 928 5859 aliis
956 5810 1630 5886 nonnullisscrupulosius
1659 5816 1826 5886 in~pi-

237 5878 461 5945 cientes,
494 5878 783 5934 lectionem
816 5887 1055 5934 nostram
1099 5878 1406 5940 elicuimusi
1433 5885 1603 5942 Porro
1633 5878 1834 5943 domari

1926 4792 2031 4846 que
2057 4777 2399 4832 alienationis
2427 4786 2626 4832 nostrre
2658 4791 2842 4845 causa,
2879 4784 3151 4830 nascatur.
3181 4774 3533 4828 Femineian-

1930 4878 2037 4926 tem
2076 4886 2240 4926 sexus
2273 4873 2510 4942 Speciem
2565 4872 2747 4937 habet,
2779 4868 2804 4908 δ
2843 4883 2897 4927 ιιι
2931 4871 3092 4925 etiam
3141 4884 3332 4923 sensus
3364 4867 3532 4921 noStri

1928 5031 2134 5104 injuriis
2158 5030 2243 5086 hic
2265 5047 2370 5086 non
2384 5032 2596 5088 videtur
2616 5032 2762 5088 aliud
2783 5031 3110 5104 signiﬁcare,
3132 5044 3294 5100 quam
3314 5029 3523 5086 domari

1932 5103 2122 5158 labore
2147 5119 2209 5158 ac
2238 5105 2573 5162 verberibus.

2009 5186 2030 5212 ο
2071 5176 2201 5230 Cum
2243 5177 2407 5230 dictio
2440 5176 2552 5230 haec
2581 5175 2839 5230 mendose
2867 5175 2918 5228 in
2951 5171 3269 5242 quihusdam
3305 5188 3432 5226 mss.
3474 5184 3527 5228 ct

1931 5247 2119 5314 primis
2150 5265 2370 5314 operum
2407 5249 2595 5303 Anthr.
2636 5248 2765 5302 edit.
2815 5249 3102 5314 legeretur,
3130 5243 3253 5298 Era.
3287 5246 3528 5306 reposuit

1929 5333 1994 5372 ex
2020 5318 2340 5398 conjectura
2388 5321 2706 5398 ὁρίέητικήν.-
2732 5317 2894 5398 Atqui
2939 5331 3066 5398 titss.
3100 5315 3338 5396 melioris
3383 5329 3524 5398 ttttltn

1929 5391 2063 5444 satis
2108 5402 2293 5468 aperte
2342 5387 2635 5468 praffernnt
2662 5394 2932 5468 νᾲφορμὴν,
2977 5389 3075 5441 huc
3109 5387 3381 5468 _cst,nsitie
3425 5390 3522 5443 im-

1933 5473 2079 5536 petu,
2115 5456 2162 5515 id
2195 5456 2353 5536 enini
2375 5468 2424 5517 in
2468 5456 2899 5536 Spiritalib'us'ea
2930 5456 3374 5536 vos__signLﬁt-_at,_
3397 5474 3518 5536 cum

1929 5529 2116 5587 eadem
2148 5530 2474 5596 Contrarium
2500 5529 2659 5587 'sonet
2696 5535 2745 5586 in
2775 5531 3167 5598 corporalibus.
3205 5529 3316 5582 Erit
3360 5530 3522 5596 igitur

1930 5620 2123 5658 sensus
2153 5607 2384 5659 aninmnt
2415 5606 2534 5658 ideo
2564 5607 2795 5672 impetus
2825 5619 2887 5658 ac
2915 5613 3090 5655 motus
3121 5618 3181 5656 ex
3220 5611 3402 5655 natura
3425 5620 3517 5660 sua

1929 5692 2152 5730 V:lt'll:llll
2185 5679 2313 5740 dici,
2343 5676 2482 5745 quod
2527 5691 2631 5728 non
2674 5675 2725 5728 in
2755 5675 2888 5741 ipsa,
2934 5674 3026 5728 sed
3067 5676 3116 5727 in
3162 5688 3388 5744 corpore
3429 5675 3521 5731 eo;

1929 5750 2174 5804 rumdem
2209 5761 2447 5801 motuum
2484 5747 2600 5799 fons
2623 5757 2672 5797 et
2702 5760 2854 5812 origo
2879 5748 3128 5798 resideat.
3264 5745 3271 5752 ’

2004 5817 2030 5856 (1
2057 5820 2178 5874 Atti.
2210 5837 2329 5874 cum
2361 5820 2564 5889 aliquot
2596 5825 2821 5889 mss.,e_t
2850 5817 3003 5889 etiam
3033 5818 3210 5871 sensus
3247 5818 3406 5870 nostri
3438 5835 3517 5878 ec:

1937 5894 2060 5947 tusis
2101 5908 2286 5966 graece,
2326 5887 2464 5948 etc.‘
2492 5887 2647 5959 Quod
2677 5887 2895 5968 quidem
2942 5888 3063 5944 Era.
3109 5889 3433 5955 emendavit,
3467 5900 3520 5945 et
