4082 6370
556 322 667 384 479

1894 315 2141 376 SANCTI
2182 316 2506 376 AMBROSII

3787 318 3892 372 δίΘῦ

557 442 829 503 αἰσθήσεις
871 452 1047 512 grtece
1072 438 1325 494 dicuntur
1362 435 1600 494 femineo
1625 433 1910 492 vocabulo.
1957 433 2155 490 Ell'eta-
2180 437 2232 498 Α
2329 436 2420 492 54.
2452 435 2606 493 Unde
2628 436 2844 508 quidam
2868 437 2935 493 ad
2958 437 3126 495 libros
3147 436 3519 510 philos-Ophias
3537 436 3889 505 derivarunt,

556 549 680 591 rum
705 533 867 589 modo
891 533 1223 588 animantum
1247 531 1355 586 cito
1382 536 1704 596 vacuantur,
1729 528 1817 584 ubi
1844 535 2028 599 partus
2050 543 2162 584 sua:

556 626 947 698 generationis,
995 623 1484 696 delectationisqtte
1518 622 1833 689 effuderint,
1882 631 1936 678 et
1967 622 2161 678 iterum

557 720 721 793 335
739 718 990 776 excitatis
1020 718 1408 789 cupiditatibus
1436 732 1612 774 novos
1639 716 1886 773 referunt
1909 717 2162 787 impetus.

629 814 722 868 52.
756 813 811 866 In
838 812 1010 868 ariete
1039 826 1168 867 vero
1195 811 1346 867 verbi
1382 826 1444 866 ac
1487 809 1756 866 sermonis
1784 806 1956 863 nostri
2000 807 2164 863 habe-

557 914 649 961 tur
695 903 1019 969 similitudo,
1069 905 1211 975 quod
1257 905 1328 961 sit
1357 905 1674 971 vehemens,
1703 903 1844 958 sicut
1887 909 1941 956 ct
1985 915 2166 956 sermo

554 1006 743 1053 noster
772 997 962 1054 eitlcax
989 998 1350 1070 operationis,
1383 1007 1440 1053 et
1467 997 1699 1069 quadam
1736 1006 1962 1052 ornatus
1992 999 2163 1054 nostri

556 1099 612 1147 et
643 1092 895 1163 tegminis
924 1107 1086 1148 causa
1109 1094 1199 1148 sit.
1228 1092 1388 1149 Aries
1417 1107 1512 1162 per
1542 1107 1694 1147 usum
1720 1095 1948 1148 vestium
1973 1092 2166 1148 ordine

558 1183 794 1254 quodam
847 1199 1067 1256 gregem
1123 1185 1354 1252 ducens,
1419 1185 1558 1240 sicut
1601 1185 1735 1240 ordo
1781 1185 1999 1256 quidam
2044 1186 2165 1241 vitae

556 1291 798 1348 ususque
846 1278 1019 1333 nostri
1090 1278 1258 1332 verbo
1310 1277 1631 1349 explicatur.
1686 1278 1938 1334 Arbitror
1983 1287 2164 1334 autem

556 1370 698 1442 quod
732 1370 870 1427 illud
900 1372 1124 1428 verbum
1149 1373 1322 1442 magis
1342 1372 1646 1442 intelligere
1677 1372 1999 1438 debeamus,
2023 1373 2168 1442 quod

558 1473 644 1520 est
673 1461 918 1520 Verbum
952 1465 1074 1532 Dei,
1107 1480 1228 1520 cum
1253 1478 1361 1536 quo
1391 1465 1536 1520 aries
1566 1465 1668 1520 iste
1693 1463 1895 1520 habere
1925 1463 2169 1520 videatur

560 1571 667 1612 non
688 1555 1022 1612 mediocrem
1051 1557 1454 1629 cognationem.
1477 1557 1631 1626 Quod
1660 1557 1894 1614 Verbum
1918 1574 2018 1615 nos
2044 1575 2169 1615 vere

561 1649 802 1721 tegmine
829 1650 1049 1706 velleris
1077 1651 1162 1706 sui
1187 1652 1422 1718 vestivit,
1455 1661 1510 1707 et
1539 1653 1591 1706 in
1624 1652 1846 1707 domum
1872 1653 2169 1709 introduxit

563 1750 786 1798 :eterna:
814 1741 1024 1799 salutis.
1064 1742 1166 1811 Qui
1188 1760 1241 1798 se
1273 1760 1363 1812 pro
1391 1743 1535 1798 nobis
1561 1745 1932 1799 immolandum
1965 1746 2166 1812 obtulit,

2266 545 2332 587 eo
2380 531 2525 602 quod
2570 531 2744 602 ipsum
2789 532 2984 588 caelum
3031 533 3238 588 volucri
3287 532 3476 588 simile
3515 532 3609 588 sit.
3643 533 3892 603 Denique

2266 623 2420 679 Plato
2449 640 2668 680 currum
2691 625 2967 680 volucrem
2991 624 3126 681 dixit
3148 640 3272 681 esse
3301 625 3528 691 coelum,
3559 640 3626 680 ex
3655 624 3890 696 ecquod

2269 717 2530 788 propheta
2558 717 2772 773 dixerat
2801 735 2814 773 :
2849 716 2976 773 Cum
3016 720 3150 773 irent
3185 719 3461 784 animalia,
3493 718 3640 772 ibant
3680 728 3734 771 et
3769 728 3890 771 rota

2268 815 2556 886 conjuncta:
2582 813 2722 877 illis;
2749 823 2795 868 ct
2831 829 2947 866 cum
2983 813 3238 868 elet'arent
3287 831 3342 868 se
3369 814 3629 867 animalia
3663 830 3702 866 α
3732 822 3886 881 terra,

2267 908 2600 963 elevabantur
2649 919 2778 963 rota:
2815 908 3009 979 (Ibid.,
3042 908 3153 979 21).
3187 907 3294 964 Sed
3324 907 3598 978 propheta
3631 923 3749 961 non
3781 924 3885 964 cte-

2270 1000 2379 1055 lum
2411 1001 2584 1070 ipsum
2616 999 2643 1038 1'
2669 1017 2824 1056 avem
2855 1000 3011 1067 dixit,
3042 1001 3135 1056 sed
3163 1016 3292 1054 aves
3320 1015 3446 1056 esse
3486 1001 3540 1054 in
3582 1000 3757 1056 coelo.
3794 1001 3888 1056 De-

2268 1093 2431 1162 nique
2458 1101 2513 1147 et
2548 1093 2713 1147 David
2757 1094 2832 1146 ait
2866 1109 2877 1145 :
2911 1091 3036 1146 Caeli
3063 1102 3306 1147 enarrant
3330 1094 3558 1164 gloriam
3583 1092 3688 1147 Dei
3714 1092 3884 1162 (Psal.

2268 1201 2422 1252 xviii,
2475 1184 2552 1257 1),
2587 1185 2691 1241 hoc
2738 1195 2844 1252 est,
2888 1195 3191 1257 potestates
3237 1187 3528 1253 cmlestes;
3562 1187 3722 1242 velut
3771 1204 3882 1242 cum

2268 1287 2544 1348 Spectatur
2563 1279 2847 1352 pulchrum
2873 1280 3223 1347 elementum,
3245 1281 3581 1352 praedicatur
3605 1291 3877 1352 operator.

2270 1370 2517 1426 Animam
2549 1383 2729 1427 autem
2759 1372 3018 1428 describit
3043 1372 3331 1443 prOpheta,
3362 1373 3520 1444 cujus
3549 1384 3746 1430 motus
3767 1385 3882 1430 sunt

2269 1475 2500 1536 quatuor
2526 1467 2669 1521 velut
2700 1467 2846 1537 equi,
2887 1468 3192 1540 λογιστικὸν,
3224 1469 3527 1541 θνμητικὸν,
3575 1470 3880 1543 ἐπιθυμητι-

2270 1565 2378 1628 κὸν,
2405 1561 2705 1639 διορατικὸν.
2734 1561 2863 1616 llzee
2897 1561 3061 1632 336
3105 1561 3357 1615 animalia
3389 1569 3650 1631 quatuor,
3688 1560 3746 1615 id
3785 1571 3878 1629 est,

2271 1655 2435 1710 homo
2459 1655 2763 1728 λογιστικὸν,
2810 1653 2895 1708 leo
2919 1655 3228 1725 -ονμητικὸν,
3251 1653 3453 1708 vitulus
3491 1655 3876 1726 ἐπιθυμητικὸν,

2273 1749 2449 1819 aquila
2477 1747 2786 1824 διορατικόν.
2820 1748 2946 1803 ldco
2977 1749 3113 1802 ratio
3141 1748 3420 1818 praemissa
3452 1757 3559 1816 est,
3591 1758 3655 1804 ut
3683 1750 3875 1820 reliqua

563 1837 651 1908 qui
677 1847 936 1907 tamquam
967 1839 1074 1893 ouis
1095 1838 1164 1892 ad
1184 1839 1442 1894 victimam
1467 1841 1651 1895 ductus
1676 1850 1773 1908 est,
1803 1853 1848 1895 et
1874 1841 2004 1894 sicut
2033 1842 2169 1896 aries
2200 1835 2248 1896 Β
2276 1843 2540 1897 rationem
2568 1851 2884 1913 sequantur.
2913 1841 3038 1897 Ideo
3059 1857 3184 1897 cum
3215 1841 3439 1897 homine
3473 1857 3506 1895 a
3546 1842 3769 1898 dextris
3807 1852 3873 1897 est

565 1943 738 1983 coram
779 1930 1018 1986 tondente
1052 1947 1106 1986 se
1144 1932 1254 1986 sine
1287 1948 1425 2000 uoce,
1469 1933 1540 1988 sic
1561 1950 1666 1987 non
1699 1935 1904 1998 aperuit
1943 1950 2000 1988 os
2021 1951 2169 1989 suum

564 2011 738 2093 (Esai.
769 2039 882 2092 Llll,
910 2023 987 2096 7).
1021 2025 1099 2080 Ex
1124 2042 1230 2097 quo
1260 2025 1508 2082 ordinem
1541 2027 1828 2098 quemdam
1852 2028 2170 2083 substantia:

565 2114 830 2173 habemus
876 2126 931 2173 et
967 2134 1137 2174 sacra:
1186 2121 1594 2192 redemptionis,
1653 2121 1798 2190 quod
1847 2136 1945 2191 per
1991 2122 2170 2191 ipsum

563 2209 775 2265 conditi
803 2224 866 2265 ac
892 2210 1159 2281 redempti
1189 2227 1400 2268 sumus.
1431 2213 1638 2283 Duplex
1680 2213 1846 2282 igitur
1872 2228 2034 2268 causa
2075 2229 2174 2286 per

566 2303 805 2360 Verbum
837 2306 1101 2362 naturalis
1123 2315 1178 2362 et
1199 2307 1421 2362 moralis
1449 2324 1463 2362 :
1489 2307 1753 2362 naturalis
1772 2321 1874 2379 qua
1905 2308 2171 2376 condidit,

563 2398 788 2453 moralis
817 2413 919 2468 qua
947 2398 1200 2454 redemit.
1246 2398 1599 2469 PhiIOSOphia
1641 2414 1860 2469 quoque
1903 2399 2171 2471 geminam

565 2490 807 2559 speciem
835 2493 918 2545 sui
949 2491 1234 2546 constituit
1274 2492 1326 2546 in
1358 2491 1547 2559 verbo,
1579 2491 1882 2546 naturalem
1906 2503 1960 2547 et
1989 2506 2172 2548 mora-

568 2583 701 2638 lem.
750 2583 1109 2639 liationabilis
1155 2584 1298 2640 enim
1332 2585 1614 2655 utriusque
1645 2586 1823 2656 portio
1867 2596 1969 2641 est.
2001 2587 2170 2642 Natu-

571 2677 742 2733 ralem
803 2678 1100 2734 secundum
1154 2679 1342 2734 mundi
1394 2680 1749 2747 creationem,
1801 2697 1960 2752 quam
2009 2683 2175 2738 verbo

579 2776 821 2848 assignat
847 2795 859 2830 :
895 2777 1153 2834 moralem
1185 2777 1484 2834 secundum
1509 2777 1797 2848 justitiam,
1823 2787 1876 2834 et
1901 2780 2174 2849 inqualita-

571 2878 678 2925 tem
715 2869 950 2937 vivendi,
980 2871 1132 2941 cujus
1159 2871 1267 2926 vita
1298 2881 1353 2927 et
1378 2871 1515 2926 ratio
1545 2871 1613 2927 de
1655 2872 1843 2927 verbo.

644 2963 738 3019 53.
771 2963 884 3032 Qua
913 2978 1074 3019 causa
1098 2978 1219 3018 cum
1254 2973 1278 2999 ἰ
1309 2963 1426 3020 dies
1456 2964 1806 3035 quadraginta
1839 2963 2176 3034 compleren-

577 3066 665 3112 tur
694 3073 758 3114 ex
803 3058 985 3114 Maria:
1015 3060 1238 3130 virginis
1271 3070 1448 3129 partu,
1491 3060 1731 3116 tulerunt
1771 3061 2056 3116 Dominum
2080 3076 2178 3115 no-

574 3160 747 3207 strum
779 3151 966 3208 Iesum
996 3154 1048 3208 in
1083 3153 1408 3220 Jerusalem,
1442 3163 1501 3208 ut
1531 3155 1796 3210 ollerrent
1825 3155 2051 3210 Domino
2090 3170 2177 3209 se-

2273 1936 2378 2004 leo,
2412 1936 2464 1990 id
2486 1945 2591 2002 est,
2623 1935 2746 1992 cuin
2777 1935 2988 1992 ratione
3017 1935 3317 1990 commotio
3343 1950 3370 1988 a
3398 1935 3613 1990 dextris
3642 1945 3751 1991 est.
3784 1934 3874 1990 Ista

2272 2031 2522 2085 animalia
2567 2029 2785 2100 quando
2829 2030 3133 2094 elevantur,
3179 2029 3463 2084 elevantur
3504 2029 3679 2098 etiam
3730 2040 3869 2084 rota.

2275 2123 2411 2178 Rota
2440 2132 2620 2178 autem
2653 2123 2761 2177 vita
2792 2131 2874 2178 est
2915 2136 3080 2192 super
3125 2131 3347 2187 terram,
3396 2136 3503 2192 qua
3529 2122 3797 2198 _vivimus.
3826 2123 3871 2176 Si

2273 2221 2469 2273 animae
2495 2226 2695 2273 nostra:
2724 2226 2902 2271 motus
2927 2225 3159 2288 quatuor
3191 2216 3496 2280 elevantur,
3543 2215 3794 2271 elevatur
3830 2227 3872 2270 et

2273 2312 2383 2365 vita
2413 2323 2619 2365 nostra.
2649 2309 2883 2380 Ideoque
2909 2309 3113 2364 addidit
3145 2327 3155 2361 :
3206 2307 3467 2374 Quoniam
3504 2310 3727 2379 spiritus
3749 2310 3867 2376 rite,

2277 2393 2615 2474 inquit,'erat
2649 2403 2702 2455 in
2733 2404 2859 2457 rotis
2902 2402 3117 2474 (Ezech.
3144 2417 3182 2468 ι,
3213 2401 3331 2472 20).
3377 2401 3580 2456 Anima
3609 2417 3747 2473 ergo
3775 2418 3869 2458 ma-

2275 2497 2360 2568 gis
2389 2510 2580 2552 currus
2609 2504 2712 2562 est,
2745 2512 2865 2564 quae
2893 2495 2969 2550 ait
2996 2497 3048 2550 in
3088 2493 3331 2550 Canticis
3360 2495 3707 2551 canticorum
3737 2512 3750 2547 :
3781 2493 3868 2548 Po»

2276 2593 2427 2648 suisti
2449 2608 2531 2647 me
2569 2607 2749 2645 currus
2785 2589 3070 2644 Aminadub
3093 2588 3267 2662 (Cant.
3292 2604 3368 2654 vt,
3409 2587 3530 2658 ll),
3564 2587 3618 2642 id
3646 2597 3751 2655 est,
3778 2588 3866 2642 Do-

2277 2687 2410 2743 mini
2442 2686 2633 2742 nostri.
2667 2685 2784 2740 Non
2815 2699 2944 2754 ergo
2966 2682 3324 2753 philos0phire
3353 2680 3638 2736 traditioni
3680 2680 3864 2736 descri-

2277 2781 2388 2851 ptio
2435 2778 2711 2835 concurrit
2758 2777 3095 2847 pr0phetica.
3153 2775 3392 2844 Denique
3443 2789 3637 2829 vocem
3680 2774 3865 2828 alarum

2277 2873 2494 2928 audisse
2548 2887 2607 2928 se
2657 2870 2788 2924 dicit
2833 2871 3122 2940 prOpheta.
3173 2866 3295 2922 Ista:
3339 2867 3442 2922 ala:
3481 2868 3719 2922 virtutes
3762 2878 3866 2920 sunt

2279 2981 2400 3036 qua:
2436 2976 2456 3002 ε
2493 2964 2731 3018 maximo
2759 2971 2811 3016 et
2840 2960 3041 3030 duplici
3081 2960 3271 3030 plausu
3311 2958 3644 3030 prudentiae,
3680 2957 3862 3014 fortitu-

2279 3056 2443 3122 dinis,
2486 3055 2885 3124 temperantite,
2923 3053 3148 3123 justitize
3194 3067 3414 3107 suavem
3441 3051 3726 3118 decorem,
3765 3052 3864 3104 vita:

2279 3150 2604 3205 cantilenam
2640 3147 2927 3202 resultant.
2976 3145 3129 3200 Plato
3167 3153 3347 3199 autem
3393 3143 3586 3200 dulces
3624 3143 3861 3213 quosdam

571 3247 810 3302 cundum
839 3247 1038 3316 legem,
1062 3255 1118 3302 et
1151 3257 1210 3301 ut
1241 3247 1436 3302 darent
1466 3246 1698 3303 hostiam
1747 3263 1842 3317 par
1879 3257 2172 3313 turturum,
2204 3236 2250 3299 C
2281 3241 2508 3308 sonitus",
2529 3239 2770 3296 siderum
2817 3239 3082 3293 mutuavit
3111 3237 3325 3307 spherze
3356 3235 3600 3292 caelestis
3630 3236 3856 3307 generari

574 3350 668 3394 aut
699 3340 835 3395 duos
866 3341 1047 3410 pullos
1076 3341 1447 3396 columbarum
1475 3341 1628 3412 (Luc.
1663 3357 1722 3408 ll,
1750 3342 1822 3396 22
1852 3352 1897 3396 et
1925 3341 2056 3413 seq.)
2077 3357 2092 3408 ;
2117 3357 2182 3396 eo

573 3432 720 3503 quod
766 3433 819 3486 in
851 3433 1108 3488 columba
1139 3433 1402 3503 spiritalis
1432 3437 1602 3505 gratia
1639 3435 1729 3501 sit,
1773 3436 1824 3490 in
1868 3445 2074 3492 turture
2103 3438 2187 3492 itt-

574 3533 852 3594 corruptze
880 3527 1249 3594 generationis
1286 3537 1500 3593 natura,
1531 3528 1619 3582 vel
1639 3528 1968 3583 imntaculati
1993 3544 2186 3598 corpo-

576 3617 655 3671 ris
692 3617 1035 3671 castimonia.
1065 3618 1261 3673 Merito
1290 3633 1422 3690 ergo
1472 3619 1540 3673 ad
1580 3619 1903 3675 sacrificium
1931 3621 2188 3690 iubentur

584 3717 711 3778 post
739 3708 967 3764 arietem
1001 3717 1178 3764 turtur
1198 3719 1256 3766 et
1293 3711 1545 3766 columba
1573 3712 1713 3767 sumi
1736 3721 1788 3766 ut
1809 3712 1974 3767 verbo
2004 3711 2186 3766 adluc-

580 3815 708 3856 rere
742 3800 1016 3872 intelligas
1041 3801 1410 3874 incorruptam
1441 3805 1839 3868 castimoniam,
1868 3813 1924 3859 et
1971 3805 2188 3874 spirita-

589 3891 695 3948 lem
730 3894 980 3964 gratiatn.
1015 3895 1080 3950 Et
1106 3895 1208 3950 hoc
1252 3896 1370 3966 ipso
1409 3897 1626 3967 quidem
1659 3897 1801 3968 quod
1833 3910 1960 3952 aves
1986 3897 2181 3967 posuit,

582 3988 892 4060 intelligere
934 4005 1225 4061 possumus
1254 3991 1556 4048 cmlestium
1600 3994 1920 4048 meritorum
1949 3993 2181 4048 volatus.

583 4084 720 4140 Sunt
745 4085 892 4140 enim
925 4086 1175 4141 volucres
1201 4087 1326 4142 caeli
1355 4102 1476 4157 quae
1504 4087 1726 4142 veniunt
1767 4095 1823 4142 et
1857 4085 2106 4140 habitant
2131 4087 2181 4140 in

584 4179 751 4232 ramis
790 4178 910 4244 ejus
934 4179 1146 4236 arboris
1171 4196 1292 4250 qua:
1323 4181 1391 4236 de
1419 4197 1588 4252 grano
1619 4183 1822 4252 sinapis
1860 4181 2184 4250 surrexerit,

589 4269 675 4322 cui
727 4269 987 4324 caelorum
1033 4286 1256 4341 regnum
1289 4285 1633 4342 comparatur
1675 4272 1890 4345 (Matth.
1923 4289 2038 4340 xui,
2067 4273 2184 4344 52).

586 4359 657 4415 Et
687 4359 942 4417 Ezechiel
967 4374 1188 4433 apertos
1219 4364 1323 4419 sibi
1349 4365 1516 4420 caelos
1544 4367 1697 4433 dicit,
1731 4375 1789 4422 et
1815 4365 2017 4422 vidisse
2045 4367 2189 4423 inter

584 4452 690 4507 alia
734 4453 900 4508 etiam
948 4465 1123 4510 rotam
1177 4473 1338 4512 unam
1383 4473 1550 4528 super
1598 4470 1796 4515 terram
1843 4460 2186 4530 conjunctatn

587 4547 912 4604 animalibus
945 4559 1177 4621 quatuor
1208 4551 1424 4625 (Ezech.
1455 4569 1494 4620 ι,
1527 4551 1639 4626 15).
1672 4553 1740 4610 Ει
1778 4553 1919 4609 infra
1951 4571 1965 4608 :
1997 4555 2190 4610 Audie-

2284 3333 2664 3400 conversione,
2699 3333 2900 3387 famam
2930 3331 3103 3401 magis
3132 3341 3186 3385 et
3212 3345 3492 3401 pompam,
3538 3345 3704 3400 quam
3749 3329 3861 3384 veri-

2285 3437 2450 3484 tatem
2481 3436 2723 3483 secutus.
2768 3425 2901 3481 Nam
2944 3425 3070 3479 licet
3109 3424 3369 3493 Origenes
3409 3439 3630 3494 quoque
3681 3433 3860 3485 noster,

2285 3521 2390 3577 hoc
2418 3531 2522 3587 est,
2553 3519 2928 3576 ecclesiastico
2953 3519 3034 3573 vir
3062 3518 3242 3573 ofﬁcio
3281 3517 3519 3584 deditus,
3549 3519 3860 3587 planetarum

2286 3618 2566 3673 stellarum
2597 3615 2886 3686 quamdam
2917 3611 3336 3668 incnarrabilem
3367 3621 3519 3667 motu
3549 3611 3861 3666 harmoniam

2288 3725 2408 3766 esse
2438 3709 2744 3765 suavissimi
2797 3707 2944 3763 illius
2995 3707 3116 3763 soni
3171 3705 3418 3762 cmlestis
3444 3715 3676 3770 asserat,
3712 3715 3859 3759 tamen

2287 3805 2450 3860 etiam
2469 3804 2643 3876 ipsum
2670 3803 2960 3873 plurimum
2990 3801 3273 3872 indulgere
3300 3800 3748 3871 philosophorum
3771 3808 3858 3854 tra-

2289 3898 2486 3953 ditioni
2541 3898 2797 3967 pleraque
2853 3897 2974 3966 ejus
3017 3895 3216 3966 scripta
3267 3903 3569 3960 testantur;
3623 3893 3760 3965 quod
3811 3907 3860 3946 eo

2290 3990 2506 4060 scripsi,
2541 3999 2598 4044 ut
2635 4000 2688 4044 et
2719 3990 2786 4044 ab
2816 3988 3142 4059 aruSpicina:
3175 3996 3230 4044 et
3265 4003 3293 4040 a
3331 3985 3694 4057 philosophia:
3723 3985 3859 4040 tradi-

2291 4083 2437 4138 tione
2467 4082 2722 4138 sacriﬁcii
2774 4083 2928 4137 istius
2967 4082 3470 4151 interpretationem
3521 4096 3858 4137 secernerem.

2290 4179 2476 4235 Velint
2513 4178 2604 4232 alii
2632 4176 2938 4231 doctrinam
2970 4177 3204 4247 probare
3231 4191 3408 4242 suam,
3441 4191 3544 4246 ego
3565 4176 3717 4246 juxta
3745 4177 3861 4245 Apo-

2291 4271 2491 4327 stolum
2525 4269 2745 4324 timidus
2773 4269 2938 4336 malo,
2986 4284 3146 4340 quam
3188 4269 3380 4324 doctus
3409 4269 3606 4336 videri,
3641 4270 3726 4340 qui
3761 4269 3857 4323 ait:

2301 4365 2479 4422 Videte
2505 4380 2566 4418 ne
2591 4364 2704 4434 quis
2724 4379 2811 4416 vos
2839 4363 3162 4434 deprwdetur
3184 4378 3273 4433 per
3299 4361 3683 4432 philosophiam
3713 4372 3756 4416 et
3775 4363 3861 4414 ina-

2292 4475 2410 4514 nem
2439 4457 2788 4512 seductlonem
2827 4456 3112 4511 secundum
3139 4456 3469 4510 traditionem.
3497 4455 3774 4521 hominum,
3801 4468 3862 4506 se-

2293 4553 2518 4607 cundum
2577 4552 2878 4607 elementum
2929 4551 3085 4622 hujus
3128 4551 3327 4612 mundi,
3375 4558 3424 4604 et
3469 4566 3574 4605 non
3615 4550 3862 4604 secundum

586 4641 722 4708 bam,
756 4641 952 4714 inquit,
993 4661 1166 4702 vocem
1205 4648 1408 4702 alarum
1443 4664 1641 4714 eorum,
1673 4649 1804 4704 sicut
1827 4664 1996 4704 uocem
2025 4666 2187 4720 aqua-
2213 4632 2266 4693 Ῑ)
2290 4643 2554 4701 Christum
2583 4643 2804 4718 (Coloss.
2838 4660 2899 4712 ll,
2929 4644 3008 4734 8).

586 4752 702 4791 rum
730 4742 1032 4807 multarum,
1064 4751 1112 4794 et
1149 4757 1317 4796 vocem
1347 4742 1579 4797 sublimis
1622 4741 1753 4807 Dei;
1779 4752 1827 4796 et
1869 4759 1983 4798 cum
2027 4743 2181 4810 irent,

585 4840 641 4887 ut
672 4848 768 4889 vox
795 4834 952 4902 verbi,
982 4836 1115 4890 sicut
1140 4853 1311 4892 uocem
1338 4847 1623 4893 castrorum
1653 4837 1844 4910 (lbid.,
1875 4835 1991 4907 24).

587 4993 818 5070 reliquae
833 5006 1018 5066 postea
1047 4998 1178 5056 edit.
1218 5000 1451 5070 reposita
1481 5014 1613 5055 voce
1650 5003 1932 5063 αἰσθήσεις,
1981 4996 2183 5070 (tumin

588 5066 1086 5142 melioribusqmss.
1136 5066 1428 5142 reperitur.
1457 5071 1660 5127 Tamen
1695 5073 1746 5126 in
1793 5071 1878 5126 his
1928 5066 2185 5125 nonnulla

586 5139 878 5194 verborum
912 5139 1211 5198 diversitas
1230 5153 1344 5208 est;
1383 5144 1461 5198 sic
1492 5145 1636 5197 enim
1664 5142 1774 5207 isti,
1806 5153 1862 5196 ut
1894 5143 2046 5196 etiam
2073 5158 2189 5195 sen—

586 5226 673 5262 sus
705 5213 868 5266 nostri
889 5225 1076 5281 manet,
1111 5217 1396 5281 αἰσθήσεις,
1426 5226 1564 5281 ete.;
1601 5212 1689 5267 ubi
1714 5222 1861 5268 certe
1889 5213 2191 5267 subintelli-

588 5283 823 5356 gcndum
858 5284 1068 5356 videtur
1091 5287 1284 5354 species
1315 5288 1554 5356 feminea.
1602 5284 1810 5338 Rursus
1847 5285 1936 5356 ubi
1976 5293 2185 5356 cuncta:

588 5351 718 5407 edit.
756 5356 959 5424 legunt,
985 5351 1253 5422 effetarum
1295 5351 1446 5412 modo
1477 5357 1787 5421 animarum,
1815 5355 2013 5409 melius
2057 5353 2188 5424 legi-

591 5430 676 5477 tttr
702 5427 754 5479 iit
779 5429 989 5482 cunctis
1010 5442 1236 5482 mss.....
1265 5429 1605 5482 animantum.

663 5503 688 5569 f'
712 5496 810 5569 his.
839 5495 1027 5569 Corb.,
1056 5516 1170 5553 cum
1199 5499 1308 5552 dies
1336 5511 1449 5554 octo
1471 5499 1860 5569 complerentur,
1890 5505 1997 5569 etc.

664 5563 690 5601 δ
741 5566 870 5622 Mss.
921 5568 1108 5633 Corb.,
1174 5569 1371 5640 Long.,
1429 5563 1612 5634 Colbﬁ,
1657 5567 1820 5632 Maz.,
1871 5567 2185 5640 dictionem,

593 5647 757 5718 avem,
777 5639 1087 5718 restituunt;
1114 5655 1237 5696 cum
1255 5639 1313 5697 in
1338 5642 1483 5707 aliis,
1512 5649 1674 5712 atque
1703 5639 1756 5694 in
1781 5639 2031 5694 omnibus
2053 5639 2184 5694 edit.

596 5715 896 5762 omittatur.

672 5787 694 5814 ε
755 5776 1212 5854 Desiderabantur
1256 5785 1310 5839 in
1359 5785 1491 5840 edit.
1544 5797 1666 5854 quae
1703 5789 2000 5854 sequuntur
2044 5782 2185 5854 inter

596 5844 734 5904 duos
773 5850 1000 5906 uncinos
1027 5854 1440 5925 comprehensa,
1471 5844 1854 5926 legebaturque
1890 5853 2042 5910 locus
2081 5853 2185 5910 hoc

2366 4739 2455 4794 55.
2477 4738 2632 4808 Quod
2665 4748 2847 4794 autem
2879 4738 2955 4793 ait
2982 4755 2995 4793 τ
3029 4736 3218 4793 Divisit
3261 4737 3524 4792 Abraham
3564 4753 3793 4809 corpora,
3827 4743 3865 4789 et

2293 4835 2522 4890 consedit
2553 4833 2658 4888 illis
2702 4831 2910 4903 (Cenes.
2961 4849 3054 4899 xv,
3101 4833 3219 4904 11),
3271 4848 3339 4888 ne
3385 4833 3508 4904 quis
3553 4833 3862 4902 extispicium

2288 4994 2454 5052 modo
2487 5013 2499 5048 :
2541 4993 2768 5048 Virtutes
2792 5005 2911 5049 sunt
2938 5010 3054 5064 qua:
3077 4995 3140 5048 de
3167 5005 3216 5049 te
3240 5004 3540 5061 poscuntur.
3565 4995 3673 5051 Sed
3693 4995 3863 5050 omissa

2291 5067 2500 5138 primus
2533 5065 2777 5122 exhibuit
2801 5065 2928 5122 Gill.
2963 5068 3014 5122 in
3045 5066 3212 5120 variis
3241 5067 3570 5121 lectionibus
3597 5067 3664 5122 ad
3687 5067 3863 5121 calcem

2291 5137 2404 5193 Sua:
2433 5137 2590 5206 edit.,
2621 5139 2942 5194 auctoritate
2964 5138 3190 5193 duorum
3218 5138 3468 5194 codicum
3499 5139 3864 5204 antiquissima;

2291 5225 2505 5282 manus,
2557 5209 2766 5265 scilicet
2807 5209 3120 5282 Dionysiani
3162 5225 3226 5264 ac
3265 5209 3570 5282 Sorbonici.
3614 5209 3721 5265 Nos
3760 5223 3864 5264 vero

2290 5280 2482 5336 eadem
2541 5283 2592 5336 in
2644 5290 2847 5339 textum
2911 5280 3270 5343 restituimus,
3331 5280 3454 5335 freti
3515 5297 3650 5336 mss.
3702 5281 3860 5343 Corb.,

2291 5353 2490 5422 Long.,
2541 5352 2692 5407 Colb.
2747 5361 2802 5407 et
2856 5352 3018 5417 Maz.,
3061 5369 3286 5423 quorum
3333 5352 3539 5420 primus
3578 5353 3684 5408 800
3720 5368 3863 5407 annos

2298 5435 2498 5494 aequat,
2531 5434 2623 5478 aut
2649 5433 2892 5492 superat.
2932 5426 2998 5479 Et
3023 5424 3235 5492 quidem
3269 5424 3626 5479 Ambrosiana
3653 5439 3766 5479 esse
3785 5424 3863 5477 mi-

2297 5497 2443 5551 nime
2474 5495 2712 5567 negabit,
2741 5497 2832 5566 qui
2876 5497 3094 5566 stylum,
3124 5498 3361 5551 materiae
3389 5497 3761 5562 cognationem
3795 5505 3862 5567 at:

2294 5584 2400 5641 que
2427 5565 2672 5641 ordinem
2703 5565 3012 5641 diligentius
3043 5567 3442 5641 introspexerit.
3470 5567 3570 5641 His
3585 5567 3721 5641 adde
3743 5565 3860 5641 quod

2295 5638 2558 5696 nonnulla
2607 5641 2845 5695 citantur
2891 5654 2918 5691 a
2979 5639 3124 5692 Bart.
3157 5638 3416 5694 Urbinate
3458 5640 3510 5694 in
3555 5638 3860 5705 Milleloquio

2293 5712 2654 5767 Ambrosiano
2685 5711 2752 5765 ad
2793 5725 3002 5777 vocem,
3045 5711 3226 5765 coelum
3272 5728 3284 5762 :
3335 5710 3474 5764 unde
3519 5711 3736 5780 colligas
3777 5708 3859 5762 huc

2293 5783 2581 5865 fragmenti
2611 5784 2664 5839 in
2697 5781 2867 5840 Italiae
2887 5797 3101 5853 quoque
3129 5796 3258 5838 mss.
3289 5781 3485 5854 quibus
3510 5796 3639 5837 usus
3663 5789 3758 5846 est,
3782 5795 3856 5834 ex‘

2288 5864 2510 5910 BllllSSe.’
