4082 6370
631 317 742 374 485

1961 305 2211 366 SANC‘I‘I
2249 303 2580 364 amosu

3873 305 3960 364 488

623 443 754 490 sunt
783 432 1102 488 insidiarum
1131 443 1194 484 ac
1225 427 1714 499 perturbationum.
1767 421 2030 480 Videntur
2075 423 2221 478 enim
2247 427 2305 488 Α
2399 419 2656 494 gari/ieci?
2683 417 2800 488 Quo
2837 421 3052 492 denique
3079 421 3208 478 visio
3253 425 3504 494 ﬂammat
3547 427 3714 492 atque
3753 423 3960 494 [ornaris

625 541 759 582 aves
787 527 908 580 isne
933 525 1040 580 cibi
1069 539 1228 580 causa
1260 518 1612 576 descendisse
1649 527 1814 586 supra
1839 529 2090 586 corpora.
2121 513 2228 568 Na-

625 618 876 673 turaliter
907 627 1086 670 autem
1123 613 1480 670 violentiares
1509 611 1858 679 potioresque
1901 607 2106 662 viribus
2135 621 2228 660 su—

629 725 726 779 per
748 707 1072 764 infirmiores
1099 707 1332 770 irmunt,
1360 713 1416 760 et
1437 701 1590 774 quasi
1635 697 1866 756 mortuis
1903 695 2228 768 corporibus

625 803 968 864 incumbunt,
996 816 1062 856 ex
1091 799 1383 869 improviso
1417 795 1752 866 frequentius
1777 794 2046 847 irruentes
2075 789 2223 856 :-vel,

623 897 764 966 quod
813 893 994 948 verius
1037 903 1188 962 puto,
1239 890 1366 962 quia
1411 889 1664 956 princeps
1707 883 1894 938 mundi
1937 881 2128 952 hujus,
2173 887 2228 934 et

619 989 868 1044 volucres
911 985 1070 1052 creli,
1115 983 1480 1054 spiritualium
1519 979 1774 1050 nequitiae
1825 991 1948 1048 quae
1985 981 2114 1030 sunt
2169 971 2226 1028 iu

617 1088 960 1152 cmlestibus,
993 1099 1090 1140 eos
1127 1085 1222 1155 qui
1267 1081 1538 1138 mundana
1579 1075 1950 1134 sollicitudine
1987 1085 2226 1142 curaque

613 1189 776 1246 divisi
799 1201 952 1254 sunt,
981 1185 1134 1259 gravi
1175 1189 1326 1240 motu
1359 1183 1662 1245 incessunt,
1703 1186 1760 1232 et
1789 1175 1938 1230 velut
1959 1172 2224 1228 cadavera

613 1297 956 1340 mortuorum
1008 1282 1304 1336 dilacerant
1355 1276 1518 1332 dente
1563 1285 1780 1340 aspero.
1833 1269 1906 1324 De
1949 1267 2029 1322 his
2077 1264 2222 1318 enim

609 1375 818 1433 dictum
845 1385 930 1430 est
959 1389 972 1426 :
1023 1371 1280 1440 Relinque
1315 1377 1545 1422 mortuos
1585 1363 1801 1436 sepelire
1837 1369 2064 1414 mortuos
2101 1373 2224 1412 suos

613 1469 774 1540 (an.
799 1483 878 1536 ix,
901 1465 1015 1537 60);
1031 1467 1154 1535 quia
1173 1461 1378 1518 sunttle
1401 1475 1568 1529 regno
1590 1453 1895 1524 diaboliqui
1921 1455 1970 1505 in
1984 1449 2224 1518 seipsum

611 1564 827 1620 divisus
857 1571 964 1616 est.
1011 1560 1114 1627 Qui
1153 1567 1332 1612 autem
1365 1563 1490 1610 sunt
1531 1553 1602 1608 de
1641 1565 1810 1620 regno
1855 1547 1980 1614 Dei,
2029 1542 2224 1614 quibus

615 1657 748 1710 dicit
769 1654 930 1710 .Iesus
956 1671 969 1707 :
1001 1650 1237 1724 Regnum
1267 1647 1364 1702 Dei
1391 1648 1532 1702 intra
1549 1661 1636 1698 ros
1661 1651 1734 1697 est
1763 1640 1916 1710 (Luc.
1949 1653 2080 1704 xvii,
2105 1635 2220 1706 ξι),

613 1749 672 1803 hi
703 1764 813 1802 nou
839 1755 968 1802 sunt
993 1745 1178 1810 divisi,
1209 1743 1338 1814 quia
1377 1740 1665 1796 adhaerent
1693 1737 1836 1800 Deo;
1865 1733 2108 1804 quoniam
2137 1729 2224 1800 qui

2401 517 2654 588 pertineat
2673 517 2699 570 Ρ

2401 609 2492 662 tit.
2527 609 2768 676 Denique
2793 625 2954 679 quam
2987 609 3088 664 hoc
3133 611 3424 667 Abraham
3463 609 3714 682 spiritali
3761 621 3816 666 et
3847 627 3956 681 pro-

2327 705 2548 776 phetico
2587 705 2782 762 aﬂ‘ectu
2827 707 3018 762 fecerit
3061 715 3352 779 sequentia
3395 707 3636 764 docent.
3676 705 3816 760 Nam
3847 707 3956 760 satis

2329 813 2515 853 occasu
2539 815 2776 854 excessus
2803 801 2991 855 cecidit
3015 809 3170 874 super
3191 818 3314 856 eam
3339 818 3360 857 :
3393 811 3443 856 et
3473 817 3600 856 ecce
3647 801 3814 854 tisnor
3859 817 3952 855 ins-

2329 909 2462 964 gnns
2505 902 2552 946 ct
2597 893 2892 949 tenebrosus
2913 895 3146 949 incubuit
3185 911 3346 966 super
3375 909 3502 949 eum
3535 893 3706 965 (Gen.
3731 909 3820 958 xv,
3853 895 3945 960 ιιι.

2329 983 2600 1040 Excessus
2633 987 2916 1058 prophetis
2965 987 3080 1042 fieri
3113 989 3274 1056 soEet,
3321 988 3472 1043 sicut
3505 987 3687 1042 habes
3719 985 3944 1054 Proithe-

2331 1089 2436 1133 tatn
2465 1080 2708 1134 dixisse:
2743 1079 2858 1153 Ego
2897 1082 3010 1136 αἰδῇ
3049 1083 3104 1136 in
3139 1099 3350 1138 excessu
3391 1099 3542 1148 tneo,
3587 1081 3770 1136 omnis
3811 1081 3940 1134 bona

2325 1173 2554 1228 mendas:
2581 1171 2704 1245 (Ps.
2731 1189 2854 1240 etv,
2889 1173 2970 1248 2).
3017 1175 3246 1230 Excedit
3289 1175 3440 1230 enim
3471 1189 3640 1230 mens
3669 1177 3938 1244 propheta:

2327 1265 2474 1320 velut
2501 1263 2636 1320 fines
2659 1267 2920 1336 quosdam
2949 1267 3204 1322 humanae
3235 1267 3576 1338 prudentius,
3605 1269 3836 1337 quando
3871 1283 3938 1320 re-

2331 1357 2506 1426 pletur
2563 1357 2690 1414 Deo.
2741 1359 2808 1414 Et
2851 1371 2980 1416 ante
3025 1371 3254 1416 evacuat
3303 1375 3368 1417 se
3417 1361 3860 1432 cogitationibus
3895 1371 3936 1414 ct

2327 1449 2814 1519 disceptationibus
2843 1453 3027 1508 seculi
3061 1453 3256 1522 hujus;
3303 1463 3362 1508 ut
3401 1454 3740 1510 advenienti
3767 1455 3932 1524 gratis

2327 1543 2558 1612 Spiritali
2599 1559 2786 1612 puram
2829 1559 2889 1600 se
2915 1555 2972 1600 et
2997 1545 3328 1600 cxinauitam
3361 1547 3644 1616 praebeat,
3681 1563 3928 1616 superve-

2329 1635 2440 1690 niat
2465 1637 2518 1690 in
2547 1653 2666 1692 eam
2697 1639 2932 1706 Spiritus
2959 1651 3180 1696 sanctus
3205 1657 3398 1714 magna
3431 1656 3494 1697 se
3537 1644 3592 1696 vi
3625 1641 3926 1698 infundens.

2329 1729 2400 1784 ita
2445 1741 2502 1784 ut
2537 1747 2692 1786 tuens
2737 1731 2970 1788 heroinis
3019 1735 3200 1790 subito
3239 1737 3512 1792 turbetur.
3549 1735 3814 1806 Denique
3843 1739 3926 1790 Aa-

611 1842 840 1896 πείθωνται
881 1838 1170 1903 meretrici,
1211 1852 1372 1890 miunt
1419 1848 1608 1903 corpus
1663 1841 1738 1886 est
1769 1846 1787 1884 :
1833 1826 2003 1882 Erunt
2043 1827 2218 1888 enim,
2249 1831 2298 1894 Β
2325 1823 2480 1894 geltts
2511 1825 2658 1880 venit
2697 1827 2762 1880 ad
2813 1825 3066 1892 Mariam,
3097 1837 3154 1882 et
3189 1841 3314 1884 cum
3345 1828 3648 1884 sedulitate
3693 1839 3756 1884 et
3777 1831 3922 1901 gratis

607 1935 800 2005 inquit.
831 1935 934 1987 duo
963 1933 1016 1986 in
1039 1947 1196 1984 carne
1221 1947 1342 1982 una.
1375 1927 1480 1992 Qui
1521 1935 1694 1980 autem
1721 1921 1948 1976 adituri-et
1993 1917 2218 1970 Domino

613 2043 750 2082 unus
773 2027 987 2095 spiritus
1017 2033 1092 2078 est
1117 2021 1172 2084 (ι
1207 2020 1328 2076 Cor.
1357 2035 1438 2084 vt,
1477 2019 1544 2074 16
1573 2027 1620 2070 et
1655 2017 1768 2086 i7).
1799 2013 1894 2068 isti
1935 2027 2068 2082 ergo
2109 2025 2216 2064 non

611 2129 739 2175 sunt
783 2129 998 2173 u‘tortua
1041 2129 1300 2186 corpora;
1353 2121 1414 2166 ut
1451 2111 1702 2166 volucres
1751 2105 1878 2164 ctuti
1927 2101 2218 2159 comedam

605 2229 728 2280 eos,
757 2213 854 2268 sed
883 2221 1012 2266 sunt
1037 2211 1290 2280 spiritus;
1323 2208 1452 2263 facit
1475 2207 1624 2262 enim
1657 2205 1798 2259 Deus
1831 2201 2060 2273 angelos
2089 2215 2218 2254 suos

605 2309 850 2376 spiritus.
885 2305 1130 2375 Denique
1159 2318 1322 2373 supra
1363 2297 1676 2356 columbam
1703 2307 1762 2352 et
1805 2305 2072 2352 turturem
2107 2309 2217 2348 non

605 2399 1034 2464 descenderunt,
1065 2399 1192 2468 quia
1217 2397 1408 2452 divisa!
1439 2397 1559 2450 ista:
1589 2409 1716 2448 aves
1751 2407 1858 2446 non
1889 2398 2068 2446 erant.
2099 2389 2214 2442 Non

607 2501 738 2549 sunt
755 2494 904 2546 enim
925 2491 1084 2546 divisi
1108 2491 1238 2560 justi
1263 2488 1462 2558 quibus
1481 2485 1702 2548 dicitur,
1731 2493 1791 2538 ut
1811 2485 1922 2538 sint
1941 2481 2216 2551 simplices

611 2585 754 2638 sicut
783 2583 1050 2639 columbae
1079 2580 1303 2654 (Matth.
1335 2597 1390 2644 x,
1427 2577 1538 2648 t6).
1583 2578 1818 2647 Ideoque
1859 2575 1992 2630 dicit
2023 2573 2213 2638 Daiid,

613 2680 740 2750 quia
767 2689 823 2734 et
845 2693 1026 2748 passer
1051 2677 1242 2732 invenit
1269 2675 1364 2730 sibi
1389 2675 1618 2740 domum,
1647 2683 1696 2728 et
1722 2681 1892 2726 turtur
1919 2671 2098 2724 nidum
2119 2667 2216 2722 sibi

609 2771 698 2826 sibi
745 2779 964 2842 reponat
1001 2771 1176 2840 pultes
1215 2784 1338 2824 suos
1367 2766 1486 2840 (Ps.
1521 2779 1752 2828 uxxtlt,
1789 2761 1866 2836 4).
1899 2762 2028 2818 Haec
2055 2776 2216 2832 spec-

613 2864 764 2919 tabat
789 2862 1086 2930 Abraham,
1119 2861 1236 2918 ha:c
1279 2859 1548 2932 profundo
1587 2869 1648 2914 et
1673 2857 1908 2929 spiritali
1953 2853 2213 2912 conside-

613 2961 774 3016 rabat
803 2961 1020 3016 intuitu.

679 3057 769 3112 60.
819 3056 1054 3126 [denque
1099 3055 1366 3124 scriptum
1405 3059 1533 3108 est:
1579 3048 1824 3104 Consedit
1867 3047 1974 3102 illis
2021 3045 2214 3100 Abram

603 3149 764 3222 (Gen.
792 3166 882 3216 xv,
913 3149 1026 3220 t2),
1061 3165 1170 3204 non
1209 3147 1362 3219 quasi
1399 3145 1755 3216 aruspicinae,
1785 3141 1880 3198 sed
1911 3139 2068 3210 quasi
2095 3153 2211 3194 coe-

2325 1916 2502 1982 rcuit;
2535 1925 2592 1974 et
2635 1929 2816 1974 tamen
2871 1919 3036 1975 Maria
3089 1931 3235 1976 mota
3281 1931 3366 1977 est
3411 1923 3466 1976 in
3519 1923 3760 1978 introitu
3807 1923 3920 1990 ejus.

2320 2009 2476 2066 Unde
2521 2013 2759 2083 Angelus
2787 2015 2860 2068 ait
2891 2015 2958 2070 ad
2987 2031 3108 2072 eam
3145 2035 3158 2069 :
3199 2015 3280 2070 Ne
3304 2018 3523 2084 timens,
3561 2017 3770 2082 Maria,
3803 2019 3920 2070 iaee-

2321 2103 2440 2158 nisti
2485 2105 2618 2158 enim
2649 2107 2872 2176 gratiam
2897 2107 3042 2176 apud
3091 2107 3257 2162 Deum
3285 2125 3304 2164 .'
3333 2119 3382 2164 et
3425 2126 3542 2163 ecce
3583 2111 3852 2180 concipies
3881 2111 3920 2160 is

2319 2207 2484 2264 utero,
2507 2207 2556 2252 et
2581 2202 2753 2268 partes
2769 2201 2940 2270 ﬁlium
2965 2200 3120 2273 (Luc.
3145 2217 3188 2268 ι,
3219 2201 3291 2258 50
3319 2215 3374 2258 et
3393 2201 3512 2273 5i).
3537 2201 3918 2273 Cognoscimus

2319 2307 2448 2360 ergo
2477 2292 2602 2362 quia
2623 2294 2842 2364 quando
2871 2297 3016 2350 venit
3043 2297 3216 2366 gratia
3243 2295 3338 2351 Dei
3363 2313 3526 2365 super
3555 2297 3916 2367 prophetiam

2319 2395 2580 2450 mentem,
2605 2385 2785 2440 subito
2807 2387 2986 2454 irruit,
3019 2397 3078 2444 et
3105 2389 3228 2444 inde
3253 2389 3572 2445 incubuisse
3593 2399 3650 2446 et
3671 2391 3914 2446 οεείεῆκςε

2317 2489 2480 2546 super
2523 2477 2818 2548 prepbetas
2861 2481 3122 2552 Spiritum
3171 2495 3424 2538 sanetum
3481 2483 3762 2553 legimus;
3811 2485 3912 2554 quis

2315 2588 2600 2628 excessum
2639 2575 2860 2644 patitur,
2909 2585 2964 2630 et
2995 2577 3260 2642 turbatur,
3305 2587 3362 2633 et
3411 2579 3592 2644 timet,
3625 2589 3686 2634 et
3715 2579 3910 2646 quihus-

2317 2665 2439 2720 dam
2473 2668 2790 2737 ignorantite
2817 2678 2872 2724 et
2901 2669 3280 2740 imprudentiae
3311 2673 3556 2726 tenebris
3587 2671 3906 2727 oﬁ‘nnditnr:

2315 2759 2458 2814 sicut
2483 2769 2538 2814 et
2565 2761 2620 2815 in
2653 2760 2874 2816 Actibus
2901 2761 3292 2830 Apostolorum
3315 2765 3547 2834 tegimus
3583 2765 3734 2836 (Act.
3765 2781 3836 2824 ιι.
3863 2764 3902 2832 l,‘

2316 2853 2438 2924 quia
2475 2853 2832 2910 eircumfulsit
2855 2869 3020 2926 super
3061 2857 3282 2912 Saulutn
3327 2857 3398 2913 de
3425 2859 3682 2922 cmlo,.et
3711 2859 3902 2922 cecidit,

2315 2955 2372 3002 et
2416 2945 2646 3016 horrore
2673 2947 2838 3004 animi
2871 2949 3118 3004 turbatus
3147 2959 3252 3012 est,
3299 2961 3356 3006 et
3397 2951 3610 3006 audivit
3641 2965 3832 3006 vocent
3855 2950 3902 3004 de

2315 3041 2454 3096 cmlo
2493 3041 2766 3096 dicentem
2799 3061 2812 3098 :
2861 3043 3044 3108 Sauie,
3080 3043 3278 3112 Sanle,
3317 3045 3450 3114 quid
3487 3061 3572 3100 sue
3601 3045 3898 3118 perueneris

2311 3134 2560 3206 (Ibid)?
2599 3137 2802 3192 Desinit
2831 3137 2976 3192 enim
3016 3137 3202 3194 videre
3245 3139 3552 3202 surcularis.
3603 3143 3700 3210 qui
3743 3141 3898 3209 incipit

599 3244 754 3299 testis
781 3243 1130 3300 revelationis
1152 3241 1442 3311 interpres,
1471 3240 1625 3310 signa
1651 3237 1848 3292 divinae
1875 3223 2210 3305 operationis
2231 3237 2282 3308 (ς
2315 3230 2502 3286 audire
2523 3230 2724 3286 divina.
2754 3231 2910 3290 Unde
2949 3243 3004 3288 et
3037 3234 3284 3290 timorem
3313 3234 3554 3290 Abrahae
3583 3245 3642 3291 et
3673 3235 3895 3291 tenebras

599 3340 914 3410 explorans.
967 3338 1118 3393 Mens
1169 3335 1312 3392 enim
1357 3335 1564 3390 directa
1611 3333 1678 3388 ad
1725 3329 1928 3386 Christi
1977 3327 2209 3398 gratiam

601 3431 824 3486 videbat
855 3431 1002 3485 hunc
1037 3429 1296 3484 mundum
1327 3429 1545 3497 plenum
1583 3439 1708 3481 esse
1735 3421 2060 3494 iniquitatis,
2089 3435 2210 3490 qua:

605 3525 758 3580 velut
785 3541 816 3578 a
843 3539 1060 3580 summo
1085 3525 1208 3579 coeli
1243 3522 1481 3588 volaret,
1515 3529 1570 3574 et
1597 3517 1932 3588 opprimeret
1959 3514 2208 3569 infirmos

601 3629 766 3674 terra:
795 3637 810 3671 ς
845 3617 1159 3687 pudicitiam
1191 3625 1396 3680 autem,
1433 3615 1614 3679 ﬁdem,
1645 3610 2014 3666 sinceritatem
2047 3607 2209 3662 nullis

605 3725 730 3768 esse
757 3711 1026 3766 obnoxias
1057 3711 1398 3781 passionibus
1424 3727 1436 3761 :
1465 3707 1632 3780 339
1655 3707 1936 3760 avaritiam
1969 3717 2122 3766 vero,
2151 3711 2208 3758 et

595 3803 995 3860 sollicitudines
1025 3805 1208 3860 surculi
1247 3803 1446 3874 quibus
1485 3801 1818 3857 snﬂ'ncantur
1863 3799 1956 3869 qui
2005 3797 2208 3852 habent

597 3898 906 3966 voluptates
925 3897 1262 3960 divitiarum,
1287 3895 1578 3950 dilacerari
1595 3909 1662 3950 ac
1689 3892 1880 3948 dividi.
1911 3899 1938 3928 ει
1969 3889 2124 3948 Unde
2149 3897 2206 3944 et

591 3990 798 4047 divitiae
837 3990 998 4046 dicta:
1029 4002 1151 4046 sunt
1185 4005 1338 4046 curm
1363 3999 1416 4044 et
1439 3989 1800 4060 cogitationes
1831 3985 2014 4040 mundi
2041 3985 2202 4052 hujus

591 4081 811 4156 (Matth.
837 4099 953 4150 xui,
977 4084 1072 4156 2-2)
1088 4102 1102 4150 ;
1121 4083 1262 4156 quod
1287 4094 1523 4140 mentem
1547 4081 1818 4147 dividant,
1844 4077 2084 4150 atquein
2107 4075 2198 4132 di-

595 4189 812 4230 versum
849 4176 1104 4231 scindant
1128 4219 1142 4242 ,
1191 4185 1246 4232 et
1277 4177 1328 4230 in
1359 4187 1546 4247 partes
1588 4175 1838 4240 trahant,
1883 4189 1986 4229 nec
2015 4173 2198 4228 sinant

593 4267 968 4342 incorruptam
1015 4283 1140 4322 esse
1191 4277 1247 4324 et
1295 4268 1585 4338 integrant.
1649 4266 1741 4321 Vir
1781 4277 1917 4334 ergo
1957 4263 2195 4334 paciﬁca:

591 4360 796 4416 mentis
841 4360 1180 4426 considebat,
1229 4370 1284 4416 et
1325 4359 1706 4416 considerabat
1751 4367 2020 4427 quatenus
2071 4371 2195 4427 pro-

587 4452 782 4508 hibere
825 4453 1075 4508 cominus
1107 4460 1294 4523 posset
1321 4467 1388 4508 ea
1417 4451 1582 4518 mitia,
1607 4461 1728 4521 quas
1775 4451 2084 4506 hominibus
2111 4451 2196 4504 iu-

585 4547 890 4612 vehuntur;
925 4561 1079 4602 mens
1123 4548 1268 4602 enim
1296 4547 1560 4614 sapientis
1589 4547 1690 4600 viri
1725 4561 1786 4600 ac
1805 4543 1943 4616 justi
1981 4543 2190 4600 mederi

2317 3325 2502 3378 mirari
2535 3339 2642 3379 non
2671 3323 2864 3392 debes,
2903 3327 3056 3397 quasi
3087 3339 3286 3398 pra'ter
3315 3329 3570 3383 virtutem
3621 3337 3718 3384 aut
3763 3328 3895 3382 tuen.

2315 3427 2428 3472 tum
2457 3419 2576 3487 ejus
2605 3419 2923 3486 acciderint,
2955 3436 3080 3476 eum
3113 3422 3504 3492 prophetarum
3537 3421 3892 3478 consuetudini

2311 3527 2614 3582 congruere
2639 3513 2924 3580 advertas,
2959 3513 2986 3552 ιι
3031 3515 3248 3586 quando
3279 3516 3534 3586 adjuncta
3553 3555 3570 3580 ,
3603 3525 3668 3572 ut
3689 3529 3894 3588 cognm-

2307 3620 2438 3666 cant
2465 3609 2667 3667 futura.
3333 3595 3340 3600 I

2379 3703 2474 3758 62.
2537 3705 2808 3760 Continuo
2865 3714 3047 3762 autem
3105 3705 3308 3762 dictum
3365 3705 3541 3762 habes
3607 3706 3680 3761 ad
3743 3720 3886 3760 eunt:

2309 3795 2536 3852 Sciendo
2579 3799 2704 3853 scies
2753 3801 2892 3870 quod
2937 3802 3264 3872 peregrinum
3311 3800 3408 3854 erit
3457 3815 3636 3855 semen
3681 3811 3816 3854 luunt
3847 3799 3886 3848 is

2307 3899 2446 3944 terra
2469 3907 2573 3944 non
2595 3907 2710 3956 sua,
2733 3901 2780 3946 et
2819 3894 3028 3948 sei-vitio
3053 3895 3434 3966 apprimentur,
3465 3905 3512 3948 et
3539 3894 3792 3948 nocebunt
3809 3895 3882 3956 eis,

2305 3995 2352 4037 et
2377 3985 2718 4040 humiliabttnt
2747 4001 2832 4041 eos
2861 3988 3012 4041 annis
3053 3987 3444 4060 quadringentis
3485 3985 3644 4058 (Gen.
3679 4003 3766 4052 xv,
3795 3987 3882 4054 i3).

2307 4077 2495 4132 Merito
2517 4078 2837 4134 tenebrosus
2857 4078 3020 4152 350
3045 4079 3238 4135 horror
3259 4091 3314 4136 et
3337 4097 3569 4151 magnus
3595 4081 3770 4136 factus
3789 4089 3880 4136 est:

2304 4171 2428 4239 quia
2451 4185 2640 4240 magna
2661 4173 2876 4226 oracula
2905 4172 3314 4238 deferebantur,
3335 4157 3462 4228 cuni
3489 4173 3560 4229 de
3583 4175 3784 4244 populo
3801 4187 3882 4226 sa:-

2299 4261 2548 4316 culorum
2567 4261 2798 4316 dabatur
2819 4273 3174 4334 praeceptum.
3189 4265 3478 4332 Quomodo
3499 4273 3610 4320 tam
3641 4267 3794 4320 facile
3811 4279 3884 4317 ra-

2303 4369 2428 4422 pere
2449 4354 2590 4410 istud
2613 4367 2768 4412 meus
2795 4355 3030 4411 humana
3057 4367 3287 4427 poterat,
3311 4358 3552 4414 maxime
3575 4377 3696 4430 qua:
3721 4359 3882 4413 adme-

2297 4452 2548 4520 nehatur,
2579 4454 2716 4508 utin
2765 4454 2865 4510 hac
2913 4457 3353 4526 peregrinaretur
3383 4457 3568 4510 terra?
3597 4455 3716 4511 Non
3759 4456 3878 4510 enim

2300 4555 2404 4600 tam
2435 4562 2554 4616 qua:
2581 4545 2754 4602 futura
2801 4558 2954 4602 erant
2983 4548 3420 4616 declarabantur,
3453 4567 3620 4620 quam
3651 4550 3879 4620 pra-scri-

587 4642 774 4699 stndet
817 4641 1070 4697 littnianis
1113 4642 1366 4706 casibus.
1409 4651 1468 4698 et
1511 4639 1800 4711 prohibere
1829 4653 1894 4696 ac
1937 4653 2188 4696 resecare
2215 4641 2268 4720 ι’)
2297 4639 2567 4696 bebantur
2593 4659 2714 4712 quae
2761 4641 3008 4698 facienda
3051 4643 3207 4698 nobis
3255 4643 3476 4700 forent:
3525 4642 3876 4714 Peregrinum,

581 4735 894 4792 animarum
939 4744 1249 4792 nostrarum
1297 4735 1532 4792 labores.

1185 4861 1417 4928 CAPUT
1449 4867 1540 4928 IX.

587 5005 758 5074 Quare
807 5006 1045 5062 ceciderit
1091 5023 1329 5062 excessus
1383 5024 1444 5062 ac
1487 5008 1641 5062 timor
1687 5023 1845 5078 super
1887 5008 2186 5074 Abraham;

653 5101 838 5170 quidve
883 5095 1144 5157 redditum
1187 5105 1360 5159 eidem
1397 5103 1663 5158 oraculum
1705 5105 1770 5159 de
1813 5119 1923 5158 sum
1967 5103 2186 5170 posteri-

647 5199 766 5252 tatis
797 5199 1210 5270 peregrinatione
1241 5210 1290 5254 et
1315 5200 1560 5254 servitute
1583 5199 1640 5252 in
1668 5197 2002 5269 Ατέθῃριομιε
2025 5207 2187 5254 morte

649 5292 864 5362 propria
887 5331 905 5360 ,
953 5293 1116 5364 deque
1143 5293 1444 5348 liberatione
1471 5292 1794 5364 posteritatis
1841 5292 2076 5366 ejusdem
2105 5291 2181 5347 si-

651 5433 676 5461 ⁸
712 5431 829 5500 Am.
855 5441 1016 5498 atque
1041 5425 1195 5492 Era.,
1225 5427 1381 5500 (lude
1399 5437 1450 5482 et
1469 5429 1649 5482 diuisa:
1671 5428 1823 5482 dicta:
1845 5438 1981 5488 sunt.
2005 5433 2168 5500 quod,

575 5504 681 5572 etc.
709 5497 860 5564 Gil|.,
891 5499 1039 5556 Unde
1057 5512 1104 5554 et
1131 5500 1325 5554 dmino:
1349 5499 1506 5554 dicta!
1534 5511 1652 5554 sunt
1679 5515 1838 5572 curre.
1865 5497 2029 5570 quod,
2057 5497 2166 5572 ere.

577 5563 737 5642 limit.
759 5563 986 5636 omittit,
1013 5587 1172 5625 carae.
1221 5572 1484 5626 Vidi-titur
1511 5583 1691 5625 autent
1739 5565 1828 5624 hie
1859 5563 2169 5642 significare

577 5637 920 5707 Ambrosium
951 5657 1163 5707 vocem,
1189 5643 1404 5704 divitiis.
1437 5659 1467 5695 a
1497 5643 1690 5706 verbo,
1713 5637 2168 5706 diridofvoluisse

575 5705 885 5774 deductam,
903 5727 1028 5766 cum
1051 5705 1276 5768 minime
1304 5715 1595 5768 obscurum
1619 5705 1690 5767 sit
1719 5705 2165 5772 viriunsanetum

574 5775 934 5856 alludere__ad
965 5785 1140 5838 locum
1165 5799 1196 5839 e
1225 5787 1485 5856 parabole
1511 5784 1803 5848 seminum,
1829 5792 1988 5856 quem
2015 5801 2166 5843 nota-

571 5850 769 5904 vimus.
821 5850 1070 5910 Nostram
1111 5850 1294 5912 autem
1338 5855 1626 5915 lectionem
1669 5850 2010 5916 constituunt
2049 5871 2162 5918 non

2295 4733 2500 4803 inquit,
2547 4735 2644 4788 erit
2677 4751 2848 4789 sentcn
2891 4745 3067 4800 tuum;
3097 4735 3210 4792 sive
3255 4738 3378 4806 quia
3425 4751 3624 4791 omnes
3655 4737 3880 4790 homines

2293 4827 2565 4896 peregi-iui
2593 4841 2717 4882 esse
2745 4827 3043 4884 debeamus
3071 4830 3122 4882 in
3165 4829 3266 4884 hac
3305 4837 3471 4894 terra,
3503 4831 3748 4886 catinium
3777 4837 3877 4881 cte-

2291 4919 2402 4976 nim
2447 4929 2599 4988 pater
2641 4931 2724 4976 est
2773 4922 3091 4978 Abraham:
3141 4923 3257 4980 sive
3299 4923 3426 4994 quia
3475 4939 3668 4980 verum
3711 4937 3878 4978 semen

2291 5013 2524 5070 Abrahae
2555 5017 2930 5086 pcregrinetur
2959 5017 3012 5071 in
3047 5017 3150 5072 hoc
3177 5015 3400 5072 mundo.
3433 5017 3572 5072 lllttd
3617 5017 3762 5072 enim
3799 5029 3876 5070 ve-

2291 5123 2411 5162 rum
2441 5123 2626 5165 semen
2659 5117 2772 5176 est,
2815 5111 2883 5166 de
2915 5125 3024 5180 quo
3063 5111 3266 5166 dictum
3301 5118 3389 5164 est
3419 5127 3430 5162 :
3483 5108 3552 5164 In
3599 5108 3755 5164 Isaac
3795 5107 3874 5162 erit

2289 5217 2460 5256 semen
2501 5211 2646 5256 tuum
2687 5201 2844 5276 (Gen.
2875 5219 2986 5270 ut,
3025 5201 3136 5274 12).
3171 5204 3416 5272 Denique
3441 5203 3534 5273 qui
3565 5217 3626 5258 se
3659 5200 3872 5256 Abraha:

2287 5296 2564 5354 hmredetn
2609 5299 2944 5370 agnoscebat
2979 5298 3058 5354 ait
3091 5317 3104 5352 :
3151 5297 3363 5352 Adoena
3389 5313 3486 5368 ego
3529 5313 3650 5352 sum
3689 5297 3746 5350 in
3791 5297 3874 5348 hac

2275 5433 2438 5508 modo
2466 5449 2565 5491 sex
2605 5451 2735 5492 mss.
2770 5451 2907 5508 quos
2937 5437 3351 5500 consuluimus;
3381 5436 3478 5492 sed
3519 5437 3714 5500 etiam,
3749 5443 3870 5490 teste

2273 5503 2401 5560 Gill.
2447 5511 2502 5560 in
2539 5511 2704 5562 variis
2733 5503 3060 5566 lectionibus
3099 5509 3262 5565 Sorb.
3295 5509 3599 5579 exemplar,
3631 5521 3692 5562 et
3725 5509 3866 5562 Dios.

2273 5579 2735 5660 vetustissimum;
2789 5595 2913 5653 quae
2957 5585 3012 5638 in
3063 5584 3182 5638 istis
3223 5581 3571 5638 bibliothecis
3611 5581 3727 5652 jam
3771 5593 3866 5634 non

2273 5663 2648 5704 IﬂVBHIUﬂIIIT.

2341 5719 2367 5758 ¹³
2389 5722 2598 5798 Onnies
2619 5723 2752 5778 edit.
2777 5737 2902 5778 eum
2929 5727 3102 5781 tribus
3127 5740 3290 5788 mss..
3317 5727 3524 5798 ornando
3549 5733 3864 5798 agnoscunt

2265 5795 2462 5916 futura.
2485 5793 2616 5886 Mss.
2649 5799 2907 5878 quinque,
2931 5799 3138 5864 quando
3161 5793 3428 5868 adjuncta,
3447 5809 3560 5854 etc.
3591 5793 3864 5853 Subiutel—

2291 5865 2564 5916 tuendum.
2592 5876 2712 5916 sunt
2741 5877 2899 5916 umor
2923 5879 2970 5916 et
2999 5869 3240 5916 mdis-az.
3269 5881 3381 5916 etc.

2291 5865 2564 5934 igcndu'm,
2592 5876 2712 5923 sunt
2741 5867 2899 5924 timor
2923 5879 2970 5925 et
2999 5865 3241 5938 tenebrat,
3269 5881 3381 5926 etc.
