4082 6370
188 312 296 369 485

1469 307 1558 362 DE
1598 297 1938 364 ABRAHAM
1975 306 2105 364 LIB.
2144 302 2209 364 ll.

3385 317 3493 376 486

190 437 328 482 terra
347 434 393 480 et
410 424 736 498 peregrinus,
761 424 1082 479 sicutomnes
1101 433 1270 493 patres
1287 422 1384 477 mei
1408 419 1524 495 (Ps.
1556 435 1780 485 xxxviii,
1812 426 1863 488 Α
1888 431 2016 477 sunt
2054 429 2351 493 assumpta.
2392 422 2460 478 Et
2499 431 2623 479 sunt
2665 424 2773 480 alia
2817 433 3006 491 aurea,
3053 426 3154 483 alia
3201 441 3492 499 argentea,

190 522 303 589 i5).
337 521 438 589 Qui
471 521 615 575 enim
666 519 980 590 peregrinus
1031 517 1117 571 hic
1165 515 1356 583 fuerit,
1389 515 1522 570 civis
1565 516 1618 569 in
1649 515 1789 570 cmlo

188 623 316 680 est;
358 619 449 685 qui
493 626 674 669 autem
729 613 784 667 in
833 612 934 679 hac
977 621 1123 667 terra
1173 621 1390 666 omnem
1438 609 1636 664 animae
1676 624 1788 664 sua:

185 708 548 762 substantiam
588 705 1023 762 constituendam
1065 704 1354 776 putaverit,
1387 702 1790 758 hmreditatem-

187 818 293 872 que
326 801 485 872 hujus
533 812 690 857 terra:
722 810 747 837 ει
778 800 1160 872 acquircndam
1206 798 1592 864 exsultaverit,
1619 811 1648 851 a
1696 798 1789 853 Dei

188 914 359 969 regno
390 898 735 954 excludetur.
767 896 918 956 Unde
945 896 1238 966 Apostolus
1267 894 1336 949 ad
1375 894 1565 949 ﬁdeles
1605 893 1786 959 viros,

186 994 409 1049 etcives
436 991 774 1047 Hierusalem
805 991 948 1044 illius
983 1005 1102 1060 qua:
1129 988 1186 1044 in
1213 989 1358 1044 casio
1381 999 1486 1048 est.
1519 997 1574 1042 et
1604 986 1793 1042 Eccle-

185 1088 280 1142 sia:
311 1086 452 1142 filius
477 1085 609 1142 dicit
640 1104 654 1142 :
686 1084 828 1155 Ergo
853 1086 972 1158 jam
1004 1099 1107 1138 non
1142 1083 1262 1136 estis
1287 1081 1499 1136 advenat
1523 1091 1677 1149 atque
1706 1095 1794 1148 pe—

185 1180 382 1246 regrini
412 1196 430 1232 :
457 1179 550 1234 sed
589 1178 711 1231 estis
759 1177 891 1231 cives
939 1187 1258 1236 sanctorum,
1311 1185 1359 1230 et
1402 1174 1666 1228 deniestici
1698 1171 1794 1227 Dei

187 1270 410 1343 (Ephes.
455 1289 520 1336 tt,
571 1271 680 1343 19).
723 1270 838 1326 Non
873 1287 1004 1340 ergo
1037 1271 1151 1325 luec
1179 1279 1321 1324 terra
1355 1275 1540 1323 nostra
1581 1277 1692 1331 est,
1722 1265 1793 1321 de

181 1383 286 1438 qua
333 1377 514 1437 potest
550 1366 803 1436 princeps
849 1364 1032 1420 mundi
1064 1364 1227 1432 hujus
1274 1363 1458 1418 dicere
1498 1360 1795 1416 eatendens

182 1463 365 1516 omnia
398 1477 563 1531 regna
593 1462 744 1516 orbis
771 1469 931 1514 terra:
962 1479 974 1512 :
1010 1457 1126 1512 Tibi
1153 1457 1286 1511 dabo
1310 1465 1612 1529 potestatem
1637 1452 1792 1518 hanc,

184 1556 229 1608 si
249 1554 525 1624 procidens
547 1553 845 1607 adoraueris
870 1550 1180 1624 me(tllattli.
1210 1565 1282 1615 tv,
1312 1548 1367 1621 8)
1396 1566 1408 1602 :
1433 1555 1592 1604 erunt
1615 1545 1796 1600 omnia

188 1653 278 1700 tua
324 1662 446 1714 quae
474 1646 577 1700 sibi
623 1646 788 1701 alieni
819 1645 1119 1708 vindicant,
1151 1653 1206 1699 et
1232 1642 1456 1698 servitio
1487 1639 1798 1710 opprimunt

186 1741 452 1809 papulum
485 1740 611 1806 Dei;
649 1748 707 1794 ut
754 1739 927 1794 servis
957 1738 1076 1807 ejus
1129 1752 1349 1799 nocere,
1399 1747 1457 1791 et
1508 1734 1797 1789 humiliare

1892 518 2014 587 quia
2045 518 2222 572 omnis
2247 529 2497 574 creatura
2529 520 2620 574 Dei
2645 519 2809 585 bona,
2841 529 2895 576 et
2918 523 3149 579 maxime
3181 515 3414 581 hominis
3438 527 3490 581 in

1893 609 2056 664 terris
2109 611 2584 679 praestantissima,
2637 625 2799 682 quam
2853 614 3143 670 honoravit
3199 613 3380 683 Deus,
3437 629 3499 676 ut

1889 703 2187 773 inspiraret
2229 705 2281 758 in
2315 705 2505 760 faciem
2537 706 2655 777 ejus
2683 708 2934 777 spiritum
2966 710 3122 776 vitae,
3157 719 3209 765 et
3242 711 3496 769 omnibus

1890 797 2195 869 praeﬁceret
2240 800 2627 854 animantibus.
2667 801 2791 857 iltec
2823 803 2911 858 illa
2951 809 3076 858 Sunt
3114 819 3243 858 vasa
3271 804 3338 861 de
3381 801 3501 875 qui-

1895 891 1995 946 bus
2045 889 2178 946 dicit
2221 890 2520 962 Apostolus
2554 911 2566 947 :
2629 893 2892 950 Habemus
2934 896 3232 952 thesaurum
3272 901 3327 954 in
3365 902 3500 955 vasis

1895 985 2137 1046 ﬁctilibus
2165 984 2210 1055 (1
2239 984 2359 1040 Cor.
2393 1002 2467 1053 tv,
2511 987 2588 1058 7).
2624 987 2748 1043 Haec
2790 998 2874 1044 est
2911 993 3078 1047 vestis
3118 991 3501 1065 Egyptiorum

1894 1098 1997 1153 qua
2027 1083 2264 1138 vestitur
2285 1082 2466 1137 anima
2495 1094 2710 1149 nostra;
2741 1093 2799 1138 ut
2829 1086 3154 1157 locupletior
3195 1089 3321 1145 hinc
3347 1103 3504 1146 rece-

1895 1175 2010 1240 dat,
2033 1185 2218 1245 etquo
2241 1175 2327 1230 hic
2357 1175 2710 1233 vehementer
2740 1179 3036 1246 laborabat,
3071 1181 3356 1239 liberetur.
3381 1183 3501 1239 Non

1893 1270 2073 1326 solum
2100 1271 2245 1326 enim
2274 1269 2450 1326 munis
2489 1283 2734 1326 creatura
2771 1262 3113 1343 intremiscit,
3156 1287 3209 1332 et
3241 1277 3502 1345 parturit,

1899 1363 1993 1418 sed
2066 1364 2226 1419 etiam
2290 1378 2416 1429 nos;
2463 1364 2640 1420 donec
2688 1365 2869 1420 veniat
2910 1366 3214 1434 redemptio
3258 1372 3507 1439 corporis

1902 1456 2095 1510 nostri.
2143 1454 2313 1510 Habet
2359 1456 2623 1511 Dominus
2679 1463 2863 1513 curant
2911 1458 3097 1528 operis
3152 1457 3279 1527 sui,
3343 1457 3507 1517 habet

1901 1560 2106 1605 natura!
2133 1555 2398 1619 promptae
2427 1550 2477 1603 in
2509 1550 2777 1621 plerisque
2803 1551 2829 1588 ά
2862 1551 2930 1607 ad
2960 1553 3226 1608 rationem
3260 1565 3322 1608 ac
3344 1554 3511 1610 bene-

1898 1643 2212 1698 Volemiam.
2239 1639 2425 1710 Neque
2451 1645 2594 1698 enim
2627 1645 2804 1700 excidi
2845 1653 2903 1701 et
2947 1649 3124 1715 perire
3156 1645 3394 1715 patimur
3419 1661 3508 1702 ar-

1899 1737 2082 1802 bores,
2107 1750 2334 1805 quarum
2357 1736 2501 1790 circa
2526 1738 2730 1806 primos
2757 1737 2964 1792 l‘t'ortus
2991 1738 3147 1793 nobis
3177 1737 3352 1793 fetura
3380 1749 3511 1808 pro»

184 1844 454 1889 conentur
483 1843 714 1893 sanctos,
749 1833 864 1888 Dei.
897 1833 1136 1901 Denique
1167 1832 1282 1901 ipse
1313 1830 1479 1884 Filius
1522 1827 1619 1882 Dri
1659 1827 1792 1881 nihil
1827 1832 1872 1894 Β
1901 1833 2124 1900 rumpit,
2149 1831 2195 1884 si
2226 1831 2531 1900 posteriore
2557 1837 2720 1886 art-ate
2744 1842 2836 1887 eas
2858 1841 2948 1887 aut
2970 1841 3164 1887 ventus
3185 1833 3449 1896 decutiat,
3483 1841 3508 1869 ε

181 1927 287 1982 sibi
333 1944 402 1983 ex
431 1928 537 1982 hoc
566 1927 766 1981 mundo
808 1926 1190 1980 vindicandum
1239 1923 1472 1994 putavit,
1505 1922 1650 1976 unde
1676 1922 1791 1974 ait:

192 2027 342 2082 Venit
386 2028 570 2082 mundi
612 2028 771 2100 hujus
801 2026 1073 2096 princeps,
1121 2025 1249 2077 etin
1289 2037 1367 2076 me
1413 2021 1636 2074 inveniet
1664 2019 1797 2073 nihil

181 2121 365 2193 (Joan.
400 2137 510 2186 xiv,
540 2120 652 2191 50).
687 2117 898 2174 Dirersi
928 2131 1059 2187 ergo
1089 2114 1303 2169 Domini
1333 2113 1385 2167 in
1414 2113 1675 2167 servitute
1701 2124 1798 2165 nos

183 2214 382 2268 volunt
433 2224 653 2277 tenere,
706 2211 942 2266 incessat
984 2207 1267 2270 diabolus,
1311 2205 1578 2260 infestant
1622 2200 1799 2273 angell

183 2305 342 2376 ejus,
395 2305 676 2374 passiones
706 2315 995 2370 motusque
1037 2298 1286 2370 corporis
1335 2297 1483 2353 velut
1514 2293 1800 2351 domestici

183 2407 352 2467 atque
384 2395 630 2451 intestini
657 2395 842 2450 hostes
869 2393 1193 2463 inquietant.
1227 2390 1382 2445 Foris
1414 2405 1628 2460 pugnae,
1656 2390 1800 2442 intus

185 2490 419 2545 timores
452 2507 466 2544 :
518 2489 651 2543 loris
681 2501 905 2558 pugnae,
951 2486 1095 2540 intus
1118 2485 1468 2554 cupiditates.
1495 2482 1686 2537 Aliena
1720 2487 1804 2537 est

183 2587 338 2639 enim
368 2583 569 2638 intenti
609 2584 857 2650 corporis
897 2580 1204 2635 substantia
1246 2578 1468 2647 poritati
1509 2575 1720 2642 cordis;
1749 2584 1807 2631 et

186 2679 315 2735 ideo
342 2679 649 2750 impugnat,
674 2679 760 2732 vel
786 2687 936 2732 certe
969 2683 1258 2744 repugnat.
1285 2672 1495 2726 Bellum
1517 2687 1650 2742 ergo
1669 2685 1809 2742 quo-

188 2772 464 2826 tidianum
497 2783 604 2836 est,
633 2779 689 2825 et
718 2772 859 2826 intra
891 2776 1070 2824 castra
1109 2766 1301 2822 eadem
1330 2781 1495 2837 grave
1537 2765 1805 2835 praelium,

188 2864 376 2919 donec
397 2866 538 2918 Deus
558 2864 869 2919 misericors
884 2862 1161 2916 diabolum
1191 2872 1358 2932 atque
1385 2860 1667 2915 ministros
1690 2864 1810 2928 ejus

189 2959 444 3030 iudicet,
491 2961 780 3030 passiones
820 2957 1152 3026 restinguat,
1183 2971 1244 3010 ac
1287 2953 1539 3024 subjiciat
1585 2951 1612 2991 δ
1641 2953 1812 3007 menti

196 3051 440 3117 sedulae,
471 3050 723 3120 exquirat
760 3049 972 3104 animas
1002 3056 1215 3102 nostras
1242 3047 1312 3102 de
1351 3046 1605 3103 omnibus
1646 3044 1812 3099 oil‘eu-

196 3149 409 3216 sionis,
441 3157 496 3204 et
537 3147 764 3217 periculi
807 3146 978 3202 nostri
1020 3145 1359 3209 auctoribus,
1386 3145 1476 3214 qui
1521 3145 1636 3198 ait:
1674 3143 1813 3199 San-

1901 1933 1998 1980 aut
2042 1924 2122 1978 sol
2172 1924 2394 1991 adurat,
2442 1933 2536 1979 aut
2573 1924 2887 1980 sollicitanda
2935 1935 2994 1981 et
3042 1925 3510 1982 subministranda

1900 2019 2098 2072 virtute
2126 2017 2462 2072 siccitatibus
2493 2017 2709 2072 deﬁciat
2737 2019 3036 2075 substantia
3071 2037 3084 2074 :
3133 2021 3226 2076 sed
3273 2021 3513 2077 meliori-

1899 2110 2002 2164 lius
2041 2113 2192 2165 auris
2219 2111 2523 2166 diﬂ'ori’mus
2553 2112 2961 2168 examinandas.
2999 2115 3062 2168 Et
3094 2114 3217 2170 ideo
3246 2112 3512 2171 Dominus

1907 2203 2050 2258 Deus
2080 2211 2270 2258 noster
2311 2203 2470 2259 bona:
2517 2205 2809 2262 voluntatis
2838 2217 3238 2274 reniunerator,
3285 2212 3448 2262 t-tiam
3485 2198 3508 2246 ῖ

1905 2299 2094 2368 prima;
2122 2298 2314 2353 feturae
2338 2307 2502 2370 atque
2525 2299 2731 2357 indolis
2760 2301 3275 2371 contemplationem
3307 2301 3514 2360 habens

1901 2402 2066 2446 omne
2107 2389 2289 2461 colligi
2342 2393 2544 2462 patitur
2603 2395 2804 2448 animae
2865 2405 3068 2449 nostrae
3126 2395 3512 2466 patrimonium

1905 2495 1962 2540 et
1987 2486 2294 2555 reservari,
2329 2485 2493 2542 futuri
2531 2486 2796 2544 adventus
2836 2487 2968 2544 illud
3006 2489 3337 2560 probaturus
3376 2499 3516 2546 tem-

1907 2580 2080 2650 peric.

1911 2703 1925 2725 -.
1979 2674 2068 2729 64.
2114 2675 2320 2730 Memor
2365 2675 2547 2745 itaque
2592 2674 2674 2730 sui
2725 2675 2968 2732 muneris
3011 2673 3154 2746 quod
3206 2674 3515 2732 immortale

1911 2767 2083 2821 voluit
2131 2779 2256 2822 esse
2301 2768 2494 2836 aequis,
2539 2767 2633 2822 sed
2664 2767 2713 2822 si
2737 2769 2896 2840 culpa
2945 2781 3050 2824 non
3100 2765 3436 2838 obrepsisset
3463 2773 3519 2825 ct

1911 2862 2109 2931 gravis,
2135 2869 2258 2932 quae
2288 2860 2415 2916 fecit
2457 2871 2518 2915 ιιι
2563 2875 2673 2917 non
2721 2863 3010 2932 expediret
3063 2863 3311 2919 homines
3355 2871 3382 2911 8
3426 2859 3521 2919 diu

1915 2955 2132 3020 vivere,
2165 2957 2241 3008 ait
2279 2953 2347 3008 ad
2388 2947 2657 3010 Abraham
2689 2965 2703 3008 ξ
2742 2955 2821 3010 'l'u
2861 2969 3031 3010 autem
3061 2957 3159 3011 ibis
3183 2957 3255 3010 ad
3285 2965 3542 3025 parentes

1915 3047 2031 3099 tuos
2069 3063 2185 3099 cuin
2215 3059 2362 3116 pace,
2408 3048 2634 3102 nutritus
2661 3049 2717 3102 in
2755 3057 3014 3103 senectute
3039 3048 3172 3102 bona
3214 3047 3370 3122 (lien.
3419 3065 3518 3118 xv,

1921 3138 2035 3209 15).
2067 3138 2273 3192 Patitur
2304 3145 2402 3192 nos
2422 3139 2710 3195 discedere
2738 3157 2803 3196 ex
2834 3141 2937 3195 hoc
2984 3141 3188 3198 sarculo
3211 3186 3225 3210 ,
3259 3152 3318 3198 nt
3347 3157 3526 3198 seces-

197 3245 417 3314 guinem
469 3243 766 3296 animarum
815 3249 1100 3294 vestrarum
1151 3238 1418 3305 exquiram
1468 3236 1532 3289 de
1584 3236 1818 3289 "turribus
1844 3255 1889 3318 ρ
1922 3233 2301 3287 sioue'animte
2333 3231 2436 3286 hoc
2465 3241 2666 3302 corpus
2694 3233 3070 3290 resolvaturitt
3113 3243 3314 3292 terram
3346 3245 3521 3303 suam,

199 3335 443 3388 omnium
471 3334 748 3387 bestiarum
780 3330 934 3404 (Gen.
968 3346 1046 3395 lx,
1089 3329 1168 3400 5).
1217 3329 1283 3383 Et
1323 3328 1562 3384 Joannes
1587 3327 1726 3382 vidit
1765 3337 1816 3382 et

203 3427 391 3482 dixit:
438 3427 577 3491 Quia
621 3442 758 3479 mors
787 3434 831 3477 et
873 3425 1106 3496 infernus
1137 3421 1280 3476 missi
1319 3430 1439 3476 sunt
1479 3422 1534 3475 in
1580 3427 1821 3492 stagnum

201 3520 352 3592 ignis
377 3521 562 3589 (Apoc.
594 3534 686 3584 xx,
720 3517 831 3592 15).

285 3613 380 3670 65.
413 3613 595 3683 Itaque
623 3613 845 3667 exibunt
867 3610 1018 3680 justi,
1063 3618 1124 3664 ut
1153 3609 1286 3663 nihil
1311 3608 1379 3664 de
1418 3624 1518 3663 suo
1546 3608 1822 3663 dimittant

207 3710 266 3766 iit
303 3709 409 3764 hac
429 3717 602 3772 terra;
631 3722 700 3762 ne
727 3707 900 3777 spolia
931 3717 1120 3760 eorum
1145 3703 1420 3759 resideant
1445 3701 1586 3772 apud
1619 3702 1822 3756 incolas

207 3812 269 3859 et
299 3815 653 3871 possessores
681 3800 835 3854 istius
863 3807 1049 3853 terrae.
1081 3809 1102 3837 ε
1146 3798 1248 3864 Qui
1276 3800 1439 3852 etiam
1482 3797 1562 3850 sic
1601 3793 1829 3851 abibunt

206 3897 284 3951 de
316 3905 465 3949 terra
502 3892 722 3963 Egypti
769 3893 890 3958 ista,
938 3902 997 3946 ut
1039 3905 1165 3945 vasa
1211 3906 1332 3960 quae
1377 3898 1730 3959 sumpserunt
1759 3888 1828 3943 ab

210 3988 494 4060 [Egyptiis
537 3998 724 4040 mutuo
773 3985 976 4056 (Exod.
1026 4000 1132 4051 stt,
1164 3983 1234 4039 55
1266 3993 1312 4038 et
1339 3983 1458 4055 56),
1498 3983 1584 4038 vel
1635 3997 1826 4049 aurea,

212 4079 436 4150 inquit,
483 4079 566 4134 vel
614 4086 873 4148 argentea
916 4077 1114 4147 quibus
1155 4075 1221 4130 ad
1269 4087 1479 4144 tempus
1528 4083 1831 4140 uterentur,

212 4193 414 4234 secum
467 4173 744 4237 auferant,
798 4181 853 4228 et
905 4170 1289 4241 depnedentur
1335 4169 1648 4241 Egyptias.
1707 4168 1834 4223 Htcc

213 4287 355 4328 vasa
388 4262 720 4338 acceperunt
744 4266 1018 4321 voluntate
1063 4265 1308 4333 Domini,
1335 4273 1391 4320 et
1428 4279 1614 4320 secum
1641 4278 1704 4318 ea
1739 4277 1838 4318 au-

219 4363 438 4424 ferunt,
468 4359 591 4429 quia
623 4357 1039 4414 resurrectionis
1069 4355 1164 4410 lilii
1195 4365 1340 4418 sunt,
1372 4357 1570 4425 quibus
1591 4355 1794 4410 dicitur
1820 4373 1832 4408 :

215 4453 394 4529 341
407 4453 523 4508 Non
537 4453 718 4524 peribit
730 4451 951 4524 capillus
962 4450 1027 4504 de
1037 4450 1204 4520 capite
1223 4459 1387 4504 vestro
1408 4447 1564 4516 (Luc.
1590 4464 1700 4514 ssi,
1719 4446 1833 4517 18).

221 4547 378 4603 Vasa
405 4548 520 4604 haec
546 4545 786 4619 Egyptii
805 4544 1094 4613 dederunt,
1115 4559 1235 4615 qua:
1265 4544 1334 4600 de
1361 4553 1505 4600 terra
1528 4542 1838 4599 afﬂictionis

1921 3337 1978 3381 et
2003 3326 2099 3382 ﬁat
2123 3329 2248 3383 linis
2286 3331 2493 3398 peccati
2529 3331 2767 3387 :deiude
2793 3347 2891 3404 per
2933 3334 3396 3389 resurrectionem
3438 3343 3529 3388 re-

1923 3419 2189 3476 fortuetur
2211 3421 2417 3478 divina:
2445 3424 2785 3479 liberalitatis
2815 3428 3009 3496 gratia.
3037 3425 3270 3498 ideoque
3293 3429 3429 3482 'diclt
3457 3425 3527 3484 ad

1925 3513 2198 3569 Abraham
2229 3527 2243 3568 :
2291 3515 2367 3569 Tu
2398 3517 2495 3571 ibis
2521 3517 2589 3571 ad
2636 3528 2805 3586 patres
2849 3529 2982 3574 tuos.
3013 3515 3269 3575 Nonnulli
3305 3531 3532 3592 putave-

1921 3617 2052 3664 runt
2078 3620 2260 3679 patres
2303 3623 2425 3666 esse
2470 3612 2761 3678 elementa,
2805 3627 2869 3668 ex
2903 3613 3096 3684 quibus
3144 3624 3359 3670 constat
3403 3621 3533 3671 caro

1922 3709 2110 3756 nostra
2141 3703 2268 3756 dum
2301 3705 2550 3769 vivimus,
2579 3714 2634 3760 et
2658 3705 2712 3759 in
2751 3719 2874 3775 qua:
2914 3707 3261 3761 resolvimur.
3294 3701 3399 3762 Srd
3429 3711 3534 3763 nos

1925 3798 2018 3864 qui
2043 3795 2393 3850 meminimus
2423 3807 2652 3853 matrem
2681 3797 2844 3854 nobis
2863 3813 2988 3855 esse
3014 3800 3349 3854 HieruSaIem
3369 3840 3384 3866 ,
3411 3807 3535 3868 qua:

1927 3903 2145 3944 sursum
2175 3899 2278 3952 est,
2311 3897 2429 3960 qua
2475 3891 2642 3946 libera
2669 3900 2773 3954 est,
2821 3899 2940 3960 que
2971 3897 3053 3947 est
3085 3902 3263 3948 m‘ater
3290 3891 3534 3948 Omnium

1938 3989 2218 4046 nostrum,
2247 3983 2390 4038 sicut
2431 3983 2564 4039 dicit
2594 3985 2891 4053 Apostolus
2927 3984 3121 4056 (Galat.
3153 3997 3226 4053 tv,
3261 3985 3377 4056 26),
3413 3975 3538 4042 ill‘os

1937 4075 2235 4130 asserimns
2261 4084 2446 4147 patres
2489 4077 2578 4148 qui
2610 4077 2732 4131 vita:
2778 4078 2970 4132 merito
2999 4087 3054 4134 et
3083 4078 3272 4134 ordine
3303 4091 3539 4149 praeces-

1935 4176 2147 4223 serunt.
2173 4169 2301 4222 Erat
2333 4169 2444 4224 illic
2465 4168 2603 4225 Abel
2629 4171 2714 4240 pia
2743 4171 2986 4240 victima,
3012 4182 3128 4228 erat
3159 4172 3277 4244 pius
3305 4185 3356 4229 et
3379 4185 3541 4231 sanc-

1937 4270 2025 4317 tus
2054 4263 2265 4330 Eooch,
2311 4273 2428 4319 erat
2464 4263 2600 4326 Noe.
2634 4265 2700 4320 ad
2739 4279 2836 4322 eos
2883 4269 3216 4336 promittitur
3266 4269 3539 4325 Abraham

1939 4357 2220 4410 transitus.
2255 4356 2472 4412 Transit
2497 4358 2644 4413 enim
2677 4360 2766 4430 qui
2793 4360 2859 4414 de
2900 4361 3002 4417 hac
3039 4363 3144 4418 vita
3171 4362 3443 4419 recedens
3473 4363 3542 4420 ad

1937 4450 2102 4504 vitam
2129 4450 2397 4522 demigrat
2443 4452 2692 4517 alteram,
2725 4469 2830 4526 qua
2862 4456 2992 4511 vivit
3021 4471 3175 4512 mens
3203 4457 3464 4527 sapientis
3491 4463 3548 4514 e’t

1933 4545 2066 4616 justi
2096 4546 2200 4601 viri
2223 4546 2318 4617 qui
2358 4549 2600 4604 nutritus
2625 4553 2713 4604 est
2750 4549 2810 4605 'i'n
2839 4565 2992 4622 pace.
3035 4545 3169 4607 Nam
3198 4553 3461 4624 insipiens
3487 4553 3566 4610 tu

314 4716 339 4746 θ
367 4705 529 4761 Rom.
556 4705 712 4772 edit.,
746 4705 1106 4778 acquirendam
1151 4704 1245 4759 sibi
1278 4703 1664 4778 existimauerit.
1700 4702 1836 4758 Αιῑαδ
1863 4705 1918 4766 D
2017 4713 2040 4742 θ
2083 4703 2231 4759 Hanc
2255 4703 2544 4760 lectionem
2574 4722 2695 4776 quae
2722 4709 2888 4762 trium
2907 4723 3040 4765 mss.
3063 4725 3128 4765 ac
3145 4710 3276 4766 edit.
3303 4712 3547 4766 omnium

228 4791 432 4837 omnes
458 4791 579 4834 eum
609 4769 744 4833 mss.
771 4769 1118 4840 omnibus....
1151 4776 1502 4831 exsultavcrit.
1533 4769 1631 4829 ilic
1659 4787 1838 4829 autem

231 4863 436 4909 sensus
457 4865 579 4907 esse
604 4858 804 4922 potest,
828 4850 1187 4906 exsultaverit
1206 4848 1351 4919 quod
1383 4847 1486 4902 sibi
1515 4843 1843 4917 acquirenda

235 4926 337 4982 sit,
369 4934 476 4979 etc.
623 4951 626 4953 λ

318 4964 535 5051 ἶιῖίῖιιιι.
583 4983 712 5050 edit.
747 4995 895 5060 sola,
944 4993 1099 5047 menti
1130 4991 1372 5060 sedulis;
1407 4989 1473 5060 Et
1513 5000 1714 5059 gentem
1763 4989 1848 5044 cui

241 5069 480 5134 servient,
509 5065 758 5139 judicubo
795 5057 910 5138 ego,
945 5066 1069 5118 dicit
1107 5057 1390 5139 Dominus.
1429 5057 1704 5139 Exquirat,
1729 5071 1845 5139 etc.

242 5140 383 5194 ltem
431 5131 555 5207 post
594 5131 1044 5206 aliquot‘lioeas,
1099 5137 1151 5189 in
1207 5141 1465 5207 stagnum,
1505 5134 1660 5207 ignis.
1721 5131 1849 5207 Post

247 5213 360 5265 [nec
409 5205 528 5265 vero
590 5205 904 5263 reuertentur
965 5208 1068 5263 ltuc
1131 5221 1250 5262 cum
1297 5205 1611 5276 supellectili
1663 5205 1845 5260 mlta.

251 5280 463 5336 Itaque.
495 5293 600 5335 etc.

382 5299 407 5328 η
450 5324 463 5334 .
495 5299 600 5335 etc.

311 5299 529 5406 acqlgtlit.
565 5355 754 5406 omnes
782 5365 904 5405 cum
941 5349 1116 5406 tribus
1147 5365 1308 5414 mss.,
1340 5339 1472 5414 Qua:
1517 5349 1713 5403 etiamsi
1743 5347 1855 5402 abi-

256 5426 382 5481 bunt
410 5426 473 5480 de
501 5435 635 5478 terra
661 5425 760 5477 ista
799 5439 954 5488 vasa,
1006 5435 1113 5478 etc.
1152 5422 1431 5478 Mendose.
1472 5420 1580 5476 N‘os
1615 5433 1853 5492 quatuor

259 5513 393 5554 mss.
428 5495 754 5551 auctet-itare
784 5495 964 5550 locum
994 5495 1379 5549 correctiorem
1410 5495 1627 5550 damus.

335 5569 358 5608 ἀ
400 5570 472 5624 Ita
506 5571 688 5621 t-nticti
719 5578 844 5622 mss.
887 5578 940 5622 et
968 5574 1076 5621 vet.
1122 5566 1254 5620 edit.
1291 5572 1486 5637 prater
1515 5582 1674 5637 quam
1707 5563 1851 5636 quod

263 5643 354 5696 ulti
386 5642 554 5696 nostri
587 5641 654 5690 ad
680 5643 948 5704 rationem,
980 5639 1094 5694 Vat.
1139 5652 1262 5691 cum
1291 5636 1424 5693 edit.
1455 5636 1607 5709 legit,
1641 5639 1709 5691 ad
1735 5653 1854 5690 ora-

265 5719 471 5768 tionem.
505 5711 858 5779 Subintellige
895 5710 1201 5778 utrobique,
1235 5727 1445 5778 om,
1477 5723 1601 5778 post
1626 5712 1850 5764 verimm

265 5787 434 5841 habet.
487 5791 552 5838 At
578 5783 708 5838 edit.
754 5783 908 5836 Rom.
955 5782 1026 5836 ita
1059 5799 1170 5849 prie
1195 5797 1255 5836 se
1284 5782 1409 5849 lett,
1457 5781 1607 5837 liabet
1655 5791 1855 5836 natura:

269 5857 493 5930 propriae
513 5857 567 5912 in
593 5855 849 5927 plerisque
876 5853 1158 5919 rationem,
1187 5863 1290 5909 etc.

1949 4782 2053 4841 est,
2101 4791 2168 4846 eo
2208 4779 2507 4832 retinemus
2538 4778 2678 4846 quod
2709 4779 2813 4835 alia
2846 4794 2950 4835 non
3000 4790 3249 4838 occurrat
3290 4783 3550 4846 emcnda-

1946 4848 2076 4920 'tior.
2109 4841 2324 4902 Etenim
2369 4855 2498 4903 niSs.
2539 4841 2744 4918 turb”
2779 4849 2948 4920 Long.
2970 4896 2984 4919 ,
3025 4849 3182 4907 Colb.
3213 4865 3264 4908 et
3292 4845 3429 4908 Muz.
3472 4853 3552 4911 sic

1949 4918 2185 4982 habent,
2219 4927 2274 4972 ut
2305 4919 2383 4973 sol
2415 4922 2640 4976 adurat:
2688 4923 2779 4977 sed
2805 4918 3201 4978 ’mttlioii‘bus....
3242 4927 3548 4979 examinatio

1950 4990 2087 5054 das;
2119 5001 2172 5044 ttt
2197 4991 2508 5059 sufﬁciendo
2529 5005 2575 5046 et
2611 4993 3056 5051 subntinistranda
3081 4997 3269 5050 virtute
3304 4997 3552 5050 siccitati-

1953 5061 2045 5115 bus
2087 5061 2293 5130 deﬁciat
2322 5066 2532 5126 vestris,
2577 5068 2762 5121 anima:
2797 5068 3006 5195 deﬁciat
3046 5067 3367 5133 substantia;
3393 5067 3548 5123 C0“).

1954 5145 2016 5186 ac
2041 5125 2172 5186 Maz.
2207 5132 2328 5187 loro
2371 5134 2553 5195 primi,
2585 5138 2824 5195 deﬁciat.
2901 5151 3078 5195 ruunt.
3134 5141 3378 5193 desierat.
3421 5139 3548 5195 Qua:

1954 5145 2016 5186 ac
2034 5125 2172 5210 ttat.
2207 5132 2328 5187 loro
2371 5125 2553 5210 primi,
2585 5138 2824 5207 deﬁciat,
2863 5125 3078 5210 'lrguut,
3134 5125 3378 5193 desirrai.
3421 5139 3551 5204 Qua:

1955 5205 2171 5276 quidem
2197 5215 2382 5274 aperte
2415 5207 2606 5276 vitiosa
2645 5205 2771 5264 sunt
2810 5205 2868 5266 et
2914 5205 2955 5264 av
2987 5210 3380 5266 recentioribus
3415 5223 3548 5266 mss.

1954 5277 2180 5353 ac_edit.
2212 5278 2280 5353 ita
2298 5278 2592 5353 dissident,
2625 5291 2684 5335 ut
2713 5290 2900 5337 neutra
2932 5282 3093 5336 lectio
3125 5295 3382 5353 germana
3420 5296 3550 5339 esse

1955 5349 2221 5423 videatur.
2255 5351 2310 5404 Si
2338 5354 2460 5422 quis
2485 5368 2664 5408 veram
2695 5363 2884 5408 nactus
2909 5353 3072 5408 fuerit
3095 5395 3109 5422 ,
3131 5349 3275 5408 'eam
3315 5353 3549 5423 publicae

1959 5419 2175 5475 utilitati
2199 5437 2306 5476 non
2337 5419 2594 5480 invideat.

2031 5489 2052 5530 ί
2095 5492 2294 5548 Omnes
2323 5496 2455 5552 edit.
2487 5513 2549 5552 ac
2573 5501 2684 5551 trr's
2709 5503 2842 5552 nisis.
2861 5536 2879 5562 ,
2910 5498 3089 5565 prima:
3117 5495 3306 5566 flaturae
3330 5497 3553 5567 indolis,

1957 5570 2198 5621 utetiam
2228 5581 2387 5643 sitpra
2418 5571 2618 5638 aliquot
2645 5577 2795 5624 retro
2815 5567 3008 5643 lineis,
3029 5571 3174 5624 nobis
3211 5573 3389 5643 futura
3429 5583 3558 5642 pro-

1955 5649 2219 5707 rumpunt.
2273 5639 2380 5696 Sed
2426 5651 2656 5711 quatuor
2699 5655 2829 5695 mss.
2883 5641 3130 5697 ‘meliuris
3175 5639 3319 5699 notae
3375 5639 3555 5699 locum

1957 5714 2269 5768 remittunt.

2026 5790 2062 5857 sq
2093 5781 2256 5857 noui.
2297 5772 2470 5857 edit,
2520 5783 2609 5836 diu
2649 5783 2836 5857 ttinere.
2887 5781 3096 5841 Patitur
3139 5803 3232 5844 nos
3275 5779 3557 5857 discedere,

1956 5852 2175 5909 omissis
2205 5855 2430 5910 vocibus
2455 5853 2814 5911 int'eroiediis.
