4082 6370
609 299 717 359 487
1937 295 2184 356 SANCTI
2219 295 2542 356 AMBROSII
3867 301 3960 357 L88

611 415 761 472 bello
815 414 1047 471 nutritur
1075 422 1130 469 et
1174 412 1227 468 in
1253 411 1537 468 discordiis
1568 428 1580 464 :
1607 411 1786 483 justus
1832 411 1886 495 in
1925 421 2207 470 senectute
2234 419 2290 480 Α
2313 427 2420 469 mo.
2446 412 2524 468 lta
2547 425 2679 484 ergo
2701 419 2755 468 et
2782 423 2884 468 nos
2909 410 2966 468 in
3002 419 3148 470 terra
3177 410 3286 469 hac
3316 410 3653 469 afflictionis
3686 410 3958 484 fugiamus

617 509 760 566 bona
791 509 940 566 vivit.
971 509 1084 565 Non
1107 508 1241 564 dixit
1264 509 1446 579 longa,
1477 507 1572 564 sed
1597 506 1731 562 bona
1760 506 1918 581 (Gen.
1954 525 2049 576 xv,
2083 509 2176 581 15)
2201 551 2216 578 ,
2321 505 2522 561 lateres
2550 505 2784 561 formare
2819 522 2833 560 :
2863 505 2962 562 sed
3011 505 3268 578 lacrymis
3317 515 3376 561 et
3425 505 3648 577 gemitu
3694 520 3958 576 provoce-

617 604 744 676 quia
788 604 969 676 justus
1002 604 1139 661 bene
1168 603 1404 660 senescit
1431 620 1444 657 :
1475 601 1795 673 injustorum
1821 613 2005 658 autem
2033 617 2215 668 nemo,

618 700 866 771 quamvis
878 700 1050 756 cervis
1070 697 1348 755 vivacibus
1371 697 1715 754 diuturniore
1729 697 1836 753 vita
1856 695 2215 753 vixerit.Nam

616 793 706 851 diu
736 793 916 849 vivere
945 807 1233 849 commune
1274 791 1616 863 sapientibus
1641 799 1806 862 atque
1835 788 2216 862 insipientibus

615 897 697 944 est
727 905 744 943 :
777 886 916 942 bene
955 896 1134 944 autem
1173 886 1360 942 vivere
1388 885 1630 956 speciale
1678 885 1942 956 sapientis
1985 894 2090 951 est,
2123 899 2218 940 cu-

608 978 698 1049 jus
725 988 981 1036 senectus
1010 977 1365 1046 venerabilis,
1393 986 1449 1034 et
1489 987 1622 1033 tetas
1649 977 1949 1034 senectutis
1974 977 2085 1032 vita
2116 977 2217 1032 im-

616 1075 883 1131 maculata
912 1096 925 1130 :
957 1089 1063 1130 non
1092 1071 1370 1140 diuturna,
1403 1072 1579 1144 inquit
1608 1071 1764 1143 (Sap.
1798 1087 1872 1138 tv,
1904 1071 1938 1128 8
1967 1080 2013 1127 et
2044 1073 2214 1144 δρψ),

617 1183 796 1240 neque
823 1183 1054 1224 numero
1081 1182 1348 1223 annorum
1385 1174 1720 1236 computata,
1751 1180 1853 1222 nec
1887 1165 2096 1236 capillis
2121 1180 2213 1221 ca-

616 1261 701 1318 nis
725 1260 888 1335 352
920 1262 972 1318 in
1002 1261 1201 1333 capite,
1241 1260 1340 1318 sed
1369 1261 1644 1318 sensibus.
1679 1259 1775 1318 Ille
1799 1275 1929 1332 ergo
1959 1260 2099 1317 bene
2127 1275 2216 1316 se-

617 1357 827 1422 nescit,
860 1355 952 1426 qui
983 1356 1123 1411 bene
1152 1355 1405 1411 senserit.

685 1447 780 1504 65.
824 1447 1026 1515 Quarta
1052 1457 1223 1501 autem
1249 1446 1576 1518 generatione
1606 1453 1920 1502 revertentur
1941 1443 2093 1515 (Gen.
2122 1461 2212 1512 xv,

618 1538 734 1611 16).
769 1537 1006 1594 Historia
1044 1538 1264 1610 quidem
1294 1538 1364 1596 de
1406 1538 1610 1595 Judaais
1648 1538 1860 1596 videtur
1889 1538 2212 1607 convenire,

619 1633 713 1704 qui
744 1633 796 1688 in
825 1632 1119 1705 Egyptum
1169 1633 1522 1700 transierunt,
1557 1642 1610 1689 et
1660 1632 1729 1690 de
1784 1631 2022 1704 Egypto
2063 1631 2216 1688 exie-

616 1736 764 1782 runt.
797 1725 1187 1798 Quadringenti
1215 1727 1356 1784 enim
1387 1735 1442 1783 et
1472 1726 1689 1798 triginta
1720 1726 1845 1782 anni
1875 1740 2065 1781 eorum
2104 1723 2216 1780 itlic

2320 613 2442 655 mus
2470 598 2683 654 Domini
2727 599 3187 667 misericordiam;
3219 608 3280 656 ut
3308 599 3500 656 mittat
3532 598 3707 656 nobis
3738 599 3953 673 Moysen

2318 704 2375 750 et
2402 694 2608 764 Aaron,
2641 697 2743 751 hoc
2770 703 2875 764 est,
2907 696 3080 768 legem
3107 705 3164 753 et
3191 697 3553 755 sacerdotem
3592 715 3609 752 :
3658 698 3772 754 sed
3816 699 3950 754 illum

2317 805 2505 848 verum
2523 791 2873 849 Sacerdotem
2902 802 2958 850 et
2985 794 3332 850 sacerdotum
3359 795 3710 866 principem,
3765 799 3860 866 qui
3901 799 3952 851 li-

2317 893 2406 940 cet
2427 884 2567 940 inter
2584 885 2832 941 homines
2856 895 3188 953 versaretur,
3211 887 3507 942 dicebatur
3534 906 3549 942 :
3574 887 3724 942 Ecce
3751 889 3948 959 spiritu

2317 986 2436 1031 ante
2460 978 2647 1049 {aciem
2665 989 2897 1034 nostram
2914 979 3145 1034 Christus
3171 978 3435 1035 Dominus
3467 979 3715 1049 (Thren.
3736 996 3821 1047 ιν,
3847 981 3943 1048 ‘20};

2315 1076 2370 1124 et
2395 1068 2589 1125 liberet
2611 1084 2710 1126 nos
2740 1069 2809 1126 dc
2841 1079 2984 1126 terra
3003 1069 3247 1144 Egypti,
3279 1080 3341 1128 ut
3365 1072 3582 1144 pascha
3621 1072 3847 1128 Domini
3867 1090 3940 1128 cc-

2317 1161 2608 1220 lebremus.
2627 1163 2888 1221 Feramus
2907 1165 3068 1221 etiam
3098 1165 3329 1222 fructum
3357 1167 3490 1223 ﬁdei
3520 1168 3597 1224 ab
3626 1168 3757 1238 ipsa
3785 1171 3942 1239 pueri-

2319 1255 2424 1324 tia,
2465 1273 2762 1329 augeamus
2803 1259 2856 1313 in
2896 1259 3288 1332 adolescentia,
3335 1262 3676 1317 coloremus
3709 1259 3877 1334 353
3901 1263 3938 1317 is

2311 1347 2634 1419 iuventute,
2687 1351 3059 1422 compleanius
3118 1352 3173 1407 in
3225 1362 3541 1410 senectute.
3619 1352 3755 1409 Jam
3820 1356 3937 1408 enim

2315 1441 2522 1496 securis
2551 1441 2619 1496 ad
2665 1441 2900 1498 radicem
2948 1443 3160 1500 arboris
3211 1445 3385 1515 posita
3421 1455 3548 1510 est;
3590 1455 3658 1501 ut
3686 1446 3789 1517 qui
3814 1445 3932 1508 facit,

2317 1531 2551 1589 fructum
2580 1534 2747 1590 ferat.
2779 1535 3032 1592 Adultam
3081 1537 3246 1593 etiam
3277 1548 3688 1611 maturamque
3716 1550 3932 1611 segetem

2318 1635 2559 1681 nostram
2611 1641 2821 1683 messor
2868 1628 3138 1694 inveniat;
3196 1638 3257 1684 ut
3316 1639 3579 1688 maturos
3633 1630 3851 1688 fructus
3893 1634 3930 1687 is

2315 1718 2596 1789 apothecis
2611 1721 2887 1790 recondat,
2915 1738 2982 1778 ne
2995 1721 3309 1780 immaturos
3332 1724 3535 1798 hyems
3549 1725 3929 1798 deprehendat,

617 1821 794 1878 exacti
823 1827 986 1877 sunt:
1010 1820 1104 1876 sed
1125 1836 1233 1877 non
1261 1835 1453 1877 omnes
1472 1829 1757 1885 centenos,
1784 1828 1837 1876 et
1858 1826 1992 1890 quot
2017 1831 2214 1874 excur—
2242 1821 2292 1883 Β
2319 1822 2510 1870 ventus
2532 1814 2786 1882 decutiat,
2824 1816 3004 1887 pluvia
3041 1830 3382 1890 corrumpat.

616 1923 768 1982 runt,
798 1929 969 1970 annos
995 1913 1268 1980 vixerunt,
1303 1915 1445 1970 sicut
1467 1913 1699 1984 Moyses,
1725 1921 1821 1968 aut
1845 1910 2004 1968 Jesus
2031 1909 2216 1975 Nave;

620 2019 680 2066 ut
731 2018 939 2081 quarta:
991 2009 1354 2082 generationis
1427 2019 1639 2078 tempus
1694 2005 2002 2063 conveniat.
2064 2003 2220 2062 Unde

621 2103 910 2174 mysticum
950 2103 1150 2174 aliquid
1195 2101 1378 2172 magis
1407 2102 1772 2173 requiramus,
1805 2109 1831 2137 α
1872 2114 1939 2154 eo
1965 2097 2111 2169 quod
2142 2107 2220 2154 te-

621 2203 733 2250 tras
759 2195 1008 2252 omnibus
1036 2195 1276 2251 numeris
1301 2203 1429 2265 apta
1459 2195 1552 2260 sit,
1590 2202 1645 2248 et
1676 2192 1830 2248 radix
1849 2189 2097 2262 quaedam
2126 2189 2218 2244 de-

619 2290 775 2346 cima:
815 2303 879 2346 ac
909 2289 1344 2356 fundamentum,
1390 2287 1746 2344 hebdomadis
1771 2301 1988 2359 quoque
2017 2284 2215 2341 media.

616 2382 862 2456 Denique
887 2383 1269 2454 nonagesimus
1301 2382 1492 2437 tertius
1511 2380 1752 2451 psalmus
1773 2379 2032 2436 scribitur
2057 2391 2222 2449 quar-

617 2485 672 2532 ta
695 2475 950 2542 Sabbati;
979 2490 1044 2532 eo
1067 2474 1214 2547 quod
1235 2474 1325 2530 hic
1353 2487 1612 2528 numerus
1637 2471 1850 2528 medius
1877 2471 1948 2527 sit
1978 2470 2218 2542 priorum

621 2575 678 2622 et
715 2569 1081 2638 sequentium.
1126 2565 1266 2622 Tres
1289 2565 1435 2621 enim
1475 2564 1792 2635 praecedunt
1816 2578 1964 2630 eum,
1993 2563 2219 2634 primus,

620 2658 924 2727 secundus,
972 2661 1198 2726 tertius;
1239 2667 1296 2714 et
1322 2667 1433 2714 tres
1472 2664 1796 2727 sequuntur,
1825 2656 2066 2727 quintus,
2095 2669 2222 2711 sex-

620 2762 730 2820 tus,
761 2750 1044 2823 septimus.
1077 2751 1180 2820 Qui
1207 2750 1354 2806 hunc
1379 2750 1642 2824 psalmum
1673 2749 1838 2819 canit,
1886 2748 2038 2806 velut
2078 2748 2219 2820 aptis

618 2846 862 2904 numeris
887 2847 1050 2902 vitam
1074 2845 1232 2902 istius
1263 2843 1449 2901 mundi
1492 2845 1761 2916 transigit,
1804 2843 1958 2915 quasi
1981 2851 2218 2914 tetrago-

620 2955 745 3008 nus,
777 2949 833 2996 et
869 2939 1100 3008 stabilis,
1143 2947 1306 3012 atque
1354 2938 1652 3009 perlectus.
1682 2938 1742 2994 In
1791 2947 2024 3010 quatuor
2067 2937 2220 2994 libris

619 3035 837 3106 plenum
868 3033 1221 3106 Evangelium
1267 3043 1431 3105 atque
1478 3034 1777 3104 perfectum
1827 3042 1931 3090 est.
1979 3031 2221 3101 Quatuor

620 3126 876 3183 animalia
918 3126 1146 3199 mystica
1189 3134 1334 3182 sunt.
1383 3125 1570 3182 Mundi
1608 3140 1825 3198 quoque
1851 3125 2009 3181 istius
2039 3133 2220 3196 partes

2393 1906 2485 1963 66.
2527 1907 2642 1978 Ego
2673 1917 2851 1965 tamen
2872 1911 3110 1967 arbitror
3138 1912 3437 1984 signiﬁcari
3477 1914 3674 1986 magis
3705 1915 3926 1971 intersis

2320 2010 2542 2056 ventum
2585 2001 2794 2057 Domini
2839 2002 3099 2074 priorem,
3133 2014 3189 2059 et
3233 2005 3546 2062 secundum
3594 2009 3701 2080 qui
3747 2007 3924 2063 futurus

2320 2104 2404 2150 est
2428 2093 2617 2165 judicii
2644 2095 2782 2163 dies,
2809 2104 3021 2168 tempus
3052 2097 3310 2154 medium.
3343 2098 3476 2156 ldeo
3498 2101 3662 2156 enim
3699 2111 3759 2158 et
3777 2101 3841 2156 ad
3862 2117 3924 2156 se-

2321 2186 2387 2241 lis
2408 2202 2661 2244 occasum
2685 2189 2802 2245 viro
2828 2191 3138 2263 hujusmodi
3169 2191 3346 2250 factus
3367 2204 3454 2250 est
3481 2210 3671 2267 pavor
3699 2213 3919 2268 magnus.

2321 2282 2446 2351 quia
2473 2282 2754 2340 occidente
2777 2284 2890 2354 jam
2919 2285 3145 2351 mundo,
3179 2286 3424 2344 futurum
3474 2291 3825 2346 sacriﬁcium
3849 2291 3919 2346 de-

2319 2373 2646 2442 clarabatur,
2669 2391 2778 2447 quo
2799 2377 3031 2434 mundus
3051 2379 3432 2450 redimeretur,
3466 2382 3617 2439 ﬁdes
3647 2395 3801 2440 esset
3824 2384 3917 2439 hes-

2322 2469 2415 2533 tia,
2455 2484 2575 2540 qua:
2604 2484 2712 2525 non
2751 2470 3087 2528 divideretur
3122 2489 3151 2528 a
3190 2473 3314 2530 ﬁliis
3365 2475 3638 2534 Abrahae.
3691 2477 3827 2534 Nam
3853 2479 3916 2548 qui

2320 2573 2440 2616 eam
2467 2560 2733 2630 dividunt,
2765 2578 2872 2620 non
2901 2575 3027 2620 sunt
3057 2565 3291 2622 Abrahae
3335 2566 3452 2623 ﬁlii.
3507 2569 3686 2626 Fides
3728 2587 3914 2642 compa-

2321 2663 2473 2709 ratur
2501 2669 2670 2726 regno
2701 2658 2963 2713 caelorum
2990 2676 3003 2713 :
3048 2658 3232 2716 Simile
3269 2671 3344 2716 est
3369 2665 3520 2718 enim
3547 2681 3777 2735 regnum
3799 2669 3913 2721 cccle-

2323 2763 2436 2800 rum
2458 2765 2621 2820 grano
2655 2751 2951 2822 sinapis....
2981 2750 3198 2825 (Matth.
3230 2769 3349 2819 xm,
3381 2752 3498 2827 31).
3535 2757 3605 2812 Et
3634 2775 3651 2810 :
3671 2758 3912 2814 Similem

2321 2858 2535 2913 regnum
2563 2843 2806 2899 caelorum
2832 2847 3112 2918 negotianti
3142 2847 3308 2921 (Ibid.
3332 2892 3347 2916 ,
3371 2849 3445 2905 45
3477 2859 3530 2905 el
3570 2852 3675 2922 46)
3705 2855 3792 2924 qui
3817 2853 3910 2909 emit

2323 2949 2538 3007 agrum,
2565 2947 2621 2993 et
2650 2938 2859 2994 invenit
2884 2939 2939 2995 in
2968 2954 3034 2996 eo
3075 2943 3426 3014 margaritam
3475 2945 3808 3014 pretiosam.
3839 2947 3908 3001 Be-

2321 3046 2485 3101 gnum
2516 3031 2778 3089 caelorum
2820 3033 3111 3091 indivisum
3141 3045 3266 3103 est;
3298 3039 3423 3110 quia
3450 3055 3692 3112 regnum
3718 3043 3908 3098 Trinita-

2324 3122 2395 3180 tis
2423 3141 2586 3181 unum
2616 3135 2721 3182 est.
2768 3127 2893 3184 Ideo
2923 3140 3247 3200 perpetuum
3287 3140 3451 3202 atque
3488 3143 3790 3200 aeternum,
3813 3139 3904 3208 quia

619 3231 853 3296 quatuor
880 3231 1028 3290 sunt,
1079 3237 1147 3279 ex
1194 3222 1388 3294 quibus
1443 3220 1753 3293 congregati
1803 3220 1901 3276 ﬁlii
1957 3212 2291 3278 EcclesizeC
2324 3219 2654 3285 indivisum;
2703 3235 2865 3276 omne
2906 3223 3051 3278 enim
3097 3239 3320 3295 regnum
3359 3224 3603 3283 divisum
3666 3229 3818 3286 facile
3840 3231 3903 3285 de-

536 3337 538 3340 '
616 3332 842 3389 regnum
871 3315 1076 3372 Christi
1103 3315 1529 3371 sacratissimum
1566 3323 1955 3385 propagarunt,
1997 3313 2223 3369 venien-

620 3419 706 3468 tes
731 3413 799 3467 ab
823 3410 1047 3466 Oriente
1072 3419 1234 3481 atque
1261 3407 1583 3475 Occidente,
1612 3407 2002 3477 Septentrione
2024 3414 2078 3461 et
2103 3404 2220 3461 Me-

620 3501 776 3558 ridie.
811 3501 1213 3573 Quadripartito
1237 3501 1400 3572 igitur
1431 3501 1603 3556 latere
1632 3509 1818 3556 sancta
1850 3501 2089 3556 surrexit
2115 3499 2222 3556 Ec-

621 3593 808 3650 clesia.
838 3593 1010 3648 Decas
1048 3607 1266 3664 quoque
1315 3607 1384 3647 ex
1436 3591 1541 3647 isto
1592 3591 2123 3661 numerosassurgit.
2165 3591 2222 3647 Si

620 3684 768 3743 enim
793 3691 1087 3742 connectas
1110 3683 1180 3739 ab
1210 3697 1315 3738 uno
1346 3697 1518 3754 usque
1546 3681 1615 3737 ad
1640 3692 1903 3753 quatuor,
1934 3681 2036 3737 hoc
2062 3682 2222 3748 modo

620 3779 886 3835 decimam
928 3778 1111 3834 iacies.
1146 3775 1408 3846 Computa
1435 3791 1621 3841 unum,
1650 3773 1790 3830 adde
1819 3773 1895 3829 illi
1923 3774 2052 3843 duo,
2086 3774 2223 3831 ﬁunt

615 3881 768 3930 tres:
799 3871 938 3929 adde
970 3870 1141 3927 tribus
1172 3879 1315 3938 tres,
1366 3868 1505 3924 ﬁunt
1549 3883 1683 3925 sex:
1722 3876 1777 3924 et
1820 3867 1890 3923 ad
1939 3883 2036 3924 sex
2081 3867 2222 3924 adde

617 3974 870 4040 quatuor,
902 3965 1036 4022 ﬁunt
1076 3963 1289 4022 decem.
1325 3962 1516 4020 Tetras
1565 3963 1728 4035 igitur
1775 3961 1967 4020 decem
2009 3962 2221 4034 implet,

608 4062 782 4120 'decas
809 4076 1095 4118 numerum
1123 4074 1340 4116 omnem
1366 4057 1772 4129 complectitur.
1812 4057 2056 4126 Quatuor
2083 4072 2223 4129 quo-

619 4171 726 4227 que
755 4162 941 4210 aetates
969 4163 1098 4210 sunt
1119 4152 1391 4221 hominis,
1426 4151 1679 4222 pueritia,
1709 4150 2109 4220 adolescentia,
2137 4152 2226 4224 ju-

623 4256 859 4316 ventus,
903 4247 1209 4305 maturitas.
1264 4245 1530 4302 Paulatim
1555 4246 1789 4317 assurgit
1837 4256 1894 4302 et
1946 4245 2222 4302 fundatur.

626 4340 902 4413 Sapientia
948 4341 1131 4410 itaque
1159 4353 1370 4395 summa
1419 4337 1725 4409 prudentia:
1779 4347 1973 4409 quarto
2007 4348 2225 4396 aetatum

623 4437 816 4494 ordine
844 4435 1010 4492 venit.
1062 4433 1360 4504 Meritoque
1408 4440 1466 4486 ut
1515 4431 1562 4486 si
1610 4432 1733 4504 quis
1771 4419 1904 4489 ante
1949 4435 2050 4489 sub
2098 4450 2226 4507 rege

2325 3322 2584 3371 struetur.
2605 3315 2790 3371 Hostia
2811 3317 2976 3374 etiam
3002 3317 3145 3375 foret
3171 3319 3428 3390 pudicitia
3452 3321 3717 3380 Trinitati
3742 3325 3900 3390 dicata,

2326 3417 2450 3479 post
2479 3407 2608 3464 illud
2647 3409 3002 3478 sacriﬁcium,
3038 3413 3221 3478 vitula:
3250 3429 3465 3487 quoque
3494 3433 3600 3488 pro
3645 3418 3899 3483 laboribus,

2325 3504 2450 3574 quia
2471 3503 2824 3560 sacerdotalis
2847 3514 2931 3561 est
2957 3505 3175 3561 victima
3201 3525 3213 3562 :
3239 3523 3417 3578 caprae
3443 3520 3660 3578 autem,
3687 3514 3804 3585 quia
3829 3529 3899 3584 pro

2327 3597 2565 3667 peccatis
2596 3597 2816 3653 hostia:
2846 3598 3057 3667 arietis,
3096 3600 3220 3670 quia
3271 3616 3368 3671 pro
3406 3605 3559 3659 omni
3609 3607 3824 3671 mundo,
3862 3617 3899 3660 et

2327 3703 2425 3760 pro
2454 3689 2584 3760 ipsis
2617 3689 2640 3727 δ
2683 3691 2945 3747 arietibus
2970 3692 3056 3748 vel
3085 3693 3423 3764 caelestibus,
3453 3711 3567 3754 non
3616 3699 3790 3755 solum
3832 3713 3899 3770 pte

2328 3783 2662 3852 hominibus,
2692 3799 2791 3840 nec
2821 3786 2996 3841 solum
3025 3801 3124 3857 pro
3150 3788 3324 3858 agnis,
3357 3789 3454 3844 sed
3480 3791 3652 3847 etiam
3687 3809 3782 3864 pro
3817 3793 3899 3847 h2-

2328 3875 2414 3932 dis
2439 3892 2575 3948 quos
2602 3877 2916 3949 peccatricis
2942 3881 3308 3950 generationis
3345 3880 3524 3939 fetore
3545 3885 3728 3941 exuit.
3753 3885 3892 3942 Testi-

2331 3971 2521 4028 ﬁcatur
2560 3972 2841 4028 oraculum
2885 3972 3097 4030 futuros
3137 3973 3314 4031 adhuc
3358 3976 3412 4031 in
3441 3987 3589 4033 terra
3623 3978 3897 4036 amictiouis

2329 4064 2561 4120 Abrahae
2605 4065 2784 4133 ﬁlios;
2841 4074 2902 4122 ut
2949 4068 3002 4122 in
3050 4082 3225 4140 agone
3254 4069 3550 4126 multorum
3595 4082 3652 4129 et
3692 4073 3895 4145 gravium

2328 4159 2682 4216 certaminum
2710 4174 2771 4216 se
2799 4161 3032 4233 probent
3057 4179 3070 4216 :
3103 4172 3160 4219 et
3184 4163 3255 4218 ita
3279 4177 3402 4218 cum
3441 4164 3616 4221 multa
3673 4167 3898 4239 supellec-

2329 4251 2414 4308 tili
2443 4268 2738 4311 aureorum
2770 4263 2825 4310 et
2869 4265 3254 4327 argenteorum
3282 4271 3536 4314 vasorum
3587 4261 3776 4331 spoliis
3811 4260 3896 4330 cpi-

2331 4344 2434 4401 mis
2461 4356 2659 4403 exeant
2683 4356 2738 4403 et
2761 4358 3109 4406 revertantur
3137 4351 3356 4419 animm,
3387 4361 3552 4424 atque
3588 4364 3782 4412 exeant
3806 4370 3895 4427 pre-

2329 4442 2465 4498 tiosa
2500 4443 2842 4514 possidentes
2881 4461 3110 4517 corpora
3159 4447 3499 4505 diversarum
3552 4452 3824 4521 virtutum,
3857 4462 3895 4507 et

623 4530 844 4603 [Egypti
877 4529 996 4596 fuit,
1030 4526 1340 4584 maturioris
1371 4534 1549 4582 tamen
1579 4526 1794 4582 consilii
1824 4528 1934 4584 exit
1955 4527 2021 4584 de
2044 4538 2228 4598 potes-
2333 4520 2602 4608 praecipue
2627 4539 2961 4594 castimoniae
2983 4541 3393 4610 possessionum
3413 4541 3676 4600 thesauro
3703 4547 3892 4617 repleta,

622 4633 734 4681 tate
754 4623 892 4694 ejus,
917 4631 974 4678 et
998 4623 1173 4694 legem
1204 4620 1305 4676 sibi
1329 4620 1572 4691 agnoscit
1593 4621 1951 4693 sequendam.
1985 4622 2137 4680 Tunc
2161 4624 2222 4680 ﬁt
2246 4617 2299 4679 D
2325 4640 2622 4702 sumptura;
2651 4632 2812 4689 etiam
2856 4632 3056 4690 Christi
3099 4635 3305 4706 judicio
3335 4634 3403 4691 de
3447 4635 3696 4706 diabolo,
3735 4649 3786 4696 et
3807 4639 3895 4710 ejus

620 4721 671 4780 ci
694 4718 850 4776 istius
881 4717 1007 4774 vitae
1050 4731 1202 4773 mare
1231 4715 1492 4788 pervium.
1545 4715 1749 4772 Similis
1798 4717 1937 4773 ratio
1976 4716 2064 4775 his
2101 4734 2223 4790 qua:

619 4819 912 4893 gignuntur
937 4813 1076 4871 solo.
1106 4810 1211 4868 Ubi
1249 4826 1437 4868 semen
1480 4825 1728 4884 Sparsum
1771 4811 1956 4880 fuerit,
1998 4812 2223 4869 solvitur

618 4913 816 4978 humo;
847 4919 904 4968 et
930 4910 1104 4981 primo
1130 4909 1434 4980 prorumpit
1472 4905 1526 4963 in
1567 4905 1832 4973 radicem,
1864 4905 2062 4964 deinde
2091 4922 2222 4979 ger-

621 5009 821 5074 minat,
863 5008 1126 5063 formatur
1154 5003 1378 5071 fructus,
1410 5008 1467 5059 et
1509 5011 1694 5074 postea
1741 5002 2094 5076 maturescit.l
2121 5002 2225 5058 Ar-

619 5104 784 5163 bores
812 5115 1028 5173 quoque
1053 5101 1185 5170 ipsae
1229 5097 1465 5169 primum
1495 5096 1727 5153 fructum
1775 5098 1978 5164 ferunt,
2027 5096 2225 5154 deinde

617 5198 737 5270 ipse
762 5193 1022 5253 adolescit
1062 5193 1286 5257 fructus,
1315 5204 1539 5247 accessu
1577 5193 1838 5261 temporis
1869 5185 2042 5247 mutat
2068 5191 2222 5248 colo-

620 5306 761 5359 rem,
791 5295 986 5363 quarto
1015 5285 1207 5343 ordine
1236 5291 1666 5352 consummatur,
1708 5283 1810 5340 hoc
1836 5293 1951 5352 est,
1995 5286 2226 5342 novissi-

699 5430 726 5458 α
761 5418 851 5475 Sic
896 5429 1030 5472 mss.
1063 5427 1276 5480 omnes,
1318 5418 1374 5467 et
1411 5410 1541 5467 edit.
1591 5408 1851 5478 exceptis.
1886 5409 2091 5466 ultimis
2122 5410 2225 5467 Pa-

628 5490 758 5558 ris.,
809 5490 863 5544 in
913 5486 1141 5559 quibus,
1178 5501 1237 5539 eo
1283 5483 1433 5559 quod_
1470 5481 1622 5546 trias,
1675 5489 1779 5559 etc_.
1825 5481 2056 5537 Vitiose.
2103 5481 2219 5537 Non

632 5552 773 5615 enim
794 5552 1034 5615 ternario
1062 5569 1309 5640 numero,
1340 5553 1435 5609 sed
1462 5552 1810 5624 quaternario
1831 5567 1952 5624 quae
1980 5567 2222 5624 sequun-

633 5639 741 5694 tur,
766 5637 992 5697 possunt
1015 5637 1326 5682 convenire.
1876 5696 1889 5709 θ
1961 5697 1973 5709 .
2124 5697 2158 5710 η

701 5698 732 5738 ι’
771 5698 923 5754 Colb.
944 5698 1160 5768 ..Long.
1183 5739 1198 5760 .
1228 5695 1396 5752 Corb.
1428 5706 1484 5754 et
1511 5695 1648 5752 Maz.
1670 5738 1685 5761 ,
1736 5712 1832 5766 pro
1870 5712 1998 5767 ipsis
2025 5712 2184 5752 aeriis
2203 5739 2219 5766 ,

633 5785 740 5827 non
767 5770 925 5826 male.
958 5769 1091 5822 Cum
1115 5768 1258 5823 enim
1285 5783 1446 5839 supra
1472 5783 1589 5837 cap.
1623 5769 1690 5839 8,
1713 5783 1771 5824 n.
1801 5769 1890 5836 50,
1919 5783 2099 5823 aerem
2127 5783 2223 5837 per

630 5841 862 5901 arietem
893 5840 1182 5912 signiﬁcari
1208 5838 1485 5912 scripserit
1515 5838 1868 5910 Ambrosius,
1903 5839 2078 5912 potuit
2119 5840 2221 5898 hoc

2329 4723 2592 4780 ministris
2611 4767 2629 4794 ,
2654 4725 2977 4798 emterisque
3003 4727 3092 4798 qui
3120 4729 3222 4786 sibi
3252 4729 3547 4786 voluerunt
3567 4747 3787 4800 nocere,
3807 4732 3894 4787 vin-

2329 4815 2552 4872 dictam.
2582 4817 2734 4874 Tunc
2783 4819 2889 4875 erit
2931 4834 3100 4890 pavor
3147 4835 3376 4892 magnus
3423 4824 3588 4878 etiam
3636 4825 3892 4895 iustorum.

2325 4911 2495 4968 Nemo
2525 4913 2670 4970 enim
2695 4913 2815 4970 sine
2836 4924 3084 4985 peccato.
3120 4914 3324 4973 Omnes
3365 4916 3646 4975 habebunt
3683 4919 3816 4991 quod
3850 4919 3895 4972 ti-

2325 5016 2544 5074 meant;
2577 5007 2702 5078 quia
2732 5008 2954 5080 impleta
2980 5018 3202 5080 peccata
3226 5019 3409 5065 erunt.
3441 5009 3511 5066 Et
3535 5022 3557 5050 ε
3586 5027 3712 5068 cum
3741 5028 3893 5084 super-

2325 5100 2682 5157 abundaverit
2710 5112 2990 5173 peccatum
3016 5143 3030 5169 ,
3063 5102 3526 5174 superabundabit
3555 5114 3611 5161 et
3636 5108 3820 5178 gratia.

2402 5194 2492 5251 67.
2534 5194 2732 5251 Iterum
2763 5213 2880 5251 cum
2892 5199 3008 5270 jam
3038 5198 3117 5252 sol
3146 5206 3274 5252 esset
3303 5197 3373 5251 ad
3405 5214 3650 5254 occasum
3680 5244 3694 5269 ,
3717 5203 3894 5272 flamma

2327 5291 2464 5360 facta
2494 5297 2568 5345 est
2600 5306 2619 5345 .'
2640 5298 2687 5344 et
2732 5307 2848 5346 ecce
2899 5295 3093 5365 fornaa:
3135 5291 3532 5364 fumigabunda,
3573 5302 3622 5348 et
3671 5295 3893 5368 lampades

2326 5413 2590 5470 vocabulo
2615 5412 2904 5484 designare
2932 5413 3186 5484 angelos,
3230 5415 3374 5471 unde
3417 5415 3647 5482 addidit,
3696 5420 3771 5475 vel
3814 5434 3892 5472 cae-

2327 5486 2538 5560 lestibus
2551 5486 2844 5560 _;_eogqu_od
2875 5485 3174 5560 utuPhilo,
3214 5497 3404 5560 auctpr
3431 5489 3534 5556 ipsi
3563 5487 3890 5560 familiarissi-

2326 5571 2447 5641 mus
2469 5599 2485 5641 2
2506 5557 2621 5641 llib.
2650 5555 3068 5641 de’Cigantilius,
3117 5558 3285 5641 tradit
3306 5555 3531 5641 ε’ψρχσεὶ
3569 5559 3622 5641 ᾆέ
3651 5564 3760 5641 αἰεί-ς.
3785 5561 3889 5641 me

2325 5630 2412 5684 τὸν
2432 5632 2588 5714 ,ἀέρα
2631 5627 2924 5714 «seducunt.
2966 5628 3115 5686 Idem
3146 5627 3374 5702 gemina
3391 5627 3475 5685 his
3501 5629 3666 5687 habet
3709 5633 3795 5688 lib.
3838 5632 3888 5684 de

2325 5700 2626 5769 confusione
2663 5700 2981 5772 linguarum.

2400 5783 2422 5810 ο
2464 5772 2628 5828 Iidem
2657 5788 2789 5828 mss.
2811 5815 2825 5840 ,
2869 5784 2924 5827 nt
2952 5789 3069 5829 enm
3099 5789 3288 5847 sup....
3316 5774 3696 5846 superabundet
3724 5775 3882 5848 gratia.
