4082 6370
168 343 287 404 ωε)

1467 354 1552 409 DE
1596 350 1929 410 ABRAIIAM
1968 353 2096 411 LIB.
2139 356 2201 413 ll.

3378 359 3486 439 4’90

165 465 315 537 ignis
343 481 460 536 qua!
505 470 911 542 pertransierunt
954 485 1044 542 per
1069 471 1239 525 media
1288 472 1450 526 divisa
1484 473 1578 526 illa
1621 471 1775 541 (Gen.
1808 473 1854 533 Α
1885 476 2175 531 mationem
2226 477 2489 533 bonorum
2523 457 2837 534 meritorum
2870 477 3201 550 promiserit.
3232 481 3476 540 Perfecta

167 575 269 625 xv,
305 561 415 631 Π).
450 562 671 619 Etiamsi
702 564 1037 620 dubitaretur
1058 565 1124 619 de
1149 566 1542 634 superioribus,
1581 565 1778 619 confir-

165 664 396 710 marent
425 659 739 728 sequentia;
770 660 983 730 quando
1011 658 1503 726 flammam-factam
1529 658 1593 712 ad
1622 673 1777 714 occa-

164 759 298 800 sum
322 748 577 819 legimus,
603 768 721 821 qua:
750 751 1075 807 illuminaret
1100 751 1404 822 vespertina
1431 751 1613 806 mundi
1639 760 1778 807 tem-

165 854 334 910 pora,
366 853 420 898 et
449 843 679 914 fulgeret
713 846 764 901 in
803 845 1059 914 tenebris,
1108 861 1172 901 ac
1215 845 1489 900 revelaret
1530 845 1771 900 latentia.

165 933 423 1004 Denique
447 938 705 993 continuo
744 939 857 994 visa
898 948 980 995 est
1008 939 1195 995 fornax
1228 938 1626 1008 fttmig'tbnnda.
1661 939 1771 994 Cu-

155 1029 263 1101 jus
302 1030 653 1088 similitudine
687 1033 912 1103 exprimi
954 1033 1164 1088 videtur
1189 1033 1297 1087 vita
1326 1032 1557 1087 humana
1592 1033 1771 1102 impli-

161 1135 292 1179 cata
328 1124 702 1193 iniquitatibus
727 1125 909 1180 Siecnli
958 1125 1113 1180 istius
1155 1136 1316 1196 atque
1346 1125 1618 1190 involuta,
1662 1139 1770 1180 non

161 1214 388 1273 habens
431 1219 543 1273 veri
592 1217 817 1288 fulgoris
866 1217 1268 1284 claritudinem,
1320 1230 1373 1274 et
1423 1218 1769 1290 splendorem

157 1306 374 1364 sinceri
406 1310 640 1366 luminis.
677 1310 826 1366 latus
849 1312 999 1380 quasi
1049 1310 1242 1365 l'ornax
1301 1319 1494 1365 aestuat
1537 1310 1770 1366 diversis

155 1406 577 1475 Cupiditatibus,
629 1416 682 1462 et
738 1408 1060 1478 quibusdam
1108 1407 1498 1463 desideriorum
1550 1409 1773 1463 anhelat

155 1496 388 1568 ignibus
417 1518 430 1554 :
463 1499 594 1554 foris
635 1499 779 1554 velut
817 1499 1047 1572 quodam
1094 1500 1241 1555 fumo
1265 1502 1544 1568 attexitur,
1594 1517 1662 1556 ne
1694 1501 1771 1556 vi-

155 1591 296 1648 deat
337 1593 581 1649 veritatis
609 1594 775 1667 3M
802 1594 1018 1650 faciem.
1059 1595 1462 1651 Obumbrantur
1503 1597 1685 1667 itaque
1715 1605 1770 1651 et

155 1684 513 1742 obducuntur
532 1689 760 1758 quadam
785 1689 1016 1759 caligine
1047 1689 1190 1744 oculi
1213 1691 1406 1745 anima:
1428 1707 1442 1755 ;
1467 1700 1524 1744 ut
1542 1688 1768 1745 confun-

154 1779 328 1835 datur
355 1781 513 1851 globo
539 1781 770 1852 quodam
799 1782 1109 1854 fumigantis
1139 1785 1404 1840 nubiculae
1433 1786 1631 1840 mentis
1670 1784 1765 1840 ad-

1880 570 2026 624 enim
2080 569 2360 625 beatitudo
2405 587 2471 626 ex
2532 573 2703 628 tribus
2760 573 2877 627 istis
2911 575 3127 632 videtur
3155 577 3475 642 subsistere,

1879 663 2152 733 corporis,
2183 671 2346 738 atque
2389 659 2600 734 animm,
2635 678 2688 723 et
2719 668 3090 726 accidentibus
3137 671 3314 737 bonis,
3360 689 3478 744 qum

1877 755 2049 810 Graeci
2084 753 2256 812 ἐνόντα
2299 758 2587 824 dixerunt;
2621 770 2682 816 ut
2714 761 2785 816 sit
2829 763 3074 830 corporis
3123 766 3475 829 castimonia,

1876 847 2161 919 patientia,
2194 851 2282 904 vel
2320 855 2699 920 temperantia,
2733 855 2804 908 sit
2833 857 3027 911 animai
3053 841 3361 925 prudentia,
3395 869 3476 913 at-

1876 941 2221 1010 quejustitia.
2242 941 2508 1014 Egyplus
2541 946 2700 1015 igitur
2722 946 2923 1003 flumen
2945 951 3246 1022 corporalia
3268 952 3477 1007 videtur

1875 1034 2197 1104 significare.
2219 1035 2372 1092 Unde
2389 1049 2438 1090 et
2467 1047 2491 1074 ⁸
2520 1039 2668 1094 Geon
2701 1039 2849 1109 (Gen.
2870 1059 2926 1104 ιι.
2953 1043 3234 1115 1ἶ)‹1ἰοιυε
3263 1057 3343 1100 est
3363 1047 3477 1114 ipse

1876 1123 2102 1192 ﬂuvius;
2137 1129 2259 1196 quia
2288 1128 2356 1184 de
2384 1137 2528 1184 terra
2562 1130 2820 1201 figuratus
2844 1143 2927 1188 est
2959 1134 3139 1189 homo.
3175 1137 3475 1204 Euphrates

1875 1228 2052 1274 autem
2080 1237 2198 1289 qua!
2221 1230 2346 1275 sunt
2375 1223 2599 1289 animm;
2628 1238 2694 1279 eo
2732 1225 2873 1294 quod
2912 1225 3030 1279 fons
3058 1229 3121 1282 sit
3148 1228 3475 1298 justitiam:-

1876 1321 2113 1367 terarum
2147 1313 2428 1378 virtutum,
2453 1331 2574 1386 quze
2597 1317 2826 1372 virtutes
2854 1318 2986 1372 alias
3017 1319 3302 1376 illuminct.
3338 1322 3473 1377 Pru-

1875 1405 2053 1460 dentia
2085 1423 2225 1461 enim
2255 1408 2593 1478 sinejustitia
2623 1420 2815 1465 nocet:
2851 1408 3110 1464 fortitttdo
3139 1416 3472 1484 quoquenisi

1873 1512 1992 1552 eam
2013 1499 2214 1565 justitia
2243 1509 2534 1570 temperet,
2565 1503 2919 1558 intolerabilis
2952 1505 3233 1560 insolentia
3261 1518 3364 1572 est,
3391 1508 3470 1561 fu-

1873 1591 1980 1644 rori
2013 1607 2172 1662 quam
2201 1593 2394 1646 rationi
2427 1595 2698 1665 proprior,
2723 1595 3076 1651 dominationi
3114 1614 3273 1668 quam
3309 1599 3472 1654 liber-

1873 1683 1989 1737 tati.
2014 1682 2293 1740 Sobrietas
2319 1693 2372 1740 et
2397 1687 2750 1756 temperantia
2775 1690 2976 1756 privata
3005 1690 3140 1744 bona
3165 1699 3308 1753 sunt,
3327 1689 3354 1728 δ
3375 1706 3475 1745 nec

1872 1775 1968 1830 ulli
2027 1777 2168 1845 usui,
2215 1779 2316 1832 nisi
2343 1777 2486 1847 justa
2510 1795 2632 1848 erga
2666 1782 2832 1836 Deum
2887 1784 3187 1838 reverentia
3218 1825 3231 1850 ,
3264 1793 3319 1839 et
3345 1783 3468 1839 fidei

151 1883 415 1942 spectas;
451 1890 516 1930 ne
550 1892 678 1944 pura
709 1877 880 1946 possit
907 1888 1156 1942 spectare
1196 1881 1431 1949 negotia,
1461 1880 1634 1934 donec
1659 1895 1769 1937 σω.
1798 1876 1848 1936 Β
1874 1876 2054 1923 mente
2085 1871 2335 1937 pietatem
2367 1873 2534 1927 colas.
2567 1872 2782 1929 Justitia
2824 1875 2936 1929 sola
2965 1884 3050 1930 est
3097 1893 3218 1946 qua:
3245 1877 3476 1933 virtutes

150 1963 333 2021 lestcs
366 1967 640 2038 lampades
669 1968 863 2040 dirigat
891 1969 1151 2025 Dominus
1176 1970 1356 2034 Jesus,
1390 1973 1491 2028 hoc
1527 1983 1631 2040 est,
1664 1973 1767 2028 ful-

66 2095 68 2097 μ
148 2074 351 2130 gorem
384 2060 572 2129 gloria?
602 2076 735 2116 sum.
776 2061 1038 2130 Quando,
1083 2064 1288 2135 inquit,
1331 2083 1434 2119 non
1463 2067 1766 2138 indigebunt

149 2155 273 2210 luce
306 2156 550 2222 lucernae,
591 2167 637 2210 et
676 2157 866 2210 lumine
893 2158 1049 2225 solis;
1078 2160 1321 2225 quoniam
1362 2161 1469 2229 ipse
1512 2159 1766 2216 Dominus

150 2249 252 2303 erit
285 2249 381 2303 lux
408 2249 642 2304 omnibus
671 2250 859 2322 (Apoc.
908 2267 1041 2313 xm,
1083 2252 1138 2323 5)
1163 2295 1177 2318 ,
1207 2261 1261 2307 et
1294 2255 1407 2322 ipse
1439 2254 1767 2311 illnminabit

149 2343 342 2399 omnia
385 2343 570 2398 mundi
607 2344 784 2411 istius,
814 2360 1040 2415 quorum
1081 2361 1243 2414 supra
1275 2348 1493 2418 cognita
1520 2359 1602 2403 est
1629 2348 1768 2403 divi-

148 2435 259 2500 sio,
297 2451 440 2491 nunc
482 2435 822 2492 manifestata
865 2438 916 2493 in
949 2439 1172 2505 lumine,
1203 2455 1313 2495 non
1356 2457 1455 2511 per
1480 2442 1765 2512 speculum

148 2527 207 2583 in
232 2528 548 2598 aenigmate,
581 2543 682 2584 nec
717 2530 770 2584 in
800 2540 975 2599 parte,
1007 2530 1101 2585 sed
1130 2531 1268 2588 facie
1301 2532 1366 2586 ad
1397 2533 1588 2589 faciem
1617 2535 1765 2591 veri-

150 2625 286 2691 tatis
315 2623 595 2692 soliditas,
627 2631 790 2696 atque
825 2625 958 2681 illud
982 2625 1124 2696 quod
1155 2626 1457 2697 perfectum
1488 2636 1607 2699 est,
1641 2644 1766 2701 pos-

149 2720 226 2774 sit
256 2718 457 2776 videri.

800 2851 1027 2941 CAPUT
1064 2883 1128 2940 x.

153 3017 287 3074 Cum
321 3017 521 3074 dicitur
545 3020 832 3088 Abraham,
863 3023 1054 3078 semini
1080 3032 1168 3080 tuo
1196 3023 1336 3080 dabo
1363 3019 1564 3080 terram
1595 3022 1765 3090 hanc;

168 3108 174 3114 ’
227 3116 274 3169 ei
311 3131 438 3169 vera
465 3111 734 3169 beatitudo~
763 3116 1078 3186 promittitur
1112 3135 1129 3172 :
1178 3119 1346 3189 magis
1390 3126 1560 3172 tamen
1593 3116 1771 3188 prtcﬁ-

169 3235 172 3239 -
223 3219 453 3282 gurntnr
499 3208 763 3276 Ecclesia,
806 3214 954 3284 cujus
1004 3221 1154 3282 typus
1200 3211 1254 3265 in
1297 3211 1435 3266 Sara
1477 3211 1674 3276 sterili,
1713 3218 1769 3262 ut

229 3303 535 3375 Synagogte
560 3313 712 3374 atque
735 3304 990 3357 haeresum
1018 3304 1070 3356 in
1113 3303 1252 3375 Agar
1301 3303 1494 3358 ancilla
1523 3301 1768 3375 exprimi-

230 3406 336 3450 tur.
395 3395 525 3463 ρηω
563 3387 742 3449 debeat
791 3412 897 3450 esse
943 3391 1185 3466 sapientis
1215 3394 1515 3466 vigilantia;
1559 3406 1605 3450 et
1642 3396 1769 3466 quid

174 3490 178 3494 ’
229 3493 333 3556 sit,
367 3477 507 3560 quod
529 3475 749 3544 Abraha:
780 3489 921 3545 Deus
942 3490 1216 3562 pollicetur
1235 3489 1344 3544 illis
1375 3488 1566 3555 verbis,
1603 3505 1765 3561 auge-

230 3584 302 3641 bo
329 3594 383 3640 te
417 3583 570 3639 valde
587 3625 604 3651 ,
631 3590 737 3642 etc.

230 3717 322 3774 68.
371 3716 498 3771 Post
522 3715 639 3771 haec
668 3726 910 3772 secutum
939 3727 1023 3773 est
1049 3718 1328 3774 oraculum
1355 3717 1450 3772 Dei
1480 3717 1714 3774 dicentis
1748 3737 1760 3773 :

159 3808 365 3866 Semini
395 3821 483 3864 tuo
510 3809 642 3864 dabo
665 3821 852 3865 terram
883 3814 1036 3878 hanc,
1069 3829 1099 3866 a
1127 3813 1340 3882 ﬂumine
1361 3811 1582 3885 Μαυριὶ
1603 3829 1767 3882 usque

160 3904 230 3956 ad
260 3905 462 3973 ﬂumen
486 3919 728 3974 magnum
761 3903 1064 3971 Euphraten
1090 3905 1244 3979 (Gen.
1276 3922 1368 3968 xv,
1403 3907 1515 3968 l8).
1547 3907 1646 3974 Qui
1680 3906 1765 3960 fu-

160 4004 340 4051 turam
373 3997 606 4066 gloriam
648 3995 1138 4062 demonstraverat,
1171 3998 1359 4052 debuit
1391 3999 1556 4052 etiam
1585 3998 1770 4054 confe-

161 4089 334 4144 renda
368 4089 632 4143 virtutum
661 4090 852 4145 merita
883 4090 1145 4159 polliceri.
1179 4091 1299 4161 Ipse
1337 4093 1481 4147 enim
1525 4100 1582 4147 et
1617 4092 1771 4162 adju-

162 4169 249 4249 ιον
293 4184 680 4250 laborantium,
715 4177 784 4240 'et
821 4177 1208 4241 'remnncrator
1254 4168 1620 4242 innocentium
1664 4195 1766 4242 est.

157 4279 428 4354 Aigyptus
456 4279 549 4335 hic
579 4271 774 4336 nomen
806 4297 913 4337 non
957 4282 1229 4350 regionis,
1260 4283 1355 4338 sed
1384 4283 1623 4339 ﬂuminis
1661 4292 1765 4340 est.

156 4378 247 4435 Sic
274 4379 420 4434 enim
462 4387 684 4433 veteres
729 4375 904 4431 Nilum
953 4377 1241 4444 vocabant,
1299 4377 1416 4434 sive
1465 4377 1606 4448 quod
1653 4377 1770 4448 ipse

157 4472 369 4543 regioni
400 4487 604 4528 nomen
626 4453 904 4534 dedisset,
935 4471 1050 4526 sive
1078 4471 1221 4541 quod
1262 4471 1502 4542 regionis
1529 4470 1770 4539 accepis-

157 4579 240 4621 set
261 4566 616 4622 vocabulum.
649 4565 892 4636 Denique
926 4574 982 4621 et
1018 4573 1174 4634 poeta
1203 4578 1414 4635 graecus
1446 4563 1772 4622 teSIificatur

161 4658 234 4716 ita
255 4675 407 4726 esse,
441 4660 677 4714 dicens:
717 4727 720 4730 _
1772 4653 1776 4656 ’

413 4794 540 4837 hic:
565 4783 602 4826 δ’
623 4790 658 4827 ἰν
683 4787 850 4838 Αῑτζιπτῳ
871 4791 1025 4837 ποταμῷ
1046 4788 1127 4834 νίας
1150 4786 1411 4837 ἁμφιιλὶσσας.

914 4855 919 4860 ’
954 4860 1202 4923 (Homer.,
1227 4857 1429 4923 Odyss,
1454 4856 1517 4921 ι)

90 4996 101 5004 -
163 4969 463 5040 Angustum
511 4978 692 5026 autem
725 4977 782 5024 et
811 4966 916 5023 vile
946 4975 1053 5033 est,
1086 4975 1146 5021 ut
1187 4977 1438 5037 putemus
1483 4963 1625 5033 quod
1656 4977 1767 5019 cm-

164 5063 392 5119 lestibus
419 5063 596 5134 signis
621 5072 832 5117 terrena
873 5059 1255 5132 spoponderit.
1296 5059 1482 5128 Itaque
1511 5055 1763 5111 conside-

165 5173 347 5214 remus
387 5174 456 5214 ne
486 5158 627 5212 forte
665 5156 956 5226 perfectam
985 5155 1379 5213 beatitudinem
1418 5161 1476 5209 et
1512 5166 1766 5207 consum-

238 5309 265 5338 α
305 5295 626 5353 Ambrosius
653 5296 738 5349 hic
765 5305 820 5350 et
855 5296 948 5352 lib.
981 5293 1049 5348 de
1079 5291 1275 5348 Parad.
1305 5305 1353 5345 c.
1379 5291 1434 5354 5.
1467 5306 1522 5344 n.
1549 5289 1637 5348 14,
1668 5287 1767 5340 do-

165 5381 253 5426 eet
284 5370 460 5423 Nilum
494 5367 738 5422 etttntlem
770 5381 890 5421 esse
930 5380 992 5420 ac
1020 5365 1173 5420 Geon
1207 5377 1365 5434 quem
1395 5378 1459 5416 ex
1500 5358 1761 5416 Paradiso

167 5441 415 5496 terreSIri
462 5442 628 5496 littere
676 5439 946 5508 Scriptura
1005 5439 1187 5490 tradit.
1240 5436 1372 5504 Qua:
1416 5435 1603 5504 opinio
1655 5435 1757 5488 etsi

164 5517 304 5582 apud
342 5514 532 5567 Patres
562 5511 902 5582 communior
935 5510 1026 5582 sit,
1057 5508 1126 5582 ab
1155 5508 1420 5582 aliquibus
1447 5515 1761 5582 tamett__rc-

160 5576 366 5653 jicitur.
397 5585 542 5648 _Vide
582 5581 863 5640 Petaviutn
894 5579 1145 5637 Animad.
1193 5581 1245 5633 in
1271 5577 1486 5648 Epiph.,
1519 5576 1759 5646 Scalige-

162 5669 282 5710 rum
308 5658 375 5712 de
397 5656 612 5712 emend.
633 5655 837 5723 .Temp.
871 5666 924 5709 et
953 5653 1143 5723 alios."

235 5727 263 5767 δ
305 5729 431 5784 Mss.
461 5721 690 5797 aliquot.
724 5721 797 5781 ac’
814 5725 945 5782 edit.
977 5721 1223 5795 qmedam
1251 5721 1614 5797 antiquiores,
1662 5735 1756 5772 nec

167 5799 321 5856 ullius
351 5801 394 5856 vi
435 5817 455 5856 :
480 5792 623 5870 quod
653 5809 712 5854 ut
731 5792 1096 5870 emendare-nt.
1121 5793 1482 5860 recentiores,
1527 5792 1756 5848 induxe-

606 5898 884 5959 PATROL.
927 5893 1100 5958 XIV.

1869 1977 2060 2018 omnes
2076 1965 2469 2034 complectitur,
2499 1954 2556 2021 et
2580 1968 3142 2025 commendatontnes.
3164 1969 3470 2025 Accideniia

1869 2073 2082 2129 quoque
2127 2069 2252 2114 sunt
2292 2062 2705 2132 negotiationes,
2754 2074 3092 2128 mercatum,
3143 2075 3197 2119 et
3241 2065 3471 2135 agricul-

1871 2161 2026 2218 turzc,
2073 2155 2432 2226 competentia
2465 2166 2704 2226 quaestus
2747 2157 2990 2211 laborum
3022 2172 3357 2228 operumque
3382 2173 3472 2211 ru-

1869 2246 2084 2302 ralium.
2137 2247 2274 2304 Sunt
2315 2247 2476 2303 etiam
2530 2249 2774 2316 corporis
2804 2249 3104 2304 accidentia
3145 2249 3466 2312 salubritas,

1868 2348 1922 2394 et
1970 2337 2132 2411 3&5
2171 2340 2528 2394 commoditas
2566 2341 2913 2407 valetudinis,
2947 2341 3132 2406 decus,
3190 2339 3468 2404 fortitudo,

1869 2444 1988 2500 qua:
2018 2446 2083 2484 ex
2119 2441 2361 2502 tempore
2390 2431 2668 2497 accidunt,
2695 2439 2750 2486 et
2775 2447 2897 2486 cum
2942 2441 3103 2486 aetate
3136 2439 3434 2486 mutantur.

1947 2525 2034 2581 69.
2065 2525 2182 2580 Non
2211 2526 2540 2581 mediocrem
2575 2527 2714 2582 hanc
2744 2527 3010 2595 triplicem
3043 2527 3269 2597 gratiam
3291 2535 3472 2597 putes.
3557 2597 3568 2604 .

1869 2619 2051 2676 Habes
2081 2621 2225 2675 enim
2264 2620 2657 2691 perfectionem
2693 2619 2986 2689 perfeCIam
3042 2620 3094 2674 in
3152 2619 3467 2689 Evangelio.

1867 2711 2000 2768 Nam
2030 2727 2152 2768 cum
2177 2711 2309 2766 dicit
2327 2711 2590 2766 Dominus
2610 2711 2770 2768 Jesus
2795 2711 3112 2783 legisp‘erito
3141 2711 3246 2766 illi:
3272 2711 3472 2783 Diliges

1870 2807 2154 2863 Dominum
2180 2806 2340 2860 Deum
2373 2815 2517 2859 tuum
2544 2805 2774 2877 (Matth.
2808 2822 2920 2860 xx"
2941 2845 2953 2866 ,
2984 2804 3075 2876 37)
3100 2847 3115 2872 ,
3147 2805 3343 2860 anima:
3381 2806 3473 2876 ju-

1869 2901 2070 2956 stitiam
2103 2898 2324 2955 mandat
2346 2898 2654 2954 tenendam.
2685 2897 2912 2952 Etiamsi
2937 2897 3194 2952 honorari
3220 2908 3472 2966 parentes

1865 2992 2073 3062 justum
2123 3003 2245 3058 est,
2277 3000 2480 3063 quanto
2536 2991 2706 3061 magis
2723 2991 2943 3074 parenti
2991 2989 3234 3044 omnium
3271 2990 3453 3046 defert'

1872 3086 2036 3142 debet
2087 3085 2544 3140 honorificentia?
2585 3085 2794 3139 Rursus
2825 3099 2946 3138 cum
2980 3083 3111 3138 dicit
3141 3101 3153 3136 :
3190 3083 3311 3138 Non
3341 3085 3475 3137 occi-

1876 3182 1991 3248 des,
2027 3195 2128 3232 non
2161 3178 2509 3243 adulterium,
2541 3194 2641 3231 non
2675 3182 2873 3249 furtum
2907 3177 3086 3247 facies,
3130 3192 3231 3228 non
3282 3175 3474 3246 falsum

1795 3265 1841 3329 C
1874 3273 2221 3327 testimonium
2243 3271 2378 3326 dices
2399 3270 2616 3342 (Matth.
2648 3286 2736 3324 xix
2756 3311 2769 3334 ,
2802 3271 2867 3326 18
2889 3268 2909 3342 )
2934 3312 2947 3333 ,
2978 3271 3204 3323 virtutes
3228 3269 3475 3338 corporis

1874 3367 2170 3423 servandas
2209 3365 2483 3420 admonet.
2528 3365 2586 3419 ln
2636 3363 3028 3434 posterioribus
3059 3379 3190 3417 vero
3217 3363 3404 3417 dicens
3457 3380 3471 3415 :

1877 3473 1897 3500 ε
1931 3459 2102 3514 Nemo
2130 3470 2201 3515 est
2231 3459 2319 3528 qui
2357 3459 2616 3528 relinquat
2666 3459 2906 3525 domum,
2951 3464 3040 3510 aut
3071 3467 3337 3526 parentes,
3377 3465 3468 3507 aut

1821 3614 1824 3616 η
1870 3569 2086 3608 uxorem
2109 3594 2124 3619 ,
2156 3561 2242 3605 aut
2271 3551 2409 3619 [ilios
2455 3561 2667 3620 propter
2697 3567 2910 3621 regnum
2942 3547 3038 3603 Dei
3065 3591 3080 3615 ,
3115 3558 3162 3602 et
3190 3565 3292 3602 non
3332 3549 3467 3601 rcci-

1870 3646 1979 3715 piat
2003 3646 2191 3714 septies
2223 3653 2420 3697 tantum
2450 3638 2670 3697 nuncin
2694 3643 2790 3696 hoc
2816 3653 3066 3710 tempore,
3094 3642 3147 3694 in
3170 3641 3358 3694 saeculo
3379 3656 3475 3693 au-

1871 3748 1968 3794 tem
2000 3749 2211 3793 venturo
2241 3739 2395 3792 vitam
2423 3720 2668 3792 ceternam
2707 3735 2987 3808 possid..bit
3017 3733 3170 3806 (Luc.
3207 3749 3371 3800 xmt,
3402 3732 3474 3786 ἐξ)

1871 3846 1917 3888 et
1943 3834 2076 3899 30);
2105 3850 2284 3887 nonne
2314 3833 2648 3887 incrementa
2674 3831 2937 3885 bonorum
2967 3829 3327 3883 accidentium
3352 3844 3475 3883 cum

1871 3931 2068 3984 animae
2097 3929 2447 3999 corporisque
2475 3927 2911 3982 remuneratiOne
2935 3924 3231 3994 promittit?
3481 3979 3483 3981 ,

1946 4022 2051 4094 70.¹
2082 4022 2208 4076 llaec
2239 4037 2357 4092 qua:
2387 4020 2726 4090 simplicibus
2751 4018 2934 4074 verbis
2983 4014 3136 4072 sacra
3186 4015 3472 4082 Scriptura

1873 4113 2151 4184 exprimit,
2169 4129 2364 4184 magno
2381 4113 2615 4180 quodam
2637 4112 2909 4168 cothurno
2928 4110 3249 4167 Aristoteles
3294 4111 3433 4183 (Lib.
3461 4128 3475 4167 l

1880 4210 2052 4266 lit/tie.
2086 4226 2132 4262 c.
2163 4207 2220 4268 8)
2263 4219 2318 4263 et
2346 4207 2692 4277 Peripatetici
2716 4218 3047 4278 personant,
3096 4216 3257 4274 atque
3287 4206 3480 4278 (extol-

1875 4305 2012 4360 lunt.
2058 4283 2477 4375 Pythagoricum
2502 4315 2718 4370 quoque
2744 4298 2938 4368 dogma
2968 4314 3090 4354 esse
3118 4297 3492 4370 testificantur

1873 4399 1979 4455 sui.
2011 4397 2116 4454 Sed
2167 4397 2294 4468 quis
2343 4395 2562 4449 illorum
2609 4394 2844 4465 aequavit
2888 4391 3162 4448 Abraham
3195 4392 3476 4463 tempore?

1873 4492 2008 4561 Quis
2047 4492 2375 4547 auctoritate
2423 4499 2478 4544 et
2507 4476 2773 4559 Sapientia
2824 4488 3130 4554 Dominum,
3161 4487 3316 4556 cujus
3336 4501 3475 4565 gora-

1874 4587 1999 4642 culo
2026 4585 2298 4641 Abraham
2334 4583 2567 4652 triplicis
2590 4582 2749 4653 hujus
2769 4584 2960 4654 gratia:
2974 4599 3166 4636 munus
3193 4582 3479 4652 agnoscit?

1791 4680 1849 4741 D
1902 4736 1904 4738 ,
1945 4681 2037 4734 Ἠ.
2081 4678 2286 4733 Dantur
2309 4686 2488 4731 autem
2517 4676 2568 4732 ei
2597 4687 2870 4746 tamquam
2895 4674 2946 4728 in
2979 4674 3323 4744 disciplinam
3343 4675 3475 4730 alie-

1875 4773 2088 4843 nigena:
2138 4773 2423 4835 nationes;
2480 4777 2538 4824 ut
2586 4784 2740 4823 mens
2805 4767 2947 4837 aequi
2998 4765 3475 4822 observantissima

1873 4867 2084 4923 recidat
2107 4865 2232 4920 vitia
2254 4905 2270 4932 ,
2306 4862 2568 4918 emendet
2594 4871 2794 4918 errata.
2847 4861 3015 4932 Magis
3043 4869 3223 4915 tamen
3251 4859 3477 4915 evidens

1873 4958 2137 5015 Ecclesia
2164 4955 2472 5011 declaratur
2504 4955 2818 5026 mysterium
2839 4996 2854 5020 ,
2886 4953 3010 5022 quia
3053 4967 3150 5021 per
3194 4950 3472 5020 apostolos

1872 5051 1990 5122 ejus
2016 5051 2106 5121 qui
2131 5060 2258 5104 sunt
2288 5047 2545 5102 lsraelitae
2569 5088 2584 5112 ,
2619 5060 2848 5114 quorum
2874 5053 3076 5113 patres,
3106 5051 3163 5096 et
3184 5057 3248 5095 ex
3274 5041 3471 5108 quibus

1871 5143 2116 5218 patribus
2143 5141 2389 5198 Christus
2415 5141 2716 5196 secundum
2762 5152 2982 5193 carnem
3015 5134 3116 5191 sub
3147 5136 3264 5204 lege
3295 5130 3470 5187 factus

1867 5292 2016 5344 runt.
2051 5299 2143 5336 nec
2170 5281 2331 5336 ullius
2357 5279 2452 5332 vis.
2479 5275 2584 5331 Sed
2617 5274 2717 5351 etsi
2751 5287 2913 5351 sensu
2945 5286 3051 5351 non
3079 5277 3255 5351 careat
3279 5279 3466 5351 emen-

1865 5341 2032 5420 datio,
2067 5364 2303 5409 nos-Iram
2336 5363 2513 5404 tamen
2563 5346 2794 5420 totidem
2817 5343 3011 5420 litteris
3033 5341 3310 5420 exhibent
3338 5353 3463 5420 pro-

1865 5412 2104 5484 batiores
2134 5439 2291 5488 mss.,
2326 5437 2511 5478 verum
2557 5421 2628 5473 ita
2674 5415 2990 5490 conjunctis
3033 5412 3366 5490 ἤθει-[ηιξμιι
3409 5412 3461 5464 in

1864 5480 2060 5556 85mm
2080 5480 2310 5554 pactione
2335 5491 2652 5548 hallucinari
2675 5480 2902 5556 pronum
2933 5483 3120 5538 fuerit.
3145 5482 3210 5550 Et
3233 5480 3357 5534 hinc
3375 5495 3462 5535 re-

1863 5573 2160 5628 centiorum
2194 5584 2325 5623 mss.
2357 5582 2421 5621 ac
2446 5563 2578 5636 edi}-
2608 5558 2905 5636 οοηιιριίο-
2955 5625 2968 5636 ,
3049 5624 3127 5636 ,ω

1938 5622 2262 5696 {llic—locus
2297 5638 2458 5706 paulo
2488 5634 2651 5706 aliter
2694 5622 2923 5706 habetur
2954 5625 3008 5706 in
3049 5624 3238 5706 Bi_l.tli_is
3258 5622 3404 5706 ,“sned
3430 5637 3460 5678 a

1859 5692 2352 5786 Cypriaitoviisderm
2375 5704 2588 5786 verbis
2617 5708 2814 5770 quater
2841 5692 3064 5752 citatur.
3099 5695 3235 5753 Vide
3274 5692 3372 5750 lib.
3405 5709 3465 5752 ut

1859 5781 1928 5842 ad
1945 5781 2185 5855 Quirin.,
2213 5797 2332 5854 cap.
2367 5781 2459 5836 l6.
2947 5864 3024 5925 16
