4082 6370
658 301 764 410 491
1993 326 2241 387 SANGTI
2278 315 2606 387 AMBROSII
3889 308 3979 375 «1θὶ

656 484 772 540 est,
802 465 1170 543 congreganda
1201 461 1441 520 Ecclesia
1487 458 1629 516 foret
1655 467 1680 496 θ
1712 456 1998 514 credituris
2026 455 2242 528 ponulis
2268 469 2324 532 Α
2349 458 2482 513 fides
2529 453 2807 521 Ecclesia,
2860 449 2952 507 sed
2984 448 3243 505 conclusa
3296 445 3430 501 erat
3489 439 3624 511 ejus
3671 437 3975 494 fecunditas.

657 566 952 622 nationum.
982 559 1128 628 Quos
1150 574 1255 612 non
1283 556 1454 610 οιίοςε
1479 553 1668 608 decem
1711 567 1941 608 numero
1966 550 2244 621 signitica-
2344 554 2462 622 Quo
2492 552 2659 609 verbo
2689 550 3093 606 demOnSu-atur
3134 543 3407 616 quoniam
3451 533 3832 608 exspectabat
3875 549 3976 602 βπ-

652 659 759 724 Vit,
782 655 876 712 sed
904 662 960 709 ut
979 626 1293 708 ostenderet
1313 646 1456 720 quod
1478 646 1555 702 illi
1586 655 1712 701 ante
1741 643 1954 715 perfidi,
1977 643 2064 698 ubi
2090 655 2244 696 men-
2347 658 2431 702 ius
2462 646 2542 700 sui
2576 653 2850 713 tempora;
2903 639 3028 712 quia
3076 635 3223 709 quod
3267 633 3629 691 cunclusum
3683 635 3774 683 est
3797 626 3973 696 aperiri

2345 739 2503 794 solet.
2536 738 2650 806 Qua
2681 735 2890 792 ratione
2915 731 3170 789 conclusa
3203 729 3405 793 fuerit,
3443 724 3636 781 docet
3681 729 3740 776 te
3765 720 3972 786 Aposto-

2348 832 2430 889 lus
2457 832 2645 888 dicens
2675 850 2687 884 :
2721 828 2988 884 Conclusit
3033 826 3172 882 enim
3200 822 3348 879 Deus
3391 819 3598 875 omnia
3624 819 3689 872 in
3717 813 3971 870 increduli-

2347 940 2468 990 tate,
2495 936 2552 980 ut
2582 923 2816 980 omnibus
2845 923 3244 977 misereatur....
3278 915 3476 988 (Rom.
3515 929 3623 980 ιι,
3659 909 3762 982 5'1)
3807 909 3871 966 Ut
3893 927 3971 963 non

2347 1020 2564 1076 volentis
2596 1035 2755 1090 neque
2781 1017 3064 1083 currentis,
3089 1016 3181 1070 sed
3211 1011 3536 1068 miserantis
3570 1007 3682 1062 Dei
3713 1005 3890 1080 (non.
3913 1021 3968 1068 ιι,

2351 1114 2440 1187 16)
2467 1122 2611 1169 esset
2637 1113 2836 1184 gratia;
2869 1128 2936 1167 ne
2975 1121 3026 1165 te
3057 1110 3232 1180 ipsum
3257 1105 3663 1178 ittslilicares,
3693 1100 3794 1157 sed
3821 1097 3966 1155 orntus

2350 1211 2618 1267 trihueres
2651 1209 2759 1264 Deo
2805 1207 2893 1278 qui
2924 1217 2978 1262 te
3003 1204 3232 1260 vocavit.
3263 1201 3448 1258 Nemo
3484 1212 3644 1270 ergo
3701 1197 3964 1268 pigrescat,

2349 1316 2403 1364 et
2432 1306 2835 1363 excusationem
2867 1300 3162 1372 praetendat
3202 1296 3435 1354 desidiae
3488 1309 3653 1363 sum,
3689 1307 3801 1364 quo
3827 1288 3964 1344 seria

2349 1401 2569 1465 credat,
2602 1399 2724 1472 quia
2756 1398 3018 1468 scriptum
3051 1405 3135 1450 est
3174 1408 3283 1448 non
3329 1389 3596 1446 volentis
3619 1428 3637 1452 ,
3681 1400 3854 1453 neque
3874 1399 3965 1437 cur-

2353 1497 2522 1554 rentis
2553 1508 2696 1551 esse.
2738 1487 3060 1546 consideret
3093 1490 3237 1543 enim
3267 1485 3398 1557 quid
3431 1482 3720 1539 additum
3762 1479 3854 1544 sit,
3884 1475 3960 1532 Sd

2352 1589 2647 1644 miserantis
2667 1629 2682 1654 ,
2715 1584 2915 1656 inquit,
2947 1582 3062 1637 Dei.
3109 1581 3297 1636 Talem
3327 1588 3384 1634 te
3411 1589 3564 1648 ergo
3597 1573 3803 1645 praebe
3842 1569 3958 1624 bonis

2351 1683 2548 1742 studiis
2578 1690 2632 1739 et
2660 1689 2908 1752 prompta
2933 1677 3067 1742 fide;
3099 1684 3156 1730 ut
3191 1674 3339 1730 Deus
3394 1671 3475 1726 tui
3526 1670 3886 1726 misereatur.
3919 1672 3957 1718 et

2350 1788 2506 1836 vocet
2536 1789 2586 1833 te
2610 1777 2750 1830 sicut
2775 1772 3066 1829 Ecclrsiam
3088 1767 3296 1824 vocavit
3321 1766 3521 1820 dicens
3557 1782 3572 1816 :
3601 1761 3811 1818 Palam
3828 1764 3954 1828 facta

649 765 828 809 suram
880 745 1098 818 pietatis
1147 743 1494 818 implessent,
1545 737 1572 779 δ
1607 737 1850 810 profecto
1875 746 2063 793 essent
2118 731 2242 790 fidei

647 841 893 914 adepturi
925 854 1208 898 coronam.

719 937 808 991 72.
843 933 1091 1005 Denique
1112 929 1358 1001 sequitur
1377 929 1504 1008 quia
1547 927 1680 984 Sara
1709 940 1847 981 uxor
1876 922 2109 982 Abraha:
2138 928 2246 979 ste-

645 1032 762 1089 rilis
798 1031 972 1086 fuerat
1019 1027 1186 1102 (Gen.
1216 1040 1370 1090 xxvr,
1407 1024 1430 1078 1
1461 1023 1480 1094 )
1531 1040 1544 1076 :
1576 1030 1693 1077 erat
1747 1028 1930 1076 autem
1969 1019 2019 1074 ei
2048 1016 2241 1073 ancilla

647 1123 897 1198 Egyptia
930 1122 1014 1178 cui
1045 1135 1244 1176 nomen
1294 1119 1436 1189 Agar
1465 1114 1609 1187 quod
1650 1113 1717 1169 ad
1747 1113 2049 1169 Ecclesiam
2080 1110 2246 1182 perti-

647 1235 779 1277 nere
810 1219 862 1273 in
909 1232 972 1272 ca
1003 1213 1348 1286 expositione
1373 1227 1536 1284 quam
1587 1210 1656 1266 de
1701 1209 1998 1264 moralibus
2027 1205 2244 1276 scripsi—

647 1330 764 1370 mus
784 1355 801 1386 ,
829 1309 1150 1384 apostolicis
1175 1306 1460 1364 docuimus
1487 1303 1750 1374 exemplis
1782 1300 1922 1363 (Lib.
1954 1299 2054 1355 ide
2082 1297 2246 1353 Abra-

648 1408 790 1464 ham.
821 1422 868 1460 c.
901 1403 981 1475 4).
1017 1401 1258 1458 Ecclesia
1284 1399 1426 1455 enim
1461 1397 1662 1453 sterilis
1690 1393 1902 1450 videtur
1931 1392 1983 1448 in
2017 1394 2117 1446 hoc
2143 1405 2244 1447 sa:-

645 1495 954 1568 culo;quia
994 1511 1103 1550 non
1151 1492 1432 1549 saacularia
1481 1489 1740 1562 parturit,
1771 1502 1870 1543 nec
1910 1485 2199 1557 prazsentia
2225 1525 2241 1549 ,

646 1594 744 1650 sed
773 1593 981 1655 futura.
1010 1592 1111 1648 hoc
1135 1599 1249 1657 est,
1281 1604 1389 1644 non
1420 1603 1480 1643 ea
1511 1601 1628 1657 qua:
1651 1583 1923 1638 videntur.
1957 1579 2126 1650 Hujus
2147 1595 2244 1633 an-

647 1688 772 1746 cilla
800 1694 884 1742 est
911 1686 1189 1760 Synagoga
1211 1724 1225 1749 ,
1263 1681 1346 1736 vel
1374 1693 1562 1734 omnes
1585 1679 1849 1738 haereses,
1879 1688 2001 1746 qua:
2031 1685 2240 1738 servos,

649 1795 756 1839 non
790 1778 992 1834 liberos
1023 1785 1192 1832 creat.
1238 1773 1476 1843 Ideoque
1529 1769 1672 1842 Agar
1710 1767 1916 1824 dicitur
1959 1762 2240 1821 habitatio.

647 1873 863 1948 Etenim
912 1869 1222 1941 temporalis
1273 1882 1424 1938 spem
1457 1864 1636 1934 fovet,
1673 1878 1778 1918 non
1811 1870 2088 1932 perpetuac
2117 1871 2229 1928 pos

2347 1889 2462 1928 sunt
2495 1883 2516 1909 ε
2550 1886 2650 1924 non
2677 1865 3022 1939 querentibus
3048 1879 3144 1929 me,
3177 1859 3400 1931 apparat"
3431 1858 3501 1912 iis
3539 1856 3644 1927 qui
3694 1857 3765 1909 de
3792 1865 3952 1906 Item

645 1967 907 2028 sessionis
935 1963 1163 2040 gratiam
1196 1970 1362 2016 tenet.
1390 1959 1574 2030 Itaque
1607 1965 1665 2010 ut
1684 1971 1790 2010 non
1820 1953 2064 2009 insolens
2086 1958 2243 2020 partu

642 2076 911 2131 corporeo
943 2058 1034 2113 ﬁat
1062 2055 1256 2111 ancilla
1307 2053 1425 2124 ejus
1446 2095 1460 2119 ,
1493 2060 1548 2107 et
1572 2051 1662 2121 jus
1699 2048 1956 2104 Ecclesia:
1991 2046 2092 2101 sibi
2123 2044 2241 2099 vin-

641 2152 815 2227 dicet,
846 2152 1041 2210 dicitur
1073 2151 1144 2207 ibi
1178 2169 1189 2208 :
1226 2147 1374 2216 Eiice
1405 2144 1652 2202 ancillam
1685 2153 1732 2199 et
1759 2141 1929 2214 ﬁlium
1960 2141 2109 2214 ejus;
2137 2153 2241 2192 non

637 2247 774 2301 enim
811 2245 975 2300 lateres
1023 2244 1118 2299 erit
1172 2242 1312 2314 ﬁlius
1360 2240 1565 2295 ancillae
1618 2254 1732 2292 cum
1773 2235 1884 2306 ﬁlio
1935 2249 2045 2288 meo
2088 2229 2242 2288 Isaac

641 2337 798 2409 (Gen.
825 2353 952 2404 nt,
987 2336 1102 2409 10).

711 2431 802 2486 73.
842 2429 952 2487 Sed
974 2429 1136 2484 etiam
1171 2427 1223 2482 in
1255 2426 1480 2498 singulis
1510 2423 1645 2480 Sara
1686 2430 1798 2490 est,
1835 2429 1890 2476 et
1920 2420 1974 2475 in
2004 2416 2240 2488 singulis

639 2525 805 2600 Agar.
833 2524 969 2580 Sara
1015 2523 1188 2578 virtus
1233 2536 1358 2575 vera
1410 2527 1528 2584 est,
1582 2531 1709 2571 vera
1750 2515 2014 2585 sapientia
2049 2530 2061 2565 :
2095 2511 2240 2582 Agar

639 2628 824 2676 autem
843 2627 928 2672 est
950 2615 1188 2672 versutia
1206 2655 1222 2681 ,
1255 2625 1524 2686 tamquam
1553 2612 1747 2667 ancilla
1767 2607 2107 2682 perfectioris
2131 2605 2239 2660 vir-

641 2711 788 2768 tutis.
817 2711 934 2768 Alia
966 2712 1113 2768 enim
1158 2708 1426 2786 sapientia
1469 2708 1765 2779 Spiritalis,
1816 2706 1921 2761 alia
1973 2703 2238 2774 sapientia

637 2804 797 2876 hujus
843 2803 1050 2861 mundi.
1096 2803 1221 2858 Ideo
1264 2804 1428 2859 etiam
1481 2801 1736 2875 Egyptia
1779 2799 2078 2863 scribitur;
2109 2795 2237 2866 quia

639 2896 1014 2970 phil050phica
1043 2894 1279 2953 eruditio
1306 2893 1672 2950 abundavitin
1703 2891 1966 2964 Egypto.
1997 2888 2240 2958 Denique

632 3001 687 3047 et
714 2991 926 3064 Moyses
957 2989 1203 3046 eruditus
1232 2996 1351 3045 erat
1375 2989 1431 3043 ῆι
1475 2989 1622 3044 omni
1650 2985 1914 3057 sapientia
1945 2981 2237 3054 Egyptio-

630 3103 784 3154 rum,
830 3084 928 3142 Sed
958 3085 1158 3158 abjecit
1187 3101 1306 3142 eam
1350 3084 1645 3156 praeferens
1695 3081 1913 3153 [Egypli
1960 3077 2236 3134 thesauris

625 3182 977 3255 Opprobrium
1006 3196 1102 3252 pro
1125 3178 1292 3258 346
1313 3178 1516 3235 Christi
1548 3178 1788 3236 nomine.
1818 3176 1954 3232 Nam
1997 3172 2046 3229 si
2083 3173 2232 3228 illam

2352 1964 2743 2037 interrogabant
2773 1958 2945 2029 (Esai.
2981 1972 3102 2023 va,
3136 1956 3210 2026 1).

2420 2057 2508 2113 75.
2551 2057 2619 2112 Et
2647 2067 2795 2132 recte
2824 2051 3103 2125 przemissa
3141 2055 3267 2104 sunt
3292 2045 3567 2106 inferiora
3595 2085 3614 2110 ,
3651 2051 3718 2098 ut
3771 2039 3948 2096 meliora

2347 2161 2731 2226 sequerentur.
2762 2146 2982 2219 Peperit
3011 2143 3206 2200 ancilla
3242 2153 3434 2196 servos
3455 2181 3468 2203 ,
3507 2147 3575 2193 ut
3609 2151 3722 2192 eos
3753 2133 3947 2190 Ecclesia

2345 2246 2548 2302 liberos
2577 2245 2780 2298 laceret
2800 2283 2815 2308 ,
2848 2251 2900 2296 et
2924 2237 3266 2294 deservitute
3295 2231 3542 2305 populos
3561 2229 3641 2285 ad
3672 2229 3945 2284 libertatm

2345 2348 2596 2406 vocaret,
2625 2338 2693 2394 de
2714 2336 2869 2408 culpa
2897 2333 2964 2390 ad
2992 2329 3380 2395 innocentiam,
3407 2325 3481 2381 de
3500 2324 3736 2379 oﬂensa
3761 2321 3828 2377 ad
3852 2335 3944 2391 gra-

2347 2439 2500 2494 tiam.
2535 2432 2881 2504 Singulorum
2912 2441 3128 2501 quoque
3163 2424 3450 2480 hominum
3478 2417 3531 2475 si
3576 2430 3812 2490 spectes
3836 2412 3943 2470 ora-

2347 2545 2494 2594 nem,
2522 2542 2628 2582 non
2660 2540 2850 2580 omnes
2878 2539 2906 2578 a
2943 2520 3194 2592 perlectis
3218 2515 3640 2572 inchoaverunt
3666 2555 3682 2578 ,
3711 2528 3813 2568 nec
3836 2506 3939 2578 apud

2345 2637 2538 2680 omnes
2569 2631 2810 2690 tempore
2835 2618 3006 2687 prima
3033 2623 3151 2680 est,
3183 2611 3278 2668 sed
3309 2609 3512 2665 merito
3542 2606 3833 2677 antiquior
3851 2616 3938 2674 perc

2345 2721 2482 2775 fecta
2513 2719 2702 2772 virtus.
2738 2711 3030 2768 Prudentis
3058 2709 3219 2780 igitur
3259 2703 3461 2761 mentis
3490 2711 3582 2757 est
3613 2700 3934 2756 considerare

2344 2811 2601 2883 quamdiu
2627 2805 2943 2878 imperfecta
2969 2813 3056 2864 est
3082 2803 3263 2861 anima
3281 2843 3294 2867 ,
3314 2815 3439 2870 qua:
3457 2805 3590 2852 sunt
3620 2811 3815 2851 seettm
3836 2793 3931 2848 deli

2345 2906 2500 2961 beret
2522 2947 2536 2969 ,
2582 2915 2640 2957 ut
2667 2902 2753 2958 vel
2793 2901 2849 2955 in
2881 2896 3272 2970 posterioribus
3301 2907 3361 2948 sc
3387 2898 3663 2947 exerceat
3709 2890 3926 2944 virtutum

2343 2996 2670 3066 disciplinis,
2700 2994 2878 3050 donec
2906 2991 3152 3049 exercitii
3192 3004 3289 3045 usu
3341 2987 3613 3044 valescat.
3664 2985 3810 3040 Dum
3835 2993 3929 3036 rem

2343 3105 2403 3144 se
2423 3089 2628 3145 erroris
2649 3086 2946 3142 involucris
2972 3082 3232 3150 exuerit,
3264 3089 3322 3136 et
3351 3079 3426 3136 ab
3455 3078 3610 3136 omni
3642 3073 3923 3134 enodaveri:

2342 3181 2664 3246 oﬂ'ensione,
2687 3188 3121 3234 consummatam
3147 3175 3230 3230 sui
3258 3171 3646 3246 purgationem
3676 3168 3919 3232 exhibens

615 3276 919 3347 indicasset
962 3275 1195 3346 alim'lus
1227 3275 1489 3330 ηιοηὶθηιί
1541 3290 1664 3332 esse
1702 3272 2026 3342 δεψῖθιιιίεὶηι
2045 3311 2060 3337 .
2122 3283 2232 3322 ηοη
2259 3277 2314 3343 C-
2341 3284 2470 3330 tunc
2499 3289 2600 3328 suo
2629 3271 2832 3327 nitatur
2868 3271 3061 3327 ordine
3091 3280 3316 3339 magnos
3342 3274 3534 3336 partus
3560 3262 3756 3321 cdere.

626 3369 814 3438 utique
856 3367 1086 3426 dixisset
1119 3385 1131 3419 :
1164 3365 1380 3432 Precor,
1439 3365 1678 3428 Domine,
1731 3381 1834 3418 non
1879 3380 1994 3417 sum
2043 3362 2233 3430 dignus

625 3468 743 3514 ante
768 3459 1055 3540 hesternam
1075 3469 1122 3514 et
1153 3458 1622 3514 nudiustertianam
1654 3456 1808 3520 diem,
1844 3471 2005 3527 neque
2025 3471 2087 3509 ex
2127 3471 2229 3525 quo

625 3553 824 3626 cwpisti
853 3553 994 3623 loqui
1035 3569 1178 3606 servo
1221 3562 1340 3619 tuo;
1370 3553 1556 3627 gracili
1600 3555 1735 3605 enim
1777 3549 2151 3615 collocatione,
2183 3557 2232 3602 et

624 3645 855 3700 tardiore
875 3645 1060 3714 lingua.
1077 3661 1169 3718 ego
1190 3662 1301 3702 sum
1327 3644 1348 3717 (
1371 3644 1538 3699 Exod.
1564 3660 1639 3711 tv,
1665 3647 1776 3716 10).
1807 3643 2050 3714 Denique
2073 3641 2227 3712 quasi

622 3739 896 3796 inerudito
925 3738 1287 3816 respondetur
1305 3739 1352 3795 ei
1377 3739 1520 3812 quod
1549 3739 1860 3796 erudiretur
1890 3757 1918 3792 a
1955 3739 2180 3795 Domino
2211 3757 2225 3793 :

620 3831 738 3905 Ego
767 3833 998 3902 aperiam
1047 3848 1102 3887 os
1149 3841 1326 3897 tuum,
1381 3842 1427 3886 et
1466 3831 1717 3886 instruant
1761 3841 1808 3886 te
1854 3834 1996 3901 quod
2041 3831 2225 3887 debeas

620 3927 762 3998 loqui
783 3924 975 4000 (Ibid.,
997 3925 1110 3998 12).

691 4021 783 4077 74.
824 4021 1152 4078 Praeclarum
1201 4029 1381 4080 autem
1411 4022 1768 4096 mysterium,
1798 4019 1942 4092 quod
1991 4020 2083 4077 lex
2115 4035 2225 4076 non

615 4115 750 4169 satis
781 4115 937 4184 plena
967 4124 1118 4180 erat;
1145 4125 1201 4169 ut
1243 4115 1596 4186 persuaderet
1640 4116 1890 4186 populis,
1947 4125 2002 4171 et
2031 4127 2222 4186 gentes

618 4213 835 4260 vocaret
856 4245 872 4272 ,
905 4206 995 4261 vel
1028 4206 1150 4278 quia
1198 4208 1380 4268 clausa
1415 4210 1554 4263 foret
1580 4224 1753 4279 uSque
1780 4209 1849 4264 ad
1894 4201 2098 4263 Christi
2123 4207 2219 4263 ad-

619 4305 870 4364 ventum,
898 4298 989 4369 qui
1011 4313 1293 4372 exponens
1322 4301 1480 4355 nobis
1523 4303 1839 4374 prophetica
1871 4305 2092 4359 oracula
2118 4345 2133 4370 ,
2161 4311 2220 4360 et

615 4389 901 4461 proferens
931 4391 1211 4447 Lectionis
1241 4395 1441 4448 veteris
1489 4395 1820 4462 testimonia,
1852 4396 2017 4451 veluti
2050 4396 2222 4467 quod-

617 4483 744 4538 dam
771 4499 832 4538 os
864 4484 998 4554 legis
1037 4486 1285 4557 aperuit;
1320 4495 1376 4541 ut
1414 4486 1538 4542 ﬁdei
1569 4487 1778 4546 clamor
1810 4488 1860 4542 in
1893 4498 2063 4544 totum
2099 4506 2222 4560 per-

618 4576 829 4632 veniret
850 4578 1059 4633 orbem.
1099 4577 1249 4635 Unde
1276 4589 1331 4634 et
1368 4581 1594 4656 mystice
1619 4583 1689 4636 ait
1720 4580 1854 4637 Sara
1887 4601 1900 4637 :
1950 4581 2220 4638 Conclusit

2414 3369 2501 3426 76.
2545 3369 2820 3424 Praeterea
2846 3366 3046 3422 dicitur
3067 3362 3302 3420 Abraltzn
3329 3377 3342 3414 z
3380 3359 3510 3415 Esto
3542 3359 3660 3414 sine
3686 3353 3919 3428 rapi-alter

2339 3464 2482 3517 sione
2509 3461 2660 3532 (Gen.
2696 3476 2844 3527 xvn,
2877 3461 2901 3514 1
2932 3464 2984 3529 );
3013 3458 3098 3513 cui
3126 3456 3360 3511 dabatur
3408 3451 3652 3522 spiritus
3673 3447 3919 3519 sapientis

2339 3570 2581 3621 sanctus,
2618 3556 2846 3625 integer,
2882 3553 3022 3608 bene
3069 3547 3308 3612 mobilis,
3344 3544 3759 3612 intmaculatus.
3782 3541 3918 3610 Opor-

2339 3662 2418 3709 tet
2441 3654 2602 3724 igitur
2621 3650 2724 3705 viri
2753 3649 3015 3720 sapientis
3043 3646 3277 3700 animam
3301 3642 3388 3697 die
3416 3651 3703 3712 noctuque
3727 3638 3918 3691 inexer-

2338 3746 2464 3804 citio
2487 3744 2600 3816 jugi
2629 3741 2847 3816 specula
2869 3737 3229 3812 prmtendere,
3251 3749 3549 3806 numquam
3569 3725 3909 3801 somnoaﬁd

2340 3840 2746 3909 indulgentem,
2806 3833 3083 3906 perpetuis
3140 3830 3341 3904 vigiliis
3386 3829 3662 3883 intentam
3717 3823 3821 3879 Deo
3867 3816 3916 3872 ad

2335 3935 2880 4008 comprehensionem
2910 3945 3092 3986 rerum
3126 3941 3313 3983 earum
3341 3939 3462 3995 qua:
3484 3929 3650 3988 sunt,
3685 3929 3743 3978 et
3767 3917 3915 3984 singu-

2338 4031 2513 4088 larum
2540 4042 2828 4086 causarum
2852 4022 3238 4096 cognitionem.
3273 4016 3381 4076 Sed
3425 4015 3596 4071 etiam
3640 4012 3914 4069 futurorum

2336 4123 2605 4193 interpres
2636 4118 2899 4191 sapientia
2925 4126 3042 4184 est,
3075 4115 3179 4171 scit
3224 4109 3529 4184 praeterita,
3579 4115 3635 4164 et
3662 4106 3734 4162 de
3757 4100 3916 4160 intutis

2335 4216 2588 4272 atstimat.
2623 4212 2738 4270 Scit
2767 4210 3033 4266 versutias
3061 4220 3396 4271 sermonum,
3425 4209 3485 4258 et
3506 4201 3814 4257 solutiones
3849 4208 3913 4249 ar-

2335 4319 2747 4381 gumentorum.
2781 4305 2944 4376 Signa
2978 4309 3034 4357 et
3063 4309 3306 4356 monstra
3336 4297 3440 4354 scit
3462 4306 3762 4366 antequam
3791 4292 3910 4352 ﬁant,

2333 4411 2389 4459 et
2413 4414 2645 4460 eventus
2676 4412 2978 4472 temporum
3007 4405 3062 4452 et
3100 4393 3446 4452 saeculorum.
3477 4390 3604 4447 Non
3638 4397 3812 4461 potest
3832 4382 3912 4455 igi-

2333 4507 2420 4562 tur
2446 4499 2618 4554 bonus
2647 4509 2807 4568 atque
2851 4491 3126 4569 perfectus
3157 4507 3264 4544 non
3315 4503 3437 4545 esse
3463 4487 3554 4559 qui
3591 4486 3737 4541 hanc
3762 4479 3915 4552 aeque

2330 4593 2516 4658 sierit;
2541 4593 2664 4663 quia
2694 4601 2746 4646 et
2768 4604 2985 4645 omnem
3019 4586 3182 4641 hahet
3212 4583 3498 4648 virtutem,
3528 4590 3588 4638 et
3635 4579 3810 4650 imago
3836 4575 3913 4630 bo-

617 4686 696 4726 m‘
729 4668 980 4726 θοηίίηηδ
1019 4681 1078 4730 ιιι
1113 4689 1215 4727 ηοη
1245 4675 1477 4744 Parium;
1523 4677 1658 4730 intra
1699 4693 1821 4749 ergo
1861 4677 1930 4732 ad
1960 4679 2214 4733 ancillam
2246 4689 2303 4752 Β
2330 4686 2516 4739 nitatis
2536 4694 2639 4740 est.
2676 4682 2827 4740 Unde
2851 4691 2908 4736 et
2955 4677 3142 4734 saeculi
3173 4677 3329 4732 istius
3359 4675 3625 4746 sophista:
3656 4672 3914 4729 traxerunt

615 4781 813 4833 meam,
846 4776 893 4820 et
945 4766 1112 4837 ﬁlium
1160 4771 1316 4840 facies
1343 4786 1406 4824 ea:
1441 4770 1534 4824 illa
1588 4770 1742 4842 (Gen.
1793 4789 1912 4838 xrt,
1965 4773 2044 4844 ἐ).
2097 4773 2218 4843 Quo

615 4873 875 4933 agnoscas
907 4859 958 4914 itt
985 4860 1458 4933 praedestinatione
1477 4864 1641 4919 fuisse
1668 4882 1885 4935 semper
1914 4868 2215 4928 Ecclesiam

619 4953 742 5017 Dei,
775 4964 829 5010 et
861 4962 1101 5030 paratam
1135 4955 1261 5011 tich
1289 4957 1703 5028 fecunditatem,
1743 4963 1961 5034 quando
1994 4965 2215 5035 juberet

617 5045 874 5103 Dominus
906 5065 1298 5122 prorumpere,
1346 5052 1442 5108 sed
1481 5055 1757 5110 voluntate
1802 5055 2013 5114 Domini
2061 5067 2216 5116 certo

612 5150 942 5196 reservatam
976 5145 1223 5213 tempori.
1259 5144 1498 5215 Denique
1516 5147 1596 5201 sic
1622 5149 1882 5218 scriptttm
1903 5160 1987 5206 est
2018 5167 2030 5203 :
2059 5150 2216 5204 Tem~

611 5248 744 5301 pore
783 5243 997 5306 accepto
1038 5237 1279 5291 exaudiui
1327 5246 1406 5301 te,
1440 5247 1488 5292 et
1537 5239 1592 5292 in
1620 5239 1710 5292 die
1737 5241 1927 5295 salutis.
1961 5242 2138 5312 αριριιυὶ
2165 5251 2216 5298 ιθ

611 5319 784 5393 (Esai.
815 5341 968 5396 ηυξ,
996 5325 1075 5400 8).
1110 5325 1463 5386 Adverlimus
1494 5330 1700 5401 itaque
1728 5332 1869 5404 quod
1920 5332 2218 5390 festinabat

650 5541 712 5618 .-ει
737 5531 1370 5618 γθῐειεᾱίξηνενςάῖιᾳηδ
1393 5537 1932 5618 popuhenationuttt.
1965 5539 2032 5595 Et
2076 5555 2212 5608 pau-v

616 5605 692 5655 cis
720 5605 972 5681 versi-bus.
997 5607 1296 5677 interjectis
1336 5605 1540 5664 ea-dem
1572 5609 1730 5675 edit.,
1767 5611 1966 5665 sterilis
1994 5605 2165 5681 fuerat
2185 5653 2201 5678 ,

617 5673 760 5752 guod
801 5675 883 5752 ait
917 5676 1068 5752 εει,
1109 5673 1215 5752 etc.
1270 5681 1576 5752 Utrumque
1598 5673 1781 5737 locum
1825 5696 1954 5738 mss.
1994 5673 2206 5752 Cum,

618 5737 1241 5849 Lolt’tqizgol'hgaet‘blaz.
1279 5753 1436 5849 nobis
1468 5737 1844 5810 restituerunt.

706 5824 718 5905 ξ
749 5813 908 5868 Rom.
941 5818 1060 5898 cod.
1092 5821 1255 5888 Nam,
1286 5840 1375 5891 per
1401 5834 1514 5878 ecta
1539 5833 1725 5879 essent.

706 5909 716 5919 ρ
742 5880 868 5941 Vet.
899 5885 1030 5945 edtt.
1058 5903 1180 5947 cum
1201 5907 1333 5950 mss.
1356 5829 1540 5950 (€0le
1561 5896 1725 5950 Torn.

693 5893 716 5920 υ
742 5880 868 5941 Vet.
899 5885 1030 5945 edit.
1058 5903 1180 5947 cum
1201 5880 1333 5950 mss.
1356 5880 1540 5963 Colb.,
1561 5896 1754 5967 Torn.,
1785 5896 1934 5956 Vale.
1965 5897 2200 5968 etMaZ-r

2325 4778 2698 4834 definitionem
2757 4772 3066 4846 hujusmodi
3095 4813 3109 4840 ,
3167 4768 3318 4841 quod
3369 4768 3596 4840 sapiens
3635 4767 3724 4822 vir
3769 4766 3914 4820 bonus
4008 4766 4009 4838 γ

2326 4870 2547 4926 dicendi
2572 4869 2778 4940 peritus
2799 4871 2888 4923 sit.

2402 4965 2492 5019 77.
2535 4963 2842 5019 Redeamus
2871 4975 3014 5017 nunc
3041 4959 3106 5015 ad
3133 4957 3336 5014 donum
3367 4953 3464 5010 Dei
3508 4967 3621 5023 quo
3655 4949 3796 5006 nihil
3818 4946 3916 5019 ple-

2328 5058 2469 5113 nius.
2505 5058 2644 5125 Quid
2672 5059 2815 5113 enim
2849 5055 3045 5112 melius
3072 5049 3374 5123 sapientia?
3420 5045 3562 5114 Quid
3612 5044 3770 5116 pejus
3791 5038 3919 5095 vani-

2333 5164 2441 5208 tate
2464 5153 2487 5206 ?
2511 5151 2649 5220 Quid
2679 5151 2920 5206 deterius
2948 5143 3370 5219 superstitione?
3392 5141 3634 5208 Ideoque
3661 5144 3917 5207 umqum

2323 5245 2379 5300 ei
2427 5246 2516 5300 cui
2559 5245 2883 5315 promiserat
2934 5239 3325 5314 plenitudinem
3359 5230 3755 5306 perfectionis,
3800 5231 3912 5282 ait:

2325 5338 2544 5409 Augebo
2568 5348 2614 5392 te
2639 5337 2812 5406 valde,
2834 5346 2882 5393 et
2911 5352 3102 5407 ponant
3142 5344 3190 5390 te
3217 5333 3274 5388 in
3303 5339 3502 5403 gentes,
3548 5336 3596 5383 et
3627 5340 3774 5397 reges
3797 5321 3855 5375 de
3877 5327 3914 5372 ω

2324 5521 2502 5613 factus
2528 5559 2643 5598 sunt
2672 5542 3020 5610 quwrentibtts
3044 5555 3164 5607 me;
3205 5535 3578 5613 recentiores,
3608 5533 3788 5613 factus
3812 5537 3916 5583 mt

2327 5606 2360 5668 ὰ
2387 5633 2489 5669 non
2535 5606 2884 5686 quaerentibus
2938 5631 3050 5682 me;
3094 5606 3345 5686 utraeque
3369 5625 3488 5666 cum
3518 5606 3714 5686 iisdem
3769 5613 3908 5686 [nstin

2417 5688 2505 5757 qui
2535 5676 2616 5741 me
2640 5704 2768 5742 non.
2815 5676 3383 5757 MellIBVWdeCOI’b.
3424 5676 3732 5757 ει-ιειιεσ,
3758 5677 3914 5757 [ϐίω

2315 5748 2442 5812 sani
2472 5776 2575 5813 non
2594 5757 2949 5828 querentibus
2971 5775 3085 5826 me;
3116 5755 3318 5829 (utilius
3337 5768 3458 5813 cum
3481 5748 3642 5812 (ἴση).
3677 5751 3734 5804 et
3760 5748 3912 5807 Mam.

2319 5831 2411 5901 qui
2435 5829 2496 5885 de
2520 5846 2597 5884 me
2623 5847 2726 5885 non
2747 5871 2762 5899 ,
2797 5844 2905 5887 etc.
3006 5837 3017 5848 '

2281 6066 2325 6085 vi
2329 6065 2351 6085 Ζ
