4082 6370
211 323 316 384 495

1494 324 1584 391 DE
1624 331 1962 393 ABRAHAM
2001 333 2132 391 LIB.
2172 332 2236 391 ιι.

3399 332 3508 394 494

213 453 358 501 erunt
384 445 536 517 (Gen.
564 458 674 503 xvu
699 488 713 515 ,
744 444 801 521 6)
830 456 888 501 τι
913 446 1038 518 quia
1064 446 1184 520 ejus
1210 447 1300 518 qui
1328 444 1502 503 ﬁdelis
1528 453 1633 511 est,
1658 455 1802 503 totus
1831 448 1884 510 Α
1907 447 2066 518 Legis
2087 455 2269 502 autem
2293 447 2431 504 lator
2461 455 2682 504 acterna:
2701 447 3036 520 signaculum
3073 446 3510 506 circumcisiouis

213 541 448 596 mundus
469 540 773 596 divitiarum
819 550 920 608 est,
950 549 1004 596 et
1029 547 1275 612 augetur,
1321 555 1426 595 non
1459 539 1725 595 minuitur
1751 547 1809 595 ut

213 635 428 690 stultus.
456 636 678 697 Ponitur
708 637 762 692 in
807 644 995 707 gentes
1020 635 1292 692 Abraham
1318 678 1332 703 ,
1364 634 1470 691 hoc
1499 643 1582 690 est
1605 678 1620 704 ,
1675 633 1809 690 fides

215 725 332 795 ejus
360 725 426 780 ad
449 739 638 797 gentes
669 726 1012 793 transfertur,
1043 737 1099 782 et
1125 741 1280 799 reges
1302 727 1486 781 smculi
1513 727 1603 798 qui
1631 725 1812 781 credi-

218 820 448 887 derunt,
479 831 533 876 et
574 837 634 877 se
680 820 1224 891 subjiciuntDomino
1268 820 1397 876 Jesu
1428 821 1516 876 cui
1559 818 1760 874 dicitur
1793 835 1808 874 :

218 910 337 969 Tibi
369 913 580 982 olferent
609 930 754 988 reges
779 931 992 970 munera
1016 913 1128 986 (Ps.
1160 930 1299 970 vatt
1322 957 1336 980 ,
1389 913 1501 986 50).
1537 913 1651 969 Nec
1678 911 1810 968 illud

218 1005 546 1076 absurdum,
571 1006 697 1080 quia
719 1023 786 1063 ex
815 1022 1015 1079 genere
1038 1006 1269 1062 Abrahze
1313 1022 1419 1062 non
1449 1006 1624 1061 solum
1658 1019 1813 1076 reges

219 1110 380 1155 erunt
404 1101 670 1173 dignitate
697 1138 712 1169 ,
743 1115 931 1156 verum
973 1102 1136 1157 etiam
1165 1099 1240 1154 illi
1272 1115 1427 1171 reges
1474 1099 1564 1170 qui
1591 1107 1814 1170 peccato

219 1209 325 1250 non
380 1195 650 1262 serviant,
707 1209 808 1251 uec
838 1195 1019 1250 vincat
1056 1209 1151 1250 eos
1195 1194 1434 1261 malitia,
1477 1207 1639 1263 supra
1680 1207 1817 1264 quos

218 1300 444 1358 regnum
473 1301 622 1342 mors
664 1301 774 1341 non
821 1285 1036 1342 habeat.
1072 1285 1264 1340 Mentis
1291 1300 1508 1358 quoque
1539 1285 1694 1340 bona:
1725 1300 1818 1340 co-

218 1379 500 1453 gnovlmus
527 1394 686 1452 reges
713 1394 837 1436 esse
875 1391 929 1435 et
968 1379 1242 1450 principes
1279 1380 1648 1447 inventiones,
1698 1395 1818 1450 quas

219 1474 362 1529 sicut
387 1473 661 1531 Abraham
692 1472 980 1529 mediocris
1017 1472 1236 1543 quidem
1279 1473 1649 1544 generationis
1695 1488 1820 1545 pro-

225 1577 422 1624 ventus
475 1583 582 1624 non
626 1566 822 1638 habet,
854 1567 947 1623 sed
975 1567 1214 1622 abundat
1241 1567 1531 1639 regalibus.
1564 1565 1661 1623 Cui
1696 1567 1819 1622 data

224 1667 309 1717 est
331 1670 474 1715 terra
505 1660 556 1715 in
587 1659 1022 1732 possessionem:
1047 1657 1432 1715 utdominetur
1448 1659 1660 1730 corpori
1682 1700 1698 1726 ,
1722 1672 1822 1714 nec

222 1753 294 1810 sit
321 1757 532 1825 captiva
562 1753 860 1810 carnalium
894 1754 1230 1825 voluptatum
1254 1796 1268 1821 ,
1311 1753 1406 1810 sed
1443 1755 1597 1826 quasi
1649 1752 1822 1807 famu-

1913 539 2147 594 carnalis
2174 540 2227 595 iu
2248 541 2384 596 solis
2402 541 2640 596 maribus
2656 542 2846 614 exigit,
2874 558 2940 599 eo
2961 541 3103 612 quod
3128 541 3196 598 ad
3228 543 3509 598 mixtionis

1914 646 2068 686 usum
2102 633 2183 686 vir
2233 635 2459 689 muliere
2515 635 2889 690 vehementior
2936 635 3045 702 sit;
3093 644 3149 691 et
3188 636 3309 691 ideo
3335 635 3508 708 ipsius

1914 723 2176 792 impetum
2207 723 2501 795 infringere
2538 727 2708 781 voluit
2747 727 3176 784 circumcisionis
3204 729 3506 805 signaculo.

1913 813 2010 870 Vel
2040 815 2166 885 quia
2195 816 2295 870 viri
2322 817 2469 872 licito
2494 833 2552 873 se
2577 835 2762 875 errare
2783 821 3048 889 credunt,
3104 821 3149 876 si
3179 821 3296 876 solo
3323 837 3383 877 se
3413 822 3512 877 ah-

1915 908 2151 964 Stineaut
2171 908 2441 965 adulterio
2467 928 2480 964 :
2509 911 2844 968 meretricios
2871 925 3050 968 autem
3075 929 3206 969 usus
3237 924 3511 983 tamquam

1915 1000 2017 1072 legi
2051 1011 2258 1056 natura:
2313 1012 2604 1075 suppetere
2649 1015 2868 1076 putant;
2919 1022 3040 1062 cum
3084 1019 3281 1077 pra'ter
3325 1008 3517 1080 conju-

1916 1094 2061 1164 gium
2094 1108 2194 1148 nec
2222 1095 2338 1149 viro
2370 1095 2562 1164 liceat,
2597 1113 2698 1152 nec
2727 1099 2940 1153 femina:
2967 1101 3180 1156 misceri
3217 1103 3391 1158 alteri.
3424 1102 3515 1157 Al-

1921 1186 2057 1240 tiore
2085 1196 2266 1240 autem
2311 1187 2764 1258 interpretatione
2801 1191 2935 1246 illud
2967 1193 3243 1263 panditur,
3297 1195 3439 1264 quod
3467 1195 3518 1252 si

1921 1294 2074 1335 meus
2108 1292 2329 1352 purgata
2357 1293 2409 1336 et
2433 1284 2748 1340 circumcisa
2774 1285 2872 1353 sit,
2904 1297 3066 1342 exuta
3104 1289 3391 1359 superﬂuis
3420 1306 3518 1348 vo-

1922 1371 2224 1441 luptatibus
2249 1383 2304 1428 et
2331 1375 2745 1446 cogitationibus
2779 1378 3057 1449 restringit
3086 1383 3321 1436 animam
3346 1382 3412 1438 ad
3433 1384 3520 1440 sui

1922 1465 2334 1532 castimoniam,
2389 1469 2646 1539 purisque
2675 1470 2929 1526 sensibus
2974 1471 3209 1528 infusam
3250 1475 3519 1533 bonorum

1923 1555 2048 1612 facit
2077 1568 2325 1627 partuum
2353 1562 2772 1631 generatricem.

1996 1652 2084 1708 79.
2127 1652 2333 1709 Octavo
2359 1667 2539 1712 autem
2572 1656 2659 1712 die
2690 1659 3002 1714 circumcidi
3046 1675 3274 1732 puerum
3321 1661 3409 1719 lex
3432 1663 3522 1734 ju-

1925 1744 2016 1801 bet
2036 1789 2051 1813 ,
2082 1750 2312 1820 mystico
2335 1751 2520 1822 utique
2538 1762 2829 1823 pracepto,
2855 1755 2979 1827 quia
3007 1753 3123 1825 ipse
3166 1768 3249 1812 est
3278 1772 3526 1814 resurre-

225 1845 334 1903 latu
361 1847 546 1903 delpilo
593 1845 829 1905 obnoxia
865 1863 995 1904 caro
1046 1845 1214 1902 menti
1247 1849 1466 1904 serviat.
1511 1847 1822 1904 Secundum
1854 1850 1902 1912 B
1929 1841 2126 1896 ctionis
2149 1841 2581 1909 dies;dominica
2618 1847 2760 1902 enim
2800 1846 2889 1903 die
2930 1843 3231 1906 resurrexit
3263 1851 3526 1908 Dominus

222 1955 513 2014 personam
544 1950 726 1998 autem
761 1941 993 1997 Abrahae
1019 1941 1244 1997 evidens
1283 1941 1599 2014 mysterium
1639 1939 1826 1997 Eccle-

223 2032 340 2102 sias,
383 2050 504 2105 qua:
550 2044 721 2091 totum
767 2035 954 2091 orbem
1003 2034 1129 2090 fidei
1178 2034 1494 2091 haereditate
1548 2033 1820 2106 possedit,

226 2126 363 2182 bene
391 2138 548 2199 pater
574 2128 859 2184 electionis
887 2127 1105 2195 dicitur,
1138 2137 1293 2199 pater
1341 2127 1465 2183 fidei
1493 2170 1508 2197 ,
1538 2138 1692 2198 pater
1724 2128 1826 2199 piae

227 2221 605 2278 confessionis.

835 2315 1065 2374 CAPUT
1103 2314 1196 2371 XI.

233 2405 555 2480 Prwceptum
599 2408 1002 2464 circumcisionis
1031 2409 1254 2463 Abraha:
1295 2408 1474 2464 datum
1517 2408 1642 2479 quid
1665 2408 1831 2478 signi-

299 2505 450 2572 ﬁcet;
497 2502 682 2572 quidve
728 2505 880 2559 etiam
923 2505 1210 2576 infantibus
1262 2514 1437 2559 octavo
1485 2504 1567 2559 die
1597 2521 1696 2558 non
1725 2504 1829 2558 cir-

301 2598 544 2651 cumcisis
589 2598 903 2652 intentatum
928 2599 992 2653 sit
1030 2599 1285 2653 exitium?
1314 2599 1465 2654 Sara:
1486 2599 1681 2653 nomini
1727 2613 1831 2652 una

312 2689 485 2744 littera
531 2689 762 2744 additur.
809 2689 1072 2744 Abraham
1115 2691 1170 2744 in
1205 2692 1390 2762 faciem
1433 2690 1572 2743 cadit
1597 2700 1642 2744 et
1675 2689 1828 2743 ridet.

304 2780 448 2836 Num
498 2781 632 2838 idem
679 2783 1032 2838 dubitaverit?
1082 2782 1196 2853 Ipsi
1251 2802 1344 2854 pro
1396 2784 1618 2839 lsmaele
1659 2784 1830 2839 oranti

303 2876 483 2930 annuit
514 2874 801 2939 Dominus.
832 2893 893 2931 ac
925 2879 1094 2947 ﬁlium
1124 2896 1184 2933 ex
1205 2878 1380 2935 Sarra.
1396 2880 1666 2951 promittit.

306 2965 397 3023 78.
450 2966 520 3023 Et
546 2968 669 3039 quia
699 2969 765 3024 ad
794 2968 1095 3039 perfectum
1126 2981 1366 3036 meatur,
1402 2971 1679 3026 oraculum
1712 2986 1834 3042 per-

235 3059 487 3116 lectionis
518 3060 734 3131 accipit.
762 3060 1187 3128 Circuntcidatis,
1225 3063 1399 3132 inquit
1421 3105 1433 3127 ,
1468 3079 1614 3117 omne
1636 3079 1837 3118 mascu-

235 3153 401 3207 linum
423 3163 668 3217 vestrum,
695 3163 740 3207 et
771 3153 1149 3208 circuntcittatis
1172 3171 1375 3209 carnem
1414 3164 1626 3210 vestram
1680 3153 1830 3227 (Gen.

1928 1935 2109 1992 Jesus.
2140 1937 2282 2007 Ergo
2308 1939 2352 1994 si
2383 1938 2500 1996 dies
2528 1942 2946 2000 resurrectionis
2971 1943 3325 2001 circumcisos
3355 1962 3453 2001 nos
3471 1956 3532 2004 et

1929 2038 2121 2085 exutos
2151 2030 2394 2087 inveniat
2421 2031 2742 2090 delictorum
2770 2035 3090 2107 superﬂuis,
3119 2041 3187 2092 ab
3203 2041 3348 2094 omni
3377 2039 3532 2096 ablu-

1931 2129 2016 2176 tos
2069 2122 2254 2188 sorde,
2313 2125 2545 2180 mundos
2593 2142 2620 2180 a
2655 2128 2804 2182 vitiis
2849 2129 3254 2200 corporalibus,
3311 2131 3359 2187 si
3406 2133 3532 2189 hinc

1932 2213 2164 2269 mundus
2187 2216 2410 2282 exieris,
2442 2219 2674 2273 mundus
2703 2235 2979 2292 resurges.
3004 2219 3346 2278 Circumeidc
3369 2223 3532 2295 igitur

1932 2317 1986 2365 te
2016 2323 2122 2363 non
2155 2324 2352 2377 carne,
2386 2310 2483 2366 sed
2510 2311 2643 2367 vitio
2666 2312 2895 2370 carnali.
2930 2315 2999 2370 Et
3027 2317 3355 2372 circumcide
3378 2329 3531 2375 tuum

1932 2421 2040 2460 non
2070 2407 2247 2493 solum
2297 2409 2676 2479 vernaculum,
2719 2410 2814 2468 sed
2863 2414 3028 2468 etiam
3062 2415 3238 2486 pretio
3264 2430 3532 2486 emptum.

1934 2501 1990 2556 Si
2022 2501 2088 2556 ad
2119 2503 2330 2573 singula
2363 2504 2572 2560 referas
2592 2547 2606 2570 ,
2637 2505 2920 2563 vernaculi
2942 2517 3070 2563 sunt
3101 2520 3281 2565 motus
3304 2523 3536 2565 natura-

1933 2596 2061 2653 les:
2116 2599 2292 2668 pretio
2323 2600 2526 2669 empti,
2583 2599 2796 2656 ratione
2846 2609 2901 2656 et
2947 2600 3197 2659 doctrina
3254 2605 3532 2674 acquisiti.

1935 2691 2108 2762 Egent
2139 2704 2316 2748 autem
2342 2702 2396 2748 et
2421 2693 2494 2748 illi
2525 2705 2577 2750 et
2603 2693 2659 2750 hi
2680 2737 2694 2760 ,
2741 2705 3015 2767 tamquam
3048 2696 3303 2769 virgulta,
3336 2714 3538 2771 purga-

1937 2787 2082 2840 tione
2111 2795 2166 2841 et
2194 2787 2464 2843 incisiOne
2506 2786 2776 2856 luxuriae;
2816 2804 2883 2846 ne
2913 2799 3216 2862 evagentur
3246 2802 3300 2846 ut
3333 2794 3544 2848 sterilia

1937 2890 2252 2947 sarmenta,
2303 2891 2360 2936 et
2386 2883 2717 2938 obumbrent
2770 2883 2984 2939 inutilia
3018 2883 3334 2942 fructuosis.
3378 2885 3542 2944 Velut

1936 2975 2182 3044 quaedam
2216 2977 2362 3031 omni
2390 2977 2519 3032 vitio
2546 2977 2783 3033 distenta
2835 2979 3023 3034 multis
3065 2980 3338 3037 incassum
3387 2979 3542 3035 labo-

1939 3075 2023 3119 rat
2052 3083 2064 3118 :
2090 3063 2114 3138 [
2141 3076 2161 3104 ε
2189 3066 2259 3119 ita
2284 3067 2586 3122 cavendum
2622 3085 2690 3124 ne
2712 3070 2874 3124 etiam
2903 3084 3085 3125 nostra
3113 3087 3266 3128 mens
3296 3071 3544 3142 pluribus

1941 3167 2243 3230 occupata,
2292 3174 2398 3213 non
2428 3159 2603 3214 solum
2641 3160 2814 3216 bonos
2860 3161 3144 3232 ingenerat
3195 3174 3414 3232 partus,
3446 3163 3548 3218 sed

235 3265 376 3314 χιιι,
401 3248 469 3303 10
496 3259 543 3303 et
583 3250 669 3318 Η)
700 3265 712 3301 :
741 3247 980 3318 perfecta
1009 3259 1189 3304 autem
1212 3249 1557 3304 circumcisio
1579 3250 1834 3322 spiritalis
1861 3251 1906 3314 C
1938 3249 2101 3304 etiam
2135 3249 2417 3305 inutilibus
2450 3251 2726 3322 plerisque
2758 3251 3091 3324 degeneret;
3137 3255 3298 3310 simul
3332 3266 3389 3311 ut
3418 3255 3546 3312 vitis

234 3353 337 3400 est.
373 3344 617 3414 Denique
646 3351 700 3398 et
723 3343 892 3400 lectio
927 3343 1030 3399 hoc
1057 3347 1213 3400 docet
1244 3360 1366 3399 cum
1398 3344 1530 3399 dicit
1562 3361 1580 3398 :
1603 3344 1836 3399 Circum-

235 3439 394 3496 cidite
421 3441 666 3495 duritiam
696 3441 870 3495 cordis
901 3441 1052 3496 vestri
1082 3439 1258 3507 (Deut.
1293 3456 1348 3508 x,
1386 3440 1490 3513 l6).
1524 3441 1592 3495 Et
1615 3440 1702 3495 hic
1725 3441 1836 3511 ple-

236 3535 393 3605 rique
422 3535 497 3590 ita
535 3535 832 3605 accipiunt,
874 3543 932 3590 ιιι
959 3536 1030 3589 sit
1056 3552 1070 3587 :
1100 3533 1498 3590 Circumcidatis
1523 3550 1674 3590 omne
1699 3550 1836 3588 mas-

147 3678 150 3681 .
234 3632 464 3686 culinam
492 3639 742 3697 vestrum,
779 3632 881 3688 hoc
907 3640 1020 3698 est,
1047 3642 1279 3687 tuentem
1307 3641 1574 3697 vestram;
1601 3630 1730 3685 nihil
1754 3637 1838 3685 est

235 3728 378 3783 enim
408 3734 592 3782 mente
613 3727 865 3782 validius.
898 3727 1103 3783 Deinde
1130 3728 1252 3797 quia
1287 3726 1642 3781 masculinum
1671 3725 1834 3781 etiam

233 3833 482 3877 sanctum
509 3822 707 3877 dicitur
740 3839 753 3877 :
787 3821 966 3876 Omnis
990 3824 1250 3877 masculus
1293 3823 1593 3893 adaperiens
1634 3819 1836 3874 vulvam

233 3926 442 3970 sanctus
470 3912 694 3968 Domino
716 3915 980 3969 vocabitur
1009 3914 1204 3987 (Exod.
1244 3930 1373 3980 xm,
1411 3915 1518 3982 1‘2).
1569 3913 1706 3981 Quid
1739 3928 1836 3967 aue

237 4021 347 4066 lem
399 4019 582 4066 mente
644 4011 926 4077 sanctius,
982 4027 1103 4082 qua:
1162 4010 1253 4066 dat
1308 4010 1572 4066 bonarum
1628 4010 1834 4066 semina

235 4102 659 4175 cogitationum,
715 4103 914 4173 quibus
962 4103 1136 4173 aperit
1187 4103 1402 4159 vulvam
1458 4103 1653 4156 anima:
1707 4117 1839 4156 con-

235 4204 442 4260 ciusam
495 4202 740 4274 pariendi
792 4199 1118 4264 sterilitate;
1167 4208 1224 4253 ut
1273 4198 1446 4268 possit
1486 4196 1606 4252 illas
1651 4195 1840 4251 invisi-

233 4296 372 4368 bjles
410 4293 575 4372 35,8
630 4297 1008 4371 generationes
1066 4291 1230 4347 edere
1271 4301 1426 4345 utero
1465 4289 1558 4344 illo
1586 4289 1840 4344 videlicet

234 4391 501 4464 spiritaii,
545 4392 614 4448 de
661 4403 768 4462 quo
813 4385 944 4443 dicit
991 4383 1180 4442 Esaias
1220 4381 1329 4437 :Iu
1379 4392 1521 4437 utero
1549 4380 1837 4450 accepimus

231 4494 279 4540 et
324 4484 690 4553 parturivimus
740 4479 979 4551 spiritum
1028 4477 1210 4532 salutis
1261 4472 1445 4545 (Esai.
1503 4489 1631 4539 χιιι,
1680 4471 1836 4544 18)Ῥ

233 4576 587 4634 Circutucisio
631 4591 760 4647 ergo
803 4572 986 4630 cordis
1035 4570 1391 4641 iutelligibilis
1421 4611 1434 4636 ,
1488 4567 1834 4624 circumcisio

1938 3351 2122 3412 putata
2146 3359 2252 3399 non
2279 3342 2441 3400 facile
2464 3344 2750 3412 silvescat,
2781 3347 3113 3404 dissolvatur
3135 3351 3276 3414 cito,
3306 3349 3402 3406 sed
3448 3367 3543 3422 po-

1936 3439 2166 3494 steritati
2201 3450 2530 3496 reservetur.
2565 3440 2696 3496 Nam
2729 3450 2785 3498 et
2816 3442 3084 3515 ingeniosi
3110 3443 3274 3499 multa
3296 3445 3545 3516 pariunt,

1936 3545 2054 3601 qua:
2103 3532 2237 3587 utile
2265 3541 2351 3588 est
2381 3532 2811 3601 circumcidere,
2836 3527 2914 3590 'et
2945 3536 3035 3607 qui
3081 3535 3386 3592 doctrinam
3420 3535 3548 3592 dili-

1934 3622 2116 3692 gentia
2162 3624 2398 3678 assecuti
2448 3633 2610 3693 sunt,
2641 3625 2827 3681 videre
2858 3626 2910 3680 in
2960 3642 3018 3682 se
3061 3626 3262 3682 debent
3309 3627 3548 3685 inscien-

1936 3714 2112 3790 tiam.]
2145 3718 2388 3790 Mysterii
2414 3729 2594 3774 autem
2629 3721 2767 3775 ratio
2795 3719 3054 3776 dilucida.
3082 3719 3370 3777 \‘cruaculi
3398 3725 3546 3777 enim

1935 3807 2108 3865 Judaei
2153 3813 2329 3881 pretio
2379 3814 2548 3884 empti
2597 3823 2724 3870 sunt
2771 3823 2962 3886 gentes
2994 3830 3114 3887 quas
3155 3815 3540 3882 crediderunt;

1939 3904 2062 3972 quia
2096 3905 2271 3973 pretio
2301 3905 2584 3976 sanguinis
2614 3905 2819 3960 Christi
2861 3906 3142 3976 redempta
3171 3917 3253 3962 est
3276 3906 3542 3962 Ecclesia.

1940 3997 2082 4067 Ergo
2112 4011 2167 4052 et
2192 3997 2412 4053 Judazus
2433 4039 2447 4062 ,
2482 4008 2536 4054 et
2561 3998 2785 4054 Gra-cus
2805 4040 2818 4064 ,
2852 4008 2906 4054 et
2938 4001 3270 4072 quicumque
3292 4000 3546 4056 credide-

1941 4092 2042 4158 rit,
2074 4091 2234 4147 debet
2256 4092 2399 4148 scire
2430 4108 2490 4148 se
2518 4093 2911 4150 circumcidere
2936 4109 2964 4147 a
2996 4095 3263 4163 peccatis,
3291 4101 3348 4149 ut
3379 4095 3552 4165 possit

1941 4184 2126 4239 salvus
2158 4183 2276 4239 lieri
2310 4202 2320 4238 :
2346 4193 2400 4240 et
2427 4185 2762 4241 domesticus
2782 4228 2795 4253 ,
2825 4196 2876 4242 et
2909 4187 3242 4258 alienigena,
3267 4198 3320 4242 et
3339 4186 3544 4259 ju>tus,

1941 4285 1998 4332 et
2029 4289 2286 4348 peccator
2331 4277 2756 4333 circumcidatur
2783 4280 3110 4336 remiSsione
3159 4295 3506 4352 peccatorum
3528 4325 3546 4354 ,

1944 4379 2000 4424 ut
2033 4380 2316 4440 peccatum
2351 4389 2458 4426 non
2497 4382 2756 4442 Operetur
2799 4375 3066 4443 amplius;
3111 4377 3236 4447 quia
3265 4393 3428 4441 nemo
3449 4395 3545 4436 as-

1941 4463 2123 4520 cendit
2167 4465 2218 4519 in
2251 4481 2479 4536 regnum
2501 4466 2812 4533 caelorum,
2855 4466 2960 4523 nisi
2991 4484 3090 4538 per
3134 4481 3544 4529 sacramentum

1942 4557 2302 4628 baptismatis.
2331 4556 2442 4614 Nec
2475 4559 2721 4630 proderit
2760 4560 3059 4630 superioris
3089 4562 3302 4634 justitia
3337 4575 3549 4636 tempo-

235 4669 401 4724 “iam
447 4667 633 4724 carnis
677 4665 965 4722 mandatur
992 4664 1284 4720 sensibilis.
1323 4662 1416 4716 ma
1455 4661 1507 4715 in
1561 4661 1797 4716 veritate
1819 4700 1833 4725 ,
1861 4666 1914 4726 Ῑ)
1939 4652 2035 4719 ris,
2066 4653 2110 4708 si
2143 4652 2193 4707 in
2219 4652 2326 4708 [ine
2349 4653 2470 4708 vite
2495 4653 2766 4724 justitiam
2788 4653 3163 4727 dereliquerit.
3193 4658 3319 4715 ideo
3341 4661 3546 4719 Paulus

235 4756 338 4815 ista
364 4759 417 4814 in
441 4757 738 4830 signaculo.
770 4755 995 4815 Gemina
1022 4757 1202 4824 itaque
1227 4753 1609 4819 circumcisio;
1636 4755 1759 4824 quia
1783 4761 1838 4808 et

237 4852 401 4906 animi
444 4860 498 4908 et
549 4850 797 4923 corporis
849 4850 1112 4922 qutcritur
1166 4846 1517 4903 abstinentia.
1595 4847 1833 4917 Denique

237 4933 477 5018 {Egyptii
497 4944 906 5016 quartodecimo
937 4957 1081 4998 anno
1111 4930 1512 4997 circumcidunt
1551 4956 1747 5006 mares,
1780 4948 1836 4995 et

238 5038 452 5094 femina:
495 5039 638 5110 apud
667 5054 763 5095 eos
783 5037 976 5094 eodem
1024 5051 1170 5093 anno
1198 5034 1513 5091 circumcidi
1555 5033 1832 5099 feruntur;

237 5133 381 5206 quod
411 5133 479 5189 ab
508 5149 574 5190 eo
612 5133 869 5190 videlicet
890 5149 1034 5188 anno
1065 5133 1289 5203 incipiat
1313 5129 1543 5202 flagrare
1583 5127 1611 5167 ἲ)
1653 5129 1834 5200 passio

237 5227 452 5294 virilis,
510 5237 565 5283 et
611 5227 932 5283 feminarum
983 5233 1261 5282 menstrua
1317 5232 1534 5280 sumant
1588 5223 1852 5279 exordia.-

312 5406 339 5433 η
368 5396 444 5451 Ita
472 5408 605 5472 mss.
628 5391 818 5472 Corb.,
844 5391 1041 5472 L_on_g.,
1069 5392 1225 5472 Colb_.
1247 5399 1304 5447 et
1329 5389 1464 5445 Maz.
1492 5388 1598 5444 Alii
1623 5396 1827 5472 autem,

239 5485 306 5555 ac
332 5482 440 5522 vet.
461 5466 627 5555 ‘edit.,
651 5466 770 5536 quia
799 5466 885 5535 qui
915 5469 1028 5538 ejus
1067 5474 1159 5521 est.
1189 5465 1348 5520 Rom.
1379 5477 1507 5518 vero
1526 5501 1541 5527 ,
1572 5465 1692 5526 φαίη
1739 5465 1826 5530 qui

240 5537 494 5615 ejusmodi
521 5547 613 5591 est.
938 5537 945 5538 “
1790 5601 1801 5612 .

313 5610 341 5649 1³
371 5609 497 5666 Mss.
520 5624 682 5678 supra
710 5601 952 5678 laudati,
987 5605 1156 5678 passio
1185 5616 1352 5661 motus
1379 5603 1568 5669 virilis,
1601 5613 1646 5678 et
1678 5601 1831 5673 [eun-

242 5700 427 5740 narum
454 5675 719 5738 menstrua
747 5677 964 5752 (passio
1005 5677 1250 5750 scilicet)
1271 5687 1440 5735 sumat
1458 5675 1692 5741 exordia,
1720 5687 1829 5730 non

242 5758 498 5894 maeleéua:
529 5827 616 5881 hic
641 5823 807 5879 habes
837 5837 869 5894 a
894 5836 1057 5885 voce,
1089 5821 1320 5886 laborat,
1347 5819 1410 5877 ad
1459 5834 1670 5886 vocem,
1714 5817 1833 5888 "il‘

241 5893 407 5953 sterii.
429 5913 552 5954 cum
580 5898 632 5953 in
662 5897 794 5953 edit.
821 5893 1097 5959 deessent,
1139 5893 1296 5949 nobis
1337 5906 1653 5963 suggessere
1697 5904 1831 5946 mss.

1939 4746 2054 4800 ait:
2091 4743 2271 4801 Pretio
2316 4747 2476 4817 empti
2522 4751 2682 4815 estis;
2728 4749 2888 4803 nolite
2935 4751 3052 4820 ﬁeri
3079 4753 3212 4807 servi
3243 4755 3534 4811 hominum.

1938 4845 2076 4901 Sunt
2106 4847 2251 4900 enim
2306 4847 2620 4914 contraria;
2667 4847 2834 4924 349
2880 4852 3006 4918 quia
3052 4852 3286 4909 servitus
3311 4863 3536 4924 peccato

1939 4942 2302 5009 contrahitur,
2336 4952 2393 4998 ct
2421 4943 2595 5013 pretio
2631 4953 2918 5015 peccatum
2977 4949 3293 5003 remittitur.

2009 5034 2099 5091 80.
2148 5035 2273 5092 Haec
2314 5036 2478 5104 igitur
2517 5037 2752 5106 simplici
2781 5041 3122 5108 expositione
3162 5041 3440 5098 abundare
3469 5044 3541 5101 ad

1937 5127 2272 5183 intellectura
2321 5130 2629 5199 opinamur.
2676 5131 2910 5202 Ideoque
2951 5146 3049 5187 nec
3090 5133 3259 5188 cuhos
3298 5133 3538 5192 Geome-

1937 5221 2110 5291 trictr,
2142 5238 2242 5278 nec
2266 5229 2604 5295 tetragouum
2632 5241 2916 5280 numerum
2946 5223 3327 5296 Philosophiae,
3357 5227 3382 5264 α
3406 5245 3539 5287 con-

1934 5399 2123 5441 omnes
2145 5383 2439 5458 Gal|.7Non
2477 5385 2740 5440 osbcurus
2781 5384 2998 5452 quidem
3030 5385 3117 5441 hic
3157 5397 3274 5441 erat
3308 5388 3521 5458 hiatus,

1936 5459 2026 5534 qui
2055 5475 2164 5534 non
2204 5457 2352 5534 male
2404 5458 2691 5534 suppletus
2721 5458 3020 5534 videretur,
3069 5459 3113 5512 si
3147 5459 3327 5515 verbis
3360 5457 3524 5534 supeé-

1937 5531 2174 5655 monibus
2198 5530 2458 5596 incassum
2498 5527 2729 5592 laborat,
2763 5527 3055 5583 adderetur
3085 5546 3219 5593 vox,
3255 5534 3372 5588 vitis
3395 5577 3408 5601 ,
3430 5527 3523 5593 'vel

1937 5603 2024 5655 aui
2095 5601 2296 5655 simile.

1978 5601 2063 5655 uid
2095 5601 2296 5656 simile.

1936 5617 2063 5672 quia
2095 5617 2296 5656 suone.

2011 5671 2036 5709 d
2081 5674 2230 5737 Era”
2274 5671 2400 5728 αλιι,
2447 5678 2504 5726 et
2542 5670 2700 5724 Rom.
2742 5669 2910 5735 edit.,
2940 5672 3342 5738 quater-nionem.
3389 5678 3531 5736 Alias

1939 5759 2152 5809 omnes,
2179 5759 2242 5798 ac
2268 5759 2398 5799 mss.
2431 5740 2802 5812 confessionem
2828 5757 2846 5795 :
2872 5741 2968 5798 sed
2990 5743 3180 5802 eodem
3210 5761 3396 5805 setisu.
3430 5752 3529 5807 Hic

1941 5818 2086 5891 enim
2112 5832 2175 5871 ea
2192 5833 2298 5891 _vox
2328 5817 2558 5891 sumitur
2588 5827 2685 5891 pro
2713 5813 3291 5891 illo_Pytlt_agor_eurutn
3314 5821 3528 5891 jureju-

1941 5887 2145 5958 rando,
2175 5886 2243 5945 de
2270 5902 2376 5958 quo
2408 5879 2726 5942 Plutarchus
2770 5879 2909 5942 libft
2947 5879 3030 5945 de'
3042 5888 3260 5948 Placitis
3285 5879 3533 5964 philosoo
