4082 6370
275 399 383 456 497

1569 399 1656 454 DE
1695 397 2032 457 ABRAHAM
2070 401 2200 458 LIB.
2246 401 2310 458 ll.

3471 399 3580 456 498

274 515 460 572 cordis
495 517 803 573 colluvione
833 515 1099 572 inﬁrmior
1141 517 1369 572 salutem
1394 516 1611 587 generis
1639 517 1722 572 sui
1767 531 1874 573 non
1902 511 1951 580 Α
1980 518 2076 574 sed
2103 534 2223 575 eam
2249 521 2496 592 corporis
2523 521 2694 592 magis
2721 521 3149 594 inquinamento.
3179 517 3340 592 quam
3369 519 3580 578 sobrie-'-

277 614 460 685 potuit
485 629 725 670 servare.
764 617 938 672 Omne
963 625 1140 669 autem
1182 628 1352 684 genus
1394 612 1608 668 videtur
1649 615 1878 669 immor-

281 705 410 770 tale,
440 719 497 760 ιιι
523 717 549 744 ιι
576 707 737 763 homo
760 725 931 780 genus
959 718 1064 773 est,
1095 717 1150 760 ιιι
1177 707 1316 770 ullus
1340 706 1551 777 species
1571 717 1675 762 est.
1705 707 1878 761 llomo

277 814 497 869 semper
526 802 741 862 dicitur.
775 804 914 858 ullus
944 817 1048 857 non
1081 817 1320 870 semper,
1354 802 1520 856 immo
1558 817 1665 855 non
1696 801 1880 856 deﬁcit

276 893 442 947 ttllus.
494 895 684 951 Deﬁcit
728 897 818 968 qui
863 896 1022 952 ﬁdem
1057 910 1162 950 non
1193 894 1386 960 habet,
1425 911 1653 964 persona
1697 895 1880 951 deﬁcit

278 975 464 1051 unius,
501 988 744 1042 conditio
774 988 858 1044 vel
881 1004 1083 1044 nomen
1114 987 1391 1042 hominum
1426 1003 1532 1041 non
1560 986 1761 1042 deﬁcit.
1794 987 1876 1042 Ex

278 1078 538 1134 diuturno
566 1079 730 1151 igitur
766 1091 820 1136 et
845 1081 1071 1136 innoxio
1098 1079 1152 1136 in
1195 1080 1245 1136 id
1283 1083 1424 1149 quod
1457 1083 1755 1152 temporale
1794 1093 1878 1137 est

275 1182 327 1227 et
356 1173 577 1228 noxium
610 1185 863 1244 peccator
890 1166 1321 1247 dedttcitur,‘qui
1349 1177 1548 1232 mentis
1578 1194 1688 1232 suae
1711 1181 1878 1233 ascri-

277 1267 408 1322 bere
439 1267 602 1324 debet
632 1259 1077 1342 inlanti:e,iqttod
1121 1270 1368 1325 incautus
1402 1269 1501 1324 iuit
1525 1281 1580 1324 et
1613 1272 1878 1338 intempe-

276 1375 440 1426 rans,
476 1361 562 1416 vel
603 1352 980 1418 remissionem
1023 1372 1364 1428 peccatorum
1407 1377 1512 1416 non
1545 1360 1874 1431 acquisivit:

277 1451 399 1507 Nisi
419 1451 560 1508 enim
585 1456 702 1526 quis
723 1465 936 1510 renatus
964 1455 1126 1529 351
1151 1456 1308 1526 fuerit
1331 1472 1393 1510 ex
1428 1473 1566 1525 aqua
1593 1465 1640 1509 et
1673 1454 1878 1527 Spiritu

276 1556 474 1611 sancto,
501 1565 605 1602 non
625 1549 1102 1617 potest'introire‘in
1126 1565 1343 1621 regnum
1366 1546 1463 1602 Dei
1486 1547 1668 1618 (Joan.
1691 1565 1773 1612 ιιι,
1796 1545 1876 1619 5).

277 1636 476 1709 Utique
517 1638 723 1695 nullum
768 1641 1006 1709 excipit,
1051 1639 1500 1707 non'inl'antem,
1552 1657 1658 1695 non
1699 1641 1876 1710 aliqua

278 1742 613 1802 praeventum
670 1723 1018 1788 necessitate.
1054 1733 1300 1789 Habeant
1330 1743 1506 1788 tamen
1549 1733 1693 1788 illam
1721 1748 1879 1804 oper-

285 1833 390 1878 tam
420 1841 702 1896 poenarum
729 1828 1143 1892 immunitatem,
1166 1826 1195 1865 ι’
1223 1828 1409 1882 nescio
1433 1841 1500 1881 an
1530 1827 1766 1882 habeant
1792 1842 1878 1884 re-

275 1919 364 1988 gni
392 1917 672 1974 honorem.

345 2013 435 2068 85.
478 2014 630 2070 Sarie
663 2031 878 2087 quoque
907 2031 1011 2072 una
1040 2015 1257 2072 additur
1288 2017 1468 2072 littora
1491 2059 1506 2080 .
1535 2017 1639 2071 hoc
1666 2025 1781 2084 est,
1806 2016 1874 2084 Β,

278 2116 334 2161 ιιι
362 2121 649 2163 vocaretur
677 2108 838 2164 Sarra
867 2107 1022 2179 (Gen.
1056 2125 1200 2177 xvtt,
1230 2110 1342 2182 15).
1375 2110 1530 2178 Quod
1565 2109 1752 2181 utique
1784 2125 1879 2178 par

274 2209 396 2266 est,
433 2211 492 2254 ιιι
517 2200 569 2256 in
593 2202 1010 2271 superioribus,
1041 2217 1147 2258 non
1191 2204 1349 2259 unius
1387 2204 1697 2274 adjectione
1745 2219 1878 2274 pen-

277 2295 386 2350 sari
428 2284 647 2351 litterae.
683 2294 800 2352 Non
841 2297 985 2352 enim
1018 2314 1214 2353 munus
1257 2299 1368 2356 Deo
1399 2309 1483 2354 est
1512 2315 1616 2354 una
1662 2299 1873 2366 littera,

271 2387 367 2445 sed
401 2390 571 2444 virtus
609 2390 802 2445 littera:
832 2406 951 2460 qute
993 2393 1249 2460 exprimit
1294 2392 1532 2446 muneris
1560 2391 1724 2446 divini
1757 2407 1878 2463 gra-

273 2483 423 2537 tiam.
453 2481 616 2538 Sarra
647 2483 790 2538 enim
818 2483 1014 2538 dicitur
1039 2487 1185 2560 ἀρχὴ
1216 2487 1333 2558 ἐμὴ,
1370 2483 1474 2539 ltoc
1497 2495 1604 2551 est,
1637 2495 1876 2554 potestas

280 2593 432 2643 mea,
466 2577 550 2632 vel
594 2578 928 2648 principatus
973 2581 1077 2634 mei
1117 2564 1362 2646 initimn,
1406 2580 1490 2634 vel
1535 2580 1699 2650 regis.
1742 2578 1875 2636 Sara

283 2669 473 2725 Graece
499 2669 694 2724 dicitur
714 2669 987 2743 ἄρχουσα,
1018 2671 1180 2726 latittc
1208 2689 1328 2743 qua:
1349 2683 1522 2740 regat.
1555 2683 1576 2710 ε
1611 2670 1701 2725 Illa
1732 2689 1877 2727 mor-

274 2764 396 2817 talis
418 2806 432 2828 ,
474 2765 575 2817 ista
607 2764 930 2819 immortalis
957 2782 970 2818 :
1003 2765 1092 2818 illa
1119 2766 1374 2836 specialis
1394 2806 1407 2826 ,
1453 2765 1552 2819 ista
1581 2765 1872 2841 generalis.

276 2856 372 2911 Est
413 2872 645 2928 namque
672 2858 724 2912 itt
767 2873 852 2912 me
883 2857 1199 2928 prudentia,
1234 2859 1286 2912 iit
1321 2874 1407 2914 me
1447 2859 1789 2924 castimonia,
1821 2859 1874 2913 in

257 2964 364 3019 gnte
396 2949 592 3014 virtus,
620 2950 672 3004 itt
703 2950 1014 3019 mejustitia
1038 2991 1052 3015 ,
1084 2966 1171 3004 me
1198 2951 1372 3005 solum
1405 2960 1631 3020 regunt,
1665 2962 1717 3006 et
1740 2951 1874 3010 mihi

277 3039 650 3107 dominantur,
693 3050 748 3098 et
787 3051 912 3096 sunt
949 3042 1230 3097 mortales.
1277 3043 1542 3097 Morieute
1567 3043 1711 3098 enim
1751 3060 1866 3111 me,

276 3131 560 3186 solvuntur
585 3143 638 3186 et
681 3133 987 3188 moriuntur
1011 3137 1173 3189 etiam
1204 3135 1313 3189 illa.
1344 3136 1474 3202 Quae
1516 3147 1696 3190 autent
1742 3152 1872 3205 pru-

274 3226 456 3281 deutia
481 3227 810 3296 generaliter
829 3228 1050 3295 dicitur,
1076 3245 1198 3297 qua:
1220 3230 1541 3284 castimonia
1560 3277 1572 3295 ,
1605 3246 1726 3300 quae
1759 3230 1870 3284 for-

1941 2481 2272 2554 _alternanti
2320 2481 2747 2552 serumditerit
2795 2497 2806 2533 :

1969 618 2093 667 ‘tate
2122 600 2316 667 mentis
2343 609 2795 670 aestimaverunt:

2005 714 2008 718 '
2051 702 2142 758 86.
2186 705 2323 770 Quid
2355 714 2439 760 est
2466 716 2644 761 autem
2673 706 2814 778 quod
2844 709 2918 761 ait
2944 724 2957 760 :
2993 706 3059 760 Et
3087 706 3268 761 cecidit
3311 707 3365 760 in
3391 705 3577 777 faciem

1979 796 2270 864 Abraham,
2317 807 2365 852 et
2403 800 2518 852 risit
2547 797 2698 869 (Gen.
2726 815 2866 865 xvn,
2897 799 3023 872 l7)?
3054 802 3119 854 lit
3159 781 3579 866 hic'reve'rentia

1970 889 2337 959 signiﬁcatur,
2371 883 2513 960 quod
2548 892 2727 956 timuit
2761 893 2924 946 Deum
2951 890 3305 948 .velut‘libero
3335 891 3445 944 risu
3487 891 3579 944 la:-

1979 984 2132 1049 dete,
2161 983 2406 1053 quamvis
2436 999 2580 1038 risus
2609 985 3186 1042 lmtitiam'declararet
3209 986 3309 1054 viri
3333 986 3460 1056 justi
3486 985 3579 1054 qui

1981 1077 2144 1131 tantis
2172 1075 2545 1146 gratulabatur
2591 1077 2894 1145 promissis.
2937 1080 3053 1132 Non
3105 1080 3248 1134 enim
3279 1075 3578 1154 dubitantis

1980 1172 2065 1226 hic
2089 1172 2228 1226 risiis
2250 1213 2264 1235 ,
2299 1170 2394 1226 sed
2425 1170 2700 1225 credentis
2727 1170 2846 1225 fuit.
2881 1173 3050 1227 Simul
3080 1174 3200 1242 quia
3223 1173 3423 1228 cadunt
3451 1182 3578 1227 ante

1984 1264 2148 1319 Deum
2180 1262 2381 1325 omnia,
2413 1273 2467 1318 et
2493 1270 2772 1317 mutantur
2803 1269 3186 1321 et‘trattseunt.
3213 1264 3329 1320 sola
3361 1264 3452 1340 illa
3478 1266 3578 1318 im-

1962 1357 2257 1412 mutabilis
2299 1367 2404 1411 stat
2439 1357 3007 1426 setnper'substamia;
3039 1357 3408 1429 Autiiortase
3438 1367 3494 1412 et
3523 1357 3578 1413 in

1982 1449 2085 1505 hoc
2111 1450 2369 1522 mysterio
2391 1449 2731 1520 prOphetavit
2749 1448 3021 1506 Abraham
3049 1449 3334 1504 Dominum
3359 1449 3574 1514 Jesum;

1981 1547 2122 1616 quod
2164 1561 2257 1615 per
2295 1544 2697 1613 susceptionem
2737 1543 2996 1599 dominici
3026 1538 3276 1614 ctirporis
3305 1555 3359 1599 et
3393 1560 3580 1600 resur-

1980 1648 2282 1698 rectionem
2309 1629 2439 1697 tanti
2468 1641 2788 1710 complenda
2811 1642 3016 1696 oraculi
3039 1641 3210 1711 gratia
3241 1640 3411 1696 ἶσοι-ειν
3433 1641 3583 1696 Ado-

1969 1735 2065 1790 'rat
2093 1735 2256 1806 igitur
2288 1751 2394 1790 non
2426 1726 2754 1791 elementum
2787 1744 2946 1790 terra:
2986 1734 3057 1790 de
3087 1731 3195 1803 quo
3221 1733 3532 1789 dictum‘est
3563 1751 3575 1787 :

1964 1828 2051 1882 Et
2081 1830 2297 1883 adorata
2335 1827 2614 1883 scubellum
2637 1832 2746 1902 ejus
2765 1870 2779 1894 ,
2808 1829 3052 1897 quoniam
3091 1839 3326 1882 sanctum
3356 1837 3429 1882 est
3453 1823 3588 1897 (Ps.

1905 1926 1953 1987 B
1982 1939 2168 1989 xcvttt,
2201 1923 2282 1993 5).
2323 1922 2424 1979 Ubi
2452 1924 2594 1978 enim
2627 1938 2857 1990 corpus,
2884 1922 2956 1977 ibi
2980 1920 3258 1993 et'aquilaz
3287 1935 3407 1992 qua:
3445 1919 3579 1996 ado-

1982 2027 2240 2072 raverunt
2269 2027 2578 2072 versantem
2611 2017 2664 2072 itt
2693 2032 2944 2086 corpore.

2051 2110 2144 2165 87.
2192 2109 2253 2163 Et
2284 2110 2448 2175 dixit,
2476 2110 2680 2179 inqttit,
2713 2111 2766 2164 in
2797 2113 2952 2163 corde
2980 2126 3118 2164 suo:
3152 2109 3214 2164 Si
3239 2119 3442 2164 centum
3480 2125 3580 2163 an-

1979 2219 2164 2256 norum
2193 2212 2432 2257 naacetur
2469 2204 2639 2270 filius,
2667 2214 2715 2258 et
2740 2203 2786 2257 si
2823 2202 2988 2259 Sarra
3019 2203 3299 2274 nonaginta
3323 2218 3580 2256 annorum

1980 2296 2146 2366 pariet
2194 2293 2346 2362 (Gen.
2382 2311 2519 2359 xvtt,
2546 2294 2674 2363 t7)?
2705 2295 2926 2350 Graccus
2969 2297 3020 2350 ἐν
3052 2303 3114 2370 τῇ
3142 2293 3337 2370 διανοίᾳ
3362 2294 3580 2366 posuit,

1980 2400 2035 2444 ut
2067 2391 2339 2458 possimus
2376 2389 2540 2462 352
2569 2392 2841 2444 aestimate
2867 2389 2986 2458 quia
3027 2388 3177 2442 cordi
3223 2404 3324 2440 suo
3362 2387 3516 2456 quasi
3548 2385 3576 2422 ά

2855 2481 2908 2535 Si
2965 2481 3279 2535 centenario
3326 2487 3580 2548 nascetur

1979 2576 2157 2644 ﬁlius,
2207 2588 2261 2631 et
2311 2577 2679 2648 nonagenaria
2725 2576 2932 2647 pariet?
2963 2575 3076 2631 Hoc
3105 2587 3188 2630 est
3231 2585 3365 2631 astas
3409 2561 3577 2644 gene-

1979 2671 2132 2726 randi
2167 2669 2462 2740 praeteritt,
2510 2671 2604 2725 sed
2642 2671 2751 2725 Deo
2791 2685 2969 2724 omnia
3011 2679 3137 2723 sunt
3181 2668 3489 2739 possibilia;
3521 2679 3579 2724 et

1980 2766 2103 2820 ideo
2149 2765 2304 2820 facile
2336 2765 2498 2820 etiam
2549 2765 2725 2830 istud,
2779 2777 2833 2819 ut
2865 2765 3086 2820 senibus
3127 2774 3346 2819 revocet
3391 2761 3579 2831 juveni-

1981 2858 2110 2911 tutis
2139 2872 2310 2912 annos
2329 2897 2344 2924 ,
2373 2858 2517 2913 vires
2547 2857 2798 2913 retundat
2817 2899 2831 2925 ,
2871 2857 3148 2912 sterilibus
3193 2857 3284 2911 det
3311 2838 3578 2912 facundi-

1980 2959 2165 3004 tatem.
3551 2941 3555 2950 “

2050 3041 2141 3096 88.
2183 3041 2294 3096 Νεε
2326 3041 2456 3097 illttd
2501 3042 2936 3111 praetereundum
2957 3083 2971 3106 ,
3003 3041 3142 3112 quod
3174 3041 3439 3111 promissa
3472 3039 3578 3094 sibi

1977 3135 2330 3203 generatione
2352 3134 2591 3204 legitima
2615 3133 2898 3202 reSpontlit
2920 3135 3188 3188 Abraham
3215 3133 3357 3186 Deo:
3384 3131 3578 3186 Ismael

1978 3228 2110 3281 vivat
2151 3225 2233 3281 hic
2272 3229 2327 3280 in
2366 3239 2642 3297 conspectu
2683 3237 2770 3280 tuo
2807 3225 2963 3288 (Gen.
3000 3241 3146 3292 xvu,
3183 3225 3294 3296 18).
3324 3224 3462 3280 Justi
3493 3235 3580 3279 est

275 3318 472 3382 titudo,
499 3330 816 3390 caetera-que
848 3321 1074 3376 virtutes
1107 3322 1471 3392 principales,
1513 3322 1607 3376 sed
1638 3337 1870 3392 genera-
1901 3319 1947 3381 C
1978 3322 2142 3376 etiam
2176 3337 2271 3391 pro
2299 3322 2674 3392 peccatoribus
2717 3323 3080 3388 intervenire;
3115 3331 3166 3375 et
3210 3319 3330 3374 ideo
3359 3320 3440 3373 vel
3477 3320 3578 3374 hoc

270 3411 396 3466 liter
423 3411 779 3482 principales,
818 3425 870 3468 et
902 3415 1104 3486 regina:
1131 3415 1377 3484 qumdam
1408 3417 1776 3481 immortales,
1811 3417 1868 3470 in

272 3505 358 3560 his
389 3514 624 3574 potestas
645 3499 749 3574 εει,
775 3507 1084 3563 immortale
1107 3508 1236 3563 illud
1271 3509 1594 3578 principale,
1624 3509 1762 3563 sicut
1787 3518 1871 3564 est

270 3599 453 3668 regina
500 3599 738 3656 Ecclesia
779 3618 900 3671 qua:
929 3617 1034 3656 non
1078 3619 1166 3666 me
1211 3619 1410 3668 unum,
1456 3602 1553 3657 sed
1586 3603 1870 3660 universos

272 3703 446 3764 regat.
481 3693 626 3765 Ergo
650 3695 888 3765 speciem
926 3695 979 3750 in
1004 3711 1197 3768 genus,
1224 3708 1430 3768 partem
1458 3697 1510 3752 in
1539 3698 1867 3754 universita-

273 3795 404 3850 tem,
429 3788 939 3856 corrttptibilitatem
965 3789 1016 3843 iii
1046 3791 1616 3860 incorruptiliililatcm
1637 3807 1869 3847 conver-

274 3893 388 3934 sam
422 3881 667 3935 videmus
705 3900 718 3934 :
749 3898 867 3951 qua:
895 3884 1074 3936 omnia
1124 3883 1381 3937 Ecclesia:
1417 3885 1711 3939 convenire
1749 3901 1870 3939 cer-

275 3981 387 4026 tum
416 3982 520 4028 est.
550 3972 666 4028 Non
693 3975 838 4028 enim
867 3976 1118 4043 Specialis
1149 3976 1284 4040 hare,
1315 3975 1408 4029 sed
1433 3963 1704 4045 generalis
1731 3977 1868 4030 ratio

272 4075 390 4129 est,
425 4081 526 4120 nec
571 4069 768 4136 partis,
803 4069 896 4121 sed
932 4069 1297 4122 universitatis
1326 4068 1495 4122 salus.
1526 4068 1758 4136 Ideoque
1786 4068 1869 4122 his

272 4160 704 4227 praecedentibus
739 4175 860 4214 cum
895 4177 1332 4231 unumquemque
1365 4159 1645 4230 prudentia
1677 4176 1772 4214 sua
1801 4160 1867 4214 ad

271 4251 411 4306 hanc
441 4253 791 4322 principalem
821 4263 870 4307 et
899 4253 1147 4308 diﬁ‘usam
1180 4269 1277 4324 per
1305 4268 1492 4308 omnes
1516 4254 1744 4307 salutem
1775 4253 1870 4308 dc-

271 4343 519 4407 duxerit,
554 4343 605 4398 iu
638 4361 741 4416 qua
788 4344 908 4400 fons
936 4345 1217 4408 sapientize
1253 4345 1590 4414 jllSlilitl‘tjlle
1631 4355 1743 4411 est,
1779 4361 1867 4401 re-

269 4435 501 4505 quititur
526 4437 825 4505 generatio,
855 4449 908 4492 et
940 4437 1032 4492 ille
1067 4436 1320 4504 perfecta:
1359 4449 1539 4507 partus
1561 4438 1867 4508 jucundita-

272 4530 374 4593 tis,
425 4527 580 4598 cujus
629 4545 823 4584 nomen
862 4539 944 4585 est
991 4529 1161 4584 Isaac.
1194 4529 1347 4586 Nulla
1391 4531 1534 4585 enim
1565 4531 1758 4585 melior
1785 4541 1868 4586 est

268 4623 517 4690 voluptas
539 4663 553 4687 ,
599 4639 760 4693 quam
797 4622 1100 4677 emettdatzc
1128 4623 1296 4692 gratia
1325 4623 1693 4678 conscientiae.
1729 4622 1868 4678 Hinc

270 4716 520 4787 Epicurei
545 4727 820 4797 trascrqu
847 4733 1118 4772 summum
1142 4717 1341 4772 bonum
1367 4720 1697 4788 voluptatem
1723 4734 1863 4786 esse,

1976 3415 2202 3470 credant
2225 3412 2395 3470 Judaei
2417 3415 2587 3485 ,‘quia
2612 3423 2670 3469 et
2701 3430 2796 3482 pro
2829 3413 2959 3486 ipsis
2988 3414 3297 3478 intervenit,
3326 3413 3370 3467 si
3397 3422 3577 3466 tamen

1972 3507 2216 3563 credant.
2249 3507 2359 3562 lloc
2399 3520 2481 3562 est
2509 3508 2653 3562 enim
2683 3509 2868 3562 vivere
2915 3507 2965 3559 itt
3011 3513 3302 3576 conspectu
3336 3504 3462 3566 Dei,
3493 3502 3578 3557 di-

1971 3617 2074 3672 gna
2121 3601 2214 3657 Dei
2240 3600 2423 3657 Verbo
2464 3601 2680 3672 negotia
2725 3614 2950 3671 gerere;
3000 3600 3143 3654 oculi
3189 3600 3333 3654 enim
3362 3583 3576 3652 Domini

1972 3711 2136 3766 super
2153 3695 2351 3766 justus.

2041 3791 2130 3844 89.
2177 3789 2328 3844 Unde
2353 3797 2408 3842 et
2428 3788 2681 3843 Dominus
2711 3788 2819 3841 ait:
2850 3786 3046 3842 Etiam.
3080 3785 3218 3840 Ecce
3249 3785 3416 3842 Sarra
3437 3798 3571 3859 uxor

1971 3893 2062 3936 tua
2107 3884 2283 3950 pariet
2316 3882 2406 3934 tibi
2437 3881 2699 3951 lilium...
2750 3879 2830 3934 De
2880 3879 3076 3934 Ismnel
3120 3889 3289 3932 autem
3335 3877 3576 3932 exaudiui

1975 3987 2021 4029 te
2047 3973 2209 4048 (Ibid.
2248 3974 2312 4028 19
2365 3985 2410 4028 et
2439 3975 2554 4045 20).
2588 3973 2765 4028 Etiam
2793 3989 2913 4029 cum
2943 3975 3107 4039 dicit,
3136 3973 3421 4028 conﬁrmat
3452 3986 3577 4037 pro-

1973 4066 2171 4131 missa;
2224 4067 2659 4121 conﬁrmativutn
2704 4069 2903 4122 etenim
2945 4067 3166 4142 verbum
3209 4075 3311 4120 est.
3361 4066 3424 4119 Et
3453 4063 3575 4119 ideo

1974 4163 2124 4232 prius
2155 4161 2565 4232 generationem
2601 4162 2854 4216 Ecclesia.-
2881 4159 3170 4216 couﬁrtnat
3213 4159 3484 4224 futuram;
3515 4167 3577 4212 ιιι

1973 4273 2158 4312 verum
2197 4266 2554 4327 cogno~ceret
2595 4257 2864 4326 Propheta
2894 4255 3035 4324 quod
3074 4255 3143 4309 de
3172 4253 3360 4307 lstnael
3387 4267 3447 4308 sc
3477 4268 3576 4306 atr-

1973 4353 2118 4406 disse
2153 4350 2282 4404 dixit
2316 4350 2494 4415 Deus,
2544 4349 2833 4415 providens
2878 4349 3000 4420 quia
3042 4348 3260 4402 cmcitas
3307 4345 3468 4401 Israel
3502 4360 3574 4399 ex

1973 4456 2126 4514 parte
2157 4444 2384 4500 haberet
2413 4446 2757 4515 contingere.
2789 4442 2962 4497 dooec
3005 4441 3282 4512 plenitudo
3325 4440 3571 4511 gentium

1973 4538 2295 4602 intraret,et
2323 4538 2402 4593 sic
2429 4539 2606 4593 omnis
2638 4537 2799 4593 Israel
2831 4537 3012 4592 salvus
3037 4537 3211 4592 ﬁeret.
3243 4537 3431 4606 itaque
3460 4535 3574 4590 sic-

1973 4641 2029 4685 ut
2072 4639 2394 4686 teslamenta
2444 4631 2722 4685 hominum
2771 4632 2917 4699 prius
2962 4639 2985 4665 °
3030 4629 3299 4684 ltmredem
3359 4627 3568 4693 ferunt,

1973 4732 2160 4793 postea
2193 4725 2426 4793 legatum
2458 4725 2793 4794 exprimunt,
2823 4723 3136 4777 meliorihus
3170 4721 3567 4786 hiereditatem,

343 4865 366 4889 η
408 4853 592 4908 Genus
632 4855 720 4911 hic
746 4855 990 4911 liberiori
1023 4860 1339 4924 acceptione
1368 4871 1466 4924 pro
1490 4856 1670 4924 spei-ie
1696 4857 1864 4911 sutni-
1893 4860 1949 4921 D
1975 4859 2170 4926 quibus
2192 4860 2343 4915 Sarae
2372 4860 2688 4915 vocabulum
2723 4859 2815 4914 lib.
2847 4862 2909 4914 de
2946 4858 3230 4915 Nominum
3258 4865 3438 4910 mutat.
3470 4872 3571 4912 ex-

272 4933 375 4992 tttr,
409 4926 546 4998 sicut
573 4937 627 4980 et
652 4929 863 4995 species
893 4944 990 4997 pro
1022 4927 1315 4981 individuo.
1344 4927 1498 4992 Quod
1529 4936 1708 4982 autem
1740 4929 1871 4998 legi-

272 5011 390 5050 mus
424 4997 585 5052 ultttm
621 5015 725 5053 non
754 5015 974 5066 semper
1005 4999 1129 5060 dici,
1161 5007 1216 5051 et
1245 5009 1420 5052 tamen
1449 4998 1617 5052 ullum
1647 5015 1750 5053 non
1773 4997 1869 5055 de-

271 5069 456 5134 ticere,
488 5071 567 5124 sic
589 5071 1030 5139 interpretamur,
1069 5082 1125 5123 ιιι
1150 5071 1312 5129 ullus.
1347 5070 1396 5122 id
1430 5078 1534 5135 est,
1568 5071 1780 5138 aliquis,
1812 5072 1864 5124 itt

269 5141 444 5207 primo
469 5143 711 5196 membro
743 5144 1016 5197 hominem
1039 5151 1247 5197 certum
1269 5156 1332 5197 ac
1353 5140 1634 5197 deﬁnitum
1661 5141 1862 5212 signiﬁ-

265 5221 374 5273 cet,
407 5214 458 5264 in
490 5214 728 5268 secundo
755 5230 860 5268 non
893 5215 1042 5268 item.

339 5286 368 5325 ι)
405 5279 537 5335 Cum
570 5299 729 5350 supra
767 5301 818 5337 n.
854 5285 943 5347 79.
985 5285 1181 5339 dixerit
1229 5285 1522 5349 afﬁrmate,
1562 5285 1683 5354 quia
1714 5301 1860 5338 nemo

266 5354 494 5428 ascendit
531 5354 584 5428 in
628 5356 1152 5428 regiumcmlorum,
1207 5359 1304 5410 nisi
1360 5372 1449 5428 per
1485 5368 1860 5428 sacramentum

266 5423 622 5492 baptismatis.
661 5423 767 5480 non
804 5425 994 5495 injuria
1033 5428 1150 5494 quis
1177 5423 1482 5493 sustticetur
1512 5427 1626 5482 ha‘c
1655 5437 1709 5481 et
1753 5428 1858 5482 alia

269 5495 529 5550 nonnulla
562 5513 682 5565 quae
715 5497 1154 5564 pelagiauismum
1196 5498 1446 5567 sapiunt,
1491 5499 1559 5552 ab
1599 5497 1860 5553 btrretico

267 5568 452 5636 aliquo
503 5567 670 5639 fuisse
719 5571 943 5622 intrusa.
990 5569 1159 5634 Quam
1191 5572 1354 5623 etiam
1395 5587 1584 5639 parum
1633 5579 1743 5623 tota
1790 5571 1872 5624 ιιι-

271 5641 399 5763 ιὶὓιιι
432 5638 592 5709 hujus
631 5640 840 5694 numeri
874 5653 996 5708 pars
1036 5641 1220 5707 prima:
1246 5638 1550 5708 cohzereat,
1579 5642 1663 5695 vcl
1692 5657 1870 5698 cit-cus

271 5725 318 5763 vt
359 5722 466 5763 eat.

268 5722 466 5764 νιιιειιι.

345 5792 367 5818 ο
413 5781 508 5836 llic
558 5783 793 5852 aliquem
843 5781 1081 5836 adfuisse
1129 5799 1249 5836 ειιεις
1281 5798 1449 5852 nugas
1497 5783 1622 5838 Era.
1669 5794 1870 5853 etpost

271 5863 394 5907 eum
424 5854 551 5910 Gill.
583 5857 906 5910 adttotarant
931 5895 946 5918 ,
973 5853 1104 5906 moti
1137 5855 1341 5908 scilicet
1369 5857 1699 5910 obscuritate
1741 5858 1864 5910 loci.

276 5923 525 5982 Attamen
549 5928 593 5982 si
623 5925 745 5997 quis
769 5941 892 5983 cum
916 5926 1208 5981 contulerit
1235 5941 1358 5982 cum
1388 5924 1631 5983 Philonis
1663 5927 1860 5991 verbis,

1975 4934 2210 4998 ponitur,
2241 4931 2378 4984 haud
2410 4948 2594 4998 parum
2630 4933 2848 4986 luminis
2889 4932 2953 4984 atl
2995 4933 3112 5002 t-jus
3155 4927 3570 4998 intelligentiam

1973 5004 2348 5066 nanciscetur;
2381 5003 2518 5057 idem
2547 5003 2689 5057 enim
2721 5005 2879 5058 istinc
2905 5005 3224 5070 desmnptus
3247 5011 3351 5054 est.

2041 5071 2068 5110 (ί
2110 5074 2266 5128 Rom.
2295 5075 2451 5136 edit.,
2483 5075 2766 5129 altercanti.
2800 5078 2865 5128 At
2893 5091 3016 5128 cum
3041 5069 3182 5136 aliis,
3206 5081 3365 5140 atque
3386 5069 3568 5140 omni-

1972 5144 2072 5198 bus
2103 5160 2231 5200 mss.
2265 5145 2544 5200 retinenda
2569 5163 2693 5210 vox,
2717 5146 3015 5216 alternanti,
3037 5160 3158 5216 qua:
3178 5139 3349 5199 ferme
3371 5139 3566 5197 eodem

1970 5231 2133 5272 sensu
2163 5216 2380 5287 ponitur
2408 5233 2435 5268 a
2470 5216 2643 5286 Virg.,
2675 5232 2728 5272 tv
2757 5215 2977 5272 Eneid.
3012 5234 3024 5268 :

2218 5319 2336 5370 Haec
2358 5319 2617 5370 alternanti
2639 5320 2796 5384 potior
2817 5318 3066 5370 sententia
3084 5318 3185 5366 visa
3205 5321 3300 5366 est.

2047 5438 2068 5464 ο
2111 5428 2252 5483 Edit.
2307 5427 2499 5490 Rom.,
2548 5426 2801 5480 hwredem
2856 5424 3104 5478 scribunt.
3150 5423 3283 5476 Aliae
3334 5420 3462 5476 edit.
3517 5430 3572 5478 et

1968 5503 2150 5554 cuncti
2185 5514 2344 5563 mss.,
2375 5499 2627 5553 hwredem
2655 5496 2920 5565 fertmt.Et
2945 5505 3063 5562 post
3085 5508 3250 5559 pauca
3277 5501 3386 5547 ant.
3412 5492 3572 5556 edit..

1978 5573 2049 5623 ita
2079 5572 2132 5624 in
2176 5569 2342 5624 Deum
2371 5573 2425 5623 in
2457 5579 2752 5622 testamento
2791 5581 2982 5629 unum,
3021 5576 3066 5618 et
3103 5581 3227 5628 nos,
3256 5577 3361 5620 etc.
3401 5565 3577 5630 Quam

1980 5642 2271 5696 lectionem
2295 5641 2450 5694 Rom.
2477 5639 2610 5692 edit.
2633 5654 2697 5690 ex
2721 5638 3033 5703 conjectura
3062 5637 3353 5690 emendare
3378 5646 3575 5690 eottata

1978 5714 2117 5766 haud
2155 5711 2500 5767 incommodo
2527 5708 2606 5762 sic
2636 5709 2873 5776 reposuit
2906 5725 2918 5759 :
2951 5704 3034 5758 Ita
3061 5717 3107 5759 et
3140 5705 3307 5760 υτιιιιι
3334 5709 3384 5760 in
3418 5718 3574 5760 testa-

1974 5795 2146 5837 mento
2178 5799 2348 5844 usum,
2373 5791 2418 5835 et
2440 5798 2530 5833 nos
2554 5785 2686 5831 hunc
2707 5793 2897 5831 morem
2917 5794 3020 5830 thCt
3035 5781 3223 5848 pimus,
3255 5781 3435 5836 litera.
3459 5790 3566 5832 etc.

1975 5856 2171 5912 Verum
2222 5857 2401 5924 potior
2442 5850 2597 5908 nobis
2639 5851 2749 5908 visa
2792 5861 2875 5909 est
2917 5850 3158 5908 omnium
3204 5866 3335 5910 mss.
3375 5861 3569 5906 auctno'

1969 5939 2120 5983 ritas.
