4082 6370
558 359 668 416 490

1895 345 2148 408 SANCTI
2183 347 2510 406 AMBROSII

3783 355 3889 412 500

557 474 912 534 inferioribus
935 474 1106 542 legata
1139 487 1154 526 :
1185 471 1258 526 ita
1293 469 1346 524 in
1381 467 1594 524 Domini
1623 473 1980 534 testamento,
2010 465 2150 522 unde
2177 469 2232 530 Α
2257 465 2526 534 tionibus,
2553 465 2930 536 coniunctioni
2971 471 3178 522 tantum
3217 479 3280 524 se
3309 459 3576 538 legitimas
3605 481 3886 524 reservet.

558 579 615 626 et
649 585 752 625 nos
783 575 921 622 hunc
947 577 1150 620 morem
1191 562 1531 634 accepimus,
1571 560 1748 616 literas
1777 558 2032 614 scribitur
2057 574 2155 614 na-

557 673 680 718 tura
711 661 915 734 bonus,
951 655 1182 723 nobilis,
1217 655 1462 726 legitimo
1497 665 1718 710 creatus
1756 651 2039 723 coniugio;
2073 653 2152 707 le-

551 765 680 829 gato
705 754 938 810 donatur
963 751 1210 808 inferior.

622 849 716 904 90.
771 844 1110 902 Promittitur
1157 851 1342 898 autem
1389 841 1670 914 generatio
1719 839 1966 910 sequenti
2011 853 2156 896 anno

555 941 752 1017 (Ibid.,
779 940 897 1014 21),
939 951 998 996 ιιι
1039 939 1293 994 advertas
1341 953 1502 1010 quam
1549 936 1958 1006 generationem
2001 933 2160 1004 polli-

551 1046 743 1096 ceatur
773 1037 1036 1092 Dominus
1055 1077 1071 1101 ,
1099 1034 1204 1088 hoc
1227 1043 1342 1100 est,
1373 1047 1480 1087 non
1509 1030 1656 1086 illuni
1689 1030 1828 1084 uteri
1859 1027 2158 1098 corporalis

553 1132 754 1198 Same,
781 1129 880 1186 sed
903 1132 1066 1185 istum
1093 1137 1308 1200 partum
1329 1125 1616 1189 Ecclesiae,
1641 1123 1732 1194 qui
1753 1133 1900 1179 esset
1925 1123 2155 1176 iuturus.

551 1228 800 1300 Denique
825 1237 884 1282 et
909 1227 1046 1282 infra
1075 1227 1184 1280 ait:
1215 1225 1466 1280 Reuertar
1483 1223 1552 1276 ad
1571 1234 1619 1276 te
1639 1221 1691 1276 in
1713 1225 1966 1292 futurum,
1991 1229 2038 1274 et
2063 1220 2160 1274 erit

553 1321 739 1380 Sarra
765 1321 908 1391 ﬁlius
929 1318 1084 1392 (Gen.
1113 1333 1266 1384 svnt,
1300 1315 1412 1387 10).
1444 1315 1500 1370 lu
1527 1331 1634 1388 quo
1656 1325 1946 1384 utrumque
1969 1327 2160 1384 possu-

551 1424 680 1463 mus
709 1411 983 1478 accipere,
1015 1417 1070 1462 et
1098 1405 1246 1461 hunc
1271 1415 1600 1460 conventum
1629 1401 1908 1468 Ecclesiae,
1941 1409 1996 1456 et
2027 1399 2159 1456 lide-

553 1498 686 1554 lium
717 1496 1204 1554 resurrectionem.

629 1594 720 1650 91.
763 1591 1168 1649 Tertiodecimo
1193 1605 1410 1662 quoque
1449 1605 1592 1646 anno
1629 1587 1777 1660 quod
1818 1585 2160 1643 circumcidi-

2329 561 2420 618 92.
2465 559 2698 616 Mentem
2727 575 2944 632 quoque
2971 561 3236 630 sapientis
3259 560 3602 632 hospitalem
3633 577 3768 618 esse
3795 564 3890 620 de-

2255 671 2374 726 cet;
2407 669 2464 714 ut
2489 660 2652 714 etiam
2681 657 2806 714 aliis
2835 659 3112 730 impertiat
3141 659 3226 716 sui
3255 661 3518 732 gratiam,
3549 669 3610 716 et
3637 663 3886 730 pruden-

2257 753 2348 808 tia:
2371 768 2486 810 suae
2515 751 2750 808 fructum
2781 753 2904 808 aliis
2923 767 3138 824 quoque
3165 753 3396 818 dividat,
3427 764 3600 824 atque
3621 755 3698 810 ita
3725 755 3884 812 bonis

2257 847 2552 916 epulantur
2583 845 2848 902 doctrinas
2885 845 3058 914 cibis,
3087 847 3424 918 epulumque
3451 848 3576 920 ejus
3619 848 3882 907 exhibeat

2259 939 2718 996 desiderantibus.

2332 1031 2422 1088 95.
2465 1033 2602 1088 Tum
2637 1041 2898 1104 praeterea
2927 1033 3136 1092 nesciat
3159 1033 3260 1090 nisi
3289 1034 3596 1091 secundum
3623 1045 3878 1094 neutram

2259 1125 2466 1190 vivere,
2501 1125 2554 1181 in
2583 1125 2740 1196 cujus
2767 1125 3018 1182 instituto
3039 1137 3096 1182 et
3117 1127 3312 1184 ordine
3349 1128 3444 1186 Dei
3475 1129 3562 1186 lex
3589 1139 3704 1184 est.
3741 1129 3878 1186 Nuili

2259 1233 2322 1276 se
2353 1221 2758 1276 transversaria:
2803 1220 3086 1290 cupiditati
3133 1221 3368 1278 miscere
3413 1223 3670 1290 noverit,
3705 1224 3876 1280 solius

2261 1312 2542 1384 sapientiae
2599 1321 2864 1384 praeoptet
2909 1314 3180 1386 copulam.
3233 1313 3506 1372 Mandatis
3541 1315 3640 1372 Dei
3687 1317 3872 1372 saeculi

2257 1405 2422 1462 istius
2451 1408 2709 1478 gloriam,
2747 1419 2804 1466 et
2829 1409 3120 1480 quamdam
3159 1411 3450 1481 praesentis
3477 1411 3660 1466 laudis
3707 1411 3876 1468 hare-

2261 1499 2488 1576 ditatem
2521 1503 2780 1570 pra-terre
2807 1502 3049 1568 nesciat;
3081 1512 3244 1574 atque
3275 1511 3336 1558 ut
3363 1503 3634 1558 altaribus
3659 1503 3872 1559 Domini

2261 1613 2392 1654 suas
2423 1597 2668 1653 immolet
2697 1598 2990 1664 utilitates,
3022 1597 3094 1652 ita
3123 1596 3312 1668 iudicii
3355 1597 3534 1668 ignem
3565 1611 3680 1652 non
3721 1597 3870 1652 exei-

557 1697 648 1746 tur
673 1688 888 1750 lsmael,
921 1688 1060 1742 ratio
1086 1685 1345 1752 evidens;
1377 1685 1504 1756 quia
1531 1683 1576 1740 is
1601 1685 1694 1756 qui
1725 1685 1966 1756 incipere
1995 1685 2162 1741 habet
2261 1693 2398 1764 piat,
2429 1705 2606 1760 neque
2631 1689 2978 1756 reformidet;
3005 1688 3102 1746 sed
3126 1690 3302 1761 magis
3325 1687 3492 1746 etiam
3523 1699 3582 1746 ut
3601 1689 3752 1746 alios
3775 1691 3870 1744 eri-

555 1783 634 1838 uti
656 1781 970 1852 cognitione
997 1780 1211 1836 feminae
1231 1819 1246 1846 ,
1273 1789 1400 1836 ante
1429 1779 1592 1836 debet
1621 1779 1866 1836 recidere
1897 1779 1950 1834 in
1981 1792 2042 1834 se
2071 1793 2162 1834 ar—
2263 1786 2398 1856 piat,
2429 1783 2702 1840 elaboret.

553 1876 746 1934 dorem
787 1875 1032 1934 libidinis
1063 1892 1078 1930 :
1123 1883 1180 1932 ut
1207 1889 1238 1930 a
1269 1875 1554 1947 superﬂuis
1581 1875 1856 1934 abstineat
1881 1875 2144 1932 commix-
2175 1869 2224 1930 B

557 2007 3860 2072 Μ

844 2129 972 2262 IN
1039 2178 1502 2265 LIBRUM
1575 2179 1738 2262 DE
1811 2175 2150 2264 ISAAC
2225 2176 2376 2259 ET
2449 2175 2831 2262 ANIMA
2905 2173 3620 2260 ADMONITIO.

628 2489 1078 2560 Quemadmodum
1097 2502 1307 2546 sanctus
1338 2489 1644 2546 Ambrosius
1663 2489 1718 2544 in
1750 2490 1917 2560 primo
1951 2487 2084 2543 libro
2113 2485 2182 2544 de
2209 2483 2484 2544 Abraham
2513 2485 2892 2544 catechumenis
2934 2485 3093 2562 hujus
3119 2485 3352 2557 exemplo
3379 2481 3697 2556 patriarcha:
3737 2481 3862 2536 chri-

559 2585 744 2638 stiantc
785 2583 1057 2658 religionis
1087 2626 1100 2648 ,
1142 2601 1298 2656 quam
1323 2583 1378 2638 in
1415 2583 1688 2656 pervigilio
1721 2581 1984 2654 paschatis
2015 2581 2298 2654 professuri
2329 2593 2512 2650 essent,
2545 2583 2725 2655 ofﬁcia
2753 2582 3073 2657 patefecerit,
3105 2581 3158 2636 in
3181 2581 3344 2635 altero
3368 2589 3536 2635 autem
3568 2579 3756 2632 animi:
3783 2591 3858 2644 per

555 2675 750 2732 Adami
773 2692 1038 2749 peccatum
1063 2677 1226 2750 lapste
1253 2680 1574 2752 resurgendi,
1607 2689 1760 2750 atque
1784 2679 1850 2732 ad
1877 2679 2238 2750 perfectionem
2261 2679 2486 2734 enitendi
2512 2679 2722 2734 moduni
2750 2679 3192 2745 demonstraverit,
3223 2679 3274 2732 in
3299 2687 3476 2732 nostra
3503 2673 3572 2728 ad
3589 2673 3726 2729 idem
3745 2687 3856 2744 opus

553 2774 923 2830 Admonitione
949 2775 1347 2832 declaravimus.
1383 2773 1723 2850 Prosequitur
1751 2779 1984 2832 instituta
2014 2785 2310 2832 acroamata
2337 2771 2803 2846 praeceptionesque
2829 2773 3053 2828 Antistes
3085 2771 3536 2846 uigilantissimus,
3567 2785 3660 2822 nec
3681 2765 3780 2821 alia
3804 2765 3855 2820 «lc

559 2887 720 2924 causa
748 2869 1032 2924 secundum
1065 2870 1334 2924 memorati
1360 2873 1531 2942 operis
1563 2872 1773 2940 librum,
1803 2871 1886 2926 ubi
1917 2869 2072 2925 Isaac
2100 2878 2279 2924 natum
2304 2879 2349 2925 et
2370 2869 2732 2924 circumcisum
2755 2867 2948 2933 retulit,
2980 2865 3237 2936 extemplo
3265 2863 3462 2934 [iniisse
3482 2861 3628 2917 nobis
3649 2863 3850 2926 ridetur,

553 2965 660 3022 nisi
689 2975 742 3020 ut
770 2981 834 3020 ea:
861 2966 1090 3036 ejusdem
1119 2983 1234 3020 cum
1257 2965 1489 3022 Rebecca
1509 2969 1750 3042 conjugio
1785 2965 2010 3022 hominis
2039 2965 2310 3020 christiani
2339 2965 2587 3030 animum,
2617 2963 2742 3016 dum
2783 2963 2836 3016 in
2863 2961 3077 3034 genitali
3107 2951 3265 3032 fonte
3303 2959 3612 3024 renascitur,
3645 2955 3850 3010 arctissi-

560 3077 701 3115 mum
731 3060 992 3131 quoddam
1021 3061 1273 3134 spiritalis
1297 3061 1619 3116 matrimonii
1664 3078 1778 3114 cum
1815 3059 1982 3116 Verbo
2005 3057 2116 3114 Deo
2146 3059 2313 3130 {tedas
2355 3057 2486 3112 inire
2514 3055 2822 3112 ostenderet.
2856 3055 2927 3110 Id
2955 3055 3049 3109 hoc
3075 3055 3126 3108 in
3155 3053 3283 3108 libro
3312 3069 3460 3124 quem
3486 3059 3754 3126 prapterea
3795 3047 3850 3104 tle

561 3155 714 3210 Isaac
741 3168 795 3214 et
817 3157 1008 3212 Anima
1039 3157 1346 3228 inscriptum
1380 3159 1560 3222 voluit,
1589 3173 1679 3226 per
1709 3173 1864 3224 quam
1886 3157 2087 3228 egregie
2111 3151 2354 3226 praestitit
2400 3151 2554 3226 (Cap.
2587 3151 2662 3224 1).
2693 3151 2851 3206 Enim
2877 3167 2995 3206 vero
3021 3161 3284 3224 postquam
3319 3145 3472 3204 Isaac
3517 3147 3776 3202 nativitate
3802 3161 3848 3197 ac

559 3263 725 3306 morte
753 3269 846 3306 sua
869 3249 1061 3307 Christi
1081 3253 1304 3326 ﬁguram
1333 3253 1612 3320 exstitisse,
1644 3253 1778 3306 sicut
1800 3263 1846 3306 et
1871 3251 2152 3306 Rebeccam
2195 3249 2413 3316 animle,
2447 3247 2628 3320 paucis
2655 3247 2889 3318 aperuit,
2921 3245 3134 3314 deﬁnita
3155 3245 3386 3320 ejusdem
3417 3241 3608 3296 anima?
3633 3251 3809 3295 natura
3831 3281 3844 3298 ,

557 3353 721 3398 totunt
753 3345 1011 3398 hominem
1041 3346 1364 3417 potissimum
1380 3346 1435 3400 in
1459 3347 1575 3415 ipsa
1601 3345 1878 3400 consistere
1903 3345 2085 3400 astruit
2117 3339 2274 3414 (Cap.
2305 3342 2385 3414 2).
2411 3339 2564 3396 lianc
2585 3351 2755 3396 autem
2780 3341 2926 3394 docet
2955 3341 3068 3394 ideo
3098 3357 3205 3395 esse
3235 3333 3760 3412 imperfectam,un
3777 3350 3844 3388 re-

563 3437 656 3491 bus
683 3440 944 3506 corporeis
966 3455 1026 3494 ac
1049 3439 1227 3494 swculi
1251 3439 1599 3510 voluptatibus
1625 3437 1941 3492 adhterescut
1975 3455 1992 3504 ;
2023 3447 2202 3492 contra
2229 3451 2344 3490 vero
2367 3435 2595 3506 primum
2622 3433 2690 3489 ad
2719 3435 3084 3508 perfectionem
3109 3433 3328 3506 gradum
3357 3429 3528 3502 facere
3551 3474 3565 3496 ,
3596 3433 3640 3486 si
3668 3431 3848 3487 easdem

563 3530 756 3602 fugiat,
788 3540 835 3584 et
862 3548 1024 3597 supra
1057 3532 1268 3586 illarum
1297 3547 1492 3588 cornum
1522 3532 1724 3586 attollat
1747 3547 1875 3586 sese.
1913 3530 2054 3585 Hinc
2083 3543 2440 3602 argumentum
2467 3531 2791 3604 propositum
2833 3546 3106 3604 aggressus
3137 3527 3418 3584 Rebeccam
3471 3527 3628 3582 talem
3655 3544 3762 3582 cum
3787 3525 3844 3578 ad

558 3623 717 3678 Isaac
745 3625 938 3678 veniret
967 3626 1130 3694 fuisse
1161 3625 1308 3688 dicit,
1333 3628 1522 3696 quippe
1549 3641 1662 3690 qua:
1691 3625 1918 3680 divinum
1943 3626 1998 3678 in
2030 3623 2120 3678 illo
2159 3623 2380 3678 Verbum
2407 3625 2645 3678 ardenter
2671 3633 2906 3695 expetere
2930 3641 2983 3678 se
3013 3623 3315 3693 testificatur
3344 3621 3574 3677 clamans
3597 3639 3618 3678 :
3647 3619 3844 3677 Oscule-

557 3726 645 3772 tur
672 3731 760 3772 me
789 3717 857 3772 ab
887 3717 1087 3772 osculis
1117 3717 1233 3772 oris
1263 3719 1346 3774 sui
1372 3716 1512 3790 (cap.
1541 3717 1620 3790 5).
1659 3717 1780 3790 Ipse
1799 3719 2006 3792 quidem
2041 3716 2339 3776 Auibrosius
2373 3717 2542 3772 locum
2567 3721 2703 3772 ltunc
2729 3719 2959 3790 aliosque
2985 3734 3158 3772 omnes
3187 3713 3387 3771 Cantici
3418 3717 3732 3772 canticorum
3749 3731 3844 3770 rer-

555 3809 753 3868 siculos
780 3812 935 3866 etiam
962 3810 1212 3870 Ecclesiae
1230 3813 1610 3880 accommodari
1634 3831 1780 3883 posse
1804 3815 2110 3886 profitetur:
2133 3815 2224 3869 sed
2250 3831 2366 3868 cum
2395 3814 2572 3870 eadem
2601 3816 2843 3887 mysteria
2867 3825 2972 3869 tum
2994 3816 3142 3882 alibi,
3167 3827 3274 3870 tum
3295 3816 3371 3869 vel
3401 3815 3622 3870 maxime
3647 3815 3840 3868 inenar-

555 3905 760 3960 ratione
784 3907 976 3976 psalmi
1001 3922 1174 3962 cum
1201 3907 1540 3972 cnucleasset,
1565 3907 1661 3962 hoc
1689 3908 1743 3962 in
1770 3907 1902 3961 libro
1933 3917 2066 3962 totus
2089 3907 2336 3961 incumbit
2361 3949 2374 3972 ,
2421 3917 2476 3964 ut
2516 3910 2706 3964 animae
2728 3924 2841 3962 cum
2883 3905 3042 3962 Verbo
3069 3907 3364 3980 conjugium
3392 3916 3640 3980 perpetuo
3667 3905 3843 3978 mystici

553 3997 702 4056 illius
729 4001 1050 4072 epithalamii
1076 4002 1442 4056 commentario
1466 4001 1736 4059 edisserat.
1773 4001 1922 4068 Quod
1952 4010 2118 4056 tamen
2143 4003 2334 4078 non‘ita
2357 4003 2606 4072 accipias,
2638 4004 2785 4072 quasi
2827 4017 3028 4056 versum
3057 4003 3263 4056 omnino
3303 4002 3509 4056 nullum
3540 4001 3840 4072 praeterierit,

553 4113 676 4150 cum
720 4111 775 4148 re
803 4096 918 4164 ipsa
947 4096 1087 4150 haud
1115 4097 1288 4166 pauci,
1332 4107 1378 4150 et
1407 4096 1444 4150 ii
1493 4097 1780 4166 praesertim
1833 4097 1919 4167 qui
1947 4098 2016 4150 ad
2067 4098 2246 4168 sponsi
2273 4113 2574 4168 spontteque
2619 4095 3059 4168 pulchritudinent
3089 4099 3362 4166 pertinent,
3391 4097 3730 4150 omittantur:
3769 4097 3842 4148 sed

554 4189 642 4246 isti
667 4189 940 4260 quominus
968 4205 1098 4244 unus
1127 4190 1190 4244 sit
1224 4190 1394 4260 aperis
1418 4199 1688 4244 contextus
1715 4189 1849 4244 nihil
1878 4201 2072 4244 vetant.
2105 4189 2274 4246 Porro
2316 4201 2372 4244 ut
2400 4191 2693 4245 distinctius
2723 4201 2875 4256 atque
2915 4193 3210 4248 ordinatius
3239 4203 3460 4264 coeptum
3484 4193 3753 4264 procedat,
3779 4189 3842 4243 rir

555 4291 770 4336 sanctus
799 4283 1040 4354 proponit
1063 4282 1214 4356 (Cap.
1248 4283 1302 4354 6)
1337 4285 1643 4353 exponitque
1666 4283 1862 4354 gradus
1882 4297 2125 4354 quatuor,
2157 4284 2339 4357 quibus
2377 4289 2566 4340 anima.
2569 4289 2684 4359 jam
2709 4287 3002 4359 graviorum
3020 4290 3151 4362 jugo
3184 4289 3420 4342 vitiorum
3449 4287 3610 4344 libera
3639 4287 3707 4341 ad
3727 4303 3842 4340 sum-

557 4393 702 4434 mam
725 4378 870 4434 illam
894 4378 1287 4450 perfectionem,
1323 4379 1376 4432 in
1402 4396 1504 4448 qua
1525 4378 1635 4434 Deo
1674 4397 1766 4451 per
1805 4383 2106 4436 charitatem
2125 4384 2312 4454 juncta
2339 4399 2620 4452 numquam
2647 4383 2974 4454 postmodum
2991 4383 3054 4438 ab
3095 4385 3206 4452 ipso
3233 4383 3512 4446 divellitur,
3547 4382 3837 4437 conscendit.

563 4473 818 4530 Craterum
841 4473 944 4528 sive
978 4473 1268 4526 naturalem
1289 4489 1348 4528 ac
1369 4474 1576 4528 minime
1597 4483 1828 4528 coactam
1855 4481 2079 4530 materia:
2105 4476 2512 4548 dispositionem,
2539 4478 2644 4532 sive
2661 4476 2862 4532 brevem
2891 4477 3059 4544 illaut,
3089 4477 3179 4532 sed
3207 4487 3420 4530 acutam
3449 4476 3734 4548 Scriptura
3771 4491 3843 4528 es-

559 4565 820 4640 plicandte
845 4565 1094 4622 rationem
1127 4577 1346 4634 spectes,
1380 4583 1471 4622 seu
1502 4565 1718 4638 denique
1747 4569 2110 4624 transitionum
2151 4571 2334 4641 quibus
2353 4572 2617 4642 aptissime
2641 4583 2914 4627 nectuntur
2939 4573 3145 4646 singula
3169 4615 3184 4639 ,
3207 4573 3624 4640 concinnitatem,
3643 4575 3762 4646 jure
3777 4571 3842 4625 di-

558 4664 698 4720 xeris
727 4664 1204 4720 commentationem
1227 4663 1363 4720 hanc
1389 4667 1646 4738 ejusmodi
1666 4683 1794 4736 esse,
1821 4685 1937 4739 qua:
1963 4669 2047 4723 vis:
2085 4669 2179 4724 ulli
2199 4687 2262 4724 ea:
2285 4670 2401 4724 aliis
2421 4668 2776 4724 Ambrosianis
2802 4669 2971 4726 cedat.

633 4755 662 4811 1
671 4775 818 4828 psam
841 4774 995 4828 porro
1018 4767 1217 4812 constat
1236 4759 1354 4813 libri
1380 4763 1582 4815 nomine
1600 4763 1937 4833 appellatam,
1967 4779 2071 4816 non
2094 4763 2261 4818 solum
2275 4773 2424 4819 (etate
2445 4762 2742 4818 Cassiodori
2763 4760 2899 4832 (Lib.
2927 4761 2990 4816 de
3009 4761 3142 4816 Inst.
3167 4762 3273 4816 diu.
3295 4777 3411 4830 cap.
3442 4762 3500 4831 5)
3523 4771 3574 4817 et
3591 4760 3843 4834 Augustini

561 4851 704 4928 (Lib.
734 4869 752 4909 ι
780 4861 947 4909 contr.
972 4851 1070 4923 ful.
1106 4849 1314 4923 Pelag,
1340 4871 1386 4910 c.
1407 4855 1461 4922 9,
1489 4867 1532 4911 et
1558 4855 1594 4910 l.
1626 4871 1686 4923 ιι,
1720 4874 1765 4912 c.
1791 4858 1844 4922 5)
1875 4873 1894 4911 :
1920 4855 2010 4914 sed
2041 4859 2195 4911 etiam
2222 4857 2285 4911 ab
2308 4857 2525 4930 ipsemet
2567 4849 2837 4911 Ambrosio
2873 4861 2926 4909 tn
2954 4873 3104 4928 opere
3133 4855 3358 4926 sequenti
3383 4853 3475 4908 sub
3498 4855 3597 4909 hac
3643 4856 3842 4924 inscrip—

561 4950 699 5004 tione
725 4951 886 5021 fuisse
912 4964 1268 5006 memoratam.
1303 4949 1490 5006 Utrum
1516 4969 1632 5007 vero
1661 4954 1932 5008 conciones
1959 4953 2152 5026 fuerint
2179 4969 2291 5024 quae
2321 4953 2560 5024 primitus
2609 4953 2678 5007 ad
2719 4951 2964 5022 populant
2989 4950 3177 5004 habita:
3223 4951 3278 5004 in
3313 4949 3450 5004 hunc
3479 4949 3664 5004 librant
3689 4959 3840 5022 postea

557 5048 942 5117 transformata:
967 5047 1091 5110 sint,
1116 5045 1382 5102 obscurius
1409 5057 1501 5102 est.
1527 5045 1658 5103 Cum
1683 5050 1820 5103 enim
1845 5065 1961 5104 eum
1993 5053 2152 5118 ferme
2179 5047 2312 5102 nihil
2335 5049 2480 5103 aliud
2507 5063 2614 5104 esse
2639 5047 2986 5110 advertamus,
3017 5063 3172 5118 quam
3203 5046 3400 5100 brevem
3421 5043 3620 5101 Cantici
3643 5045 3840 5101 cantico-

554 5157 674 5195 rum
700 5141 1084 5213 paraphrasim,
1108 5139 1166 5194 id
1188 5147 1544 5214 argumentum
1567 5157 1714 5197 sacro
1744 5144 2006 5217 suggestui
2028 5159 2212 5214 parum
2239 5141 2520 5197 admodum
2543 5141 2742 5197 videtur
2767 5141 3054 5197 cOnvenire.
3103 5137 3461 5197 Verumtamen
3493 5149 3550 5194 ut
3588 5157 3688 5196 non
3711 5141 3841 5195 aliter

561 5235 644 5288 hic
666 5248 816 5306 atque
842 5237 894 5292 in
916 5236 1058 5291 libris
1078 5235 1144 5292 tle
1175 5235 1448 5292 Abraham
1477 5239 1670 5307 factum
1699 5246 1954 5306 putemus,
1983 5247 2090 5291 tum
2113 5253 2292 5292 eorum
2316 5237 2450 5291 inter
2473 5253 2526 5292 se
2555 5236 2905 5292 convenientia
2933 5235 3264 5300 adducimur,
3293 5243 3404 5288 tum
3431 5233 3590 5289 etiant
3633 5249 3839 5305 pracep-

561 5329 625 5382 tis
651 5327 1038 5402 ad‘auditorum
1058 5327 1428 5384 institutionem
1451 5329 1672 5382 maxime
1698 5329 2064 5396 accommodis,
2088 5345 2202 5398 qua:
2216 5329 2524 5400 expositioni
2549 5329 2664 5400 ejus
2693 5329 2889 5382 inserta
2916 5343 3064 5384 nemo
3099 5343 3201 5381 non
3233 5327 3604 5398 deprehendat.
3649 5325 3715 5380 Et
3747 5329 3839 5382 luet

559 5434 716 5472 causa
747 5429 818 5474 est
847 5433 938 5472 cur
960 5419 1301 5476 Cassiodorus
1318 5431 1523 5476 senator
1542 5419 1653 5474 loco
1685 5421 1843 5474 citato
1863 5417 1929 5476 de
1957 5417 2022 5476 iis
2049 5425 2134 5493 qui
2163 5422 2220 5476 in
2249 5420 2516 5476 Canticum
2543 5421 2862 5474 canticorum
2889 5422 3210 5492 scripserunt
3256 5437 3432 5494 agens,
3466 5437 3615 5475 suum
3665 5421 3726 5477 de
3755 5421 3842 5475 hac
3925 5409 3936 5426 ’

563 5508 734 5576 opella
751 5509 1012 5578 judicium
1059 5510 1134 5566 ita
1163 5511 1428 5582 reliquerit
1462 5511 1694 5576 :Unde,
1722 5511 1886 5582 inquit
1917 5553 1932 5579 ,
1963 5511 2020 5569 S.
2063 5513 2388 5570 Ambrosius
2435 5515 2487 5570 in
2520 5513 2658 5570 libro
2706 5511 2868 5570 tertio
2907 5512 3367 5582 Patriarcharum,
3416 5513 3508 5571 ubi
3539 5515 3608 5572 de
3633 5529 3838 5587 persona

558 5597 714 5655 Isaac
745 5603 1004 5672 loquitur,
1035 5605 1201 5659 multa
1232 5605 1527 5661 salubriter
1560 5605 1974 5676 Iuculenterque
1999 5605 2278 5662 disseruit.

639 5693 769 5747 Haec
801 5695 976 5750 eadem
1007 5698 1218 5754 Cantica
1241 5701 1358 5754 totis
1391 5699 1564 5755 decem
1592 5701 1935 5754 voluminibus
1963 5711 2062 5755 tam
2089 5701 2381 5756 mirandum
2407 5703 2460 5756 in
2491 5701 2702 5756 modum
2729 5703 2973 5774 Origenes
3001 5703 3308 5760 enodaverat
3333 5747 3347 5772 ,
3374 5715 3427 5760 ut
3456 5723 3560 5761 non
3607 5707 3836 5762 dubitaret

569 5787 926 5859 Hieronymus
950 5799 1012 5846 de
1037 5794 1221 5850 iisdem
1248 5799 1468 5852 scribere
1496 5795 1622 5868 (Ep.
1649 5797 1717 5852 ad
1738 5793 2022 5852 Damasum
2051 5795 2263 5870 papam)
2293 5815 2305 5852 :
2334 5799 2466 5853 Cum
2518 5801 2570 5854 in
2609 5817 2669 5854 cu
2693 5801 2824 5854 teris
2869 5799 3024 5856 libris
3051 5817 3240 5858 omnes
3269 5801 3488 5868 vicerit,
3543 5802 3596 5858 in
3637 5799 3834 5859 Cantica

576 5885 912 5944 caiiticorum
942 5888 1057 5960 ipse
1085 5905 1145 5944 se
1173 5891 1322 5947 vicit.
1354 5889 1584 5950 Maxime
1607 5901 1779 5952 autem
1804 5893 2065 5971 probabile
2085 5900 2158 5952 est
2177 5891 2660 5972 prmtantissimum
2685 5892 2780 5954 hoc
2803 5912 2932 5970 opus
2953 5897 3008 5956 in
3033 5913 3214 5958 uiantis
3233 5913 3435 5974 quoque
3453 5898 3710 5962 Ambrosii
3731 5913 3825 5974 pst-
