4082 6370
245 319 346 383 SOI
1301 315 1389 372 DE
1428 312 1630 372 ISAAC
1675 311 1765 370 ΕΤ
1807 343 1815 370 ι

1918 311 2027 371 {MA
2064 311 2270 370 LIBER
2310 311 2515 370 UNUS.
3450 316 3559 374 509.

245 440 467 508 venisse,
497 454 563 496 ac
587 443 823 496 sanctum
842 434 1134 491 Antistitent
1161 447 1227 489 ea:
1253 431 1513 487 laboribus
1539 430 1666 488 tanti
1686 430 1782 485 viri
1802 446 1836 483 α
1852 445 1952 500 qua
1971 431 2158 499 reliqui
2184 434 2342 504 ferme
2377 427 2561 484 Patres
2588 438 2692 484 tam
2727 430 2889 485 multa
2915 440 3119 503 tamque
3168 433 3420 504 praetura
3447 449 3558 486 nnt-

245 539 380 594 tuati
407 547 552 606 sunt,
580 534 869 610 adjumenti
893 530 1092 604 aliquid
1112 529 1447 599 decerpsisse.
1470 528 1536 582 At
1561 528 1768 597 quando
1798 536 2086 598 temporum
2112 525 2360 593 iniquitas
2379 524 2678 580 thesaurum
2699 524 2848 580 illum
2872 527 3018 581 nobis
3057 527 3287 594 invidit,
3313 543 3417 581 non
3446 526 3562 581 licet

240 635 524 706 quidquam
543 633 868 704 exploratum
898 628 1062 700 magis
1091 636 1178 680 aut
1204 624 1575 696 deprehensum
1599 637 1903 696 praponrre.
1931 619 1993 676 Si
2013 630 2184 675 tamen
2206 635 2377 674 verum
2401 621 2554 690 fuerit
2580 619 2721 692 quod
2751 621 3002 677 adversus
3030 621 3306 678 Erasmum
3345 632 3394 678 et
3423 622 3556 676 alios

240 742 346 783 non
378 743 575 797 paucos
603 722 860 780 contendit
890 721 1131 787 Huetius,
1153 718 1393 793 (Origen.
1428 717 1517 771 lib.
1541 731 1619 778 ιιι,
1653 714 1680 789 5
1718 715 1798 788 7),
1819 723 2038 786 quatuor
2058 713 2297 768 homilias
2321 728 2434 784 qua:
2456 730 2572 767 cum
2599 729 2693 768 sua
2723 717 3026 786 praefatione
3053 719 3182 772 inter
3208 717 3447 788 Origenis
3473 729 3558 771 at-

239 839 336 895 que
357 821 662 894 Hieronymi
683 834 840 886 opera
867 826 1064 882 extant,
1094 813 1223 868 nulli
1256 812 1472 866 Patrum
1497 809 1795 864 Latinorum
1810 809 2000 873 deberi,
2032 807 2122 864 sed
2145 824 2232 862 eas
2254 808 2569 877 ipsissimum
2586 809 2790 864 initium
2802 826 2908 864 esse
2924 811 3098 865 decem
3123 811 3554 884 Origenianorum

238 918 581 982 voluminum,
606 913 734 986 qbas
764 911 989 978 Ruﬁnus
1017 925 1049 962 a
1073 924 1174 979 quo
1204 906 1386 960 Latine
1411 905 1630 959 reddita!
1655 913 1795 963 sunt,
1827 919 1969 957 more
1994 918 2086 956 suo
2110 901 2437 973 interpolavit
2467 916 2485 953 :
2512 913 2599 954 aut
2627 902 2671 954 si
2691 903 2843 957 mulis
2868 905 3060 972 stepius
3090 904 3305 959 laudato
3332 908 3562 960 senatori

237 1011 501 1076 accedere,
531 1009 732 1064 easdem
759 1005 891 1060 nihil
919 1004 1065 1058 aliud
1087 1018 1194 1057 esse
1218 1000 1508 1072 afﬁrmanti
1534 997 1684 1070 (Lac.
1718 993 1855 1067 cit.),
1891 996 1991 1050 nisi
2014 993 2341 1048 distributum
2369 993 2422 1046 in
2451 1003 2552 1046 tres
2574 993 2732 1048 libros
2771 996 3250 1064 ampliﬁcationem,
3295 1015 3452 1066 quam
3491 1016 3557 1054 ea:

238 1104 436 1159 duabus
457 1099 686 1156 homiliis
716 1098 821 1152 alia
852 1095 1122 1150 occasione
1142 1094 1205 1148 ab
1237 1092 1459 1164 Origene
1487 1093 1541 1145 in
1571 1091 1674 1145 duo
1700 1090 1874 1160 priora
1901 1087 2227 1142 Canticorum
2249 1087 2422 1156 capita
2451 1088 2770 1159 compositis,
2799 1092 2937 1144 etab
2967 1088 3288 1163 Hieronymo
3314 1094 3368 1146 in
3407 1092 3559 1147 Lati-

235 1214 358 1253 num
381 1195 541 1251 versis
569 1239 583 1261 ,
616 1193 840 1264 Rufinus
871 1190 1252 1246 consarcinaint
1281 1205 1299 1243 :
1339 1190 1403 1254 si,
1435 1189 1719 1259 inquimus,
1772 1187 1958 1240 horum
2011 1186 2318 1238 alterutrum
2363 1184 2738 1236 admittendum
2767 1185 2852 1249 sit,
2894 1201 2957 1239 ea:
2999 1190 3292 1241 earumdem
3326 1187 3565 1262 Origenis

231 1291 644 1364 fragmentorum
669 1286 1101 1358 etAmbrosiante
1127 1284 1566 1337 commentationis
1597 1282 1872 1336 collatione
1891 1282 2145 1353 intelliges
2166 1281 2309 1334 illius
2340 1280 2633 1334 methodum
2665 1297 2766 1335 non
2785 1282 3265 1355 imperitesanctum
3295 1285 3561 1342 doctorem

231 1403 343 1443 esse
367 1386 647 1450 imitatum,
671 1383 826 1452 idque
847 1379 1150 1447 cumprimis
1186 1378 1276 1431 ubi
1306 1378 1558 1449 triplicem
1590 1375 1878 1446 Scriptura:
1903 1390 2111 1430 sensum
2135 1391 2314 1446 nempe
2340 1374 2629 1429 naturalem
2651 1415 2664 1439 ,
2707 1377 2954 1430 moralem
2981 1392 3043 1430 ac
3072 1380 3342 1449 mysticum
3371 1381 3558 1436 distin-

229 1483 340 1554 guit
377 1490 529 1552 atque
567 1477 838 1540 edisserit;
870 1474 1102 1546 quamvis
1146 1474 1202 1526 in
1234 1471 1351 1526 aliis
1394 1471 1658 1540 opusculis
1703 1485 1816 1542 quae
1865 1471 2110 1524 hactenus
2154 1486 2186 1523 a
2232 1469 2378 1524 nobis
2425 1469 2717 1523 examinata
2768 1480 2930 1536 sunt,
2973 1471 3106 1526 duos
3151 1483 3350 1529 tantum
3399 1477 3559 1531 inter-

229 1586 460 1648 pretetur
489 1617 503 1643 ,
536 1573 813 1645 mysticum
863 1585 924 1623 ac
960 1568 1243 1633 moralem;
1294 1566 1379 1620 ubi
1421 1573 1593 1620 tamen
1638 1577 1756 1617 cum
1795 1563 1892 1617 hoc
1936 1561 2122 1617 ultimo
2157 1562 2202 1616 is
2249 1578 2396 1634 quem
2431 1561 2716 1616 naturalem
2755 1561 2809 1616 in
2850 1563 2945 1618 hoc
2980 1563 3112 1620 libro
3149 1567 3338 1621 vocitat
3370 1607 3389 1637 ,
3433 1584 3558 1624 con-

233 1670 498 1742 funditur.

159 1749 166 1758 ’
310 1765 477 1821 Porro
503 1775 559 1820 ut
584 1764 723 1818 idem
741 1769 943 1832 tempus
963 1775 1024 1814 ac
1054 1756 1200 1814 libris
1230 1756 1298 1812 de
1325 1755 1660 1822 Abraliamo,
1693 1767 1875 1826 ιιειιιρε
1903 1769 2097 1809 annum
2129 1753 2330 1808 circiter
2359 1752 2468 1812 587,
2496 1753 2616 1808 huic
2645 1753 2838 1824 scripto
2864 1753 3187 1824 assignemus
3215 1797 3231 1822 ,
3262 1757 3388 1828 facit
3426 1773 3544 1812 cum

225 1861 440 1917 illorum
472 1859 603 1913 inter
625 1873 679 1912 se
707 1854 993 1919 connectio,
1028 1863 1138 1908 tum
1166 1854 1332 1923 ipsum
1356 1850 1614 1906 Ambrosii
1646 1851 1993 1905 testiinonium
2020 1849 2157 1921 quod
2188 1849 2335 1904 initio
2361 1847 2480 1904 libri
2509 1849 2578 1905 de
2599 1848 2826 1920 Ioseph,
2852 1851 2985 1905 sicut
3014 1860 3061 1906 et
3100 1851 3218 1907 libri
3245 1851 3314 1908 de
3348 1851 3549 1926 Myste-

226 1953 348 2019 riis,
395 1967 542 2019 quem
573 1951 783 2022 ἀμεσῶς
830 1955 944 2018 post
988 1946 1157 2017 ipsum
1185 1944 1521 2008 elucubravit,
1568 1945 1884 2016 reperimus;
1914 1945 2016 1997 imo
2062 1957 2182 1998 vero
2232 1942 2506 1998 obscurum
2541 1960 2642 1998 non
2672 1954 2747 1999 est
2775 1955 3009 1999 sanctum
3033 1944 3319 2002 Prazsulem
3347 1947 3417 2002 ad
3441 1963 3555 2004 eos-

226 2050 341 2104 dem
368 2063 495 2119 quos
512 2047 564 2102 in
596 2063 751 2119 Opere
771 2043 1021 2118 superiori
1037 2043 1413 2115 alloquebatur,
1439 2042 1491 2096 in
1519 2041 1617 2097 hoc
1642 2043 1794 2096 etiam
1820 2042 1972 2097 verba
2000 2044 2173 2112 facere
2201 2056 2221 2096 :
2253 2049 2305 2093 at
2326 2041 2556 2094 revocari
2578 2040 2631 2094 in
2658 2039 2868 2094 dubium
2898 2049 3061 2113 potest
3087 2053 3260 2096 utrum
3279 2053 3396 2097 ante
3417 2048 3549 2115 festa

227 2139 489 2212 paschalis
513 2138 568 2192 id
597 2137 840 2204 evenerit,
867 2154 934 2191 an
972 2146 1167 2207 postea.
1200 2135 1378 2207 Ipsius
1407 2135 1614 2204 quidem
1640 2134 1956 2208 scriptionis,
1988 2135 2042 2188 in
2066 2151 2168 2206 qna
2197 2133 2260 2188 de
2287 2134 2514 2205 spiritali
2544 2135 2792 2207 confugio
2817 2150 2916 2206 quo
2946 2134 3078 2190 nihil
3103 2133 3253 2192 habet
3280 2142 3547 2211 perfectis-

225 2231 475 2286 siinorum
504 2227 920 2285 Christianorum
948 2229 1052 2283 vita
1079 2227 1370 2294 sublimius,
1406 2229 1621 2282 materia
1652 2229 1851 2284 videtur
1879 2228 2100 2282 indicari
2121 2228 2221 2282 ista
2241 2243 2343 2281 non
2382 2227 2634 2298 pertinere
2653 2229 2720 2282 ad
2747 2229 3169 2296 catechumenos,
3213 2238 3390 2299 utpote
3431 2235 3548 2303 qui-

226 2325 322 2379 bus
350 2334 488 2378 certa
517 2324 762 2395 mysteria
812 2322 1134 2394 tegebantur,
1169 2323 1296 2395 ipsis
1327 2322 1657 2393 postmodum
1679 2325 1795 2394 jam
1824 2321 2132 2393 baptismate
2159 2321 2376 2375 initiatis
2424 2321 2720 2376 revelanda.
2757 2321 2817 2376 Si
2849 2332 3018 2377 tamen
3048 2340 3113 2378 ea:
3159 2326 3341 2396 primis
3380 2327 3545 2381 verbis

225 2417 345 2472 libri
367 2416 436 2472 de
465 2415 736 2488 Mystei'iis
758 2414 855 2470 hac
876 2414 939 2469 de
968 2431 1023 2469 re
1050 2423 1276 2469 statuere
1301 2431 1392 2468 nos
1420 2425 1674 2485 aporteat,
1734 2415 2010 2468 dicendum
2057 2415 2158 2469 erit
2203 2429 2288 2470 eos
2311 2415 2592 2470 etiamnum
2629 2416 2769 2469 intra
2797 2418 3280 2473 catechumenorum
3307 2420 3545 2475 ordinem

223 2514 505 2579 exstitisse,
538 2511 606 2567 ad
632 2528 759 2584 quos
802 2527 1087 2567 sermonem
1132 2509 1345 2565 habebat
1377 2508 1694 2564 Ambrosius.
1727 2507 1793 2562 Et
1847 2510 1942 2564 hoc
1985 2511 2096 2577 ipse
2124 2512 2303 2582 forsan
2349 2509 2537 2574 innuit,
2581 2509 2668 2563 ubi
2713 2511 2886 2566 dicit:
2930 2510 3089 2568 Venit
3118 2513 3340 2584 pascha,
3398 2514 3554 2569 venit

222 2610 476 2664 remissio
533 2618 880 2680 peccatorum
907 2649 922 2674 ,
970 2618 1076 2662 etc.
1110 2608 1131 2680 (
1157 2606 1288 2678 Cap.
1319 2623 1372 2662 IV
1399 2649 1413 2674 ,
1441 2624 1584 2661 num.
1632 2607 1705 2662 35
1735 2608 1776 2679 ).
1807 2604 1936 2663 Cum
1984 2619 2157 2664 autem
2194 2611 2310 2680 jam
2358 2608 2439 2662 illi
2485 2609 2539 2662 in
2579 2611 2973 2681 competentiam
3003 2626 3273 2666 numerum
3317 2612 3370 2665 in
3399 2625 3551 2681 quem

223 2722 329 2759 non
351 2704 453 2758 nisi
483 2715 693 2759 exeunte
719 2704 1115 2775 quadragesima
1155 2703 1557 2758 admittebantur
1581 2747 1596 2773 ,
1623 2715 1788 2758 essent
1813 2707 1984 2762 allecti
2012 2749 2027 2774 ,
2080 2709 2288 2764 minime
2329 2707 2578 2763 dubitavit
2599 2717 2810 2764 sanctus
2839 2711 3063 2766 Antistes
3104 2711 3158 2765 in
3183 2710 3452 2784 procinctu
3478 2711 3550 2765 ad

226 2799 533 2868 baptismum
563 2799 740 2870 positis
761 2814 923 2853 sacrte
949 2799 1103 2870 hujus
1130 2798 1509 2869 conjunctionis
1533 2800 1802 2870 mysteria,
1818 2811 1865 2856 et
1885 2803 2081 2873 gradus
2106 2803 2288 2874 quibus
2307 2804 2378 2858 ad
2404 2821 2516 2860 eam
2535 2806 2875 2879 pervenirent,
2899 2806 3184 2862 declarare.

525 3067 1602 3260 SANCTI
1808 3075 3178 3245 AMBROSI!

1395 3327 1978 3415 MEDIOLANENSIS
2043 3333 2374 3418 EPISCOPI

874 3493 1144 3636 DE
1232 3492 1827 3645 ISAAC
1907 3499 2154 3642 ET
2238 3463 2894 3650 ANIMA

1499 3741 1829 3819 LIBER
1909 3745 2253 3825 UNUS.“

226 2951 3534 2978 Μ

1288 3907 2464 3948 Μ.

652 4028 813 4104 355
838 4027 1067 4085 CAPUT
1105 4023 1392 4082 PRIMUM.

221 4123 620 4184 Commendatur
641 4137 846 4180 sanctus
873 4119 1028 4177 Isaac
1078 4131 1183 4176 tam
1228 4136 1290 4175 ex
1311 4128 1527 4192 paterna
1550 4118 1746 4190 origine
1771 4125 1819 4172 et

289 4221 481 4295 gratia,
529 4236 684 4286 quam
728 4236 792 4274 ea:
824 4215 1108 4272 Dominica:
1149 4214 1490 4288 generationis
1520 4222 1565 4267 et
1623 4211 1820 4277 passio-

292 4315 371 4368 nis
394 4311 836 4384 prw/iguratione,
862 4327 924 4364 ac
947 4308 1245 4380 mysterium
1268 4307 1399 4361 inter
1427 4303 1688 4360 Christum
1731 4319 1820 4374 per

289 4407 446 4462 Isaac
493 4405 838 4478 designatum,
895 4413 941 4459 et
987 4402 1213 4458 animam
1263 4407 1682 4472 reprazsentatam
1728 4414 1819 4470 per

290 4500 575 4555 Rebeccam
606 4500 862 4571 aperitur.

291 4593 343 4647 i.
390 4592 444 4647 In
473 4603 625 4662 patre
672 4591 828 4646 nobis
875 4589 1046 4645 sancti
1078 4585 1224 4644 Isaac
1255 4587 1338 4642 vel
1367 4587 1518 4660 origo
1547 4585 1678 4643 satis
1732 4596 1817 4643 est

217 4700 502 4758 expressa,
534 4683 614 4740 vel
646 4684 818 4755 gratia
852 4702 864 4738 :
893 4679 922 4722 ι)
955 4682 1040 4739 cui
1069 4679 1135 4736 ad
1167 4698 1380 4737 omnem
1414 4681 1680 4738 redundat
1701 4683 1817 4752 glo-

1850 4021 1904 4083 Α
1932 4021 2184 4092 impleret
2212 4025 2564 4082 sacrificium.
2592 4027 2779 4098 Itaque
2821 4032 2941 4103 ipso
2970 4032 3190 4090 nomine
3217 4033 3443 4107 ligurem
3473 4049 3529 4095 et

1925 4117 2152 4188 gratiam
2195 4119 2391 4190 signat,
2436 4115 2586 4179 Isaac
2616 4125 2816 4180 etenim
2860 4127 3000 4182 risus
3029 4126 3222 4186 Latine
3249 4129 3527 4201 signiﬁca-

1925 4219 2037 4277 tur,
2095 4211 2235 4268 risus
2277 4222 2458 4270 autem
2512 4213 2726 4287 insigne
2765 4218 2969 4275 laetitia:
3007 4231 3110 4276 est.
3158 4221 3290 4292 Quis
3345 4235 3525 4282 autem

1925 4299 2139 4375 ignorat
2165 4306 2308 4376 quod
2356 4307 2402 4363 is
2434 4309 2816 4368 universorum
2848 4311 3032 4370 laetitia
3079 4317 3167 4377 sit.
3199 4316 3290 4388 qui
3334 4320 3527 4376 mortis

1925 4395 2295 4453 formidolosa:
2326 4400 2411 4454 vel
2435 4415 2638 4471 pavore
2664 4419 3002 4475 compresso,
3021 4409 3104 4464 vel
3134 4424 3368 4466 mturare
3399 4409 3528 4466 sub-

1923 4489 2067 4560 lato,
2091 4489 2263 4547 lactus
2292 4493 2546 4549 omnibus
2574 4503 2658 4550 est
2696 4498 2949 4554 remissio
2994 4511 3339 4571 peccatorum
3363 4503 3388 4558 ι
3414 4499 3523 4559 Ita-

1921 4599 2028 4654 que
2058 4583 2147 4640 ille
2172 4587 2576 4655 nominabatur,
2601 4597 2656 4643 et
2682 4588 2785 4646 iste
2808 4589 3196 4664 designabatur
3230 4611 3244 4648 :
3287 4593 3377 4651 ille
3423 4605 3523 4652 ex-

1921 4680 2258 4751 primebatur
2286 4725 2301 4750 ,
2336 4694 2390 4738 et
2453 4683 2554 4740 iste
2616 4688 3056 4746 annuntiabatur.
3095 4689 3215 4760 Ipse
3243 4703 3326 4748 est
3355 4701 3519 4764 quem

218 4777 381 4843 riam,
412 4773 556 4848 quod
588 4785 736 4831 tanta
755 4786 807 4830 et
838 4785 942 4830 tam
975 4775 1223 4830 imitabili
1255 4776 1373 4830 viro
1401 4783 1556 4830 natus
1585 4774 1816 4830 Abrahae
1915 4775 2028 4845 jam
2076 4785 2204 4830 tunc
2245 4776 2674 4846 persequebatur
2717 4777 2912 4835 ancilla
2957 4795 2972 4835 :
3008 4782 3122 4852 ipse
3174 4795 3256 4840 est
3297 4793 3519 4855 propter

218 4873 357 4944 patri
383 4873 663 4940 prmuinm
697 4871 815 4925 fuit.
849 4869 1038 4940 Neque
1068 4885 1196 4926 vero
1220 4869 1350 4924 illud
1397 4869 1668 4936 mirabile,
1691 4883 1813 4924 cum
1917 4886 2076 4941 quem
2123 4875 2233 4940 jam
2283 4879 2412 4927 tunc
2461 4871 2784 4929 dicebatur:
2834 4875 3050 4948 Expelle
3088 4879 3334 4933 ancillam
3366 4893 3514 4943 ;non

218 4963 271 5020 in
301 4979 366 5020 eo
388 4961 687 5019 Dominica‘.
717 4963 1089 5033 generationis
1106 4972 1160 5018 et
1190 4961 1455 5033 passionis
1476 4961 1642 5031 ﬁgura
1675 4975 1813 5032 prm-
1845 4967 1890 5026 B
1919 4965 2053 5018 enim
2079 4967 2242 5018 lneres
2273 4965 2367 5017 erit
2395 4964 2540 5034 filius
2561 4965 2765 5021 ancillte
2783 4981 2900 5021 eum
2914 4969 3023 5036 ﬁlio
3044 4983 3155 5022 meo
3181 4967 3334 5023 Isaac
3357 4968 3513 5042 (Gen.

215 5056 465 5114 cesserit.
518 5055 798 5128 Siquidem
842 5067 897 5112 et
937 5057 1144 5112 sterilis
1178 5071 1313 5111 auus
1347 5070 1413 5110 ex
1453 5053 1812 5125 prmniSsione

215 5153 312 5207 Dei
355 5153 566 5224 peperit
595 5168 762 5217 eum;
818 5163 874 5208 ιιι
903 5155 1252 5209 crederemus
1303 5151 1444 5224 quod
1491 5160 1682 5222 potens
1727 5159 1814 5207 est

218 5243 365 5300 Deus
394 5243 596 5314 facere,
627 5254 688 5301 ut
717 5255 904 5317 passet
931 5255 984 5302 et
1016 5249 1168 5320 virgo
1198 5261 1480 5319 generare,
1513 5257 1567 5301 et
1595 5245 1811 5304 oblatus

219 5340 410 5394 unicus
432 5339 498 5394 ad
523 5339 910 5398 immolandum
938 5381 952 5408 ,
981 5344 1073 5414 qui
1123 5353 1176 5400 et
1205 5340 1342 5415 patri
1376 5358 1480 5398 non
1511 5343 1731 5414 periret,
1757 5351 1812 5399 et

293 5488 318 5516 ο
352 5478 599 5549 Scriptus
623 5480 754 5534 circ.
778 5497 904 5536 ann.
931 5481 1056 5538 387.

291 5550 316 5588 ι)
363 5550 460 5604 llic
492 5565 620 5604 mss.
651 5563 704 5606 et
734 5553 864 5606 edit.
898 5561 1002 5607 vet.
1033 5555 1172 5608 inter
1193 5569 1250 5610 se
1287 5552 1636 5609 consentiunt
1663 5596 1676 5617 ,
1711 5553 1814 5608 nisi

258 5622 361 5676 nod
397 5621 759 5696 illorum_tres
783 5637 878 5696 pro
897 5627 1057 5678 sancti
1087 5623 1243 5696 Isaac
1272 5625 1353 5680 vel
1377 5627 1520 5696 origo
1544 5626 1690 5690 satis,
1723 5627 1816 5678 ha-

259 5702 376 5757 ent,
409 5705 592 5765 sancto
625 5693 774 5747 Isaac
802 5695 878 5748 vel
920 5699 1063 5765 origo
1089 5695 1303 5763 salutis;
1329 5708 1382 5752 et
1411 5693 1498 5750 ubi
1529 5712 1656 5751 mss.
1699 5711 1817 5751 om-

220 5779 358 5833 nes,
392 5767 476 5819 cni
507 5764 575 5820 ad
609 5781 832 5830 omnem,
884 5764 1015 5831 etc.,
1062 5766 1194 5821 edit.
1227 5770 1522 5836 pra'l'erunt
1547 5809 1560 5832 ,
1603 5785 1716 5821 cuin
1747 5768 1816 5820 ad

221 5852 444 5898 omnem.
607 5837 831 5910 primum
855 5837 982 5908 fuit;
1018 5836 1174 5895 Rom.
1201 5854 1330 5897 vero
1359 5847 1528 5897 totum
1553 5840 1727 5896 locum
1745 5840 1816 5896 ita

1921 5074 2034 5125 xxi,
2055 5057 2162 5128 10).
2184 5059 2301 5129 Ipse
2315 5060 2493 5114 estcui
2513 5063 3030 5132 pateralieuigenam
3050 5061 3214 5136 356
3237 5061 3520 5135 acquisivit

1918 5168 2199 5224 Sponsam.
2234 5153 2352 5223 Ipse
2380 5166 2463 5211 est
2488 5155 2655 5218 mitis,
2688 5156 2938 5219 humilis,
2965 5165 3126 5226 atque
3176 5166 3516 5224 mansuetus,

1918 5247 2009 5319 qui
2037 5246 2290 5303 veniente
2311 5247 2578 5312 Rebecca,
2615 5247 2719 5302 hoc
2756 5259 2860 5311 est,
2879 5247 3159 5319 patientia,
3195 5259 3218 5288 ο
3253 5248 3422 5304 exivit
3462 5250 3516 5306 in

1919 5359 2170 5416 campum
2198 5342 2525 5398 abalienare.
2557 5341 2830 5413 Sapientis
2860 5341 3003 5397 enim
3034 5347 3120 5396 est
3140 5355 3426 5412 segregare
3457 5351 3517 5399 se

1923 5480 2324 5538 Consarcinavit
2356 5495 2370 5534 :
2407 5479 2472 5532 In
2530 5486 2676 5544 patre
2733 5477 2993 5532 Abraham
3042 5476 3206 5532 sancti
3243 5475 3396 5532 Isaac
3442 5481 3521 5534 vel

1925 5555 2070 5626 origo
2100 5551 2225 5606 satis
2256 5563 2326 5606 est
2360 5549 2511 5626 nobis
2527 5563 2771 5626 capressa
2793 5548 2917 5626 ,Avel
2937 5548 3104 5620 gratia
3134 5564 3151 5626 ς
3177 5562 3300 5626 cum
3316 5548 3385 5604 ad
3404 5565 3516 5604 om-

1923 5620 2178 5680 nein......
2206 5633 2250 5677 et
2303 5634 2404 5675 tam
2436 5620 2729 5674 iniinitabili
2776 5621 2884 5692 viro
2931 5630 3091 5692 natus;
3127 5622 3236 5692 ipse
3281 5622 3334 5673 in
3379 5635 3518 5692 pra:-

1923 5699 2081 5750 mium
2135 5695 2290 5766 fuerit
2323 5709 2338 5747 :
2369 5707 2460 5745 nec
2511 5708 2616 5744 non
2664 5700 2710 5744 et
2750 5689 2883 5745 illud
2922 5701 2995 5746 est
3021 5689 3256 5747 mirabile
3289 5689 3430 5762 quod
3462 5692 3519 5750 in

1924 5777 2140 5898 eo’c
2168 5847 2303 5894 mss.
2330 5843 2383 5892 et
2402 5831 2538 5891 edit.
2569 5847 2765 5892 omnes
2793 5842 2906 5893 ant.
2931 5833 3001 5892 At
3021 5833 3136 5894 sola
3159 5831 3346 5909 Rom.,
3369 5835 3522 5893 exivit
