4082 6370
585 293 697 352 505

1945 279 2188 339 SANCTI
2225 277 2554 338 AMBROSII

3821 271 3928 330 504

583 424 616 464 a
640 407 1024 478 voluptatibus
1055 403 1256 468 carnis,
1285 403 1500 458 elevare
1521 399 1782 466 animam,
1811 405 1976 468 atque
2001 411 2033 451 a
2060 409 2186 452 cor-
2215 411 2270 472 Α
2293 395 2440 454 aliud
2475 395 2882 454 vestimentum.
2915 397 3170 470 Legimus
3199 397 3250 454 in
3287 397 3478 454 \‘eteri
3501 396 3886 452 Testamento
3917 413 3930 452 :

591 517 732 573 pore
750 501 1056 564 abducere;
1091 499 1194 554 hoc
1221 509 1303 552 est
1327 497 1470 552 enim
1499 511 1558 552 se
1577 495 1850 550 hominem
1865 507 2186 566 agnoscere.

600 595 706 666 Qui
722 593 1100 650 Chaldaeorum
1123 606 1378 648 sermone
1395 591 1540 646 Eoos
1561 591 1784 656 dicitur,
1809 591 1976 644 latine
1997 588 2186 648 homo.

596 690 746 744 Euos
796 699 974 742 autem
1037 687 1128 756 qui
1185 685 1480 756 assumpsit
1531 695 1584 740 et
1641 684 1882 754 speravit
1936 683 2192 739 invocare

597 783 766 836 Deum
793 797 806 846 ;
841 791 894 836 et
915 779 1038 836 ideo
1067 777 1309 834 creditur
1337 793 1462 834 esse
1501 777 1812 831 translatus.
1839 773 1954 830 Non
1981 774 2191 830 videtur

593 875 778 945 itaque
801 875 962 928 homo
989 887 1132 938 esse,
1165 873 1268 927 nisi
1297 871 1390 942 qui
1417 873 1468 925 in
1497 871 1670 925 Dauni
1721 879 1925 939 sperat.
1959 868 2064 935 Qui
2089 883 2188 923 au-

595 977 699 1021 tem
723 965 978 1034 speratiu
1005 973 1028 1000 α
1063 965 1253 1029 Deum,
1287 979 1395 1018 nou
1423 963 1622 1032 degere
1645 961 1695 1015 in
1723 961 1904 1022 terris,
1927 960 2021 1014 sed
2037 959 2190 1030 quasi

593 1061 886 1115 translatus‘
918 1059 1201 1114 adhtercre
1231 1058 1364 1124 Deo,
1389 1055 1674 1112 manifesta
1705 1055 1820 1110 veri
1869 1053 2192 1124 interpreta-

595 1156 739 1210 tione
771 1157 1034 1224 signatur.

657 1251 714 1302 ti.
749 1249 930 1302 Bonus
955 1247 1120 1318 igitur
1151 1245 1300 1301 Isaac
1327 1259 1514 1312 verus,
1557 1253 1740 1314 utpote
1767 1243 1955 1312 plenus
1977 1243 2186 1314 gratiae,

589 1349 640 1394 ct
693 1340 812 1394 fons
845 1341 1070 1396 lmtitia'.
1113 1340 1194 1394 Ad
1223 1355 1382 1409 quem
1415 1340 1615 1393 fontem
1648 1339 1892 1392 veniebat
1923 1338 2184 1404 llebcCCa,

593 1449 648 1488 ut
681 1435 934 1503 impleret
959 1432 1206 1505 liydriatn
1227 1447 1384 1502 aqua.
1415 1431 1714 1484 Diciteuim
1743 1429 2044 1499 Scriptura,
2065 1429 2188 1499 quia

589 1529 904 1582 descendens
937 1527 1003 1579 ad
1035 1525 1510 1596 fontem,'implevit
1549 1524 1807 1594 hydriam,
1860 1532 1904 1576 et
1961 1523 2192 1576 ascendit

593 1622 748 1692 (Gen.
773 1637 926 1686 xxiv,
959 1621 1070 1692 16).
1103 1619 1396 1675 Descendit
1425 1617 1605 1688 itaque
1643 1617 1712 1672 ad
1759 1616 2040 1688 sapientiae
2073 1615 2190 1670 ion-

594 1723 700 1767 tetn
735 1717 814 1768 vel
843 1713 1104 1778 Ecclesia,
1133 1713 1220 1768 vel
1249 1713 1426 1766 anima
1454 1753 1468 1778 ,
1521 1721 1574 1766 ut
1605 1721 1774 1766 totum
1815 1727 1908 1764 vas
1937 1709 2188 1780 impleret

2299 489 2486 547 Omnes
2541 493 2729 548 anitmz
2773 509 2890 564 qua:
2917 493 3294 548 descenderunt
3319 495 3374 548 in
3415 491 3738 568 Egyptian
3767 493 3926 562 (Gen.

2295 601 2444 652 xLVt,
2503 587 2619 657 26),
2659 586 2726 642 de
2777 587 3088 644 hominibus
3119 587 3342 642 dictum.
3401 587 3476 644 Et
3523 587 3662 643 alibi
3709 587 3926 644 dierum

2293 690 2378 736 est
2407 697 2420 734 :
2457 679 2578 734 Non
2611 681 2924 748 permanebit
2951 683 3168 752 spiritus
3187 699 3330 737 meus
3361 685 3414 737 in
3443 682 3768 736 hominibus
3791 685 3924 750 istis,

2293 777 2536 844 quoniam
2567 792 2746 831 carnes
2773 785 2890 830 sunt
2913 775 3066 850 (Gen.
3111 793 3184 844 vt,
3221 779 3300 847 5).
3335 779 3412 832 De
3453 778 3744 834 alterutro
3793 795 3924 850 emo

2295 869 2516 938 legitur,
2549 871 2674 940 quia
2709 870 2870 924 homo
2898 871 3098 925 dicitur
3125 881 3178 924 et
3208 871 3274 924 de
3319 871 3502 926 anima
3531 881 3586 925 et
3613 871 3688 926 de
3727 885 3918 926 carne.

2293 963 2398 1020 Sed
2431 966 2518 1019 illa
2549 965 2806 1020 discretio
2857 974 2964 1031 est,
2999 965 3142 1036 quod
3177 963 3268 1018 ubi
3311 965 3494 1019 anima
3529 979 3636 1036 pro
3685 965 3920 1024 homine

2297 1061 2536 1132 ponitur,
2583 1059 2846 1114 Hebraeus
2902 1059 3242 1130 signiﬁcatur
3287 1059 3401 1114 Deo
3443 1057 3780 1124 ath'rCIIS,
3811 1077 3912 1114 non

2293 1153 2532 1221 Corpori,
2569 1163 2726 1208 utest
2749 1151 2884 1207 illud
2915 1153 3140 1206 :Anima
3166 1153 3434 1206 benedicta
3463 1153 3640 1205 omnis
3687 1153 3914 1222 simple:

2293 1229 2482 1316 (Prov.
2511 1261 2586 1310 ιι,
2609 1245 2726 1316 20).
2753 1245 2854 1300 Ubi
2879 1253 3060 1300 autem
3083 1261 3210 1300 caro
3239 1261 3335 1316 pro
3361 1247 3588 1300 homine
3623 1260 3910 1316 nuncupa-

2295 1350 2404 1406 tur,
2451 1351 2702 1411 peccator
2741 1342 3088 1408 exprimitur,
3129 1351 3186 1394 ut
3215 1351 3300 1395 est
3351 1339 3520 1395 illud:
3565 1337 3690 1410 Ego
3741 1353 3910 1392 autent

2295 1433 2520 1486 carnalis
2563 1449 2696 1499 sunt,
2749 1433 3086 1486 venumdatus
3133 1433 3226 1486 sub
3277 1445 3520 1502 peccato;
3571 1434 3722 1502 quod
3781 1435 3906 1486 enim

2295 1543 2500 1600 aperor,
2543 1543 2644 1582 non
2671 1545 2940 1600 cognosco.
2969 1527 3090 1582 Non
3133 1530 3266 1582 enim
3295 1531 3433 1600 quod
3463 1530 3604 1592 uolo,
3641 1547 3748 1601 ago
3777 1547 3796 1584 :
3823 1533 3906 1584 sed

2293 1621 2432 1690 quod
2472 1620 2580 1684 odi,
2611 1620 2744 1674 illud
2791 1619 3130 1692 facio(Rorn.
3165 1637 3260 1684 \‘ll,
3295 1621 3360 1675 M
3391 1633 3440 1677 et
3497 1620 3617 1693 15).
3655 1622 3776 1677 lloc
3801 1625 3900 1692 jam

2295 1711 2568 1782 posterius
2620 1723 2674 1767 et
2727 1714 2794 1768 de
2847 1721 3096 1783 utroque.
3129 1713 3286 1768 Altus
3315 1722 3398 1768 est
3439 1714 3591 1770 enim
3627 1715 3722 1785 qui
3775 1717 3898 1770 ru‘t.

589 1823 768 1872 suum,
802 1817 856 1862 et
889 1807 1133 1862 hauriret
1159 1819 1306 1876 pura:
1357 1805 1638 1874 sapientize
1681 1803 2022 1874 disciplinas,
2053 1817 2188 1874 quas
2221 1822 2268 1882 Β
2295 1805 2434 1862 alius
2463 1817 2486 1844 ο
2519 1809 2608 1876 qui
2639 1807 2772 1872 odit,
2805 1807 2944 1862 alius
2973 1808 3064 1878 qui
3089 1807 3236 1862 facit.
3266 1807 3508 1878 Denique
3553 1807 3774 1860 addidit
3805 1825 3818 1862 :
3847 1809 3898 1860 Si

589 1899 804 1954 haurire
824 1899 994 1954 ,Ιυάίεὶ
1025 1899 1096 1955 de
1130 1899 1276 1954 fonte
1307 1897 1518 1969 proﬂuo
1561 1897 1876 1952 uoluerunt.
1927 1895 2060 1964 Quis
2087 1897 2190 1950 iste

591 1993 712 2048 fons
767 1993 872 2060 sit,
923 1993 1050 2048 audi
1099 1993 1407 2070 dicentem:
1441 1990 1526 2046 Me
1579 1992 1964 2062 dereliquerunt
1995 1991 2190 2060 [autem

589 2103 742 2162 aqum
765 2087 892 2140 viva:
931 2084 1106 2158 (Hier.
1135 2102 1195 2152 tt,
1235 2085 1470 2157 l5).'Ad
1521 2086 1664 2140 hunc
1697 2089 1898 2140 I'outem
1932 2084 2192 2140 currebat

589 2178 780 2234 sitiens
823 2181 1002 2234 anima
1053 2179 1441 2250 prophetartuu
1473 2221 1486 2242 ,
1541 2179 1685 2234 sicut
1713 2189 1766 2232 et
1799 2178 1967 2232 David
2007 2178 2139 2235 dicit
2173 2198 2184 2234 :

587 2277 764 2332 Siliuit
793 2277 968 2330 anima
1007 2293 1120 2330 mea
1147 2277 1216 2330 ad
1261 2275 1434 2330 Deum
1487 2277 1656 2330 vivum
1711 2274 1831 2348 (Ps.
1857 2291 1965 2334 xu.
1997 2277 2094 2346 5);
2131 2286 2192 2332 ut

587 2371 732 2424 sitim
763 2386 916 2424 suam
947 2371 1196 2426 ubertate
1245 2369 1444 2425 lellliP
1473 2369 1802 2440 cogmtionis
1839 2370 2110 2439 expleret,
2137 2381 2192 2424 et

589 2465 912 2534 insipientia:
969 2467 1290 2536 sanguinem
1343 2465 1705 2535 spiritualium
1735 2465 1906 2534 rigatu
1960 2463 2190 2518 dilueret

588 2559 936 2613 ﬂuentorum.
971 2559 1067 2612 llic
1095 2570 1182 2614 est
1205 2559 1350 2614 enim
1382 2557 1562 2612 ﬂuxus
1607 2559 1884 2628 sanguinis
1909 2601 1924 2626 ,
1956 2560 2095 2616 sicut
2119 2559 2192 2614 si-

589 2653 810 2724 gnificat
851 2653 936 2708 lex
969 2651 1154 2724 (Leuit.
1202 2669 1294 2719 xx,
1327 2653 1440 2724 18).
1470 2655 1560 2724 qui
1589 2639 1940 2724 deoperitur',
1973 2655 2191 2726 quando

591 2749 671 2803 vir
703 2747 914 2804 sedenti
941 2749 994 2802 iu
1017 2749 1208 2804 diebus
1231 2752 1508 2820 sanguinis
1533 2751 1614 2806 sui
1665 2753 1880 2808 mulieri
1907 2755 2186 2809 miscetur.

597 2841 787 2896 Mulier
807 2855 888 2896 ρει
906 2841 1194 2897 delectatio
1213 2843 1460 2912 corporis
1482 2855 1534 2898 et
1550 2845 1837 2900 illecebrm.
1853 2846 2038 2917 itaque
2059 2863 2190 2903 cave

597 2951 664 2989 ne
685 2935 846 3004 .vigor
869 2935 1070 2991 mentis
1092 2947 1192 2990 tuae
1209 2937 1354 2991 coitu
1371 2937 1601 3008 quodam
1617 2939 1778 3012 357
1793 2955 2071 3010 corporum
2097 2957 2190 2996 vo-

593 3028 818 3098 luptatis
841 3027 1072 3084 iullexus
1111 3029 1446 3098 emolliatur,
1477 3039 1638 3100 atque
1671 3035 1722 3087 in
1753 3033 1870 3104 ejus
1908 3035 2189 3104 amplexus

587 3125 764 3176 omnis
808 3123 1114 3178 resolvatur
1139 3165 1154 3190 ,
1181 3133 1234 3179 et
1259 3123 1464 3182 fontem
1493 3125 1610 3196 ejus
1639 3127 1883 3197 aperiat,
1911 3129 2000 3198 qui
2027 3129 2190 3186 debet

589 3231 711 3272 esse
735 3217 952 3272 clausus
980 3225 1036 3273 et
1063 3227 1248 3290 septus
1277 3219 1592 3275 intentionis
1614 3221 1794 3276 studio
1814 3264 1828 3286 ,
1859 3233 1914 3276 et
1941 3223 2190 3279 conside-

589 3311 798 3364 ratione
827 3310 1054 3365 rationis
1084 3327 1098 3376 ;
1129 3309 1323 3366 Hortus
1352 3313 1496 3367 enim
1525 3312 1732 3366 clausus
1757 3355 1770 3378 ,
1805 3318 1920 3383 fons
1951 3319 2188 3388 signatus

593 3402 766 3474 (Cant.
793 3419 866 3470 tv,
903 3403 1012 3475 12).
1031 3405 1270 3474 Namque
1302 3407 1498 3462 mentis
1519 3407 1705 3478 vigore
1731 3408 1993 3472 resoluto,
2019 3408 2046 3447 δ
2064 3425 2188 3466 sen-

591 3510 688 3550 sus
717 3511 776 3550 se
802 3497 1105 3566 corporalis
1149 3497 1526 3553 delectationis
1553 3498 1857 3576 ell'undunt,
1893 3501 2188 3569 perniciosi

591 3590 774 3658 nimis,
801 3599 853 3644 ct
883 3591 933 3644 iu
957 3592 1320 3660 appetemiam
1356 3593 1568 3662 plenam
1597 3596 1776 3662 gravis
1799 3596 2024 3664 periculi
2065 3611 2187 3666 pro-

589 3693 809 3741 rueutes
846 3699 1036 3752 :quos,
1065 3685 1108 3737 si
1133 3685 1336 3738 mentis
1353 3685 1544 3740 vivida:
1575 3685 1918 3742 considerata
1949 3687 2186 3744 mansis-

591 3791 670 3836 set
701 3777 970 3846 custodia,
995 3777 1344 3836 refrenasset.
2161 3781 2166 3786 '

1221 3911 1450 3974 CAPUT
1487 3917 1552 3973 ll.

593 4031 731 4099 Quid
760 4033 825 4087 sit
857 4033 1030 4100 horno,
1056 4043 1104 4088 et
1132 4033 1186 4088 in
1213 4051 1318 4104 qua
1347 4037 1672 4108 potissimum
1715 4023 1861 4110 parte
1900 4041 2185 4108 consistat;

658 4125 886 4194 qualisve
912 4127 976 4180 sit
1021 4127 1198 4181 anima
1239 4131 1350 4200 ejus
1380 4139 1480 4182 tam
1507 4131 1788 4184 sacrandum
1815 4134 1894 4186 sui
1921 4144 2183 4202 naturam,

657 4235 810 4288 quant
841 4235 930 4288 per
961 4207 1368 4275 irrationabilem
1392 4224 1472 4276 sui
1497 4233 1716 4292 portent,
1741 4242 1842 4295 qua
1869 4225 2086 4281 obnoxia
2127 4229 2186 4298 ﬁt

661 4325 810 4364 corrn
819 4311 1002 4380 ptioni.
2027 4321 2030 4324 ’

581 4489 584 4492 Α
659 4423 714 4476 5.
757 4422 972 4478 Intuere
1029 4426 1212 4495 igitur,
1255 4441 1287 4479 ο
1335 4427 1520 4496 homo,
1545 4430 1636 4499 qui
1661 4431 1759 4495 sis,
1809 4447 1916 4502 quo
1956 4433 2186 4490 salutem

589 4525 758 4582 tuam,
775 4516 1050 4586 vitamque
1070 4520 1292 4574 tuearis.
1313 4519 1450 4586 Quid
1471 4529 1555 4576 est
1576 4523 1754 4594 itaque
1772 4522 1972 4579 homo?
1997 4526 2185 4583 Utrum

2293 1917 2416 1972 ergo
2435 1901 2574 1972 quod
2603 1901 2712 1964 odi,
2740 1903 2834 1954 hoc
2863 1903 3022 1972 facio,
3053 1905 3312 1958 consentio
3344 1903 3464 1974 legi,
3491 1903 3750 1970 quoniam
3777 1903 3896 1956 bona

2295 2009 2386 2052 est.
2441 1995 2596 2050 Nunc
2635 2009 2804 2051 autem
2823 2000 2942 2070 jam
2973 2015 3074 2050 non
3122 2013 3216 2069 ego
3247 1998 3380 2050 illud
3405 2013 3618 2066 operor,
3645 1997 3740 2050 sed
3771 1999 3892 2062 quod

2295 2091 2488 2166 habitat
2515 2093 2572 2144 in
2601 2108 2678 2144 nte
2720 2101 2984 2162 peccatum
3017 2089 3206 2163 (Ibid,
3241 2089 3309 2144 16
3337 2101 3386 2144 et
3431 2090 3543 2158 17).
3575 2089 3722 2144 [llud
3767 2105 3892 2158 quo-

2293 2199 2396 2255 que
2423 2182 2784 2254 expressius:
2829 2182 2982 2237 Video
3025 2183 3186 2254 legem
3227 2183 3398 2236 carnis
3427 2198 3558 2236 inea:
3601 2199 3888 2254 repugnas.

2295 2288 2392 2332 teut
2421 2279 2522 2348 legi
2565 2279 2749 2330 mentis
2771 2293 2918 2342 metu,
2945 2285 2990 2331 et
3011 2278 3346 2348 captivantem
3377 2293 3458 2330 nte
3479 2277 3532 2329 in
3555 2275 3670 2349 lege
3685 2277 3884 2346 peccati.

2295 2372 2488 2440 (lbid.,
2511 2373 2628 2440 23).
2657 2373 2722 2428 Et
2751 2383 2930 2428 tamen
2957 2386 3079 2428 cum
3109 2379 3397 2442 utrumque
3421 2370 3476 2426 in
3499 2385 3562 2426 se
3587 2381 3888 2425 concertan-

2295 2475 2403 2524 tem
2437 2469 2710 2524 llOmillelll
2749 2467 3102 2534 declarasset,
3165 2467 3264 2520 boc
3311 2475 3416 2530 est,
3465 2464 3792 2520 interiorem
3843 2471 3886 2518 ct

2295 2565 2642 2628 exteriorem,
2687 2567 2738 2618 in
2769 2563 2964 2619 anima:
2995 2563 3164 2634 magis
3187 2577 3347 2630 quam
3377 2561 3428 2616 in
3471 2561 3728 2630 Corporis
3753 2569 3884 2628 parte

2293 2674 2354 2714 se
2382 2659 2576 2714 maluit
2621 2661 2976 2724 constituere,
3021 2657 3164 2728 quod
3199 2655 3376 2710 anima
3437 2669 3536 2710 sua
3595 2653 3884 2708 traheretur

2293 2752 2504 2822 captiva
2547 2751 2614 2806 ad
2647 2759 2945 2820 peceatum,
2975 2749 3026 2804 in
3077 2765 3180 2820 qua
3211 2763 3330 2804 esse
3369 2762 3428 2802 se
3459 2747 3672 2810 mallet,
3701 2755 3752 2800 et
3779 2759 3880 2798 esse

2294 2847 2582 2900 continuat
2614 2845 2802 2900 dicens
2833 2861 2850 2902 :
2879 2842 3080 2914 Infelix
3107 2859 3197 2912 ego
3227 2843 3400 2896 homo!
3421 2841 3536 2905 quis
3565 2857 3646 2894 nte
3671 2837 3880 2894 liberabit

2294 2939 2357 2992 de
2379 2955 2592 3007 corpore
2613 2939 2788 2992 mortis
2811 2939 2964 3010 hujus
2991 2935 3178 3009 (Ibid.,
3211 2933 3338 3007 Si)?
3359 2933 3664 3002 Tamquam
3709 2933 3778 2986 ab
3805 2946 3876 2986 et—

2295 3043 2484 3087 traueo
2531 3033 2706 3096 hoste,
2739 3031 2806 3085 ita
2847 3045 2907 3085 se
2951 3029 3228 3086 desiderat
3255 3027 3476 3084 liberari
3506 3043 3538 3082 a
3579 3042 3762 3084 carne.

2367 3125 2421 3180 4.
2463 3123 2582 3179 Νοη
2627 3139 2760 3196 ergo
2787 3125 3007 3194 sanguis
3053 3124 3256 3190 anima,
3287 3123 3412 3194 quia
3439 3122 3626 3178 carnis
3661 3133 3744 3177 est
3775 3136 3874 3176 san-

2217 3238 2262 3302 ρ
2295 3219 2445 3289 guis:
2469 3234 2642 3288 neque
2663 3217 2946 3274 harmonia
2977 3219 3182 3285 anima,
3201 3219 3324 3290 quia
3345 3229 3400 3274 et
3427 3217 3744 3288 hujusmodi
3773 3217 3874 3272 har-

2297 3313 2474 3370 monia
2501 3313 2682 3368 carnis
2705 3322 2824 3368 est:
2847 3327 3022 3382 neque
3045 3327 3140 3368 aer
3161 3311 3362 3376 anima,
3385 3313 3512 3383 quia
3533 3311 3682 3368 aliud
3703 3321 3780 3368 est
3799 3311 3872 3365 lla-

2295 3409 2402 3464 tilis
2431 3409 2674 3476 spiritus,
2699 3407 2842 3462 aliud
2867 3407 3080 3462 anima:
3111 3423 3284 3478 neque
3315 3407 3452 3478 ignis
3473 3417 3560 3462 est
3585 3409 3872 3468 auima,ue«

2293 3519 2398 3574 que
2445 3504 2774 3572 ἐντελέχειαε
2805 3501 2982 3556 anima
3033 3501 3126 3556 sed
3187 3501 3366 3555 anima
3407 3509 3493 3556 est
3521 3503 3742 3566 vivens;
3769 3501 3870 3570 quia

2293 3597 2464 3652 factus
2491 3605 2576 3651 est
2603 3595 2772 3648 Adam
2809 3594 2860 3648 in
2895 3595 3128 3648 animam
3164 3594 3432 3648 viventem
3465 3592 3700 3662 (Gemit,
3727 3595 3868 3664 7);eo

2291 3691 2434 3761 quod
2451 3687 2765 3760 insensibile
2789 3697 2950 3758 atque
2965 3689 3216 3744 exanime
3237 3702 3436 3756 corpus
3457 3688 3638 3741 anima
3665 3686 3868 3740 viviticet

2292 3793 2346 3840 et
2370 3785 2650 3856 gubernet.
2673 3783 2768 3838 Est
2793 3793 2847 3839 et
2877 3783 3218 3854 praestantior
3239 3780 3424 3846 homo,
3439 3779 3508 3835 de
3526 3795 3638 3850 quo
3655 3779 3834 3834 dicitur
3855 3794 3864 3830 :

2293 3877 2560 3948 Spit-italis
2585 3887 2750 3932 autem
2782 3877 3032 3946 dijudicat
3057 3876 3223 3949 358
3249 3875 3421 3928 omnia
3466 3890 3486 3928 :
3527 3873 3638 3944 ipse
3665 3883 3821 3926 autem
3841 3888 3866 3924 a

2291 3971 2493 4025 nemine
2511 3972 2783 4040 judicatur
2813 3971 2858 4043 (ι
2907 3969 3028 4024 Cor.
3083 3969 3275 4036 ιι,15).
3315 3967 3411 4022 llic
3435 3976 3524 4044 est
3550 3965 3867 4036 pra-stantior

2291 4065 2521 4119 ca-teris.
2533 4063 2684 4119 Unde
2701 4073 2756 4119 et
2772 4063 2934 4118 David
2954 4063 3081 4118 dicit
3099 4081 3110 4114 :
3133 4061 3272 4129 Quid
3290 4071 3362 4114 est
3381 4062 3534 4112 Immo
3548 4058 3688 4128 quod
3703 4073 3866 4112 memor

2279 4175 2342 4224 es
2364 4163 2499 4228 ejus,
2537 4169 2625 4212 aut
2650 4159 2788 4226 [ilius
2817 4157 3058 4222 hominis,
3079 4157 3178 4210 nisi
3203 4153 3339 4223 quod
3367 4155 3542 4208 visitas
3571 4170 3688 4208 eum
3717 4151 3863 4222 (Ptol.

2291 4268 2405 4314 vnt.
2431 4251 2586 4322 5)?...
2615 4250 2784 4305 Homo
2810 4250 3019 4304 vanitati
3047 4249 3228 4302 similis
3261 4251 3428 4319 factus
3453 4257 3526 4302 est
3555 4245 3676 4320 (Ps.
3708 4261 3860 4306 cum,

2291 4345 2368 4418 4).
2399 4345 2513 4400 Non
2547 4346 2642 4401 ille
2671 4343 2969 4401 secundum
3003 4345 3292 4414 imaginem
3315 4342 3414 4397 Dei
3441 4343 3608 4396 homo
3637 4341 3866 4396 vanitatis

2293 4447 2378 4494 est
2406 4457 2416 4490 :
2451 4439 2548 4494 sed
2579 4438 2672 4509 qui
2701 4437 2830 4492 illud
2861 4439 3065 4502 amisit,
3095 4446 3148 4490 et
3179 4438 3230 4489 in
3261 4446 3546 4505 peccatum
3583 4435 3794 4496 decidit,
3821 4441 3864 4488 et

2293 4531 2346 4586 in
2369 4529 2668 4586 materialia
2695 4530 2796 4585 ista
2815 4529 3054 4600 dilapsus
3081 4538 3184 4594 est,
3212 4529 3314 4582 iste
3333 4529 3495 4583 homo
3513 4538 3598 4583 est
3620 4529 3862 4582 vanitatis.

584 4610 788 4676 anima,
821 4625 888 4664 an
938 4623 1086 4694 caro,
1135 4629 1202 4668 an
1233 4616 1516 4686 utriusque
1555 4617 1788 4686 Copula?
1838 4619 1998 4673 Aliud
2043 4621 2183 4677 enim
2211 4639 2266 4700 D
2364 4623 2416 4680 5.
2459 4623 2656 4680 Anima
2715 4623 2876 4694 igitur
2922 4623 3222 4678 secundum
3262 4621 3345 4677 sui
3396 4631 3642 4676 ruituram
3688 4621 3862 4691 Optima

585 4705 684 4760 nos
736 4719 948 4772 sumus,
1001 4705 1146 4763 aliud
1179 4715 1436 4788 nostrum
1471 4728 1484 4764 :
1517 4711 1657 4766 alius
1699 4713 1788 4783 qui
1837 4713 2102 4782 induitur,
2130 4725 2185 4772 et

581 4837 900 4920 in_campnr_n
945 4857 998 4894 se
1027 4857 1278 4920 exercere,
1315 4841 1608 4920 ubi
1635 4845 1837 4918 lnterp.
1883 4851 2034 4920 sequi
2079 4867 2178 4906 vo-

585 4913 701 4994 luit.
736 4914 875 4994 apud
899 4913 1048 4994 quod
1067 4914 1573 4994 legas,_ltai_iEﬁ).9§v
1599 4917 1768 4975 Ἰσαὰκ
1786 4913 2177 4994 adulterio-ut.

583 4982 784 5065 yerutn
816 4985 1304 5065 ultitttzte_dictiut_tis
1359 4987 1870 5065 lt)C_(_)l$)’t_ltlllilCllUS
1917 4982 2131 5065 legebat
2161 5038 2176 5064 ,

581 5057 827 5128 λαλῆσαι.
871 5055 1085 5122 Aquila,
1140 5056 1398 5128 ὁμιλῆσαι.
1435 5055 1568 5112 Vide
1598 5061 1862 5116 Nobilium
1895 5055 2174 5121 adveadcui

583 5132 768 5182 verba.
797 5127 1105 5181 ili-alienare
1123 5127 1300 5182 autem
1330 5133 1548 5198 proprie
1576 5142 1658 5185 cst
1687 5133 1926 5190 animum
1957 5153 1986 5190 a
2017 5139 2178 5194 seriis

581 5201 948 5269 gravibusque
969 5201 1398 5270 cogitationibus
1437 5213 1724 5258 avocatum
1755 5207 2002 5262 relaxare
2033 5227 2044 5260 :
2077 5212 2174 5264 sed

579 5269 1142 5348 Ambrosiusreutad
1173 5271 1471 5348 spiritalem
1503 5287 1738 5348 sensum.
1758 5292 1908 5331 more
1932 5292 2030 5332 suo
2056 5279 2173 5348 hic,

577 5354 630 5394 et
655 5343 788 5420 intra
811 5358 860 5398 c.
892 5343 944 5420 5,
971 5343 1034 5420 't_t_.
1063 5343 1115 5408 6,
1149 5344 1466 5420 traducens,
1499 5349 1610 5398 vult
1642 5346 1783 5400 idem
1811 5363 1932 5420 esse.
1959 5363 2120 5420 atque
2146 5343 2175 5406 εἰ

579 5413 724 5466 curis
751 5413 1110 5468 sa-cularibus
1135 5415 1200 5468 ad
1228 5417 1534 5470 cwlestium
1561 5433 1740 5470 rerum
1766 5413 2174 5478 meditationem

573 5494 919 5542 convertere.
954 5484 1089 5540 Vide
1119 5487 1281 5559 etiam
1320 5487 1726 5543 Commentario
1758 5491 1808 5544 in
1840 5495 1976 5559 psal.
2008 5508 2175 5550 cxvttt

577 5566 763 5632 oeten.
795 5561 850 5632 4,
896 5571 1057 5632 versu
1078 5559 1141 5632 5,
1176 5558 1314 5612 sicut
1346 5569 1400 5613 et
1427 5561 1588 5632 epist.
1622 5561 1686 5613 ad
1719 5558 1940 5617 (illrum.
1975 5567 2174 5632 quibus

575 5621 710 5701 locis
733 5629 954 5682 verbum
984 5621 1289 5702 ἀδολε-σχεῖν
1334 5647 1428 5694 per
1461 5621 1732 5686 'Latinum
1760 5621 2075 5690 hallucinnri
2104 5621 2172 5694 ab

580 5705 874 5761 interprete
908 5701 1181 5754 redditum
1200 5701 1395 5757 tradit.
1467 5705 1470 5708 λ
1743 5707 1750 5712 ’

601 5829 612 5841 .
637 5771 677 5848 ξ
703 5765 844 5820 Edit.
874 5767 1036 5848 llum.
1069 5772 1335 5848 in‘Deum,
1363 5774 1528 5848 placet
1563 5773 1694 5848 Deo,
1737 5787 1964 5848 mutatur
1986 5779 2041 5834 in
2070 5796 2174 5834 me-

577 5829 695 5901 lius,
720 5851 811 5892 nec
838 5835 1038 5895 videtur
1068 5829 1373 5913 εἴρξει-ἐμ...
1409 5845 1536 5901 Deo.
1555 5829 1752 5903 ldeo'ct
1775 5829 1959 5906 'Ettoc/t

2293 4727 2376 4774 est
2405 4735 2420 4774 :
2451 4717 2546 4773 sed
2577 4718 2894 4788 plerumque
2927 4713 2953 4752 ά
2997 4731 3092 4787 per
3117 4715 3488 4771 irrationabile
3527 4715 3612 4772 sui
3657 4713 3862 4770 obnoxia

2289 4854 2428 4922 quod
2455 4871 2554 4908 non
2581 4865 2654 4908 est
2679 4856 2932 4918 inuentus,
2958 4855 3078 4924 quia
3093 4855 3356 4910 transtulit
3377 4872 3490 4909 eunt
3519 4854 3660 4910 Deus
3691 4873 3709 4910 :
3747 4855 3862 4926 quod

2286 4927 2562 4998 manifesta
2585 4927 3032 4994 interpretatione,
3063 4937 3170 4980 etc.
3209 4927 3343 4998 Vel.)
3363 4928 3498 4980 edit.
3527 4941 3582 4982 et
3617 4943 3744 4982 mss.
3776 4927 3860 4982 boc

2285 4997 2412 5052 loco
2441 4998 2572 5052 nihil
2604 5001 2944 5065 discrepant,
2979 4999 3082 5052 nisi
3123 4999 3268 5064 quod
3297 4997 3388 5052 ubi
3423 4999 3555 5052 edit.
3585 5010 3634 5051 et
3667 5001 3858 5068 quidam

2284 5083 2418 5122 mss.
2453 5069 2674 5135 habent,
2713 5071 2832 5134 viri,
2861 5069 2914 5123 in
2943 5069 3064 5123 aliis
3095 5069 3339 5139 pluribus
3368 5083 3432 5124 ac
3485 5070 3858 5140 probatioribus

2285 5141 2480 5209 legitur
2513 5141 2636 5194 veri.

2353 5211 2380 5251 ιι
2423 5211 2500 5266 lta
2529 5227 2656 5267 mss.
2685 5213 2867 5282 plures
2899 5212 3262 5282 potioresque.
3297 5211 3420 5266 Vat.
3451 5222 3650 5272 autem.
3671 5213 3852 5268 Theod.

2281 5293 2334 5338 et
2365 5291 2470 5338 vet.
2493 5285 2623 5336 edit.
2637 5327 2650 5350 ,
2671 5301 2823 5338 sensu
2845 5301 2898 5338 se
2917 5284 3214 5353 corporales
3231 5285 3590 5338 delectationes
3611 5283 3854 5352 effundunt

2278 5357 2602 5428 pernicioste.
2639 5396 2691 5428 ,κε
2720 5397 2732 5410 .
2767 5367 3063 5428 pros-uelites
3082 5355 3364 5419 ,"Tltt:0tl.,
3395 5358 3722 5426 pro/luentes.
3757 5357 3850 5408 Vat.

2279 5427 2417 5482 alter
2447 5427 2620 5490 \'a!c.,
2652 5427 2816 5480 Toru.
2841 5443 2904 5481 ac
2933 5427 3093 5482 Rom.
3122 5427 3275 5492 edit.,
3311 5431 3498 5482 sensim
3535 5445 3589 5482 se
3627 5443 3850 5499 corpora-

2281 5499 2376 5564 les,
2408 5506 2543 5570 etc.,
2579 5508 2634 5552 ut
2659 5499 2789 5555 edit.
2816 5501 3071 5570 antiquae.

2358 5582 2378 5641 ς
2421 5569 2552 5624 Mss.
2583 5571 2789 5641 aliquo)
2819 5569 2974 5626 bona:
3005 5586 3217 5638 manus,
3251 5571 3558 5638 aliudquod
3583 5571 3708 5625 odit.

2353 5639 2378 5678 ά
2422 5641 2513 5696 Sic
2543 5639 2689 5696 mss.—
2719 5639 2812 5696 sex
2866 5643 3248 5712 probatissimi,
3289 5659 3410 5696 cum
3455 5643 3584 5696 edit.
3619 5644 3763 5696 llom.
3790 5643 3848 5698 At

2283 5721 2390 5766 vat.
2421 5713 2544 5766 eod.
2575 5713 2698 5784 .loy.
2729 5729 2853 5768 cum
2885 5723 2998 5768 aut.
3031 5715 3190 5779 edit.,
3221 5715 3503 5769 secundum
3543 5715 3848 5768 irrationabi-

2281 5787 2378 5838 Ieut
2411 5785 2492 5844 sui
2519 5797 2747 5854 partem;
2779 5785 2971 5854 Lung.,
2998 5786 3204 5842 Tlteod.
3249 5793 3304 5842 et
3337 5785 3506 5852 Valc.,
3541 5789 3623 5840 sui
3655 5797 3840 5850 insumi.

2284 5857 2490 5916 ltursu's
2517 5855 2708 5912 eodem
2739 5856 2857 5916 loco
2887 5855 2975 5916 ubi
3003 5858 3133 5916 edit.
3165 5858 3286 5915 Am.
3319 5868 3374 5914 ct
3407 5857 3554 5924 Era.,
3594 5857 3662 5910 ad
3685 5859 3844 5920 innue-
