4082 6370
641 281 755 349 ’507

1975 287 2224 348 sanan
2261 287 2584 347 Attenes"
2803 265 2812 271 ’
3883 298 3967 352 sos

652 412 786 468 tiam
820 411 982 487 θα)
1007 420 1150 469 tuam
1179 411 1479 486 diliguntte
1502 412 1695 470 animai
1724 422 2000 470 renovatze
2019 414 2238 486 spiritu.
2267 414 2321 477 Α
2347 414 2403 471 in
2455 414 2548 470 illo
2594 415 2968 483 continuatur,
3009 425 3171 488 atque
3222 429 3295 473 eo
3331 415 3622 485 pascitur.
3676 414 3836 471 Talis
3873 430 3966 471 erat

650 505 808 564 Unde
832 521 884 563 et
913 508 978 564 ad
1004 507 1238 563 animam
1263 507 1458 562 dicitur
1482 525 1496 563 :
1527 507 1875 564 Renoeabitur
1903 511 2034 564 sicut
2053 511 2241 582 aquila

2345 506 2545 565 Paulus
2575 509 2664 580 qui
2695 510 2901 566 sciebat
2928 525 2986 567 se
3012 519 3224 580 raptum
3255 511 3311 567 in
3345 510 3722 582 paradisum:
3754 510 3850 565 sed
3875 513 3964 567 sive

634 601 883 669 juventus
909 608 996 655 tua
1039 598 1158 673 (Ps.
1187 615 1284 668 cn,
1314 600 1392 673 Β).
1417 600 1498 658 Ad
1529 602 1766 657 animam
1796 603 1942 658 enim
1983 604 2242 674 ioqueba-
2343 611 2494 658 extra
2519 619 2718 672 corpus
2749 614 2988 674 raptum,
3014 606 3126 660 sive
3161 606 3212 659 in
3237 620 3513 673 corpore,
3535 603 3854 658 nesciebat.
3882 605 3963 659 As-

645 701 755 760 tur,
783 694 969 750 dicens
995 712 1008 749 :
1043 693 1265 750 Benedic
1291 697 1464 751 animo
1495 713 1608 752 mea
1639 696 1920 752 Dontinum
1944 696 2136 770 (ibid.,
2160 698 2234 768 l).

645 787 712 845 Et
739 788 858 844 ideo
889 788 1110 846 festinat
1139 789 1205 845 ad
1241 788 1493 856 Verbum,
1523 801 1577 846 et
1610 800 1763 862 rogat
1792 799 1852 846 ut
1896 790 2235 860 adtrahatttr,

643 897 712 938 ne
742 882 878 939 forte
905 883 1340 956 derelinquatttr;
1375 885 1498 954 quia
1553 886 1721 939 currit
1751 884 1845 940 Dei
1897 885 2153 948 Verbum,
2185 893 2239 940 et

642 994 749 1035 non
777 988 858 1036 est
884 980 1181 1051 alligatum.
1214 979 1456 1050 Denique
1502 962 1735 1034 exsultat
1784 988 2057 1049 tamquam
2090 980 2238 1050 gigas

639 1076 704 1131 ad
735 1076 1057 1132 currentiam
1092 1074 1260 1132 viant.
1285 1074 1353 1130 Et
1382 1076 1510 1146 quia
1541 1088 1794 1146 egressus
1820 1074 1938 1144 ejus
1967 1089 1994 1126 a
2025 1087 2236 1129 summo

638 1169 870 1234 cteio,et
889 1182 1148 1225 occursus
1171 1169 1290 1238 ejus
1313 1181 1482 1235 usque
1503 1167 1567 1221 ad
1594 1183 1863 1222 summum
1889 1167 2028 1238 ejus,
2049 1168 2234 1223 videns

637 1274 698 1317 se
725 1259 985 1331 imparem
1015 1269 1179 1315 tanta:
1213 1260 1489 1316 velocitati
1520 1259 1650 1315 dicit
1675 1277 1688 1312 :
1715 1261 1926 1314 Ama/te
1951 1277 2062 1314 nos.
2087 1260 2232 1316 Bona

639 1353 842 1418 anima,
873 1368 992 1423 qum
1015 1367 1122 1407 non
1155 1367 1255 1423 pro
1283 1367 1342 1408 se
1371 1352 1508 1416 sola,
1532 1351 1624 1407 sed
1651 1366 1748 1423 pro
1779 1353 2027 1408 omnibus
2054 1364 2229 1425 rogat.

640 1444 878 1508 Attrahe.
917 1444 1109 1518 inquit,
1142 1461 1256 1502 nos.
1282 1445 1554 1501 Habemus
1598 1446 1741 1500 enim
1761 1447 2107 1516 cupiditatem
2141 1461 2229 1502 se-

636 1537 862 1610 quendi,
893 1553 1052 1610 quam
1085 1549 1480 1610 unguentorum
1515 1548 1728 1596 tuorum
1764 1541 1992 1612 inspirat
2012 1540 2179 1612 gratia
2213 1559 2227 1598 :

637 1630 734 1687 sed
764 1632 885 1702 quia
918 1645 1108 1687 cursus
1137 1641 1257 1686 tuos
1285 1647 1502 1702 aequare
1533 1649 1638 1687 non
1672 1649 1979 1702 possumus,
2015 1636 2230 1692 attrahe

637 1737 759 1788 nos,
790 1732 846 1778 ιιι
873 1724 1071 1779 auxilio
1101 1731 1192 1780 tuo
1223 1725 1390 1791 fultae,
1416 1727 1658 1799 vestigiis
1702 1727 1806 1782 tuis
1848 1730 2116 1800 possimus
2149 1731 2229 1785 in-

2343 707 2655 753 surrexerat
2683 698 2828 754 enim
2858 699 3036 754 anima
3065 703 3184 769 eius
3213 698 3283 754 de
3305 713 3584 769 corpore,
3619 706 3677 751 et
3727 712 3790 753 se
3818 711 3848 750 a
3874 699 3960 750 vis-

2339 791 2555 846 ceribus
2585 800 2638 846 et
2680 790 2914 847 vinculis
2962 793 3144 847 carnis
3182 791 3502 847 abduxerat
3534 801 3710 861 atque
3739 791 3959 845 elevare-

2342 893 2457 948 rat;
2513 882 2793 954 factusque
2823 899 2851 939 a
2884 884 3180 955 semetipso
3206 886 3453 950 alienus,
3513 885 3669 938 intra
3719 885 3957 954 semetip.

2341 989 2456 1028 sum
2489 975 2659 1029 tenuit
2689 976 2848 1028 verba
2881 975 3170 1030 itteli‘abilia
3201 991 3321 1046 qua:
3351 975 3601 1036 audivit.
3647 984 3712 1029 et
3756 976 3953 1045 vulgare

2341 1083 2447 1121 non
2483 1067 2684 1136 potuit;
2717 1067 2838 1135 quia
2866 1067 3095 1122 advertit
3127 1083 3190 1122 ea
3215 1069 3360 1137 loqui
3383 1067 3612 1122 homini
3647 1083 3764 1121 non
3796 1067 3949 1122 lit-ere.

2341 1157 2532 1212 Anima
2548 1174 2678 1228 ergo
2696 1158 2835 1213 bona
2859 1160 3158 1214 contemnit
3189 1159 3426 1214 visibilia
3451 1172 3507 1214 et
3534 1161 3859 1224 sensibilis,
3877 1175 3952 1214 nec

2337 1253 2494 1325 361
2519 1253 2769 1307 consistit
2799 1252 2852 1308 itt
2875 1252 3019 1319 eis,b
3040 1267 3137 1308 nec
3164 1253 3216 1307 in
3239 1252 3631 1322 despiciendis
3661 1253 3753 1308 bis
3783 1254 3948 1307 immo-

2339 1358 2492 1401 ratur
2521 1355 2576 1400 et
2598 1347 2837 1402 residet:
2870 1346 2963 1402 sed
2987 1346 3231 1403 ascendit
3262 1346 3329 1401 ad
3359 1347 3450 1401 illa
3487 1356 3713 1402 mterna
3745 1357 3803 1402 et
3841 1348 3946 1402 imi-

2335 1439 2536 1507 sibiiia,
2571 1453 2622 1497 et
2654 1443 2811 1512 pleua
2842 1442 3136 1507 miraculis,
3171 1457 3309 1512 puro
3336 1457 3507 1497 sensu
3541 1457 3612 1498 se
3637 1444 3749 1510 pia.-
3777 1448 3943 1498 mentis

2334 1533 2607 1590 attollens.
2666 1536 2875 1590 iitenim
2925 1535 3240 1606 perfectioni
3293 1535 3548 1600 studens,
3611 1539 3802 1592 solum
3841 1540 3939 1593 illul

2333 1626 2534 1682 bonum
2571 1628 2876 1684 Divinitatis
2922 1629 3175 1697 intendit,
3202 1645 3304 1685 nec
3329 1630 3474 1685 aliud
3519 1631 3836 1704 quidquam
3877 1651 3937 1688 re

2333 1719 2653 1790 qnireudum
2680 1730 2865 1792 putat;
2897 1722 3023 1792 quia
3048 1731 3196 1778 tenet
3223 1724 3366 1793 quod
3406 1737 3699 1778 summum
3733 1733 3838 1780 est.
3859 1724 3936 1779 ita-

637 1816 854 1872 sistere.
889 1816 945 1874 Si
988 1818 1132 1874 enim
1166 1828 1219 1874 tu
1268 1822 1578 1884 attraxeris.
1609 1837 1894 1894 currentus
1925 1833 1981 1880 et
2027 1841 2146 1888 nos,
2178 1838 2224 1884 et

2336 1828 2440 1884 que
2487 1814 2566 1868 vir
2594 1813 2925 1883 hujnsmodi,
2958 1815 3009 1870 itt
3062 1829 3172 1886 quo
3212 1823 3296 1871 est
3321 1815 3526 1872 anima:
3570 1817 3930 1887 pulchritudo,

631 1911 897 1981 spiritalia
920 1912 1220 1970 velocitatis
1247 1913 1414 1970 ﬂabra
1435 1916 1730 1983 capiemus.
1759 1917 2060 1989 Deponitur
2084 1921 2228 1978 enim

634 2005 847 2060 sarcina
881 2006 1075 2078 quibus
1099 2022 1291 2062 manus
1324 2016 1408 2064 tua
1443 2007 1616 2065 fulcro
1645 2020 1750 2077 est,
1781 2021 1836 2066 et
1866 2011 2042 2068 oleum
2080 2024 2228 2071 tuum

631 2096 956 2164 infunditur,
987 2115 1094 2171 quo
1124 2110 1345 2156 curatus
1369 2113 1451 2158 est
1484 2104 1572 2158 ille
1595 2104 1684 2174 qui
1713 2119 1742 2159 a
1774 2105 2078 2162 latronibus
2111 2109 2227 2164 vul-

628 2201 850 2246 neratus
878 2201 982 2247 est.
1009 2193 1086 2248 Ac
1117 2209 1185 2250 ne
1211 2193 1504 2264 impudens
1537 2196 1629 2250 tibi
1661 2196 1906 2253 videatur
1933 2199 2074 2270 quod
2107 2201 2184 2255 ait
2213 2218 2226 2255 :

626 2282 856 2338 Adtrahe
884 2301 998 2348 nos,
1027 2285 1150 2340 audi
1181 2286 1456 2343 dicentem
1483 2305 1496 2342 :
1533 2286 1712 2342 Venite
1741 2291 1809 2344 ad
1837 2308 1916 2344 me
1941 2308 2115 2348 omnes
2143 2295 2228 2364 qui

627 2377 894 2444 laboratis,
921 2389 971 2432 et
1003 2380 1200 2434 onerati
1212 2381 1352 2446 estis,
1371 2390 1418 2433 et
1443 2397 1535 2454 ego
1549 2396 1634 2435 vos
1655 2383 1886 2452 reﬁciam
1914 2383 2128 2457 (Matth.
2152 2402 2226 2453 at,

627 2467 744 2538 28).
768 2469 933 2526 Vides
981 2471 1123 2540 quod
1168 2471 1402 2527 libenter
1431 2488 1531 2539 nos
1561 2475 1819 2541 attrahat,
1855 2492 1923 2532 ne
1949 2494 2229 2534 remanea-

631 2576 752 2615 mus
799 2573 1114 2632 sequentes.
1171 2563 1278 2620 Sed
1325 2565 1415 2635 qui
1461 2567 1574 2621 vult
1617 2569 1840 2636 attrahi,
1887 2583 2070 2626 currat
2111 2580 2136 2608 ⁸
2171 2583 2228 2628 ttt

627 2654 1096 2722 comprehendat:
1129 2665 1184 2712 et
1227 2666 1413 2712 currat
1461 2660 1740 2728 superiora
1791 2663 2140 2730 obliviscens,
2173 2673 2227 2721 et

628 2759 692 2800 ea
718 2761 838 2815 qua!
863 2755 991 2801 sunt
1023 2749 1204 2816 priora
1234 2758 1527 2820 appetens;
1559 2753 1637 2808 sic
1665 2753 1809 2808 enim
1840 2756 2038 2824 poterit
2069 2756 2227 2812 Chri-

629 2846 772 2894 stum
803 2841 1291 2911 comprehendere.
1345 2843 1497 2900 Unde
1543 2855 1595 2901 et
1650 2848 1943 2918 Apostolus
1989 2850 2100 2905 ait:
2135 2850 2226 2907 Sic

625 2936 837 3000 currite,
871 2946 928 2990 ut
955 2953 1128 2992 omnes
1156 2939 1600 3012 compreltendatis
1628 2940 1675 3016 (1
1699 2940 1816 2997 Cor.
1848 2959 1924 3011 ιι,
1959 2942 2074 3012 94).
2102 2944 2227 3002 Vult

629 3041 682 3086 et
712 3031 810 3085 ista
837 3031 902 3086 ad
934 3031 1176 3087 bravittm
1203 3035 1508 3105 pervenire,
1531 3049 1650 3106 qua:
1675 3036 1951 3093 desiderat
1976 3052 2224 3110 compre-

628 3125 884 3182 hendere.
928 3126 1232 3184 Prudenter
1275 3143 1406 3201 ergo
1449 3138 1605 3200 rogat
1641 3139 1700 3185 ut
1727 3131 2067 3189 attrahatur:
2099 3133 2221 3204 quia

2335 1907 2484 1962 solus
2510 1907 2610 1961 sibi
2633 1907 2892 1974 abundat,
2926 1908 3049 1978 quia
3083 1910 3196 1979 ipse
3223 1909 3329 1964 sibi
3353 1917 3438 1964 est
3462 1910 3630 1964 satis.
3657 1909 3777 1966 Nec
3815 1913 3929 1967 solus

2334 1997 2624 2068 aliquando
2650 2009 2752 2062 est.
2788 2001 2872 2055 cui
2906 2001 3104 2070 prtesul
3130 2001 3390 2056 Dominus
3422 2002 3615 2058 adest.

2409 2092 2492 2146 i2.
2526 2093 2768 2162 Denique
2802 2094 2854 2148 in
2882 2093 3015 2148 illud
3039 2093 3205 2148 divini
3239 2095 3388 2149 illius
3417 2096 3748 2151 introducta
3783 2112 3926 2152 secre

2335 2195 2445 2241 lttttt
2473 2203 2487 2240 :
2521 2186 2853 2242 Exsulletttus
2873 2231 2885 2255 ,
2923 2186 3118 2257 inquit,
3142 2198 3190 2241 et
3216 2187 3452 2242 latemur
3477 2189 3534 2242 in
3563 2199 3642 2254 te,
3677 2201 3728 2242 et
3769 2193 3925 2261 diliga-

2332 2298 2444 2335 mus
2466 2281 2618 2337 ubera
2648 2291 2736 2335 tua
2762 2297 2913 2352 super
2939 2281 3113 2334 vinum
3141 2279 3317 2351 (Cant.
3365 2298 3408 2348 ι,
3439 2283 3522 2351 5).
3549 2280 3682 2336 Non
3721 2286 3862 2337 enim
3887 2285 3922 2335 in

2331 2374 2552 2442 divitiis,
2584 2385 2638 2431 et
2667 2376 2782 2430 auri
2814 2375 3138 2445 argentique
3165 2373 3461 2438 thesauris,
3497 2390 3614 2429 non
3655 2375 3713 2430 in
3742 2392 3922 2447 posses-

2330 2468 2542 2524 sionum
2575 2470 2836 2525 fructibus
2858 2510 2872 2534 ,
2906 2485 3012 2524 non
3049 2469 3101 2524 in
3136 2468 3500 2536 potestatibus
3522 2510 3539 2535 ,
3571 2485 3694 2524 non
3730 2471 3784 2524 itt
3819 2485 3919 2525 eoa-

2330 2562 2508 2628 viviis,
2543 2564 2636 2618 sed
2674 2572 2696 2601 ο
2733 2565 2785 2617 in
2817 2562 2938 2617 solo
2972 2562 3081 2616 Deo
3105 2561 3286 2630 justus
3314 2560 3581 2615 exsultat.

2405 2658 2492 2713 l3.
2526 2657 2725 2712 Eadem
2767 2667 2946 2712 tamen
2975 2655 3151 2710 anima
3183 2671 3536 2726 cognoscens
3582 2671 3651 2712 se
3703 2661 3911 2727 corporis

2328 2752 2590 2808 societate
2615 2743 2896 2818 ittscatain,
2926 2749 3058 2805 dicit
3089 2749 3156 2805 ad
3182 2750 3317 2804 alias
3348 2749 3590 2816 animas,
3629 2752 3720 2807 vel
3743 2752 3807 2806 ad
3831 2754 3911 2807 iile

2330 2849 2582 2904 cmlestes
2623 2857 2679 2902 et
2708 2846 2980 2917 appositas
3031 2859 3188 2900 sacro
3241 2845 3554 2899 ministerio
3599 2854 3908 2916 potestates:

2330 2942 2509 2997 Nolite
2529 2943 2759 3012 aspicere
2803 2957 2882 2994 me
2909 2940 3050 3012 quod
3084 2939 3356 3010 obfuscata
3382 2956 3537 3005 sum;
3564 2942 3817 3008 quoniam
3843 2956 3909 2991 se!

2329 3046 2402 3092 est
2422 3037 2639 3091 intuitus
2661 3051 2741 3089 me
2770 3035 2868 3089 sol.
2907 3032 3032 3088 Filii
3070 3035 3248 3087 matris
3292 3049 3419 3088 mea:
3457 3045 3822 3105 pugnaverunt
3845 3034 3906 3084 sd-

2328 3147 2530 3186 versum
2553 3147 2632 3184 me
2653 3127 2840 3201 (lbid.,
2869 3127 2952 3200 5),
2969 3127 3070 3183 ltoc
3086 3135 3190 3195 est,
3217 3129 3690 3198 impugnaverunt
3722 3145 3804 3183 me
3823 3143 3905 3181 cor-

622 3235 731 3274 nou
762 3235 956 3276 omnes
1005 3223 1157 3291 sequi
1205 3232 1452 3292 possunt.
1500 3223 1739 3294 Denique
1773 3223 1939 3280 Petro
1979 3225 2179 3282 dicenti
2207 3245 2219 3280 :
2249 3227 2295 3292 C
2329 3224 2473 3294 poris
2501 3223 2807 3293 passiones,
2836 3219 3017 3276 carnis
3045 3219 3316 3276 illecebrae
3358 3220 3790 3288 eoioraverunt;
3820 3220 3904 3275 ideo

627 3312 744 3377 Quo
771 3313 1282 3385 vadisiiiespondit
1326 3314 1560 3371 Verbum
1607 3317 1740 3372 Dei:
1793 3316 1916 3372 Non
1946 3328 2092 3387 potes
2141 3336 2224 3374 me

621 3406 762 3474 sequi
809 3406 982 3472 modo,
1027 3409 1247 3478 sequeris
1294 3419 1465 3462 autent
1507 3419 1683 3480 postea
1715 3407 1896 3482 (lauit.
1940 3427 2058 3477 xm,
2103 3412 2216 3483 66).

627 3497 820 3554 Claves
849 3499 900 3555 ei
931 3502 1280 3556 commiserat
1309 3504 1456 3573 regni
1505 3504 1790 3571 cosiorum,
1837 3514 1892 3561 et
1943 3507 2222 3578 sequendo

627 3609 688 3648 se
719 3593 978 3664 imparem
1002 3594 1282 3664 judicavit.
1315 3595 1467 3652 Hanc
1489 3606 1672 3654 tamen
1705 3599 1939 3654 animam
1968 3613 2074 3656 non
2113 3600 2220 3656 disc

623 3686 780 3754 tttlit;
821 3687 944 3760 quia
969 3702 1074 3744 non
1107 3689 1490 3760 praesumebat,
1519 3691 1618 3748 sed
1648 3692 1894 3764 rogabat.

1234 3869 1466 3928 CAPUT
1505 3870 1594 3928 iV.

621 3999 980 4060 Inlroducitur
1025 4004 1077 4060 itt
1123 4005 1416 4077 cubiculum
1449 4007 1604 4081 Regis
1634 4013 1861 4084 perfecta
1898 4013 2092 4070 anima.
2127 4014 2224 4071 Cui

691 4099 922 4169 corporis
952 4115 1005 4153 se
1027 4105 1333 4173 contagione
1353 4107 1609 4174 fuscatant
1637 4106 1893 4176 querenti,
1922 4117 1975 4161 ut
2004 4124 2058 4162 se
2102 4125 2221 4181 ceg-

699 4201 900 4256 noscat,
945 4204 1109 4258 exeat,
1145 4203 1250 4249 etc.
1284 4192 1518 4249 Christus
1551 4198 1805 4267 prwcipit.
1838 4197 2032 4253 Eadem
2080 4217 2223 4272 equa:

699 4279 999 4339 Solomonis
1047 4298 1396 4352 comparatur.
1453 4289 1536 4342 Ad
1566 4289 1675 4344 Ittvc
1723 4293 1863 4358 putei
1911 4310 2039 4362 quos
2089 4295 2220 4365 [odit

697 4370 870 4442 Isaac,
902 4375 1025 4444 quid
1054 4379 1387 4451 signiﬁcent?
1415 4379 1484 4434 Et
1505 4398 1604 4452 quo
1631 4394 1780 4454 pacto
1813 4384 2014 4439 demum
2066 4385 2217 4441 Chri-

691 4478 799 4522 stus
827 4481 1091 4524 revocatus
1112 4471 1175 4526 ab
1205 4473 1402 4540 anima,
1426 4472 1620 4528 saliens
1643 4475 1841 4546 redeat,
1876 4493 1967 4532 nec
1990 4494 2090 4533 non
2120 4480 2221 4550 ipsi

691 4560 1102 4619 adblandiatur?

694 4707 782 4764 Η.
815 4707 1088 4767 Secundus
1125 4712 1311 4768 anima:
1340 4732 1710 4787 processus.-—-
1727 4720 1967 4793 Denique
1991 4723 2100 4778 ait:
2128 4723 2221 4778 ln-

621 4800 855 4856 troduxit
881 4813 960 4857 me
984 4819 1077 4859 rem
1103 4805 1154 4860 in
1183 4805 1473 4862 cubiculum
1499 4826 1648 4864 suum
1679 4811 1851 4884 (Cant.
1883 4830 1922 4881 ι,
1945 4815 2026 4885 ὅ).
2057 4816 2216 4871 Beata

616 4895 817 4960 anima,
867 4911 988 4966 qua:
1033 4897 1193 4954 Verbi
1225 4899 1525 4970 ingreditur
1566 4907 1884 4974 penetralia.
1915 4907 2211 4981 insurgens

617 5001 852 5060 namque
879 4989 948 5046 de
969 5005 1201 5061 corpore
1243 4994 1310 5048 ab
1333 4997 1583 5052 omnibus
1613 4997 1668 5052 iit
1690 5002 1954 5056 remotior
1983 5017 2104 5070 qua:
2131 5005 2212 5058 in—

616 5090 696 5139 tra
722 5093 896 5141 semet
938 5087 1111 5158 ipsam
1157 5089 1398 5143 divinum
1427 5089 1557 5144 illttd
1598 5092 1642 5148 si
1669 5109 1775 5164 quo
1810 5094 1971 5151 modo
1997 5097 2212 5167 assequi

594 5179 809 5250 possit,
843 5188 1117 5236 scrutatur
1139 5189 1194 5237 et
1222 5183 1434 5254 quaerit.
1457 5183 1609 5252 Quod
1636 5201 1759 5241 cum
1798 5192 2038 5257 potuerit
2065 5205 2212 5247 com-

612 5271 976 5341 prehendere,
1024 5288 1089 5329 ea
1124 5290 1245 5347 qua:
1292 5286 1417 5331 sunt
1445 5277 1802 5349 intelligibilia
1833 5295 2207 5353 supergressa,

687 5421 710 5448 θ’
753 5414 894 5492 Edit.
931 5431 994 5471 ac
1021 5414 1176 5486 pauci
1201 5431 1359 5484 mss.,
1391 5426 1446 5470 ut
1473 5417 1956 5492 comprehendatis;
1981 5421 2067 5476 alii
2092 5419 2210 5492 pitt-

610 5497 699 5559 res
721 5488 1090 5559 potioresque,
1114 5499 1168 5542 ut
1189 5505 1362 5542 omnes
1384 5489 1848 5559 comprehendatis.

685 5555 712 5594 ι)
748 5557 891 5631 Edit.
922 5559 1078 5613 Rom.
1115 5569 1169 5613 et
1200 5559 1386 5626 primm
1407 5562 1475 5615 ab
1500 5555 1599 5614 illa
1632 5560 1804 5616 Paris.
1832 5579 1924 5616 nec
1953 5565 2004 5616 in
2034 5566 2206 5631 suspi-

613 5625 827 5707 ciendis.
861 5631 1098 5700 Reliquze
1129 5625 1250 5686 cum
1275 5646 1409 5686 mss.
1443 5633 1718 5707 monibus,
1743 5649 1835 5686 nec
1849 5634 1901 5687 in
1919 5625 2204 5706 despicien-

615 5695 734 5778 die;
758 5695 1198 5778 exceptotamen
1227 5720 1333 5778 uno
1375 5703 1495 5778 cod.
1530 5695 1728 5778 Valeil'l
1760 5721 1894 5774 quo,
1927 5695 2209 5777 nec'inspi-

617 5766 836 5848 ciendis.
868 5766 973 5825 Sed
997 5774 1048 5826 itt
1069 5783 1284 5843 recepta
1308 5775 1536 5848 lectione
1561 5777 1690 5832 nihil
1711 5766 2057 5845 mutandum,
2089 5766 2208 5834 cum

623 5841 906 5914 despicere,
933 5857 1039 5900 non
1069 5841 1284 5916 Semper
1312 5846 1455 5904 idem
1481 5848 1553 5904 sit
1581 5864 1645 5907 ac
1683 5841 2156 5921 contemnere,scd
2181 5866 2212 5909 a

2325 3319 2454 3374 mihi
2477 3317 2798 3389 soijustitire
2833 3331 2939 3372 non
2969 3315 3185 3370 refulsit
3213 3333 3226 3370 :
3259 3329 3368 3385 quo
3398 3313 3625 3369 viduata
3668 3314 3901 3385 praesidio,

2322 3411 2670 3468 devotionem
2705 3425 2904 3474 meam,
2934 3421 2986 3464 et
3015 3408 3420 3464 observantiam
3455 3409 3685 3478 plenam
3727 3423 3904 3464 servare

2324 3523 2430 3562 non
2465 3508 2644 3576 potui;
2681 3507 2783 3560 hoc
2809 3514 2893 3560 est
2916 3505 3101 3559 enim:
3137 3503 3354 3558 Vineam
3393 3520 3570 3558 meam
3623 3520 3734 3559 non
3773 3514 3904 3558 custo-

2323 3600 2427 3654 divi
2471 3599 2687 3670 (lbid.),
2720 3598 2842 3670 quia
2874 3599 3058 3670 spinas
3102 3605 3158 3653 et
3195 3611 3303 3652 non
3329 3611 3494 3651 uvam
3526 3597 3718 3664 attuli,
3742 3597 3792 3652 id
3819 3607 3901 3660 est,

2322 3693 2528 3750 iaciens
2551 3704 2775 3759 peccata
2805 3706 2904 3764 pro
2933 3691 3217 3746 fructibus.

2399 3787 2485 3842 14.
2537 3785 2761 3842 Etcum
2808 3785 2876 3842 de
2925 3783 3106 3840 Verbo
3151 3783 3422 3854 loquitur,
3470 3784 3773 3840 irradiante
3824 3782 3901 3838 sibi

2329 3882 2485 3937 Verbi
2519 3881 2812 3952 splendore
2856 3895 3118 3938 conversa
3151 3880 3215 3936 ad
3248 3881 3425 3948 ipsum
3454 3880 3594 3936 dicit
3623 3900 3636 3934 :
3679 3881 3779 3936 Ubi
3816 3896 3902 3947 pas-

2323 3977 2437 4032 cis?
2467 3976 2564 4032 Ubi
2593 3993 2768 4031 manes
2805 3977 2859 4031 in
2889 3975 3181 4032 meridiano
3211 3973 3402 4046 (lbid.,
3427 3976 3532 4042 6)?
3568 3975 3744 4031 Recte
3768 3975 3900 4031 dicit:

2328 4068 2427 4125 Ubi
2455 4070 2662 4142 pascis?
2694 4070 2819 4141 quia
2843 4068 2870 4106 ά
2904 4069 3087 4140 regale
3117 4077 3203 4124 est
3234 4069 3325 4122 Dei
3368 4066 3611 4124 Verbum
3646 4087 3660 4125 :
3697 4068 3795 4125 Ubi
3822 4084 3901 4121 ll-

2324 4179 2452 4228 nes,
2499 4163 2622 4232 quia
2671 4161 2921 4216 morale:
2956 4159 3024 4215 In
3075 4161 3393 4224 meridiano,
3441 4163 3569 4230 quia
3617 4162 3900 4231 mysticum.

2321 4254 2596 4325 Siquidem
2626 4255 2850 4310 meridie
2878 4253 3079 4324 Ioseph
3110 4269 3230 4310 cum
3267 4253 3524 4309 fratribus
3557 4257 3675 4310 suis
3708 4257 3759 4309 itt
3794 4269 3898 4308 cou-

2322 4350 2463 4405 vivio
2491 4351 2825 4405 constitutus
2854 4350 3156 4405 futurorum
3190 4361 3496 4421 temporum
3539 4350 3802 4422 mysteria
3839 4364 3899 4404 re-

2323 4442 2561 4498 veiabat.
2601 4441 2709 4498 Sed
2755 4442 2920 4498 etiam
2970 4442 3134 4497 David
3175 4442 3252 4498 ait
3282 4460 3296 4496 :
3331 4440 3523 4496 Revela
3545 4443 3620 4496 ad
3648 4441 3899 4496 Domitium

2320 4538 2454 4591 viam
2484 4547 2655 4603 luant,
2689 4544 2736 4590 et
2759 4552 2910 4605 spera
2953 4537 3007 4590 itt
3047 4553 3161 4591 eum
3185 4577 3199 4600 ,
3227 4545 3275 4591 et
3303 4536 3412 4608 ipse
3439 4536 3598 4606 faciet
3623 4552 3642 4590 :
3667 4545 3716 4590 et
3752 4536 3901 4590 etiam

2239 4629 2294 4690 1)
2319 4631 2447 4684 sicut
2468 4631 2641 4683 lumen
2654 4629 2912 4699 justitiam
2936 4638 3097 4690 tuam,
3126 4638 3172 4682 et
3192 4627 3455 4702 judicium
3481 4638 3631 4682 tuum
3661 4639 3895 4698 tamquam

2322 4723 2587 4776 meridiem
2629 4719 2801 4792 (Psal.
2839 4735 3025 4785 xaxw,
3073 4719 3154 4792 5).
3188 4720 3252 4775 Et
3291 4721 3406 4790 ipse
3449 4721 3657 4777 Paulus
3701 4725 3901 4778 circum-

2321 4817 2540 4872 iulsisse
2585 4816 2684 4871 sibi
2735 4817 2910 4871 lumen
2970 4813 3199 4870 meridie
3252 4816 3489 4870 asseruit
3548 4818 3692 4887 (Act.
3744 4814 3898 4882 ωδ).

2313 4909 2530 4982 quando
2560 4923 2590 4963 a
2632 4910 3011 4979 persecutione
3066 4918 3153 4964 est
3197 4923 3498 4964 conversus
3553 4911 3622 4965 ad
3673 4912 3896 4980 gratiam.

2314 5002 2573 5071 Queritur
2611 5017 2740 5072 ergo
2771 5003 2912 5072 qttod
2943 5001 3204 5056 derelicta
3233 4983 3350 5063 sita
3380 5002 3527 5070 quod
3559 5003 3817 5058 destituta
3842 5001 3895 5054 sit

2313 5110 2518 5166 pauper
2546 5111 2613 5151 ex
2640 5095 2832 5151 divite.
2883 5095 3211 5150 Abundabat
3254 5095 3400 5151 enim
3453 5111 3684 5152 munere
3728 5097 3900 5167 gratia-

2313 5209 2431 5249 rum
2459 5210 2470 5245 :
2503 5192 2597 5248 sed
2621 5207 2781 5263 egere
2808 5193 2998 5261 otepit,
3022 5190 3110 5245 ubi
3139 5190 3336 5245 divinas
3369 5193 3679 5261 praesentia:
3711 5192 3809 5246 sibi
3828 5204 3899 5244 co-

2316 5286 2402 5356 pia
2435 5285 2700 5356 denegata
2728 5295 2839 5349 est;
2867 5291 2923 5339 et
2951 5282 3072 5337 ideo
3126 5283 3210 5338 vel
3241 5283 3398 5354 quasi
3447 5283 3784 5339 mercenaria
3823 5281 3898 5335 ba-

2313 5423 2558 5493 probatis
2601 5419 2914 5476 auctoribus
2958 5427 3204 5474 sumatur
3246 5419 3410 5475 etiam
3453 5433 3550 5491 pro
3585 5420 3833 5492 dispicere
3854 5427 3898 5472 et

2321 5495 2674 5548 considerare.

2394 5577 2414 5604 ε
2449 5566 2588 5619 Edtt.
2623 5565 2884 5635 paucique
2918 5578 3076 5628 mss.,
3104 5563 3157 5618 in
3183 5563 3295 5618 solo
3313 5560 3420 5617 Deo
3441 5564 3702 5628 exsultat;
3727 5561 3894 5631 reliqui

2320 5635 2632 5705 melitts,....
2659 5638 2829 5705 iustus
2860 5637 3103 5690 exsultat.

2390 5704 2413 5742 ι¹
2447 5708 2581 5760 (lunt
2615 5704 2684 5761 ibi
2715 5708 2919 5761 allndat
2945 5708 3011 5761 ad
3049 5707 3312 5776 triplicem
3342 5705 3640 5777 Scriptum
3665 5720 3892 5768 sensum,

2316 5779 2509 5851 regale,
2527 5779 2664 5833 dixit
2688 5793 2786 5847 pro
2809 5777 3068 5847 naturale,
3087 5781 3210 5851 quia
3235 5777 3410 5836 Verbo
3433 5779 3752 5839 naturaliter
3766 5792 3892 5836 como

2319 5850 2455 5925 petit
2482 5865 2665 5926 regem
2689 5863 2830 5913 esse.
