4082 6370
111 400 234 462 509

1175 401 1266 459 DE
1305 397 1504 457 ISAAC
1545 388 1632 455 ET
1671 393 1882 457 ANIMA
1922 399 2132 457 LIBER
2171 399 2409 459 UNUS.‘

3330 397 3436 455 5l0

119 521 247 578 beri
273 519 540 594 postulat,
566 534 685 590 quat
720 528 847 577 ante
874 518 980 575 sibi
1011 516 1349 590 pretiosiuris
1369 515 1578 588 copulte
1604 527 1728 586 gra-
1758 513 1808 578 Α
1835 513 1965 569 dum
1995 515 2356 586 suscepimus.
2390 513 2565 586 Hujus
2595 527 2748 585 equte
2778 513 2968 571 similis
2994 513 3297 571 (estimatnr
3325 511 3442 572 haec

127 613 274 669 tiam
298 613 633 670 vindicabat.

109 735 112 740 -
204 707 299 764 15.
331 709 429 763 Cui
461 703 742 777 respondit
765 703 1002 761 Verbum
1032 704 1124 759 Dei
1156 717 1169 758 :
1199 701 1319 757 Nisi
1346 716 1625 774 cognoscas
1648 703 1733 765 te“,

123 799 325 855 decora
350 801 482 854 inter
515 800 750 854 mulieres
792 797 965 870 (Cant.
995 811 1034 863 ι,
1063 794 1121 868 7)
1141 811 1158 861 °,
1180 810 1299 866 quae
1325 794 1570 866 quereris
1591 791 1736 865 quod

126 893 328 949 relicta
355 893 456 958 sis,
485 892 588 948 nisi
619 901 669 946 te
697 903 1018 960 cognoscas,
1050 886 1152 943 nisi
1180 897 1230 942 te
1262 886 1518 956 poeniteat
1552 886 1738 955 lapsus

127 991 240 1058 tui,
267 989 370 1045 nisi
400 989 754 1045 intentionem
780 985 1088 1041 devotionis
1141 983 1430 1064 approbes,
1456 981 1561 1036 nisi
1605 979 1740 1035 lldes

129 1093 232 1139 tua
276 1091 332 1138 et
375 1083 659 1138 sinceritas
699 1090 981 1151 augeatur,
1023 1078 1242 1150 querela
1294 1075 1427 1132 nihil
1473 1074 1734 1146 proderit.

131 1176 250 1233 Ant
277 1176 392 1232 sic:
420 1173 536 1231 Νίδί
564 1187 860 1246 cognoscas
889 1182 944 1228 te
982 1174 1108 1244 quia
1140 1170 1337 1227 decora
1363 1184 1448 1236 es,
1482 1168 1584 1224 nisi
1619 1167 1739 1237 pul-

127 1269 500 1327 chritudinem
525 1278 732 1324 natura:
759 1277 866 1323 tute
893 1282 1102 1332 serves,
1127 1277 1180 1322 et
1201 1265 1450 1337 corporis
1477 1273 1529 1320 te
1559 1263 1743 1320 illece-

127 1365 252 1422 bras
276 1381 382 1420 non
413 1363 754 1436 demergunt,
787 1378 890 1420 nec
929 1361 1314 1433 impedimenta
1337 1358 1639 1424 detineant,
1662 1356 1744 1412 ni-

129 1456 209 1513 hil
246 1457 344 1514 tibi
375 1466 401 1496 ι
441 1468 707 1514 creaturae
754 1457 1000 1512 melioris
1048 1454 1303 1510 nobilitas
1329 1451 1739 1524 suli‘ragabitur.

210 1551 304 1606 16.
333 1550 614 1622 Cognosce
646 1551 808 1622 igitur
845 1559 919 1614 te,
951 1556 1008 1605 et
1053 1559 1260 1603 naturae
1308 1555 1412 1602 tua:
1452 1546 1742 1612 decorem,

134 1652 196 1700 et
219 1645 307 1700 esi
330 1643 487 1716 quasi
513 1654 678 1700 exuta
729 1642 958 1697 vinculis
995 1641 1209 1713 pedem,
1240 1650 1293 1696 et
1334 1638 1480 1695 nudo
1527 1643 1742 1694 exserta

136 1736 409 1808 vestigio;
451 1747 510 1792 ut
563 1736 802 1792 carnalia
835 1736 1203 1806 integumenta
1230 1749 1334 1789 non
1367 1732 1571 1788 sentias
1605 1748 1620 1786 :
1652 1745 1745 1786 ve-

135 1833 363 1903 stigium
397 1833 594 1888 mentis
618 1839 721 1886 tua:
749 1831 1050 1902 corporalia
1073 1829 1290 1886 vincula
1315 1828 1478 1903 382
1510 1843 1614 1884 non
1645 1825 1746 1883 im-

1839 609 2017 664 auima
2041 651 2057 677 ,
2092 610 2193 664 hoc
2233 618 2338 677 est,
2372 611 2711 682 prophetica:
2740 609 2823 666 vel
2856 608 3170 682 apostolica:
3197 610 3443 675 virtutis,

1839 703 1983 776 quod
2024 703 2076 758 in
2107 717 2294 759 eorum
2327 711 2719 760 annumeretur
2767 719 2951 775 grege,
2985 706 3075 775 qui
3115 702 3444 758 fecunditate

1841 795 2243 870 praedicationis
2271 809 2383 851 suae
2406 799 2572 852 tutius
2599 797 2745 854 orbis
2767 807 3034 852 terrarum
3066 797 3236 870 spatia
3266 795 3436 853 refer-

1839 899 2055 954 serunt;
2083 896 2138 943 et
2159 888 2404 959 quamvis
2429 887 2483 944 ln
2506 904 2733 959 corpore
2763 890 3059 956 constituti,
3085 891 3230 945 nulla
3261 897 3438 945 tamen

1841 999 2034 1042 cursus
2061 983 2321 1056 spiritalis
2339 999 2561 1039 sensere
2589 983 2888 1054 dispendia.
2922 983 3155 1056 ideoque
3197 984 3445 1039 laudatur

1840 1075 1981 1149 quod
2007 1074 2214 1132 caelesti
2239 1074 2339 1136 sibi
2359 1074 2694 1130 illuminante
2719 1085 3022 1146 praecepto,
3047 1077 3154 1145 jam
3175 1075 3442 1144 speciosa,

1840 1173 1951 1244 jam
1989 1170 2210 1242 pulchra
2235 1171 2328 1237 sit,
2362 1185 2483 1242 qua:
2512 1170 2662 1225 vultu
2705 1168 2954 1241 przrl‘erat
2983 1169 3249 1224 castitatis
3279 1168 3444 1224 deco—

1843 1281 1980 1331 rem,
2008 1273 2066 1320 et
2106 1263 2422 1320 redimicula
2453 1262 2681 1318 cervicis
2715 1262 2948 1330 attollat,
2979 1262 3031 1318 iu
3064 1277 3165 1333 qua
3193 1271 3318 1318 sunt
3347 1278 3444 1333 pa~

1845 1361 2048 1417 tientia!
2070 1367 2124 1415 et
2163 1359 2483 1415 humilitatis
2511 1357 2764 1430 insignia.
2795 1359 2944 1414 Talis
2968 1360 3162 1413 anima:
3187 1359 3448 1430 diligebat

1846 1454 1994 1511 Isaac
2018 1469 2180 1510 verus
2211 1449 2492 1520 decorem,
2546 1454 2908 1509 humilitatem
2941 1495 2954 1520 ,
2997 1453 3350 1524 patientiam;
3395 1465 3447 1510 et

1845 1547 1969 1603 ideo
2000 1555 2184 1618 partus
2209 1545 2326 1618 ejus
2355 1545 2510 1603 avide
2539 1546 2870 1618 requirebat.

1920 1639 2008 1697 i8.
2043 1640 2309 1711 Concepit
2335 1650 2514 1696 autem
2542 1639 2818 1707 Rebecca,
2851 1648 2905 1696 et
2934 1640 3193 1713 patientia
3223 1653 3318 1695 sua
3348 1653 3444 1693 uo-

1847 1734 1974 1790 dum
2003 1733 2304 1792 sterilitatis
2327 1731 2581 1790 absolvit.
2613 1732 2750 1802 Quid
2781 1743 2960 1789 autem
2992 1735 3166 1804 pariat
3201 1730 3439 1805 prephe-

1851 1827 1952 1884 tica
1980 1837 2142 1900 atque
2173 1825 2465 1898 apostolica
2513 1829 2692 1883 anima
2743 1827 3174 1892 consideremus,
3204 1833 3261 1882 et
3309 1841 3446 1898 qno-

137 1925 379 1997 plicent;
406 1932 463 1980 ut
506 1939 602 1995 pes
643 1933 769 1980 tuus
795 1924 1076 1996 speciosus
1097 1933 1374 1996 appareat.
1409 1922 1570 1978 Tales
1595 1924 1738 1977 enim
1770 1926 1818 1989 B
1846 1921 2006 1978 modo
2040 1921 2212 1991 pariat
2246 1933 2260 1976 :
2305 1918 2472 1985 Abiit,
2521 1919 2727 1990 inquit,
2787 1911 3107 1994 interrogare
3167 1917 3446 1973 Dominum

134 2027 272 2076 sunt
299 2019 392 2089 qui
421 2019 488 2075 ad
520 2035 742 2092 regnum
775 2019 1040 2076 cmlorum
1072 2018 1498 2075 annuntiandum
1536 2018 1747 2090 eligun-

139 2121 234 2168 tur
260 2128 288 2167 a
321 2112 571 2178 Domino,
603 2112 672 2168 de
700 2113 896 2182 quibus
933 2112 1138 2168 dictum
1162 2121 1282 2168 est:
1321 2111 1490 2180 Quam
1528 2113 1746 2179 speciosi

139 2207 301 2281 pedes
357 2206 819 2279 euangelizantium
873 2221 1049 2276 pacem
1093 2203 1271 2277 (Esai.
1326 2219 1422 2270 ιιι,
1453 2203 1550 2276 7)!
1600 2203 1749 2260 Talis

139 2299 386 2370 Moyses,
415 2299 503 2355 cui
535 2297 731 2354 dicitur
761 2315 775 2353 :
807 2297 966 2355 Solve
986 2299 1386 2353 calceamentum
1408 2297 1597 2364 pedum
1631 2305 1748 2352 tuo-

140 2408 261 2446 rum
297 2391 496 2463 (Exod.
527 2405 608 2459 ιιι,
636 2389 724 2464 5);
760 2398 819 2446 ut
838 2400 1127 2446 vocaturus
1157 2391 1417 2462 populum
1445 2389 1510 2445 ad
1537 2389 1631 2444 Dei
1661 2405 1747 2444 re-

143 2499 334 2555 gnum,
365 2485 516 2554 prius
545 2483 724 2542 carnis
762 2483 982 2539 exuvias
1008 2482 1332 2554 deponeret,
1365 2489 1421 2538 et
1462 2480 1607 2536 nudo
1637 2480 1748 2550 spi-

145 2579 280 2642 ritu,
313 2577 654 2649 vestigioque
676 2579 872 2632 mentis
895 2577 1192 2634 incederet.
1220 2576 1332 2632 Hoc
1355 2585 1438 2632 est
1456 2587 1584 2648 ergo
1603 2576 1745 2648 quod

145 2670 226 2724 ait
249 2686 264 2726 :
295 2668 397 2724 Exi
423 2679 476 2724 tu
502 2671 558 2724 in
581 2671 836 2724 calcaneis
863 2685 1064 2742 regum,
1089 2680 1138 2725 et
1180 2686 1331 2739 pasce
1361 2669 1535 2724 lttedos
1558 2677 1670 2722 tuos
1693 2669 1747 2723 in

148 2764 494 2820 tabernaculis
543 2773 810 2836 pastorum
859 2763 1036 2837 (Cant.
1067 2779 1106 2831 ι,
1137 2761 1225 2834 7);
1257 2764 1378 2834 quia
1412 2778 1508 2834 per
1555 2776 1749 2833 greges

147 2869 378 2926 regnum
405 2855 779 2924 intelligimus,
813 2870 880 2911 eo
911 2855 1055 2925 quod
1088 2856 1372 2926 pote8tatis
1398 2856 1470 2909 sit
1493 2854 1750 2926 gregibus

150 2947 469 3019 prtesidere.
503 2947 764 3003 Prtesidet
783 2956 963 3003 autem
993 2949 1368 3018 unusquisque
1389 2948 1491 3002 sibi
1517 2948 1749 3016 quadatn

152 3047 421 3112 potestate
447 3040 636 3112 regali,
667 3042 711 3096 si
745 3048 997 3096 coerceat
1028 3040 1081 3095 in
1110 3055 1169 3096 se
1194 3041 1443 3110 corporis
1475 3040 1633 3095 luxus
1656 3083 1669 3107 ,
1699 3052 1754 3095 et

152 3133 402 3190 servituti
437 3133 646 3204 redigat
674 3145 894 3189 carnem
921 3147 1095 3188 suam.
1131 3132 1364 3204 Ideoque
1392 3127 1592 3188 dictum
1623 3141 1705 3188 est
1737 3150 1750 3188 :

153 3227 396 3301 Regnum
429 3227 524 3283 Dei
547 3227 688 3282 intra
727 3243 814 3283 vos
840 3235 915 3282 est
947 3227 1098 3297 (Luc.
1137 3243 1268 3292 svtt,
1295 3227 1411 3300 2i).
1445 3225 1598 3284 Unde
1630 3225 1752 3296 pul-

1848 2013 2008 2088 (Gcn.
2043 2010 2483 2083 xxv,22),quia
2529 2009 2873 2068 exsultabant
2926 2012 3160 2068 infantes
3185 2011 3238 2067 in
3288 2021 3447 2068 utero

1847 2108 1986 2179 ejus.
2021 2105 2090 2162 Et
2119 2121 2442 2178 responsum
2467 2107 2714 2178 accepit:
2749 2104 2882 2162 Dua:
2910 2117 3080 2180 gentes
3107 2107 3159 2161 in
3193 2116 3337 2161 utero
3361 2117 3447 2161 tuo

1847 2211 1977 2259 sunt
2029 2199 2218 2273 (Ibid.,
2246 2200 2376 2275 23);
2405 2217 2471 2257 eo
2513 2201 2656 2273 quod
2703 2199 2834 2256 nihil
2881 2211 3074 2272 sponte
3115 2210 3450 2271 praesumat:

1847 2297 1941 2354 sed
1974 2298 2025 2352 in
2061 2296 2312 2353 omnibus
2358 2309 2628 2352 summum
2688 2296 2854 2352 Deum
2911 2296 3200 2366 praesulem
3263 2303 3449 2366 poscat

1848 2405 2070 2447 suorum
2092 2389 2441 2445 consiliorum
2462 2408 2476 2448 :
2502 2389 2663 2445 simul
2689 2389 2843 2460 plena
2871 2390 3016 2460 pacis
3037 2398 3198 2459 atque
3228 2388 3442 2458 pietatis

1847 2483 1984 2540 duos
2015 2483 2242 2554 populos
2264 2499 2358 2538 sua
2387 2481 2494 2539 llde
2535 2489 2591 2540 et
2620 2479 3008 2554 praedicatione
3036 2491 3355 2550 connectat,
3386 2493 3442 2538 et

1849 2585 2120 2647 tamquam
2151 2585 2307 2631 utero
2328 2591 2426 2632 suo
2455 2575 2693 2632 claudat.

1921 2671 2081 2744 363
2115 2671 2199 2728 l9.
2230 2674 2358 2739 Qua:
2405 2687 2510 2728 non
2571 2673 2841 2728 immerito
2889 2687 3049 2728 soror
3093 2670 3259 2742 magis
3289 2686 3449 2742 quam

1851 2779 1987 2818 uxor
2017 2765 2338 2834 appellatur,
2367 2781 2433 2820 eo
2462 2764 2604 2835 quod
2638 2765 2786 2820 mitis
2815 2771 2978 2831 atque
3012 2764 3235 2836 paciﬁca
3270 2764 3450 2818 anima

1852 2860 2154 2913 communis
2184 2860 2354 2930 magis
2385 2860 2600 2929 pietatis
2629 2875 2788 2928 quam
2822 2860 3078 2930 specialis
3106 2859 3314 2931 copulrc
3349 2875 3445 2914 no-

1853 2963 1976 3004 men
2020 2951 2254 3022 accipiat
2281 2967 2296 3017 ;
2331 2959 2386 3006 et
2426 2955 2554 3022 quia
2583 2949 2850 3006 universis
2879 2949 3049 3022 magis
3079 2967 3238 3024 quam
3268 2951 3355 3006 uni
3391 2966 3450 3006 se

1855 3043 2129 3100 existimet
2154 3043 2464 3114 obligatam.
2531 3029 2536 3034 ’

1928 3138 2019 3192 ιευ.
2054 3135 2209 3192 Fodit
2237 3145 2412 3192 autem
2435 3145 2625 3208 puteos
2641 3137 2819 3202 isaac;
2845 3147 2897 3192 et
2921 3137 3186 3208 plurimos
3213 3133 3452 3209 quidem,

1861 3242 1883 3270 ο
1914 3245 2048 3302 quos
2075 3230 2283 3286 {oderat
2306 3239 2458 3302 pater
2484 3231 2626 3301 ejus,
2679 3239 2734 3286 et
2781 3232 3124 3302 repleverant
3172 3233 3292 3287 illos
3334 3241 3456 3303 post

151 3322 285 3377 chre
310 3319 388 3378 ait
414 3321 480 3376 ad
510 3322 748 3378 animum
776 3336 790 3376 :
823 3319 960 3389 Exi,
997 3321 1047 3376 id
1076 3329 1180 3389 est,
1209 3321 1294 3378 exi
1324 3335 1353 3375 a
1381 3317 1624 3387 servitio,
1667 3322 1751 3376 exi
1780 3325 1825 3391 ρ
1861 3336 2088 3382 mortem
2118 3326 2347 3388 Abi-alim
2380 3329 2568 3396 patriis
2615 3327 2781 3393 illius,
2812 3327 3150 3399 alienigena).
3184 3325 3302 3388 Prze
3340 3344 3451 3384 cm-

154 3431 185 3472 a
207 3417 386 3471 carnis
409 3417 638 3486 imperio
655 3424 816 3486 atque
844 3413 1156 3470 dominatu:
1185 3415 1339 3470 etexi
1360 3429 1463 3468 non
1493 3415 1544 3468 in
1564 3427 1750 3480 carne,

152 3510 249 3566 sed
283 3512 334 3565 in
382 3511 574 3584 spiritu
609 3528 621 3565 :
651 3511 736 3566 exi
781 3508 848 3565 ad
891 3513 1132 3581 regimen
1177 3508 1478 3581 potestatis.
1518 3507 1754 3575 [deaque

154 3602 380 3660 addidit.
414 3602 578 3659 Posce
621 3603 797 3658 htcdos
829 3615 964 3659 tuos.
1002 3603 1147 3673 Rege
1175 3619 1235 3660 ea
1266 3617 1386 3674 qua:
1431 3604 1483 3658 in
1530 3603 1752 3658 sinistra

155 3705 245 3752 tua
273 3706 426 3764 sunt;
459 3713 582 3753 nam
605 3699 650 3754 si
671 3711 777 3753 non
799 3708 1079 3770 regantur,
1104 3688 1262 3756 facile
1286 3699 1557 3755 labuntur.
1587 3697 1754 3754 Coer-

155 3806 217 3844 ce
240 3787 264 3826 ι·
290 3791 640 3860 petulantiam
667 3833 680 3857 ,
708 3791 983 3846 lasciviam
1004 3793 1077 3846 tui
1101 3790 1379 3862 corporis,
1408 3801 1461 3848 et
1484 3791 1752 3846 luxuriam

157 3884 582 3939 irrationabilem
611 3902 624 3940 :
658 3885 849 3940 edoma
889 3886 1039 3941 leves
1067 3896 1267 3949 motus,
1313 3899 1472 3953 pasce
1511 3899 1605 3941 eos
1644 3900 1750 3939 non

157 3977 210 4032 in
237 3979 515 4048 corporeis
542 3977 925 4041 tabernaculis,
953 3977 1051 4033 sed
1092 3977 1145 4032 in
1171 3976 1538 4033 tabernaculis
1574 3982 1756 4046 pastu-

156 4083 300 4130 rum,
327 4069 418 4138 qui
444 4084 632 4140 regere
663 4083 880 4141 gregem
915 4082 1136 4126 norunt.
1164 4070 1304 4127 Sunt
1329 4071 1473 4126 enim
1503 4069 1754 4125 amabilia

157 4161 509 4217 tabernacula
537 4161 703 4218 Israel
734 4163 878 4218 sicut
918 4175 1140 4218 nemora
1169 4161 1546 4217 obumbrantia
1593 4176 1759 4233 super

157 4253 378 4322 ﬂumen,
407 4255 460 4310 in
491 4255 688 4328 quibus
729 4258 910 4313 anima
943 4268 1216 4327 tamquam
1250 4256 1303 4312 in
1331 4256 1612 4328 procinctu
1642 4256 1759 4313 bel-

159 4348 263 4404 lico
287 4348 389 4405 sita
424 4349 618 4406 bonam
658 4360 875 4417 exercet
908 4350 1188 4418 militiam,
1222 4351 1473 4407 incursus
1510 4351 1759 4424 esplorat

159 4441 407 4509 hostiles,
441 4444 654 4500 virtutis
695 4442 881 4501 labore
911 4443 1102 4516 quierit
1147 4444 1550 4511 victoriam;ut
1589 4445 1760 4517 possit

160 4551 310 4606 equa:
339 4536 418 4592 illi
475 4553 596 4610 qua:
643 4535 951 4594 Salomonis
973 4547 1079 4603 est,
1134 4537 1461 4608 comparari,
1490 4538 1646 4594 velox
1689 4537 1758 4594 ad

162 4629 508 4697 currendum,
536 4629 731 4686 habilis
757 4629 824 4686 ad
850 4637 1063 4702 partum
1088 4630 1107 4704 (
1137 4628 1288 4685 Cant.
1315 4643 1354 4694 ι,
1381 4630 1470 4701 8);
1502 4634 1754 4702 quoniam

164 4723 466 4780 fecunditas
495 4726 692 4782 anima:
713 4726 1057 4782 desideratur
1083 4733 1138 4782 et
1163 4726 1442 4798 quaeritur.

236 4818 323 4873 l7.
359 4817 482 4875 llaec
511 4835 638 4892 ergo
682 4833 817 4892 equa
844 4822 1080 4891 pretiosa
1107 4827 1222 4888 est,
1246 4829 1300 4877 et
1326 4835 1518 4876 currus
1547 4820 1757 4877 Pharao

166 4909 404 4978 veloces;
430 4913 569 4983 quod
596 4911 760 4985 aliqui
786 4913 850 4969 ad
885 4913 1179 4984 Ecclesium
1209 4913 1452 4970 referunt
1479 4924 1534 4971 et
1563 4915 1628 4971 ad
1662 4931 1759 4988 po-

167 5004 372 5076 pulum.
406 5003 512 5063 Sed
540 5009 607 5064 de
634 5007 738 5064 hoc
766 4991 1026 5081 mysterio
1046 5007 1173 5064 alibi
1191 5009 1392 5079 smpius
1421 5007 1677 5076 diximus,
1705 5018 1761 5065 et

166 5101 398 5158 maxime
423 5100 474 5156 in
498 5099 714 5157 Psahno
728 5101 1027 5158 centesimo
1046 5109 1239 5158 octavo
1259 5101 1474 5158 decimo
1496 5101 1695 5173 (Serm.
1721 5102 1758 5158 2

166 5197 218 5251 in
265 5193 412 5251 Psol.
461 5195 670 5268 cxvut).
723 5194 836 5252 Hoc
873 5207 1056 5253 autem
1088 5195 1209 5253 loco
1248 5191 1318 5253 de
1349 5195 1532 5251 anima
1565 5195 1754 5253 dicen-

239 5394 267 5423 α
294 5381 496 5439 Omnes
525 5381 655 5436 edit.
704 5395 767 5436 ac
809 5394 941 5434 mss.
985 5382 1261 5445 nonnulli,
1294 5392 1498 5438 naturte
1533 5381 1762 5438 melioris

171 5455 440 5521 nobilitas,
477 5462 582 5509 etc.
618 5453 713 5508 sed
756 5449 946 5523 optimi
987 5451 1184 5524 quique
1227 5455 1443 5527 legunt,
1476 5463 1759 5522 creaturae,

172 5539 273 5585 etc.

241 5618 268 5658 δ
298 5617 426 5674 Mss.
453 5612 572 5685 Βία.
598 5627 650 5671 et
672 5615 826 5678 Ebr..
845 5607 1181 5686 petulantiam
1213 5614 1453 5672 lascivom
1486 5613 1561 5672 tui
1583 5635 1764 5686 corpo-

173 5691 267 5756 ris,
292 5702 337 5746 ει
377 5681 600 5746 luxui-ite
634 5681 1004 5743 irrationabilis
1041 5681 1223 5742 edoma
1249 5689 1379 5743 leves
1408 5703 1601 5746 motus.
1632 5681 1768 5746 Pas-

175 5780 254 5832 ce,
282 5773 387 5818 etc.

248 5890 268 5917 c
301 5879 460 5934 Rom.
493 5877 634 5957 cdit._
662 5891 781 5957 nam
813 5887 941 5946 quos
963 5876 1166 5950 {oderat
1186 5876 1612 5957 Abrahampatq
1635 5885 1771 5957 ejus,

182 5952 542 6012 obstruxerunt
559 5960 604 6008 et
616 5948 1133 6024 impleveruntiterm.
1145 5987 1178 6006 ..
1192 5991 1227 6006 ..
1246 5952 1408 6024 patris
1421 5948 1551 6029 ejus.
1572 5948 1776 6014 Eadem

1859 3421 1988 3476 teris
2016 3430 2191 3476 tamen
2226 3419 2356 3475 lotlit
2379 3419 2478 3476 hos
2505 3429 2721 3492 puteos,
2747 3437 2910 3476 unum
2940 3423 2991 3476 in
3017 3421 3262 3478 convalle
3284 3422 3453 3479 Gera—

1856 3531 1996 3579 rum,
2027 3525 2081 3569 et
2108 3515 2312 3570 invenit
2339 3515 2408 3568 ibi
2435 3525 2652 3586 puteum
2692 3531 2847 3585 aquae
2888 3516 3022 3570 vim
3051 3533 3064 3569 :
3097 3524 3152 3571 et
3185 3514 3334 3570 litem
3376 3516 3452 3570 fe-

1855 3617 2045 3666 cerunt
2077 3619 2320 3681 pastores
2344 3608 2605 3665 Gel-arum
2637 3623 2760 3665 cum
2814 3607 3120 3680 pastoribus
3168 3607 3355 3675 Isaac;
3389 3626 3454 3665 eo

1855 3702 1999 3774 qnod
2023 3717 2216 3774 aquam
2249 3699 2349 3757 sibi
2374 3703 2492 3773 ejus
2533 3699 2678 3774 putei
2727 3703 2880 3772 quasi
2915 3703 3184 3774 propriam
3215 3702 3458 3759 vindica-

1856 3796 2016 3863 bant,
2073 3804 2126 3851 ct
2170 3795 2383 3852 vocavit
2431 3811 2626 3850 nomen
2669 3797 2785 3866 ejus
2833 3795 3178 3865 lnjustitiatn.
3211 3795 3273 3851 Et
3321 3795 3456 3851 l‘odit

1856 3891 2019 3946 alium
2053 3899 2272 3961 puteum
2292 3933 2306 3956 ,
2339 3889 2391 3945 ln
2419 3906 2526 3961 quo
2548 3899 2666 3945 orta
2692 3903 2776 3946 est
2799 3889 3152 3961 disceptatio;
3195 3900 3249 3946 et
3280 3891 3453 3960 impo-

1857 3984 1967 4038 suit
1991 3982 2068 4037 illi
2103 3997 2296 4037 nomen
2326 3979 2660 4036 Inimicitias.
2692 3981 2750 4036 ΕΙ
2802 3980 2935 4036 fodit
2975 3982 3223 4048 tertium,
3256 3982 3307 4035 in
3349 3996 3457 4052 quo

1857 4076 1923 4133 lis
1951 4075 2093 4130 nulla
2119 4076 2259 4130 inter
2282 4085 2532 4145 pastores
2551 4074 2837 4129 commissa
2861 4081 2973 4140 est,
3006 4087 3058 4130 et
3089 4074 3296 4130 vocavit
3325 4091 3446 4131 cmn

1859 4167 2244 4224 Latitudinem.
2277 4164 2302 4204 ἀ
2335 4165 2495 4222 Fodit
2538 4171 2594 4222 et
2647 4175 2862 4237 puteum
2886 4167 3218 4236 Juramenti,
3249 4177 3303 4222 et
3347 4183 3452 4224 non

1860 4261 2064 4316 invenit
2102 4259 2155 4315 in
2200 4267 2266 4316 eo
2296 4273 2522 4332 aquam;
2554 4267 2603 4315 et
2638 4260 2846 4315 vocavit
2877 4275 3000 4318 eum
3035 4267 3253 4332 pttteum
3297 4257 3454 4317 ,ιω-η-

1859 4355 2046 4412 menti.

1931 4447 1992 4504 2i
2011 4491 2022 4503 .
2044 4446 2177 4519 Quis
2195 4447 2310 4504 hate
2333 4448 2537 4520 legens,
2570 4457 2785 4505 terrena
2810 4449 2980 4519 magis
3010 4465 3169 4522 quam
3195 4449 3458 4522 spiritalia

1859 4557 2022 4614 opera
2053 4559 2174 4600 esse
2205 4541 2518 4609 arbitretur,
2551 4543 2692 4614 quod
2741 4543 2824 4599 vel
2868 4543 3136 4599 Abraham
3184 4543 3319 4598 fodit
3357 4559 3459 4613 pn-

1861 4644 2000 4700 teos,
2024 4635 2107 4691 vel
2136 4633 2307 4701 Isaac,
2339 4633 2475 4691 tantl
2506 4633 2758 4692 videlicet
2797 4635 3143 4707 patriarchze,
3172 4637 3257 4692 vel
3297 4637 3459 4692 etiam

1783 4733 1834 4796 D
1859 4727 2061 4796 Iacob,
2108 4727 2246 4784 sicut
2283 4736 2338 4784 et
2383 4729 2437 4784 in
2469 4725 2770 4800 Evangelia
2799 4727 2986 4800 (Joan.
3018 4745 3090 4795 tv,
3129 4728 3212 4799 l2)
3255 4728 3462 4798 reperi-

1861 4839 2001 4890 mus,
2033 4824 2178 4879 velut
2227 4824 2404 4882 l'outcs
2451 4824 2666 4891 quidam
2712 4825 2930 4895 generis
2962 4823 3214 4889 humani,
3245 4834 3298 4878 et
3335 4838 3433 4892 spe

1857 4916 2068 4972 cialiter
2092 4913 2396 4970 devotionis
2427 4929 2489 4969 ac
2541 4915 2686 4970 lidei.
2740 4914 2879 4985 Quid
2928 4925 3009 4970 est
3068 4915 3210 4970 enim
3265 4923 3458 4983 puteus

1859 5023 2013 5079 aqua:
2055 5009 2212 5073 vivae,
2249 5005 2354 5062 nisi
2398 5006 2676 5075 profundae
2703 5007 2934 5064 altitudo
2977 5007 3275 5062 doctrinm?
3303 5005 3459 5063 Unde

1859 5111 1915 5159 ct
1959 5101 2100 5175 Agar
2150 5101 2216 5156 ad
2259 5109 2480 5174 puteum
2509 5104 2764 5175 angelum
2798 5103 2953 5169 vidit,
2985 5110 3038 5157 et
3069 5100 3240 5158 Jacob
3267 5100 3332 5154 ad
3366 5117 3460 5171 pu-

1860 5205 2006 5254 teum
2037 5194 2240 5253 Rachel
2290 5194 2394 5252 sibi
2447 5196 2652 5255 invenit
2695 5213 2918 5254 uxorem
2957 5214 2969 5252 :
3003 5195 3219 5268 Moyses
3245 5209 3462 5266 quoque

1869 5381 2070 5438 multos
2117 5381 2410 5449 Scripturae
2445 5379 2595 5436 locos
2619 5376 2832 5450 passim
2873 5377 3116 5448 inl‘arcit,
3148 5393 3285 5449 quos
3323 5393 3454 5434 uns-

1871 5467 2043 5526 quami
2058 5453 2180 5509 alibi
2211 5452 2470 5526 reperias.

1947 5524 1972 5562 ἀ
2009 5525 2150 5581 Edit.
2179 5521 2364 5590 Rom.,
2388 5522 2548 5578 Fodit
2576 5532 2624 5577 et
2650 5522 2810 5577 alium
2834 5532 3069 5591 puteum,
3101 5530 3148 5575 et
3170 5521 3462 5580 nuntiantes

1866 5599 2000 5655 servi
2028 5596 2278 5651 invenisse
2312 5612 2365 5650 se
2395 5597 2446 5648 in
2491 5612 2547 5646 co
2587 5609 2770 5662 aquam
2796 5635 2808 5652 .
2836 5595 3027 5648 rocai'it
3056 5610 3193 5656 (’ttlll,
3228 5599 3328 5648 elc.
3351 5638 3365 5659 ,
3397 5610 3464 5650 ne

1869 5679 2111 5725 correcte.
2141 5669 2379 5738 quidem.
2417 5667 2532 5721 Duo
2574 5679 2743 5738 rmss.,
2779 5664 2936 5717 Fodit
2977 5675 3022 5719 et
3073 5671 3280 5735 puteum
3315 5666 3460 5730 iura-

1871 5742 2044 5796 menti.
2082 5737 2287 5793 Etenim
2338 5739 2526 5792 invenit
2566 5737 2618 5788 in
2647 5751 2704 5787 eo
2751 5749 2970 5805 aquam,
3005 5744 3050 5790 et
3098 5737 3318 5804 vocavit,
3355 5748 3462 5796 etc.

1873 5811 2084 5873 Reliqui
2117 5825 2245 5864 vero
2293 5819 2424 5864 IIISS.
2475 5816 2530 5862 et
2569 5807 2697 5860 etlit.
2736 5805 3013 5863 nobiscum
3053 5807 3257 5863 faciunt
3306 5830 3318 5865 :
3358 5809 3464 5865 imc

1876 5897 1928 5941 et
1959 5884 2100 5941 LXX
2131 5881 2834 5953 interpretumuauctoritas,
2862 5895 2998 5953 quos
3028 5881 3114 5938 adi
3139 5880 3276 5940 Gen.
3303 5897 3429 5946 xxvt
3448 5922 3462 5948 .

1875 5958 1968 6027 52,
1997 5966 2052 6016 et
2077 5962 2238 6015 notas
2257 5950 2455 6010 Nobilii
2484 5950 2704 6009 ibidem.
