4082 6370
627 375 696 436 51
708 377 738 442 1

1960 371 2210 430 SANCTI
2246 371 2572 443 AMBROSII
3869 369 3952 424 512

633 507 795 549 secus
825 499 1044 564 puteum
1071 489 1234 546 futuri
1278 489 1476 546 locavit
1520 489 1711 546 merita
1756 489 1926 560 prima
1967 489 2226 560 conjugii.
2256 487 2519 556 Amundi
2576 488 2820 544 remedio
2877 487 3044 570 nobis.
3085 505 3214 546 vera
3264 487 3567 561 sapientia
3625 483 3724 542 sit.
3769 484 3952 544 lloralis

705 584 798 639 22.
825 583 872 641 A
901 593 1062 654 puteo
1088 583 1252 660 igitur
1275 582 1499 638 visionis
1523 626 1538 649 ,
1567 584 1782 656 aperire
1810 582 1959 638 Isaac
2000 582 2232 638 adorsus

636 687 720 733 est
751 687 964 746 puteos,
1007 683 1064 732 et
1106 676 1250 731 bono
1303 674 1528 741 ordine;
1559 684 1617 730 ut
1643 675 1760 746 ejus
1789 676 1937 745 putei
1958 690 2093 745 aqua
2123 674 2233 745 pri-

634 785 780 825 mum
810 769 1130 825 rationabile
1156 770 1370 836 animae,
1397 771 1729 840 oculumque
1769 769 1890 838 ejus
1913 768 2152 824 dilueret
2179 780 2234 824 et

633 863 866 930 foveret,
884 878 992 934 quo
1015 864 1186 919 visum
1205 863 1322 935 ejus
1339 866 1542 919 laceret
1562 865 1876 920 clariorem.
1893 863 2053 919 Fodit
2068 864 2232 918 etiam

630 958 769 1012 alios
793 967 987 1026 puteos
1014 957 1220 1028 plures.
1245 958 1398 1014 Unde
1415 968 1469 1014 et
1487 959 1750 1026 scriptum
1773 967 1885 1012 est:
1907 956 2030 1036 Bibe
2049 974 2235 1028 aquam

631 1053 694 1106 de
725 1052 830 1106 tuis
855 1053 989 1106 vasis
1011 1095 1024 1118 ,
1053 1062 1098 1106 et
1131 1052 1194 1107 de
1232 1061 1505 1124 puteorum
1543 1061 1749 1106 tuorum
1792 1053 2017 1124 fantibus
2048 1051 2231 1123 (Prov.

631 1160 684 1212 v,
723 1145 846 1211 l5).
877 1144 1093 1222 Quanto
1123 1147 1308 1216 plures
1352 1144 1579 1211 fuerint,
1609 1154 1759 1200 tanto
1791 1157 1873 1200 est
1902 1145 2122 1200 uberior
2150 1161 2236 1201 re-

627 1237 926 1293 dundantia
955 1239 1276 1310 gratiarum.
1340 1238 1499 1294 Fodit
1548 1248 1727 1294 tamen
1784 1249 2041 1310 puteum,
2074 1256 2233 1310 quem

632 1329 850 1387 fuderat
880 1342 1034 1401 pater
1083 1331 1202 1400 ejus
1260 1329 1558 1399 Abraham,
1587 1333 1655 1387 de
1677 1346 1785 1402 quo
1819 1332 1966 1386 litem
1991 1330 2238 1386 fecerunt

629 1435 882 1494 pasmres
909 1421 1172 1478 Gcrarum
1193 1465 1208 1488 ,
1238 1421 1343 1478 hoc
1389 1432 1493 1488 est,
1528 1425 1798 1478 maceritc.
1826 1424 1924 1480 Ubi
1947 1424 2089 1479 enim
2123 1438 2237 1478 ma-

628 1515 810 1577 ceria,
842 1515 911 1570 ibi
939 1515 1136 1570 divisio
1158 1515 1302 1569 inter
1335 1525 1728 1584 repugnantes,
1758 1516 1828 1570 ibi
1863 1516 2156 1586 injustitia;
2182 1525 2238 1572 ct

631 1609 756 1665 ideo
785 1608 996 1664 vocavit
1020 1607 1363 1678 lnjuStitiam.
1389 1607 1572 1664 Alium
1594 1625 1812 1680 quoque
1837 1607 2002 1674 fodit,
2036 1619 2091 1664 et
2117 1618 2236 1663 orta

632 1701 1010 1766 dissensione,
1038 1700 1248 1755 vocavit
1287 1716 1409 1755 eum
1459 1685 1796 1756 Inimicitias.
1827 1701 1881 1756 In
1915 1703 2114 1770 quibus
2154 1702 2237 1757 vi-

629 1794 791 1850 detur
819 1793 1036 1849 elucere
1072 1792 1321 1849 doctrina
1347 1794 1602 1860 moralis;
1633 1809 1700 1849 eo
1721 1794 1865 1866 quod
1891 1795 2108 1850 sublato
2142 1809 2239 1865 pa-

2335 599 2551 655 quoque
2578 584 2854 651 doctrina,
2889 599 3008 654 qua:
3038 585 3335 656 imaginem
3383 581 3713 639 mundana!
3745 581 3954 651 volupta-

2338 680 2405 732 tis
2428 678 2749 733 meretriciis
2773 679 3097 750 quibusdam
3120 681 3315 735 illitam
3345 678 3503 734 lucis
3536 676 3762 748 irriguo
3790 690 3880 729 suo
3898 679 3956 731 dio

2337 773 2482 836 luat,
2516 780 2569 827 et
2598 771 2801 827 ﬂuento
2840 774 2920 826 sui
2950 771 3112 830 fontis
3136 773 3449 844 abstergat.

2406 862 2497 917 23.
2552 862 2628 918 De
2671 864 3008 918 naturalibus
3058 880 3274 936 quoque
3323 863 3516 918 habes
3550 863 3613 916 in
3655 861 3953 918 Ecclesiaste

2337 957 2539 1012 dictum
2569 975 2582 1014 :
2619 955 2745 1012 Feci
2767 957 2891 1010 mihi
2920 958 3154 1030 piscinas
3191 975 3464 1029 aquarum
3515 955 3602 1009 ad
3663 956 3952 1028 irrigandm

2339 1070 2402 1108 ex
2428 1051 2507 1105 his
2535 1054 2727 1106 saltum
2754 1053 3125 1125 germinantem
3164 1053 3181 1123 (
3201 1051 3413 1106 Eccles.
3453 1067 3524 1113 ιι,
3565 1050 3660 1122 6).
3714 1050 3889 1118 Neque
3921 1062 3952 1105 te

2339 1154 2550 1199 moveat
2581 1143 2721 1214 quod
2752 1159 2847 1214 pro
2878 1153 3038 1212 puteo
3063 1144 3296 1214 piscinas
3325 1143 3566 1212 posuit;
3605 1142 3747 1212 quia
3769 1153 3816 1196 et
3842 1141 3951 1212 Moy-

2339 1254 2428 1293 ses
2453 1247 2670 1307 puteum
2702 1236 3024 1293 Latitudinis
3052 1238 3206 1303 dixit,
3237 1254 3305 1292 eo
3333 1235 3493 1309 quod
3544 1252 3578 1289 a
3613 1235 3950 1291 sollicitudine

2339 1331 2484 1386 oiuni
2517 1341 2572 1385 et
2598 1330 2860 1402 angustiis
2888 1331 3206 1398 absolvitur,
3238 1331 3331 1401 qui
3386 1330 3697 1384 mundum
3739 1329 3872 1383 hunc
3895 1334 3947 1405 pia

2342 1437 2522 1479 mente
2576 1423 2992 1478 transcenderit.
3046 1423 3162 1478 Non
3218 1423 3511 1478 immerito
3560 1437 3716 1492 ergo
3766 1421 3948 1492 piscinas

2343 1517 2503 1572 habet
2538 1515 2941 1581 Ecclesiastes,
2986 1517 3077 1586 qui
3124 1516 3254 1569 vidit
3305 1517 3528 1570 nullam
3584 1515 3949 1570 abundantius

2341 1626 2466 1666 esse
2493 1611 2594 1666 sub
2616 1611 2731 1665 Sole
2765 1627 2778 1662 :
2813 1610 2909 1665 sed
2939 1609 2984 1664 si
3013 1610 3135 1680 quis
3158 1609 3440 1665 abundare
3470 1609 3657 1674 velit,
3696 1609 3757 1664 iu
3779 1608 3943 1664 Christo

2341 1705 2600 1761 abundet.

2413 1797 2502 1854 26.
2539 1798 2601 1852 Et
2635 1797 2702 1854 de
2752 1798 2996 1870 mysticis
3030 1807 3226 1867 puteus
3272 1806 3543 1868 superest
3582 1794 3795 1862 nobis,
3825 1810 3937 1864 quem

630 1889 766 1944 riete
795 1889 1067 1956 maceriae,
1099 1888 1293 1944 soluta:
1325 1890 1436 1945 sint
1465 1890 1519 1944 in
1543 1905 1709 1945 carne
1739 1889 1976 1945 hominis
1999 1891 2236 1946 inimici-
2269 1894 2316 1953 Β
2344 1892 2507 1948 etiam
2542 1894 2715 1961 ipsum
2744 1891 3048 1962 reperimus
3096 1891 3146 1945 in
3176 1891 3420 1946 Canticis
3443 1887 3828 1944 Canticorum
3849 1931 3861 1950 ,
3883 1888 3938 1941 di-

631 1981 755 2043 tize,
787 1992 842 2036 et
881 1983 1018 2036 tacta
1045 1982 1154 2038 sint
1181 1991 1407 2053 utraque
1454 1998 1618 2036 unum
1644 1982 1697 2036 in
1733 1985 1904 2054 ﬁgura
1934 1999 2029 2054 per
2054 1983 2236 2050 Isaac,

631 2073 684 2129 in
721 2076 947 2130 veritate
996 2091 1090 2146 per
1137 2075 1414 2132 Christum
1457 2097 1472 2146 ;
1521 2079 1826 2148 meritoque
1872 2088 2058 2148 postea
2110 2095 2243 2148 pura

633 2184 771 2240 aqua
797 2169 851 2224 in
880 2185 945 2225 eo
975 2183 1138 2241 puteo
1166 2172 1240 2226 sit
1265 2182 1481 2243 reperta
1503 2216 1518 2240 ,
1563 2183 1834 2243 tamquam
1857 2171 2103 2228 doctrina
2127 2188 2246 2227 mo-

633 2263 766 2318 ralis
797 2263 945 2318 utilis
973 2264 1042 2319 ad
1073 2265 1452 2321 hauriendum.
1480 2267 1677 2322 Puteus
1719 2282 1933 2337 quoque
1973 2267 2244 2322 Latitudi-

635 2355 720 2410 nis
751 2357 877 2427 quid
909 2357 1052 2411 aliud
1077 2359 1348 2428 signiﬁcat
1378 2359 1482 2414 nisi
1523 2358 1592 2415 de
1632 2359 1968 2437 naturalibus
2005 2359 2246 2431 discipli-

635 2450 800 2506 nam?
825 2449 940 2518 Qua
971 2467 1131 2506 causa
1165 2459 1221 2507 et
1247 2452 1502 2508 Latitudo
1545 2453 1760 2519 dicitur,
1803 2455 1929 2525 quia
1960 2452 2082 2509 sine
2111 2470 2244 2509 con-

637 2543 919 2609 tentione,
947 2544 1068 2600 sine
1097 2544 1222 2611 lite,
1251 2545 1365 2616 jam
1409 2546 1624 2615 quietus
1660 2559 1823 2618 atque
1870 2562 2096 2601 securus
2126 2556 2244 2614 est,

635 2635 731 2700 qui
779 2635 1050 2690 mundana
1096 2635 1212 2691 haec
1242 2646 1298 2694 et
1337 2638 1618 2694 sensibilia
1651 2639 1812 2695 fuerit
1838 2654 2243 2710 supergressus.

640 2725 795 2781 Unde
821 2729 1093 2796 superatis
1117 2727 1227 2799 jam
1255 2730 1680 2786 adversantibus
1715 2742 1783 2793 et,
1801 2731 2126 2804 alienigenis
2154 2748 2248 2787 co-

636 2822 995 2892 gitationibus
1027 2825 1189 2896 (quid
1226 2827 1370 2882 enim
1425 2837 1531 2881 tam
1579 2828 1815 2884 alienutn
1870 2845 2031 2900 quam
2065 2833 2246 2888 omnia

643 2916 956 2984 szecularia,
1003 2933 1126 2989 qua:
1168 2903 1422 2990 perpetua
1463 2936 1586 2977 esse
1631 2937 1733 2976 non
1779 2923 2036 2995 possunt)
2071 2934 2250 2991 potest

637 3011 862 3081 sapiens
886 3012 1069 3069 dicere
1098 3031 1111 3068 :
1141 3013 1393 3070 Dilatavit
1425 3016 1680 3070 Dominus
1710 3017 1874 3081 nobis,
1905 3019 2128 3090 etpauzcit
2156 3036 2249 3073 nos

641 3123 798 3176 super
820 3119 1009 3161 terram
1033 3104 1186 3180 (Gen.
1219 3125 1365 3176 xxvs,
1395 3109 1489 3178 22)
1513 3152 1527 3176 ,
1557 3113 1679 3180 quia
1718 3121 1932 3166 terrena
1960 3118 2247 3166 transcen-

645 3202 744 3256 dit.
793 3200 1026 3258 Ultimus
1057 3213 1139 3258 est
1182 3214 1373 3275 puteus
1398 3204 1562 3277 364
1597 3204 1930 3270 Juramenti,
1957 3205 2011 3260 in
2053 3221 2162 3276 quo
2199 3204 2248 3260 ei

2345 1997 2502 2042 cente
2538 1986 2816 2056 Scriptura
2853 2003 2866 2039 :
2897 1982 3039 2039 Fons
3067 1984 3371 2051 hortorum,
3406 1994 3608 2052 puteus
3642 1999 3800 2053 aqua
3827 1985 3933 2044 vita,

2345 2090 2394 2133 et
2425 2080 2614 2151 impetu
2639 2078 2953 2150 descendens
2983 2095 3014 2131 a
3045 2077 3242 2131 Libano
3275 2076 3450 2148 (Cant.
3482 2093 3568 2142 Iv,
3606 2074 3738 2146 f5).
3770 2075 3934 2130 Etenim

2347 2172 2390 2225 si
2419 2170 2802 2245 mysteriorum
2832 2170 3174 2226 altitudinem
3207 2170 3608 2240 persequaris,
3642 2181 3837 2239 puteus
3874 2167 3933 2221 tibi

2347 2263 2564 2318 videtur
2591 2272 2865 2334 tamquam
2908 2264 2959 2317 in
2993 2263 3260 2334 profundo
3290 2264 3393 2317 sita
3437 2261 3692 2333 mystica
3745 2277 3856 2317 esse
3880 2277 3935 2314 ss-

2350 2357 2553 2428 picntia
2585 2375 2597 2411 :
2628 2358 2674 2412 si
2716 2373 2844 2412 vero
2876 2358 3093 2412 haurire
3143 2357 3276 2412 velis
3305 2356 3662 2411 alniientiam
3696 2355 3934 2411 charitatis

2349 2468 2469 2521 quae
2499 2453 2670 2523 major
2691 2463 2744 2507 et
2774 2453 2993 2508 uberior
3019 2461 3104 2508 est
3145 2466 3306 2522 quam
3356 2449 3494 2505 ﬁdes
3550 2459 3613 2504 et
3665 2465 3816 2518 spes,
3846 2460 3933 2502 lunt

2352 2547 2445 2602 tibi
2479 2546 2599 2601 fons
2620 2557 2724 2600 est.
2761 2546 3042 2602 Exuberat
3079 2547 3222 2601 enim
3267 2545 3545 2612 charitas,
3579 2554 3649 2600 ut
3673 2555 3733 2600 et
3759 2545 3931 2599 haurire

2350 2657 2468 2696 eam
2497 2642 2768 2703 cominus,
2801 2650 2855 2695 et
2884 2641 3057 2709 rigare
3084 2640 3200 2709 eius
3227 2638 3505 2694 afﬂuentia
3557 2638 3792 2694 hortum
3823 2649 3930 2691 tuu

2353 2735 2529 2806 possis
2555 2735 2891 2804 spiritalibus
2927 2733 3185 2788 fructibus
3229 2732 3666 2788 redundantem.
3699 2743 3722 2770 ε
3759 2733 3819 2788 Et
3842 2748 3928 2802 quia

2353 2827 2486 2881 ultra
2518 2829 2688 2898 ipsum
2737 2835 2954 2896 puteum
3006 2825 3335 2881 Latitudinis
3370 2835 3485 2890 est,
3510 2825 3612 2897 qui
3647 2825 3928 2880 charitatem

2353 2917 2548 2983 habet;
2578 2918 2698 2972 ideo
2727 2917 2894 2984 dixit,
2925 2917 3050 2989 quia
3082 2917 3168 2972 tibi
3199 2917 3437 2974 charitas
3457 2928 3580 2981 est,
3621 2917 3702 2972 ibi
3738 2918 3928 2985 impetus

2353 3028 2578 3083 magnus
2609 3013 2887 3068 descendit
2917 3027 2945 3064 a
2979 3011 3206 3067 Libano.
3239 3010 3319 3066 Ne
3348 3010 3474 3079 quid
3517 3022 3719 3067 autem
3758 3018 3927 3066 moveat

2352 3107 2495 3177 quod
2537 3118 2592 3163 et
2643 3117 2860 3177 puteum
2909 3117 2964 3161 et
3007 3106 3208 3160 fontem
3261 3105 3515 3160 eumdem
3571 3105 3760 3169 dixit,
3805 3107 3924 3160 etiam

2354 3198 2704 3268 Evangelium
2739 3211 2790 3255 te
2833 3200 3096 3263 instruat,
3129 3198 3181 3253 in
3213 3212 3321 3266 quo
3365 3199 3640 3266 scriptum
3677 3209 3801 3253 est:
3835 3197 3926 3262 Quia

645 3283 814 3348 visus.
839 3304 922 3350 est
971 3297 1143 3363 Deus,
1178 3306 1231 3351 et
1260 3296 1332 3350 ait
1363 3299 1410 3352 ei
1438 3318 1450 3350 :
1485 3297 1668 3370 “(Noli
1693 3299 1892 3364 timere,
1923 3308 2092 3352 tecum
2112 3299 2248 3352 enim
2275 3297 2322 3361 C
2353 3295 2487 3347 venit
2506 3291 2661 3348 Iesus
2691 3294 2741 3347 in
2775 3294 3032 3347 ciuitatem
3057 3291 3333 3354 Samaria,
3360 3306 3476 3360 qua:
3507 3292 3711 3344 dicitur
3743 3289 3926 3362 Syrian

643 3406 759 3444 sum
786 3387 971 3460 (lbid.,
997 3389 1069 3444 24
1087 3389 1128 3461 ).
1155 3389 1221 3446 Et
1245 3391 1522 3446 benedixit
1540 3406 1685 3467 eum.
1717 3392 1842 3448 [huc
1868 3391 2113 3448 doctrina
2137 3391 2247 3462 jam

647 3485 874 3556 mystica
909 3493 1012 3539 est.
1628 3536 1630 3538 ,
2219 3533 2224 3538 .

724 3577 816 3630 2‘5.
852 3576 1028 3632 llabes
1056 3575 1169 3632 haec
1196 3577 1249 3632 in
1302 3578 1627 3644 Salomone;
1657 3578 1781 3650 quia
1810 3578 2102 3635 Proverbia
2133 3579 2251 3649 ejus

650 3669 914 3732 moralia;
951 3669 1310 3726 Ecclesiastes
1342 3671 1625 3736 naturalis,
1655 3673 1706 3725 iu
1737 3687 1844 3742 quo
1865 3672 2016 3742 quasi
2043 3673 2253 3726 vanita-

653 3774 734 3818 tes
766 3763 919 3818 istius
948 3762 1182 3831 despicit
1227 3764 1446 3829 mundi;
1476 3765 1698 3836 ninIica
1727 3765 1846 3835 ejus
1878 3775 2005 3819 sunt
2032 3765 2250 3820 Cantica

647 3855 1008 3922 canticorum.
1035 3855 1212 3911 llabes
1243 3866 1297 3912 et
1325 3857 1376 3912 in
1395 3859 1654 3928 propheta
1683 3876 1695 3910 :
1731 3856 1997 3913 Sentinate
2018 3859 2157 3912 vobis
2184 3859 2252 3911 ad

635 3949 930 4022 justitiam,
966 3949 1272 4004 uindemiate
1317 3949 1384 4004 ad
1422 3952 1653 4021 fructum
1682 3952 1818 4018 vitta,
1851 3951 2140 4006 illuminate
2165 3968 2254 4006 vo-

645 4043 722 4096 bis
755 4042 924 4097 lumen
957 4045 1261 4114 cognitionis
1298 4043 1444 4115 (Ose.
1477 4061 1531 4107 x,
1564 4043 1688 4116 12).
1723 4046 1835 4100 Hoc
1865 4055 1949 4116 est
1978 4046 2122 4106 enim
2174 4045 2252 4098 lu-

649 4151 774 4189 men
821 4137 1186 4205 cognitionis,
1245 4137 1445 4192 habere
1497 4137 1796 4202 charitatis
1835 4133 2249 4208 perfectionem.

644 4226 879 4296 Ideoque
908 4228 1109 4283 dictum
1143 4239 1228 4284 est
1256 4247 1267 4282 :
1301 4229 1428 4284 Noli
1460 4231 1674 4294 timere;
1716 4232 1954 4287 Charitas
1989 4235 2135 4288 enim
2179 4235 2248 4288 ti-

649 4331 855 4372 morem
885 4320 1124 4375 excludit
1153 4321 1321 4376 foras.
1365 4321 1435 4376 Ut
1486 4338 1881 4393 cognoscamus
1907 4309 2087 4381 autem
2121 4327 2250 4396 quia

645 4420 700 4465 et
721 4410 974 4466 Salomon
1006 4413 1078 4468 ita
1128 4414 1227 4469 hos
1269 4415 1657 4484 interpretatus
1698 4426 1784 4474 est.
1822 4429 2052 4488 puteos,
2082 4430 2144 4476 ut
2183 4421 2250 4475 ad

649 4502 908 4558 moralem
939 4499 1350 4572 doctrinam,'et
1400 4509 1700 4564 naturalem
1728 4495 1990 4577 referret,
2044 4521 2100 4567 et
2131 4529 2250 4584 my-

645 4594 868 4660 sticam,
904 4596 954 4649 in
983 4595 1208 4667 singulis
1238 4597 1390 4651 libris
1421 4600 1534 4654 suis
1561 4615 1698 4669 quos
1722 4599 1790 4655 de
1816 4603 2132 4664 moralibus.
2163 4604 2248 4659 vel

2343 3389 2502 3459 juxta
2529 3388 2780 3459 prwdium
2808 3387 2946 3457 quod
2971 3385 3115 3440 dedit
3139 3382 3301 3438 Jacob
3329 3381 3526 3455 Ioseph
3557 3384 3677 3451 ﬁlio
3699 3401 3814 3442 suo.
3837 3382 3928 3435 Etet

2352 3494 2523 3536 autem
2548 3481 2618 3535 ibi
2646 3485 2762 3552 fons
2789 3478 2972 3534 Jacob.
3007 3477 3356 3548 Etfatigatns
3379 3519 3393 3542 ,
3415 3476 3630 3547 inquit,
3658 3476 3856 3530 sedebat
3878 3474 3930 3527 sic
4006 3543 4007 3554 χ

2351 3595 2506 3649 super
2544 3587 2753 3649 puteum
2790 3559 2971 3647 (Joan.
3015 3589 3088 3640 tv,
3116 3573 3150 3628 5
3189 3582 3234 3624 et
3277 3569 3356 3642 6).
3389 3570 3549 3626 Unde
3575 3571 3650 3624 ad
3684 3571 3930 3642 mysticum

2353 3670 2654 3726 doctrinam
2706 3668 2852 3722 hunc
2893 3666 3080 3722 referri
3105 3675 3324 3738 puteum
3367 3663 3534 3718 etiam
3568 3663 3644 3718 ibi
3676 3661 3930 3732 cognosci-

2355 3778 2474 3819 mus
2498 3765 2623 3833 quia
2656 3762 2725 3816 ibi
2758 3759 3103 3816 Samaritana
3139 3758 3226 3814 illa
3248 3799 3264 3825 ,
3292 3757 3344 3812 id
3391 3765 3504 3823 est,
3533 3769 3726 3810 custos
3761 3756 3930 3827 (custos

2355 3869 2532 3912 autem
2571 3856 2874 3912 caelestium
2921 3849 3343 3923 praeceptorum)
3375 3850 3557 3905 hausit
3578 3849 3653 3905 de
3681 3860 3840 3921 puteo
3863 3848 3928 3900 illo

2355 3953 2532 4007 divina
2556 3951 2723 4024 .365
2747 3949 3028 4022 mysteria,
3054 3959 3390 4017 cognoscens
3413 3943 3539 4013 quia
3563 3944 3713 3998 Dens
3739 3941 3928 4011 Spiritus

2354 4055 2470 4113 est,
2507 4058 2560 4101 et
2601 4062 2705 4099 non
2733 4045 2938 4114 inloco
2979 4043 3255 4106 adoratur,
3298 4039 3392 4094 sed
3451 4039 3501 4091 in
3535 4038 3739 4107 Spiritu
3772 4034 3929 4104 (Μαι,

2355 4152 2400 4196 et
2423 4157 2528 4210 seq.
2559 4135 2754 4208 24);d
2786 4147 2843 4192 et
2868 4136 3002 4208 quia.
3026 4135 3247 4203 Messias
3291 4131 3546 4187 Chrisms
3573 4142 3681 4186 est.
3727 4131 3794 4185 Et
3835 4130 3930 4182 ideo

2337 4236 2445 4308 .qni
2492 4234 2670 4288 adhuc
2711 4241 3056 4303 exspectatur
3079 4244 3110 4284 a
3139 4227 3373 4294 Judaeis,
3403 4226 3516 4295 jam
3549 4225 3721 4280 venit.
3756 4223 3932 4290 Quibus

2353 4328 2582 4398 auditis,
2615 4327 2810 4382 mulier
2841 4326 2930 4392 illa
2954 4340 3075 4395 quae
3115 4321 3352 4393 speciem
3385 4318 3652 4376 Ecclesiae
3683 4319 3850 4390 gerit,
3875 4316 3934 4369 ιε.

2352 4423 2436 4494 gis
2464 4429 2800 4484 sacramenta
2829 4417 3107 4488 cognovit,
3137 4427 3189 4471 et
3216 4411 3471 4468 credidit.

2423 4514 2516 4568 27.
2549 4512 2606 4568 lu
2635 4511 2756 4582 ipso
2775 4525 2990 4581 quoque
3014 4506 3359 4563 Canticorum
3387 4504 3524 4558 libro
3541 4502 3939 4560 Salomonlianc.

2354 4606 2616 4678 triplicem
2636 4583 2968 4676 Sapientiam
2989 4601 3268 4656 evidenter
3289 4597 3588 4668 expressit;
3610 4595 3742 4650 licet
3757 4595 3809 4648 iu
3829 4592 3940 4646 Pro-

646 4687 1011 4754 natnralibus,
1039 4690 1120 4743 vel
1150 4690 1394 4761 mysticis
1421 4691 1670 4761 scripsit,
1693 4693 1874 4764 posuit
1902 4694 2004 4749 hos
2033 4707 2245 4766 puteos.
2275 4694 2329 4756 D
2354 4699 2558 4755 vei-hiis
2607 4697 2809 4752 dixerit
2855 4694 3040 4767 (Ρνω.
3089 4708 3221 4760 xxn,
3261 4689 3379 4760 20),
3417 4697 3476 4743 ut
3525 4687 3821 4757 tripliciter
3854 4683 3941 4737 sibi

717 4779 807 4834 24.
836 4781 964 4834 Nam
998 4791 1051 4836 ct
1097 4781 1149 4836 iu
1185 4783 1493 4838 Proverbiis
1541 4801 1664 4840 cum
1715 4786 2092 4842 declinandam
2124 4804 2248 4857 Spe-

645 4877 784 4932 ciem
834 4877 1042 4932 diceret
1086 4879 1364 4935 saacularis
1406 4880 1707 4948 illecebras,
1750 4881 1868 4938 ait:
1902 4881 2030 4937 Bibe
2057 4900 2247 4954 aquam

648 4970 711 5024 de
733 4971 833 5025 tuis
854 4972 1013 5037 vasis,
1045 4982 1090 5046 e_t
1113 4973 1176 5026 de
1195 4983 1463 5043 puteorum
1487 4987 1690 5030 tuorum
1714 4977 1964 5047 fontibus,
1996 4988 2044 5032 et
2071 4994 2251 5047 super-

645 5068 810 5136 ﬂuant
843 5065 932 5120 tibi
962 5083 1110 5134 aqua:
1147 5068 1211 5122 de
1241 5079 1328 5121 tuo
1346 5073 1489 5138 [ante
1522 5069 1705 5143 (Prov.
1733 5088 1784 5137 v,
1821 5072 1932 5140 lii).
1969 5073 2037 5126 Et
2066 5071 2246 5128 infra:

650 5159 793 5215 Fons
819 5177 967 5232 aqua:
1003 5173 1108 5217 tua:
1149 5164 1216 5216 sit
1264 5163 1354 5216 tibi
1410 5166 1674 5233 praprius,
1706 5175 1752 5219 et
1789 5166 2086 5237 jucundare
2133 5183 2248 5219 eum

646 5269 805 5308 uxore
837 5255 1028 5326 (lbid.,
1057 5256 1254 5326 XVIII);
1284 5254 1312 5295 ιι
1344 5271 1410 5311 eo
1447 5255 1590 5326 quod
1636 5256 1894 5312 adversus
1920 5258 2252 5314 tenta'menta

675 5491 685 5499 θ
717 5428 744 5457 ι
770 5417 926 5471 Rom.
952 5417 1108 5486 edit.,
1146 5416 1258 5492 Ego
1277 5436 1392 5474 sum
1419 5417 1558 5475 Deus
1588 5419 1851 5474 Abraham
1873 5422 2034 5492 patris
2061 5423 2155 5490 tui,
2188 5439 2251 5477 ne

647 5498 939 5616 αηῖθεῖἀάὶι
981 5560 1137 5616 Rom.
1196 5562 1364 5630 edit.,
1390 5579 1508 5636 quae
1536 5563 1598 5617 ab
1645 5561 1992 5618 adolescentia
2034 5573 2155 5631 tua;
2195 5581 2252 5620 eo

727 5649 748 5671 η

684 5640 808 5690 und.
840 5644 946 5687 etc.

651 5647 682 5783 fl
724 5716 743 5739 ε
774 5701 846 5755 lta
881 5720 972 5760 sex
1009 5721 1139 5760 mss.
1170 5705 1603 5783 meliorisunottc.
1646 5705 1828 5771 Unus,
1860 5705 1927 5783 Et
1963 5711 2085 5783 quia
2113 5711 2250 5766 ultra

649 5777 819 5850 ipsum
841 5784 1040 5842 puteus,
1072 5785 1178 5832 etc.
1203 5777 1337 5834 Tres
1359 5779 1479 5846 alii,
1509 5789 1564 5835 et
1590 5788 1801 5835 cuncta:
1832 5777 1998 5850 edit.,
2029 5780 2093 5836 Et
2126 5783 2249 5853 quia

655 5855 765 5912 ipse
789 5853 990 5912 puteus,
1023 5859 1130 5901 etc.
1618 5909 1620 5911 ,
1772 5899 1774 5902 ,
2187 5900 2190 5902 ν

721 5908 744 5942 ⁸⁸
781 5908 946 5986 EdiL,
972 5915 1037 5972 Et
1058 5919 1178 5986 quia
1205 5919 1418 5976 Messias
1447 5922 1580 5980 venit
1601 5909 1687 5985 qui
1709 5920 1942 5980 Christus
1967 5934 2060 5982 est.
2090 5925 2244 5990 Mss,

2353 4793 2638 4859 scriberet,
2667 4792 2759 4864 qui
2784 4787 3108 4860 sapientiam
3135 4786 3252 4856 ejus
3274 4782 3439 4837 vellet
3461 4781 3678 4835 audire.
3709 4780 3802 4833 Ait
3828 4790 3941 4843 ergo

2352 4888 2404 4942 in
2431 4885 2672 4941 Canticis
2697 4897 2896 4955 sponsa
2925 4881 2992 4937 de
3021 4893 3225 4951 SpOtISO
3259 4893 3274 4931 :
3304 4886 3326 4912 υ
3354 4873 3491 4930 Ecce
3519 4891 3574 4929 es
3595 4888 3822 4943 sponsus
3839 4887 3948 4922 cau-

2349 4979 2585 5035 sobrinus
2623 4995 2764 5032 meus
2786 4976 3018 5046 equidem
3050 4973 3267 5043 pulcher
3285 4988 3303 5024 :
3325 4969 3604 5022 acclinatio
3627 4977 3810 5022 nostra
3837 4979 3946 5034 apa-

2349 5089 2430 5136 ca,
2461 5072 2630 5126 trabes
2653 5068 2927 5122 domorum
2955 5077 3250 5120 nostrarum
3286 5062 3446 5126 cedri,
3477 5061 3750 5114 lacunaria
3787 5064 3946 5110 nastra

2355 5165 2582 5234 cupressi
2613 5163 2789 5234 (Cant.
2818 5179 2856 5227 ι,
2893 5161 2958 5215 15
2984 5170 3031 5214 et
3064 5159 3178 5229 16).
3208 5155 3500 5211 Possumus
3532 5152 3639 5208 hoc
3681 5152 3749 5206 de
3782 5161 3947 5204 mura-

2353 5259 2496 5316 libus
2537 5257 2807 5328 accipere.
2853 5253 2954 5309 Ubi
2986 5252 3130 5307 enim
3162 5246 3452 5320 requiescit
3478 5242 3733 5300 Christus
3766 5253 3824 5299 et
3859 5240 3952 5297 Ec-

2358 5421 2424 5476 Et
2454 5422 2573 5489 quia
2598 5418 2817 5474 Messias
2841 5417 3076 5473 Christus
3102 5426 3196 5471 est.

2435 5486 2578 5547 e'Sic
2620 5507 2750 5545 mss.
2800 5502 2924 5544 octo
2955 5491 3307 5561 probatiores.
3341 5487 3444 5541 Alii
3477 5486 3722 5561 aliquot,
3747 5501 3823 5561 (ac
3850 5493 3950 5561 vet.

2356 5564 2515 5628 edit.,
2550 5563 2682 5617 Ecce
2707 5579 2925 5634 sponsus
2952 5557 3023 5615 cst
3052 5561 3385 5634 consobrinus
3407 5557 3676 5634 incusabit
3701 5559 3820 5612 ideo
3844 5557 3952 5624 pul—

2354 5639 2479 5690 chra
2504 5627 2803 5702 thCllmtliO,
2833 5644 2938 5689 etc.
2973 5634 3130 5688 Rom.
3163 5647 3312 5696 vero,
3339 5627 3470 5706 Ecce
3502 5630 3722 5690 pulcher
3758 5646 3813 5706 es
3843 5645 3956 5706 ran-

2354 5709 2590 5764 sobrinns
2622 5725 2762 5762 meus
2780 5753 2794 5774 ,
2823 5724 2935 5761 ecce
2965 5707 3187 5776 pulcher
3209 5722 3278 5766 es,
3305 5712 3350 5776 e_t
3375 5701 3594 5776 decorus
3620 5718 3638 5776 ς
3684 5701 3956 5776 αςςιιησιῖο

2355 5792 2550 5846 nostra,
2585 5788 2690 5836 etc.
2709 5771 2862 5833 LXX
2891 5771 3109 5840 interp.,
3134 5775 3260 5832 Ἰδοὺ
3292 5771 3339 5830 εἶ
3363 5774 3512 5834 καλὸς
3535 5771 3806 5847 fidei—pido;
3835 5789 3953 5844 μου,

2271 5877 2278 5881 ·
2352 5856 2440 5928 ξεμὶ
2475 5845 2543 5928 γες
2579 5856 2804 5928 ὡρᾳῐος,
2836 5856 2965 5928 πρὸς
3004 5849 3141 5922 κλίνῃ
3167 5851 3305 5920 ἡμῶν
3333 5847 3574 5906 σύσκιος.
3614 5845 3750 5902 Vide
3795 5847 3954 5900 betas

2351 5920 2545 5982 Nobi'lii
2575 5920 2642 5978 ad
2668 5924 2806 5979 hunc
2835 5920 3067 5977 versum.
3117 5920 3123 5922 ’
3155 5991 3158 5996 _
