4082 6370
170 325 274 384 515

1211 321 1301 380 DE
1338 320 1540 384 ISAAC
1578 319 1667 380 ΕΤ
1705 317 1922 380 ANIMA
1961 319 2166 380 LIBER
2202 319 2410 382 UNUS.

3357 331 3464 390 5M

169 445 350 506 clcsia,
381 443 482 499 nisi
518 443 569 498 in
602 441 860 515 operibus
885 455 996 497 suae
1025 439 1240 512 plebis?
1269 441 1508 512 Denique
1537 439 1627 495 ubi
1658 440 1756 494 im-
1783 457 1839 518 Α
1862 452 1970 493 non
2010 448 2266 508 possunt;
2318 437 2552 510 denique
2589 437 3010 510 prospicientem
3050 453 3149 512 per
3179 441 3468 516 (enigmata

169 536 421 607 pudicitia
446 578 460 602 ,
504 536 594 592 ubi
638 536 888 609 superbia
915 577 929 602 ,
980 535 1068 589 ubi
1110 534 1364 604 iniquitas
1409 542 1546 599 erat,
1577 533 1646 587 ibi
1685 532 1761 587 ait

168 631 428 687 Dominus
461 631 617 687 Jesus
650 648 663 686 :
711 629 882 685 Filius
914 639 1085 685 autem
1113 628 1335 682 hominis
1365 644 1468 682 non
1499 627 1647 681 habet
1667 625 1762 710 ubi

169 735 320 799 caput
338 742 485 781 suum
512 723 718 780 reclinet
744 723 957 796 (Matth.
990 739 1102 789 vni,
1127 721 1243 796 20).

176 855 183 866 ι
235 818 329 874 ‘28.
365 819 441 874 De
467 817 800 872 naturalibus
829 829 1008 873 autem
1033 815 1161 887 quid
1194 814 1525 886 accipimus?
1552 813 1619 868 In
1646 830 1758 868 um-

167 914 278 978 bra,
312 913 502 982 inquit,
529 913 642 982 ejus
665 912 930 981 concupiui
958 922 1004 965 et
1031 911 1172 978 sedi,
1198 921 1247 967 et
1279 913 1477 982 fructus
1499 914 1612 984 ejus
1641 911 1760 964 dul-

169 1009 240 1063 cis
283 1008 336 1062 in
377 1007 612 1078 faucibus
648 1008 772 1061 meis
813 1006 992 1075 (Cant.
1024 1022 1083 1073 ιι,
1111 1007 1191 1075 5).
1226 1006 1327 1075 Qui
1365 1007 1519 1066 enim,
1543 1015 1756 1061 terrena

166 1101 574 1172 supergreditur
597 1143 610 1165 ,
641 1110 696 1155 et
724 1100 809 1156 cui
852 1098 1121 1154 mundana
1145 1098 1452 1153 moriuntur
1479 1099 1758 1172 (quoniam

166 1193 498 1262 crucifigitur
541 1192 590 1246 ei
631 1191 894 1256 mundus,
925 1200 981 1246 et
1019 1191 1133 1262 ipse
1162 1189 1386 1261 mundo)
1426 1191 1607 1247 omnia
1638 1207 1759 1262 qua:

164 1292 290 1348 sunt
315 1283 414 1338 sub
443 1283 559 1338 Sole
585 1282 782 1355 refugit
809 1291 863 1337 et
883 1283 1203 1338 contemnit.

169 1419 172 1422 .
232 1374 322 1431 9.9.
351 1374 428 1430 De
457 1375 700 1447 mysticis
721 1391 938 1446 quoque
959 1378 1032 1430 ait
1057 1394 1069 1429 :
1101 1374 1350 1430 Introduc
1372 1392 1451 1431 me
1471 1376 1526 1430 in
1551 1376 1759 1430 domum

163 1467 299 1534 vini,
345 1468 597 1523 constitue
625 1469 678 1521 in
708 1485 788 1524 nte
813 1469 1113 1522 cftaritatent
1135 1467 1312 1538 (Cant.
1344 1485 1402 1534 tt,
1433 1468 1512 1539 4).
1545 1468 1757 1525 Etenim

164 1560 306 1614 sicut
334 1560 542 1614 vineam
573 1574 728 1614 suam
749 1561 893 1626 vitis,
927 1561 997 1615 ita
1030 1561 1289 1615 Dominus
1315 1559 1475 1616 Jesus
1503 1561 1756 1632 populum

164 1667 320 1707 suum
353 1653 502 1722 quasi
528 1651 650 1707 vitis
674 1661 874 1708 (eterna
903 1653 1495 1724 quibusdam-brachiis
1521 1655 1758 1710 Charita-

165 1748 233 1800 tis
260 1747 624 1817 amplectitur.

232 1839 323 1895 50.
356 1839 651 1895 Considera
679 1839 913 1910 singula.
944 1839 1002 1895 In
1027 1841 1323 1897 moralibus
1341 1841 1440 1896 flos
1463 1849 1568 1907 est,
1597 1852 1652 1897 et
1674 1843 1757 1896 in-
1784 1843 1850 1920 Β

162 1944 244 1989 lcr
275 1935 458 2004 spinas
495 1934 662 1989 lilium
687 1976 702 2000 ,
730 1936 872 1990 sicut
910 1935 1025 2005 ipse
1068 1937 1146 1990 ait
1174 1953 1188 1990 :
1224 1934 1338 2006 Ego
1369 1936 1468 2006 ﬂos
1492 1935 1682 2006 campi,
1709 1945 1756 1989 et

160 2033 329 2087 lilium
366 2031 674 2086 convallium
698 2030 887 2105 (lbid.,
932 2031 998 2101 ι).
1049 2029 1105 2086 In
1153 2031 1448 2086 moralibus
1478 2046 1608 2102 ergo
1657 2029 1756 2085 llos

158 2138 262 2183 est.
295 2127 351 2181 In
393 2126 727 2181 naturalibus
765 2127 846 2180 sol
873 2125 1122 2197 justititn,
1151 2128 1240 2197 qui
1279 2127 1463 2184 oriens
1494 2137 1549 2182 et
1573 2143 1758 2183 resur-

157 2235 292 2292 gens
331 2220 622 2284 illuminat,
660 2218 916 2275 occidens
943 2220 1256 2276 obumbrat.
1280 2218 1425 2278 Cava:
1450 2236 1517 2276 ne
1548 2221 1640 2276 tibi
1667 2235 1757 2275 oc-

155 2313 303 2368 cidat
322 2355 337 2379 ,
369 2314 492 2383 quia
535 2311 796 2382 scriptum
824 2322 910 2368 est
935 2331 949 2368 :
986 2312 1082 2368 Sot
1111 2330 1210 2367 non
1239 2313 1440 2368 occidat
1469 2330 1624 2384 super
1652 2314 1756 2368 ira-

157 2409 398 2462 cundiam
441 2418 661 2462 vestrarn
690 2405 909 2478 (Epltes.
942 2423 1013 2472 tv,
1045 2406 1161 2478 26).
1194 2408 1249 2462 In
1288 2409 1532 2481 mysticis
1574 2407 1755 2464 chari-

158 2511 241 2556 tas
266 2512 371 2568 est,
397 2501 519 2574 quia
546 2502 821 2570 plenitudo
847 2501 982 2574 legis
1007 2512 1091 2558 est
1115 2503 1382 2559 Christus.
1417 2504 1484 2559 Et
1511 2503 1635 2559 ideo
1657 2505 1756 2560 Ec-

157 2596 324 2652 Clesia
359 2613 479 2667 quae
513 2595 686 2667 diligit
711 2596 987 2651 Christum
1015 2597 1330 2661 ,vulnerata
1358 2607 1442 2653 est
1467 2597 1752 2652 charitate.

231 2689 321 2743 51.
361 2688 510 2743 Hanc
543 2691 726 2759 itaque
762 2687 1083 2743 charitatem
1110 2691 1352 2755 suscitat,
1381 2698 1438 2744 et
1467 2690 1758 2744 resuscitat

160 2779 335 2834 donec
362 2794 550 2834 vocem
577 2779 696 2849 ejus
717 2779 965 2850 accipiat,
995 2790 1048 2835 et
1071 2780 1414 2850 praesentiam
1437 2779 1554 2850 ejus
1577 2795 1758 2836 arces-

162 2873 307 2934 siat;
337 2872 460 2941 quia
508 2871 766 2942 quassitus
806 2887 914 2926 non
945 2873 1119 2926 solum
1152 2872 1321 2936 venit,
1353 2871 1449 2926 sed
1480 2873 1642 2926 etiam
1670 2887 1758 2926 sa-

161 2966 302 3022 liens
325 2965 470 3021 venit
499 2983 514 3020 :
547 2965 752 3022 Saliens
778 2982 932 3035 super
959 2977 1177 3031 montes,
1206 2975 1252 3019 et
1277 2966 1572 3020 transiliens
1601 2983 1758 3036 super

163 3057 320 3113 colles
357 3055 529 3129 (Cant.
565 3073 624 3122 ιι,
656 3055 733 3127 8).
770 3056 946 3127 Super
975 3057 1194 3127 majoris
1230 3057 1416 3128 gratia:
1437 3058 1756 3125 animasqu-

161 3151 246 3220 lit,
281 3150 554 3207 inferioris
583 3149 837 3207 transilit.
873 3150 965 3206 Vel
984 3152 1074 3225 _sic
1107 3168 1120 3206 :
1145 3151 1345 3206 saliens
1373 3150 1648 3222 quomodo
1668 3165 1759 3206 ve-

1855 529 2273 604 ‘prophetarum,
2302 535 2533 606 legendo
2563 549 2658 590 eos
2699 542 2754 590 et
2775 534 3009 592 tenendo
3036 551 3222 592 eorum
3251 553 3463 595 sermo-

1864 643 1961 682 nes
2011 627 2159 682 videt
2197 643 2321 684 eum
2378 629 2816 699 prospicientem,
2857 631 2954 686 sed
2999 633 3150 702 quasi
3197 648 3292 704 per
3319 632 3466 690 fene-

1862 730 2030 776 stram
2056 761 2072 788 ,
2111 737 2219 776 non
2251 721 2427 778 adhuc
2453 723 2604 793 quasi
2635 717 2980 795 praesentem.
3025 726 3187 783 Videt
3215 729 3465 785 eminen-

1860 823 1970 869 tem
2003 828 2170 884 super
2198 815 2354 870 retia.
2387 815 2526 884 Quid
2553 827 2635 873 est
2668 819 2792 886 hoc,
2818 821 2919 875 nisi
2943 820 3082 877 forte
3109 823 3232 894 quia
3258 823 3348 878 illa
3376 840 3437 880 re

1862 907 1934 963 tia
1966 909 2123 963 nobis
2151 915 2298 972 sunt,
2339 924 2445 963 non
2483 909 2581 964 illi.
2618 910 2772 967 Retia
2814 924 2960 978 sunt,
2993 915 3067 970 eo'
3098 915 3242 986 quod
3287 916 3467 973 adhuc

1861 1001 1951 1057 illa
1980 1003 2156 1057 anima
2188 1002 2326 1057 intra
2366 1003 2642 1058 seusibilia
2669 1015 2724 1060 et
2751 1006 3021 1062 mundana
3042 1007 3135 1075 sit,
3163 1025 3282 1080 qua:
3314 1026 3468 1067 men-

1865 1103 1972 1149 tem
2021 1095 2260 1150 hominis
2313 1110 2546 1164 capere,
2594 1105 2649 1151 et
2683 1097 2912 1168 quodam
2942 1100 3064 1154 sinu
3097 1103 3312 1172 pr0prio
3339 1118 3470 1159 con-

1861 1196 2154 1242 sueverunt
2197 1187 2492 1242 involvere.
2526 1186 2709 1243 Posito
2737 1204 2866 1260 ergo
2896 1190 3073 1247 adhuc
3111 1193 3164 1248 in
3192 1195 3470 1252 saeculari-

1861 1279 1983 1348 bus,
2031 1281 2123 1336 sed
2157 1290 2334 1337 tamen
2363 1283 2625 1353 querenti
2656 1299 2779 1339 eum
2812 1300 2907 1354 per
2938 1287 3069 1340 retia
3101 1303 3160 1342 se
3203 1290 3464 1347 ostendit.

1934 1374 2022 1428 5t.
2059 1374 2300 1446 Denique
2329 1375 2461 1430 dicit
2487 1375 2554 1430 ad
2595 1377 2831 1432 animam
2864 1378 3130 1448 ejusmodi
3158 1397 3171 1434 :
3201 1379 3462 1455 Exsurge,

1861 1464 1975 1518 veni
2021 1467 2260 1534 proxima
2303 1483 2414 1521 mea
2459 1466 2636 1539 (Cant.
2686 1485 2758 1536 li,
2809 1469 2921 1543 10).
2956 1469 3006 1525 id
3035 1482 3148 1537 est,
3177 1488 3412 1546 exsurge
3438 1491 3469 1529 a

1861 1555 2314 1614 delectationibus
2349 1559 2556 1628 mundi,
2581 1576 2811 1634 exsurge
2841 1578 2871 1618 a
2901 1563 3154 1630 terrenis,
3173 1575 3226 1619 et
3250 1567 3373 1620 veni
3402 1565 3469 1622 ad

1862 1667 1966 1718 me,
2001 1668 2119 1722 quae
2146 1653 2322 1708 adhuc
2352 1653 2592 1722 laboras,
2617 1666 2673 1711 et
2701 1666 2924 1713 onerata
2954 1673 3044 1727 es,
3074 1659 3198 1729 quia
3234 1659 3471 1715 sollicita

1860 1758 1920 1800 es
1949 1760 2067 1815 qu:e
2109 1754 2236 1799 sunt
2281 1745 2488 1802 mundi.
2545 1746 2674 1802 Veni
2706 1763 2869 1818 supra
2911 1751 3196 1815 mundum,
3230 1753 3350 1806 veni
3397 1750 3467 1807 ad

1861 1851 1968 1899 me,
1993 1837 2114 1907 quia
2139 1852 2241 1908 ego
2278 1837 2384 1893 vici
2421 1838 2700 1895 mundum.
2737 1840 2866 1896 Veni
2897 1857 3068 1913 prope
3093 1859 3178 1897 me
3204 1843 3314 1913 jam
3347 1844 3472 1914 pul-

1859 1931 1987 1986 chra
2020 1940 2241 1987 aeternae
2267 1932 2392 1987 vita:
2414 1931 2635 2000 decore,
2654 1933 2767 2002 jam
2794 1935 3066 2003 columba,
3099 1937 3150 1992 id
3177 1947 3284 2004 est,
3318 1937 3468 1994 mitis

1857 2033 2020 2093 atque
2075 2032 2375 2090 mansueta,
2420 2024 2532 2096 jam
2589 2034 2698 2080 tota
2747 2027 2904 2096 plena
2952 2030 3138 2099 gratiae
3181 2030 3467 2101 spiritalis.

1855 2115 1988 2173 Jure
2017 2133 2148 2188 ergo
2173 2120 2283 2188 jam
2315 2118 2446 2174 retia
2481 2119 2676 2176 timere
2704 2137 2810 2175 non
2856 2122 3038 2187 debet,
3081 2138 3202 2178 cum
3239 2125 3282 2180 is
3313 2135 3474 2182 vocet

1857 2211 1924 2264 ad
1953 2225 2012 2265 se
2041 2213 2296 2277 animam,
2321 2212 2414 2281 qui
2444 2214 2792 2270 tentamentis
2816 2223 2871 2270 et
2903 2216 3111 2272 retibus
3138 2218 3322 2274 mundi
3359 2235 3467 2275 non

1857 2303 2032 2373 potuit
2077 2303 2217 2374 capi.
2263 2302 2397 2359 Nam
2429 2319 2554 2361 cum
2602 2320 2700 2362 nos
2737 2307 2986 2364 homines
3026 2311 3370 2367 ambulemus
3411 2312 3468 2368 in

1859 2397 2040 2452 medio
2081 2399 2420 2472 laqueorum,
2451 2415 2546 2468 per
2588 2403 2952 2471 appetenliam
2982 2419 3120 2460 escae
3151 2407 3359 2462 retibus
3395 2406 3473 2462 si-

1857 2491 1971 2546 mul
1998 2500 2052 2546 et
2079 2491 2286 2561 laqueis
2307 2493 2526 2548 obnoxii
2558 2508 2770 2551 sumus.
2801 2495 2894 2551 Ille
2920 2496 3227 2568 incorpore
3259 2499 3470 2569 positus

1856 2584 1992 2638 retia
2022 2600 2126 2638 non
2156 2583 2403 2650 timebat,
2443 2585 2541 2642 sed
2577 2586 2852 2644 eminebat
2884 2605 3050 2660 super
3079 2590 3238 2657 retia,
3279 2591 3334 2647 id
3363 2601 3468 2662 est,

1859 2691 2022 2748 super
2048 2686 2378 2734 tentamenta
2419 2680 2627 2749 tnundi,
2657 2688 2713 2736 et
2736 2684 2983 2752 corporis
3011 2683 3323 2756 passiones;
3359 2685 3467 2740 im-

1860 2788 1949 2826 nto
1991 2781 2046 2828 et
2095 2773 2231 2827 alios
2277 2773 2518 2830 eminere
2553 2774 2803 2830 faciebat.
2856 2776 3093 2848 Ideoque
3125 2778 3291 2833 etiam
3327 2778 3472 2836 hanc

1859 2865 2094 2918 animam
2135 2863 2363 2920 fundare
2383 2865 2582 2933 volens
2611 2865 2830 2923 dicebat
2856 2883 2876 2920 :
2911 2868 3171 2942 Exsurge,
3203 2871 3318 2925 veni
3348 2888 3472 2944 pro-

1859 2959 2002 3012 xima
2031 2974 2168 3023 mea,
2201 2959 2309 3013 noli
2365 2959 2561 3015 timere
2586 2961 2746 3018 retia.

1933 3049 2024 3104 '55.
2072 3049 2194 3103 Jam
2237 3052 2486 3119 prwteriit
2521 3051 2701 3123 hyems
2723 3051 2921 3124 (Ιὺὶά.,
2953 3054 3062 3128 Η),
3097 3054 3149 3110 id
3177 3065 3284 3122 est,
3316 3058 3468 3113 venit

1861 3140 2082 3212 pascha,
2138 3143 2284 3198 venit
2326 3143 2695 3215 indulgentia,
2744 3151 2890 3201 venit
2917 3148 3170 3203 remissio
3217 3160 3470 3219 peccato-

163 3245 282 3300 nit?
332 3245 483 3301 Saltu
530 3244 761 3313 quodam
812 3245 963 3300 venit
1011 3245 1062 3300 in
1101 3244 1241 3300 hunc
1281 3245 1560 3300 mundum.
1607 3244 1762 3315 Apud
1789 3245 1835 3310 ρ
1868 3250 2022 3302 rum,
2053 3237 2290 3292 cessavit
2321 3239 2568 3304 tcntatio,
2601 3239 2774 3295 imber
2803 3239 2956 3308 abiit,
2993 3242 3231 3312 procella
3259 3243 3396 3299 abiit
3418 3252 3475 3300 et

160 3338 375 3395 Patrem
426 3347 576 3404 erat,
621 3337 672 3392 in
716 3337 1228 3409 Virginemvenit,
1259 3347 1314 3393 et
1353 3354 1418 3393 ex
1453 3337 1669 3408 Virgine
1710 3339 1762 3392 in

163 3444 408 3501 praesepe
445 3428 754 3485 transilivit.
804 3429 860 3484 In
904 3431 1133 3500 prmsepi
1179 3440 1318 3494 erat,
1347 3441 1400 3486 et
1441 3431 1678 3500 fulgebat
1707 3429 1764 3484 in

162 3523 330 3590 cteln,
379 3523 661 3578 descendit
689 3521 1093 3589 inJordanem,
1153 3524 1398 3580 ascendit
1440 3524 1492 3578 in
1519 3539 1760 3589 crucem,

163 3617 447 3674 descendit
491 3618 543 3672 in
592 3618 877 3683 tumttlum,
922 3618 1154 3672 surrexit
1188 3633 1218 3672 e
1259 3617 1487 3685 tumulo,
1519 3627 1574 3672 et
1609 3616 1764 3672 sedet

163 3712 230 3768 ad
275 3713 453 3767 Patris
480 3711 778 3766 dexteram.
822 3711 950 3766 Inde
985 3712 1135 3782 quasi
1170 3711 1426 3767 ltinnulus
1449 3727 1760 3776 cervorum,

164 3806 253 3876 qui
286 3805 557 3861 desiderat
583 3804 651 3859 ad
683 3803 859 3860 fontes
887 3820 1172 3876 aquarum,
1207 3805 1488 3862 descendit
1525 3805 1591 3859 ad
1625 3805 1762 3861 Pau-

165 3897 301 3962 lum,
333 3907 383 3951 et
404 3895 757 3966 circumfulsit
779 3912 924 3968 eum,
947 3907 1002 3952 et
1023 3897 1260 3952 exsilivit
1284 3912 1448 3966 super
1467 3896 1760 3954 Ecclesium

165 4000 428 4050 sanctam,
459 4003 581 4057 qua:
622 3997 706 4042 est
753 3987 942 4042 Bethel
965 4028 980 4052 ,
1025 3987 1166 4058 quod
1196 3987 1392 4041 dicitur
1421 3987 1614 4044 domus
1641 3989 1759 4046 Dei.

166 4079 320 4136 Pauli
351 4077 498 4134 enim
519 4079 732 4133 vocntio
760 4076 1016 4133 Ecclesia:
1047 4077 1319 4133 firmitudo
1343 4087 1445 4134 est.

163 4213 170 4218 -
238 4172 328 4228 52.
381 4170 542 4227 Venit
582 4185 729 4241 ergo,
773 4179 829 4225 et
869 4170 1043 4240 primo
1089 4180 1210 4241 post
1253 4170 1514 4241 parietem
1560 4179 1674 4235 est,
1707 4179 1765 4226 ut

167 4267 473 4325 inimicitias
502 4265 698 4320 anima).
737 4274 792 4321 et
818 4265 1064 4334 corporis
1093 4265 1290 4331 solvat,
1314 4265 1527 4320 sublato
1559 4265 1764 4335 pariete

165 4365 257 4435 qui
320 4360 764 4435 impedimentum
827 4359 1136 4416 conetirdiaa
1193 4359 1475 4416 videbatur
1523 4358 1760 4415 adferre.

167 4456 371 4513 Deinde
421 4453 679 4527 prospicit
722 4468 818 4524 per
858 4452 1145 4509 fenestras.
1185 4452 1318 4520 Quae
1356 4453 1468 4507 sint
1508 4452 1762 4508 fenestra:

165 4551 288 4606 audi
313 4551 625 4619 pmphetam
647 4547 916 4603 dicentem
934 4565 946 4600 :
977 4545 1242 4602 Fenestrte
1257 4557 1450 4618 apertae
1462 4547 1627 4621 366
1641 4558 1760 4604 sunt

1865 3330 2163 3407 quassatio.
2189 3330 2352 3392 .Ante
2397 3331 2687 3406 adventum
2732 3334 2935 3388 Christi
2974 3334 3166 3407 hyems
3205 3347 3324 3401 est.
3351 3347 3476 3409 post

1864 3422 2156 3478 adventum
2189 3423 2306 3494 ejus
2333 3424 2496 3480 ﬂores
2517 3437 2662 3481 sunt.
2691 3426 2845 3484 Unde
2871 3428 2944 3483 ait
2981 3447 2994 3484 :
3021 3427 3207 3486 Flores
3235 3432 3331 3486 visi
3351 3443 3474 3488 sunt

1863 3516 1921 3570 in
1953 3528 2091 3572 terra
2122 3515 2310 3589 (lbid.,
2349 3518 2458 3590 12).
2492 3518 2592 3574 Ubi
2628 3529 2758 3577 ante
2787 3521 2981 3592 spinae,
3013 3521 3086 3578 ibi
3109 3538 3252 3579 nunc
3285 3524 3472 3583 flores.

1867 3609 2111 3683 Tempus,
2148 3612 2336 3682 inquit,
2391 3615 2596 3668 secandi
2623 3615 2849 3671 advenit.
2879 3617 2978 3674 Ubi
3014 3629 3141 3674 ante
3169 3619 3468 3689 desertum,

1865 3702 1937 3758 ibi
1977 3719 2122 3760 nunc
2163 3706 2355 3760 messis
2405 3706 2659 3775 est._Vox
2689 3711 2909 3765 turturis
2935 3711 3114 3766 audita
3142 3723 3218 3768 est
3253 3714 3306 3768 in
3334 3725 3476 3770 terra

1862 3805 2059 3851 nostra.
2110 3797 2252 3852 Bene
2287 3798 2494 3853 addidit
2526 3801 2824 3871 pronlteta,
2857 3802 3078 3870 Nostra,
3112 3807 3262 3876 quasi
3295 3807 3473 3864 admi-

1866 3905 1992 3944 rans
2017 3890 2162 3960 quod
2195 3891 2282 3946 ubi
2311 3879 2437 3947 ante
2460 3892 2818 3963 impudicitia,
2851 3894 2922 3950 ibi
2951 3913 3093 3954 nunc
3120 3899 3362 3954 castitas.

1937 3983 2024 4038 56.
2059 3981 2222 4037 Ficus
2273 3986 2487 4054 protulit
2535 4003 2740 4056 grossos
2781 4004 2902 4042 suos
2951 3987 3145 4059 (Ibid.,
3198 3991 3309 4063 15).
3343 3992 3475 4060 Qua:

1863 4083 1990 4129 ante
2018 4075 2170 4144 quasi
2203 4075 2533 4131 infructuosa
2562 4077 2854 4146 jubebatur
2886 4082 3088 4147 excidi,
3123 4082 3240 4137 hate
3263 4082 3474 4140 fructus

1866 4165 2012 4221 ferre
2033 4165 2145 4236 jam
2167 4168 2351 4238 coepit.
2375 4167 2480 4224 Sed
2506 4168 2636 4240 quid
2657 4169 2874 4238 dubitas
2898 4173 3022 4243 quia
3051 4188 3273 4245 grnssos
3298 4175 3474 4231 dixit?

1868 4259 2082 4316 Priores
2098 4260 2342 4329 discutit,
2361 4272 2418 4317 ut
2438 4265 2766 4332 posteriores
2789 4266 3044 4323 meliores
3057 4268 3287 4324 adferat.
3311 4269 3474 4326 Gros-

1866 4369 1961 4412 sns
2004 4356 2143 4412 sicut
2182 4357 2482 4430 Synagoga:
2512 4358 2720 4416 fructus
2747 4361 3001 4433 abjicitur
3035 4380 3048 4417 :
3086 4362 3346 4422 Ecclesia:
3374 4381 3471 4420 au-

1867 4456 1972 4505 tem
1999 4459 2311 4506 renovatur.
2381 4473 2383 4476 ⁴

1936 4545 2027 4600 57.
2061 4545 2130 4600 Ει
2154 4546 2402 4616 quamvis
2439 4547 2596 4616 plena
2626 4550 2986 4621 tranquillitas
3017 4551 3110 4618 sit,
3139 4560 3194 4608 et
3222 4550 3477 4610 adoleve-

166 4642 515 4710 cCa'lo(Esai.
539 4641 813 4707 xxtv,18).
834 4639 1131 4708 Prophetas
1148 4641 1332 4711 utique
1353 4642 1640 4712 signihcat,
1663 4660 1756 4712 per
1784 4641 1838 4704 D
1863 4637 1968 4692 rint
2019 4637 2276 4708 mysteria
2302 4679 2318 4707 ,
2371 4639 2568 4694 iterum
2618 4649 2798 4696 tamen
2838 4641 2982 4709 dicit
3011 4659 3025 4697 :
3067 4644 3238 4715 Surge
3291 4661 3476 4700 secura

168 4753 306 4806 quos
334 4737 790 4806 Dominus-genus
813 4743 839 4772 ει
867 4735 1105 4805 respexit
1127 4734 1422 4791 humanum
1448 4737 1760 4810 priusquam

168 4827 224 4883 in
254 4837 426 4882 terras
451 4831 564 4897 ipse
594 4827 968 4890 descmderet.
1071 4881 1076 4886 .
1309 4884 1320 4894 ,
1443 4885 1446 4890 ,
1743 4887 1746 4890 .

242 4918 331 4973 55.
366 4919 431 4973 Et
459 4918 617 4974 hodie
646 4920 689 4974 si
733 4935 837 4990 qua
864 4934 988 4975 eum
1017 4920 1196 4975 anima
1223 4920 1454 4976 multum
1487 4924 1759 4993 requirat,

168 5011 396 5070 multum
433 5011 730 5067 merebitnr
775 5011 1200 5077 misericordiae;
1229 5014 1482 5082 quoniam
1511 5015 1600 5085 qui
1628 5016 1766 5072 mul-

169 5113 282 5160 tum
304 5105 548 5175 requirit,
569 5104 857 5174 plurimum
879 5103 1112 5160 debetur
1131 5105 1204 5182 ei.
1231 5104 1285 5160 Si
1309 5121 1413 5175 qua
1437 5121 1566 5177 ergo
1584 5109 1764 5163 anima
1811 5134 1818 5138 -

169 5210 294 5274 eum
334 5197 632 5270 studiosius
655 5203 904 5266 quaerat,
941 5199 1097 5268 longe
1125 5197 1276 5252 audit
1305 5213 1494 5253 vocem
1524 5199 1638 5270 ejus
1669 5219 1682 5254 :
1709 5208 1766 5256 et

168 5289 415 5359 quamvis
445 5287 512 5343 ab
535 5287 654 5341 aliis
681 5289 934 5358 requirat,
962 5287 989 5326 δ
1020 5303 1130 5358 pra:
1168 5289 1298 5359 ipsis
1326 5305 1356 5344 a
1385 5291 1581 5361 quibus
1613 5307 1763 5362 quae.-

167 5384 262 5448 rit,
289 5379 440 5436 audit
463 5396 648 5438 vocem
676 5382 814 5451 ejus.
851 5381 1010 5438 Videt
1033 5399 1154 5440 eum
1175 5385 1465 5460 (salientem
1493 5387 1560 5442 ad
1582 5403 1644 5444 se
1673 5403 1763 5443 ve.

168 5477 309 5542 nire,
341 5473 392 5528 id
420 5482 523 5540 est,
550 5484 925 5544 properantem
953 5485 1113 5546 atque
1141 5490 1473 5548 currentem,
1506 5491 1560 5538 et
1589 5491 1766 5538 trans-

169 5567 412 5624 ilientem
438 5581 533 5623 eos
559 5569 648 5637 qui
680 5565 895 5622 inlirmo
922 5568 1086 5624 corde
1122 5563 1377 5628 virtutem
1419 5559 1538 5644 ejus
1569 5591 1765 5647 capere

245 5696 271 5724 ει
306 5685 460 5760 Edit.
495 5683 745 5760 quasdam
798 5685 1004 5760 Paris.,
1047 5687 1115 5760 ad
1157 5704 1318 5760 genus
1351 5692 1568 5754 respexit
1594 5691 1768 5745 Imma.

174 5771 296 5812 nunt
319 5781 340 5825 ,·
383 5758 679 5829 priusquam
719 5758 852 5829 ipse
876 5757 1202 5812 descenderet
1226 5801 1242 5826 ,
1273 5770 1321 5814 et
1346 5761 1545 5816 locutus
1583 5774 1678 5817 est.
1709 5763 1766 5818 In

173 5841 288 5886 ant.
333 5828 513 5887 autem
551 5830 684 5886 edit.
743 5828 901 5887 deest
941 5835 1192 5902 respexit,
1224 5847 1289 5888 ac
1332 5831 1572 5904 vocula,"
1606 5844 1676 5890 et.
1711 5835 1768 5891 In

1864 4729 2025 4804 367
2045 4733 2390 4804 integumento
2409 4742 2565 4808 petra:
2591 4733 2778 4807 (fbid.,
2805 4735 2920 4809 14),
2947 4737 2996 4793 id
3023 4747 3126 4804 est,
3157 4747 3265 4794 tuta
3292 4739 3478 4810 pra:si-

1866 4824 1958 4877 diu
2001 4826 2273 4896 passionis
2326 4841 2486 4893 meae,
2531 4837 2586 4882 et
2631 4826 2758 4884 fidei
2799 4816 3157 4887 munimento.
3205 4831 3479 4887 Suxerunt

1868 4917 2012 4972 enim
2067 4919 2172 4974 mel
2214 4919 2282 4975 de
2331 4930 2514 4991 petra,
2559 4929 2616 4977 et
2641 4922 2922 4989 oleumde
2951 4925 3258 4981 firmissima
3295 4935 3471 4994 petra.

1870 5009 1985 5066 Hoc
2021 5012 2397 5082 integumento
2443 5015 2640 5070 animae
2669 5017 2882 5086 piorum
2915 5019 3150 5083 indutaa,
3175 5016 3286 5087 jam
3317 5017 3475 5072 nudze

1873 5123 1978 5162 non
2013 5119 2170 5174 sunt,
2208 5119 2264 5165 et
2317 5109 2434 5166 haec
2463 5111 2571 5166 illis
2610 5122 2694 5168 est
2742 5113 3104 5184 praemunitio.
3149 5110 3383 5180 Ideoque
3421 5120 3478 5166 et

1871 5203 2000 5259 huic
2025 5204 2222 5260 anima:
2247 5203 2357 5282 ait:
2393 5201 2464 5260 Et
2492 5207 2606 5283 ueni
2631 5215 2706 5275 tu,
2732 5207 2970 5262 columba
2982 5221 3112 5270 mea,
3129 5205 3475 5275 integumento

1867 5305 2027 5368 petra:
2041 5299 2199 5370 juxta
2227 5299 2697 5367 prwmunitionent,
2723 5299 2931 5354 ostende
2955 5299 3081 5353 mihi
3098 5299 3284 5370 facient
3306 5309 3472 5364 tuam,

1866 5401 1911 5447 et
1949 5393 2158 5448 insinua
2196 5371 2574 5454 vocemtuain.
2595 5395 2852 5449 llnrtatur
2878 5393 2945 5449 ad
2971 5392 3385 5454 confidentiam,
3416 5401 3476 5447 ut

1869 5501 1976 5541 non
2008 5489 2298 5545 erubescat
2325 5503 2544 5546 crucem
2573 5487 2800 5562 Christi,
2839 5503 2939 5544 nec
2969 5487 3086 5559 ejus
3111 5486 3472 5565 signaculum.

1871 5579 2128 5637 Hortatur
2173 5583 2241 5638 ad
2271 5581 2708 5650 confessionem,
2737 5581 2855 5636 vult
2891 5595 3081 5637 omnes
3123 5577 3477 5637 insidiasdc-

1874 5708 2004 5766 mss.
2026 5709 2162 5766 vero
2190 5695 2388 5766 legitur
2417 5705 2476 5750 ut
2505 5695 2559 5749 in
2583 5699 2868 5766 contextu.

1946 5764 1972 5802 ι’
2007 5765 2208 5840 Omnes
2250 5763 2504 5840 edit.,_ab
2539 5764 2659 5836 aliis
2681 5765 2996 5840 requiratur,
3028 5781 3135 5840 pra:
3161 5763 3286 5834 ipsis
3307 5782 3338 5819 a
3363 5765 3477 5836 qui-

1875 5836 1968 5921 bus
1986 5839 2255 5909 quan-itur,
2278 5836 2385 5896 ctc.
2408 5837 2534 5895 Mss.
2561 5851 2592 5894 e
2613 5836 2910 5925 contrario,
2927 5836 2992 5892 ab
3008 5839 3080 5895 eis
3098 5839 3346 5912 requirat,
3367 5847 3477 5899 etc.
