4082 6370
607 215 716 290 bis

1927 209 2172 283 SANCTi
2209 217 2534 284 AIIBROSII
3891 225 3974 282 Sit?

603 348 843 415 moveri;
888 356 946 405 ut
974 349 1144 406 bonus
1172 347 1308 405 odor
1350 347 1473 405 lldei
1499 349 1690 419 spiret,
1726 356 1786 405 ut
1813 347 1930 405 dies
1973 349 2195 420 fulgeat,
2225 356 2462 418 Ascunt
2496 347 2701 405 videre.
2749 345 2900 404 Unde
2943 345 3139 403 Petrus
3164 345 3245 400 ait
3279 361 3293 399 :
3351 339 3640 398 Nuntiata
3701 351 3866 402 sunt,
3917 345 3974 392 in-

605 451 662 496 ut
705 442 947 497 adversm
997 441 1169 496 noctis
1199 443 1386 498 umbra
1427 457 1534 498 non
1567 452 1788 509 noceat;
1817 444 2073 514 quoniam
2113 443 2206 514 qui

602 533 750 604 juxta
789 535 1059 590 Christum
1103 545 1188 591 est
1226 536 1394 592 dicit:
1438 535 1564 593 Nox
1591 543 1872 610 praeessit,
1901 539 2008 593 dies
2039 549 2208 593 autem

598 626 1031 698 appropinquavit
1059 625 1237 697 (Rom.
1285 644 1441 692 χχιιι.
1476 630 1589 700 η).
1621 631 1714 686 Est
1738 639 1792 686 et
1817 631 2003 686 umbra
2031 646 2208 687 saecu-

601 718 791 774 larium
814 736 934 788 «inae
966 724 1248 791 praueriit,
1277 734 1333 780 et
1355 724 1473 781 dies
1498 723 1805 782 calestium
1836 725 2087 782 Christus
2116 725 2210 798 qui

601 813 806 868 sanctis
853 813 965 870 suis
1004 815 1169 872 lucet.
1211 814 1426 888 Accipit
1454 817 1573 875 haec
1598 820 1778 874 anima
1810 819 1951 876 bona
1983 818 2208 893 pignora

602 909 903 965 charitatis.

1245 1045 1474 1108 CAPUT
1520 1048 1581 1107 V.

605 1160 841 1232 Sponsus
869 1162 1040 1219 denuo
1069 1162 1344 1236 sublapsus
1372 1163 1435 1218 ab
1462 1163 1636 1219 anima
1669 1163 1719 1219 in
1763 1162 1926 1220 cubili
1950 1163 2004 1218 in
2035 1161 2212 1219 nocti-

671 1257 772 1314 bus
795 1299 809 1322 ,
849 1265 982 1324 etc.,
1010 1259 1275 1312 incassum
1322 1259 1608 1328 quaeritur;
1641 1267 1687 1313 et
1723 1257 1917 1329 quare?
1955 1255 2102 1311 Idem
2133 1266 2212 1311 ta-

676 1366 790 1405 men
838 1360 1016 1421 postea
1048 1351 1308 1405 inuenitur
1325 1367 1344 1420 ;
1374 1351 1631 1421 quomodo
1663 1352 1771 1421 ipse
1799 1350 1956 1405 teueri
1985 1349 2212 1404 debeat?

678 1441 833 1499 Hunc
877 1444 1065 1498 deinde
1093 1461 1206 1498 cum
1249 1461 1439 1514 sponsa
1463 1461 1490 1500 e
1524 1445 1724 1499 deserto
1754 1445 2118 1499 ascendentem
2147 1443 2214 1513 ﬁ-

677 1536 762 1590 lia:
798 1535 1092 1591 Jerusalem
1118 1538 1393 1603 miramur,
1427 1546 1576 1609 atque
1615 1535 1683 1591 ad
1720 1537 2004 1592 thalamum
2035 1551 2213 1606 prose-

677 1637 810 1682 cutae
863 1625 1198 1700 epithalamio
1244 1629 1516 1684 celebrant.
1569 1627 1692 1698 Ipse
1740 1644 1937 1699 quoque
1983 1626 2214 1682 animam

675 1705 889 1790 propius
929 1730 1160 1775 vocatam
1195 1721 1350 1775 variis
1382 1719 1623 1776 laudibus
1652 1730 1888 1775 exornat.

675 1833 765 1890 58.
795 1833 995 1890 Tertius
1015 1837 1201 1892 anima:
1224 1837 1713 1910 processus.-—Sed
1737 1838 1861 1908 quia
1875 1853 2092 1907 semper
2105 1837 2215 1893 sol-

601 1927 732 1984 liciti
761 1944 882 1983 esse
908 1930 1191 1996 debemus,
1221 1945 1435 2000 semper
1468 1933 1696 1997 intenti;
1735 1941 1791 1986 et
1819 1929 1943 2002 quia
1974 1929 2210 1985 Verbum

608 2022 699 2078 Dei
715 2023 856 2078 sicut
877 2025 1124 2094 capreola
1139 2027 1342 2094 exsilit,
1362 2035 1456 2081 aut
1468 2027 1609 2082 sicut
1631 2026 1884 2081 Itiunulus
1899 2040 2208 2095 cervorum,

600 2133 817 2189 semper
839 2118 1024 2189 vigilet
1042 2120 1244 2186 anima,
1262 2129 1319 2176 et
1342 2120 1642 2190 praetendat
1663 2135 1783 2189 quae
1812 2119 2038 2190 requirit
2060 2133 2207 2185 eum,

598 2227 651 2271 et
673 2231 794 2288 quae
818 2227 1004 2272 tenere
1025 2217 1319 2272 desiderat.
1345 2215 1473 2271 ideo
1494 2217 1647 2287 quasi
1671 2215 1986 2285 sublapsum
2001 2215 2126 2282 sibi,
2144 2214 2213 2269 In

596 2309 775 2372 cubili.
797 2312 984 2382 inquit,
1003 2327 1136 2376 meo,
1149 2311 1204 2364 in
1217 2310 1449 2365 noctibus
1467 2309 1678 2379 quwsivi
1690 2325 1838 2380 quem
1850 2309 2026 2364 dilexit
2041 2310 2213 2363 anima

596 2421 728 2459 mea.
757 2406 859 2474 Qui
887 2407 1026 2461 bene
1053 2405 1270 2476 quierit,
1300 2405 1357 2459 in
1385 2403 1551 2459 cubili
1599 2414 1828 2474 quaint,
1863 2404 1917 2458 in
1963 2403 2213 2458 noctibus

597 2507 835 2568 qumrat,
877 2512 980 2553 nec
1019 2497 1137 2553 dies
1180 2497 1424 2562 feriatus,
1455 2511 1634 2568 neque
1663 2505 1848 2552 noctes
1876 2497 1965 2552 sit.
1994 2495 2210 2552 Nullum

601 2599 813 2661 tempus
841 2601 992 2644 vacet
1014 2605 1045 2644 a
1068 2590 1281 2660 pietatis
1304 2591 1361 2642 nl
1365 2588 1513 2654 licio;
1539 2600 1592 2645 et
1617 2589 1661 2644 si
1683 2605 1788 2644 non
1814 2590 2086 2645 invenerit
2105 2590 2214 2657 pri-

603 2699 714 2747 mo,
734 2691 1044 2752 perseveret
1058 2685 1110 2736 in
1127 2681 1475 2752 requirendo.
1492 2681 1726 2752 ideoque
1738 2683 1863 2736 dicit
1883 2699 1896 2735 :
1916 2681 2214 2755 Exsurgam

594 2777 791 2848 itaque,
825 2787 872 2831 et
903 2791 1130 2848 quierant
1152 2776 1206 2830 in
1236 2775 1458 2840 civitate,
1491 2776 1545 2828 in
1569 2777 1705 2846 foro,
1736 2776 1790 2829 in
1821 2775 2008 2848 plateis
2031 2774 2206 2847 (Cant.

601 2889 682 2939 ιιι,
725 2871 808 2944 2).
849 2873 912 2927 Et
941 2871 1175 2927 fortasse
1206 2869 1330 2927 ideo
1369 2885 1477 2926 non
1507 2869 1722 2926 invenit
1751 2869 1962 2934 adhuc,
2001 2870 2126 2941 quia
2155 2869 2211 2924 in

597 2967 716 3022 l‘oro
745 2966 1017 3037 quaesivit,
1050 2965 1138 3020 ubi
1170 2965 1292 3020 lites
1317 2973 1473 3031 sunt;
1500 2964 1554 3020 in
1580 2964 1798 3032 plateis,
1830 2963 1918 3019 ubi
1953 2961 2211 3018 nundinae

597 3078 780 3120 rerum
826 3060 1122 3117 venalium.
1175 3057 1291 3114 Non
1339 3059 1481 3114 enim
1537 3058 1643 3114 ulla
1683 3056 1935 3113 Christus
1984 3057 2214 3129 pecunia

599 3166 968 3229 comparatur.

670 3253 761 3309 39.
798 3253 1093 3308 Possumus
1122 3257 1178 3307 et
1225 3250 1305 3306 sic
1347 3248 1672 3318 intelligere.
1721 3246 1780 3306 in
1811 3247 1974 3304 cubili
2012 3246 2208 3319 quan-it

600 3347 880 3404 Christum
902 3389 916 3412 ,
946 3361 1066 3417 qua:
1093 3345 1289 3418 quierit
1317 3359 1440 3400 eum
1481 3341 1606 3399 'cum
1641 3342 2050 3413 tranquillitate.
2081 3357 2204 3397 cum

599 3457 755 3513 pace.
787 3441 846 3498 In
876 3443 1125 3498 noctibus
1151 3441 1363 3512 quaerit,
1395 3439 1647 3511 quoniam
1681 3454 1776 3508 per
1807 3439 2094 3509 parabolas
2124 3439 2208 3495 l0-

600 3535 885 3608 quebatur.
931 3536 1120 3590 Posuit
1159 3536 1305 3590 enim
1335 3535 1589 3590 tenebras
1625 3533 1906 3588 latibulum
1935 3547 2122 3599 suum;
2152 3541 2209 3589 et

601 3645 708 3686 nox
753 3631 900 3685 nocti
943 3628 1142 3684 indicat
1190 3629 1496 3684 scientiam.
1549 3626 1755 3682 Deinde
1802 3630 2058 3698 quoniam
2085 3642 2206 3698 quae

600 3722 830 3779 dicimus
864 3724 916 3778 in
948 3724 1113 3778 corde
1154 3731 1342 3778 nostro
1364 3763 1378 3788 ,
1408 3737 1470 3777 ea
1500 3736 1598 3777 nos
1625 3735 1990 3792 compungere
2023 3722 2075 3777 in
2113 3737 2208 3777 cu-

599 3817 798 3874 bilibus
835 3817 1057 3875 debent.
1108 3815 1217 3873 Sed
1267 3826 1448 3872 tamen
1492 3831 1590 3872 nec
1617 3815 1696 3870 sic
1736 3814 1967 3881 invenit,
1999 3823 2053 3870 et
2083 3815 2206 3871 ideo

595 3912 727 3970 dicit
759 3930 772 3966 :
805 3909 1129 3985 Exsurgam,
1182 3911 1233 3967 id
1263 3920 1369 3980 est,
1410 3913 1636 3983 erigam,
1667 3918 1722 3965 et
1747 3909 1990 3965 attollam
2023 3909 2206 3965 inten-

599 4006 801 4060 tionem
832 4019 1028 4070 meam,
1056 4013 1114 4060 ut
1134 4018 1373 4075 quaeram
1399 4001 1649 4075 impigre,
1671 4017 1909 4073 quwram
1934 4001 2163 4058 sollicite
2188 4021 2201 4056 :

599 4097 835 4152 introiho
866 4100 918 4151 in
949 4097 1246 4152 civitatem.
1280 4095 1378 4151 Est
1403 4103 1458 4152 et
1481 4098 1660 4152 anima
1691 4109 1815 4167 quae
1859 4095 1992 4151 dicit
2030 4111 2044 4150 :
2091 4094 2206 4167 Ego

598 4189 781 4268 ciuitas
829 4189 1060 4254 munita,
1093 4204 1185 4258 ego
1215 4189 1394 4242 civitas
1434 4188 1637 4242 obsessa
1678 4186 1848 4260 (Esai.
1898 4203 2073 4252 xxvn.
2118 4188 2199 4260 5).

600 4280 697 4336 Est
722 4281 911 4335 civitas
941 4282 1147 4334 munita
1179 4295 1276 4350 per
1304 4279 1579 4334 Christum
1599 4321 1619 4342 .
1640 4291 1722 4335 est
1749 4281 1939 4335 civitas
1968 4281 2057 4336 illa
2083 4283 2206 4338 Hie-

603 4372 837 4428 rusalem
869 4373 924 4427 in
952 4373 1093 4428 ('(Blo
1129 4372 1183 4426 in
1219 4388 1322 4443 qua
1352 4372 1630 4427 abundant
1656 4372 1851 4427 divina:
1875 4373 2008 4444 legis
2036 4375 2205 4430 inter-

601 4477 813 4539 pretes,
858 4478 914 4522 et
957 4465 1241 4535 disciplina
1297 4464 1498 4535 periti:
1548 4481 1643 4536 per
1682 4479 1780 4520 eos
1822 4466 2062 4522 Veritum
2109 4468 2202 4522 Dei

600 4561 878 4632 quzcritur.
934 4557 1201 4625 Qureram,
1232 4557 1426 4629 inquit,
1464 4560 1518 4613 in
1553 4559 1666 4629 [ora
1699 4560 1840 4615 illius
1866 4560 2120 4626 civitatis,
2150 4562 2204 4615 in
2233 4556 2286 4616 D
2313 4563 2400 4615 nui
2429 4559 2567 4626 eum,
2599 4570 2646 4616 et
2672 4575 2776 4615 non
2800 4561 3061 4615 dimittam
3085 4558 3261 4632 (Cant.
3293 4573 3375 4626 ιιι,
3401 4558 3483 4627 4),
3506 4557 3650 4613 sicut
3667 4555 3874 4612 dicebant

600 4656 694 4713 illo
729 4653 849 4710 foro
876 4654 964 4710 ubi
997 4662 1226 4709 tractant
1245 4651 1366 4724 jura
1395 4655 1653 4722 consulti,
1684 4653 1776 4711 ubi
1804 4655 1985 4711 oleum
2012 4654 2204 4711 vendi-

602 4755 709 4816 tur,
731 4747 873 4820 quod
905 4745 1245 4816 Evangelica:
1273 4747 1507 4817 virgines
1530 4757 1719 4802 emunt
1744 4746 1961 4822 (Matth.
1990 4763 2123 4815 xxv,
2143 4747 2201 4818 9)

599 4849 662 4897 ut
687 4857 900 4911 semper
929 4841 1073 4894 faces
1102 4851 1213 4892 suae
1241 4838 1473 4906 luceant,
1499 4855 1598 4896 nec
1628 4855 1720 4896 eas
1742 4840 1922 4896 fumus
1951 4841 2203 4912 iniquita-

599 4935 668 4994 tis
713 4935 1007 5004 extinguat.
1056 4928 1328 4996 Quanam,
1375 4930 1582 5001 inquit,
1611 4933 1665 4986 in
1703 4933 1884 5001 plateis
1915 4933 1969 4987 in
2006 4933 2206 5004 quibus

598 5027 934 5098 superﬂuunt
956 5035 1109 5095 aqua:
1129 5023 1200 5078 de
1219 5022 1324 5078 illis
1340 5021 1578 5078 fontibus
1592 5036 2023 5094 prorumpentes,
2037 5024 2206 5096 368

599 5121 666 5177 de
691 5122 888 5195 quibus
909 5120 1166 5178 Salomon
1187 5117 1318 5173 dicit
1336 5131 1456 5172 esse
1477 5117 1770 5188 potandum
1793 5117 1978 5190 (Prov.
2003 5135 2057 5183 v,
2085 5121 2202 5192 15).

669 5219 758 5273 40.
793 5219 926 5272 Dum
965 5216 1163 5288 quaerit
1194 5216 1354 5287 igitur
1380 5214 1682 5282 Christum,
1715 5214 1922 5272 invenit
1949 5216 2206 5274 custodes

599 5312 688 5377 qui
720 5310 774 5365 in
806 5308 1108 5364 ministerio
1138 5318 1294 5376 sunt,
1319 5307 1389 5363 ab
1428 5306 1516 5363 his
1553 5307 1782 5377 requirit
1805 5307 1979 5379 (Cant.
2008 5321 2089 5375 tu,
2118 5308 2200 5382 ὅ).

600 5396 705 5456 Sed
737 5403 914 5458 anima
942 5417 1064 5473 quae
1108 5400 1274 5456 Deum
1296 5401 1512 5473 quaerit,
1545 5401 1710 5456 etiam
1741 5401 1997 5458 custodes
2024 5412 2204 5460 trans-

601 5489 661 5546 it.
700 5495 839 5552 Sunt
883 5499 1028 5552 enim
1085 5494 1342 5566 mysteria
1367 5510 1490 5568 qua;
1517 5492 1680 5550 etiam
1711 5493 1904 5564 Augeli
1931 5496 2197 5567 concupi-
2239 5575 2266 5594 .

619 5686 636 5708 ἶ
671 5631 878 5708 fRom.
909 5635 1040 5708 edit.
1072 5649 1138 5691 ex
1167 5651 1272 5690 uno
1295 5627 1423 5708 Vat.
1454 5631 1908 5708 cod.,_veniamtts
1937 5631 2005 5694 ad
2036 5633 2189 5708 Mag-

601 5695 856 5771 daleuam,
882 5707 1143 5762 veniamus
1163 5711 1211 5761 et
1235 5704 1304 5764 ad
1329 5707 1549 5763 alteram
1575 5695 1822 5763 Mariam.

671 5767 698 5807 ¹³
725 5767 855 5842 Quae
898 5776 1207 5834 inseruntur
1247 5777 1390 5835 inter
1412 5793 1608 5848 voces,
1649 5787 1706 5834 tu
1748 5785 1894 5844 tene,
1944 5783 2020 5844 et,
2060 5775 2194 5833 dixit

2305 445 2442 516 quit,
2474 445 2612 498 uobis
2652 458 2742 515 per
2793 457 2879 498 eos
2923 441 3107 514 quibus
3145 438 3737 513 Euangetiuwmt.
3778 433 3974 503 Spiritu

2313 546 2493 592 sancto
2513 537 2670 591 misso
2700 535 2764 592 de
2783 536 2932 602 emta,
2956 536 3011 590 in
3037 551 3188 604 quem
3217 531 3625 604 concupiscunt
3647 528 3857 600 angeli
3875 546 3974 597 pre-

2309 632 2507 704 spicere
2537 630 2581 700 (l
2616 629 2757 687 Petr.
2805 646 2846 698 ι,
2878 629 2991 701 Β).
3024 630 3167 702 Ergo
3193 627 3291 700 qui
3324 626 3640 682 transierit
3693 625 3972 687 custodes,

2311 723 2546 779 Verbum
2599 724 2826 780 invenit.
2872 722 3151 780 Transivit
3189 721 3535 787 Johannes,
3573 718 3681 792 qui
3733 715 3965 774 Verba;

2310 818 2450 890 apud
2476 828 2682 889 patrem
2706 819 2917 875 invenit
2946 817 3128 890 (.loan.
3156 833 3194 886 t,
3231 817 3312 890 l).

2381 912 2472 966 41.
2520 912 2669 967 Multi
2708 927 2923 984 quoque
2959 923 3086 968 sunt
3118 913 3210 983 qui
3257 913 3314 967 in
3346 911 3471 968 otio
3499 916 3802 982 quarunt
3831 907 3963 964 Cliti

2310 1015 2472 1071 stum,
2508 1017 2564 1062 et
2591 1021 2704 1062 non
2736 1006 3054 1076 inveniunt,
3085 1017 3140 1063 et
3169 1007 3470 1064 inveniunt
3503 1021 3651 1061 eum
3688 1006 3754 1060 in
3792 1019 3958 1076 perse-

2311 1097 2642 1166 cutiouibtts,
2675 1107 2732 1156 et
2755 1105 2867 1157 cito
2894 1100 3198 1156 inveniunt.
3231 1099 3304 1155 Et
3332 1100 3466 1156 ideo
3486 1102 3669 1171 quasi
3703 1110 3840 1168 post
3862 1110 3954 1152 ιωσ

2315 1191 2568 1259 taliones,
2590 1193 2712 1262 quia
2734 1193 2992 1265 periculis
3016 1192 3256 1249 lldellum
3280 1207 3517 1249 suorum
3550 1191 3740 1248 adest
3767 1209 3784 1245 :
3813 1191 3948 1258 ριςςε

2314 1286 2572 1340 modicum
2603 1286 2805 1358 inquit,
2840 1303 2958 1342 eum
2987 1286 3201 1342 tramitti
3230 1287 3298 1341 ab
3327 1289 3423 1353 eis,
3461 1286 3663 1342 inveni
3696 1301 3854 1347 an.

2315 1379 2406 1432 nui
2434 1393 2572 1445 eum,
2598 1389 2646 1434 et
2677 1394 2778 1434 non
2804 1379 2980 1434 dimisi
3003 1395 3117 1435 sunt
3146 1379 3325 1453 (Cant.
3351 1395 3435 1448 ut,
3462 1380 3550 1449 4).
3587 1379 3808 1434 Omnis
3828 1380 3938 1434 esse

2314 1471 2404 1541 qui
2435 1472 2664 1542 quaerit,
2696 1473 2935 1537 invenit;
2970 1482 3024 1529 et
3056 1475 3145 1546 qui
3175 1474 3499 1544 invenerit,
3530 1473 3851 1530 adhaerere
3873 1476 3936 1528 de.

2316 1563 2427 1629 bet,
2463 1579 2531 1619 ne
2562 1566 2734 1633 possit
2757 1565 3028 1621 amittere.

2385 1658 2473 1712 42.
2515 1657 2580 1712 Et
2605 1659 2860 1728 quoniam
2892 1675 2987 1730 per
3015 1659 3374 1731 Evangelium
3408 1661 3464 1716 in
3495 1661 3686 1718 torris
3717 1660 3926 1716 videam

2240 1752 2288 1814 Β
2317 1749 2557 1805 caelestia
2591 1751 2850 1823 mysteria
2883 1751 3142 1822 ﬁgurata.
3171 1761 3196 1790 ει
3229 1753 3524 1809 veniamus
3557 1754 3641 1808 ad
3674 1754 3829 1809 illam
3850 1755 3926 1808 H.2-

2316 1843 2451 1898 riam
2476 1881 2492 1910 ,
2546 1845 2832 1900 veniamus
2868 1854 2923 1900 et
2961 1845 3028 1900 ad
3062 1845 3464 1916 Magdalenam.
3511 1846 3921 1902 Concidet-eme

2315 1936 2770 2008 quemadmodum
2817 1938 3097 1994 Christum
3144 1938 3198 1994 in
3246 1940 3442 1995 cubili‘
3465 1942 3749 2011 corporis
3796 1940 3918 1996 cuiu

2315 2043 2424 2099 quo
2480 2027 2767 2086 defunctus
2811 2030 3068 2101 iacebat,
3129 2031 3183 2086 in
3240 2033 3501 2088 noctibus
3548 2035 3913 2103 qua-siverint:

2316 2120 2536 2190 quando
2573 2121 2713 2177 dixit
2756 2122 2864 2178 illis
2909 2123 3136 2194 angelus
3165 2141 3178 2178 :
3215 2123 3398 2180 Iesum
3426 2127 3521 2194 qui
3543 2128 3844 2200 συμμείξω
3867 2136 3913 2179 εει

2314 2218 2544 2288 queritis
2568 2234 2588 2272 :
2616 2235 2720 2274 non
2738 2228 2812 2274 est
2833 2217 2940 2287 hic,
2955 2222 3180 2276 surrexit
3205 2221 3364 2275 enim.
3393 2220 3542 2288 Quid
3566 2221 3748 2296 igitur
3768 2223 3913 2291 quii-

2314 2310 2378 2362 tis
2417 2309 2663 2364 uiuentem
2708 2327 2826 2365 eum
2867 2312 3081 2367 mortuis
3119 2310 3339 2385 (Matth.
3373 2327 3591 2379 xxvm,
3623 2315 3664 2370 5
3692 2324 3744 2368 et
3781 2312 3908 2382 seq)?

2320 2403 2458 2472 Quid
2482 2405 2725 2475 quaeritis
2755 2406 2810 2461 in
2837 2407 3132 2477 sepulchro
3151 2421 3274 2462 eum
3302 2409 3392 2477 qui
3419 2408 3541 2476 jam
3584 2407 3647 2461 in
3682 2407 3820 2463 celo
3837 2404 3908 2460 siti

2314 2499 2453 2564 Quid
2485 2499 2734 2567 quaeritis
2760 2500 2812 2554 in
2837 2500 3070 2557 vinculis
3091 2500 3388 2570 sepultura:
3412 2501 3810 2557 universorum
3830 2505 3907 2554 vis-

2315 2592 2436 2646 cula
2479 2592 2825 2648 solventem?
2864 2592 2983 2648 Non
3022 2592 3375 2665 sepulchrum
3409 2593 3555 2649 huic
3597 2595 3799 2661 aedes,
3840 2594 3901 2648 sed

2315 2688 2510 2743 emtum
2549 2697 2655 2743 est.
2689 2687 2816 2743 Ideo
2845 2688 2984 2744 dixit
3009 2704 3115 2744 una
3153 2702 3222 2744 ex
3260 2687 3390 2744 his:
3438 2688 3686 2756 ﬂumini
3724 2699 3900 2757 ειιιιι,τι

2317 2797 2419 2835 non
2445 2782 2613 2836 inueni
2635 2797 2748 2836 eum
2778 2781 2956 2854 (Cant.
2988 2797 3069 2849 ut,
3103 2781 3180 2854 1).

2388 2871 2481 2930 45.
2517 2873 2720 2928 Tamen
2747 2874 2875 2930 dum
2914 2874 3114 2930 vadunt
3141 2874 3420 2945 Apostolis
3450 2875 3751 2943 nuntiare,
3780 2873 3896 2930 raise-

2315 2978 2469 3024 ratus
2517 2981 2854 3039 quaerentes,
2903 2969 3129 3024 occurrit
3175 2969 3247 3026 eis
3284 2966 3443 3024 Iesus
3475 2970 3666 3025 dicens
3705 2986 3726 3025 :
3764 2971 3890 3025 Arae.

2316 3059 2436 3116 Illa:
2463 3071 2635 3117 autem
2661 3073 3006 3130 accesserunt,
3023 3073 3071 3117 et
3088 3073 3362 3117 tenuerunt
3383 3063 3545 3134 pedes
3567 3068 3717 3137 ejus,
3740 3076 3784 3118 et
3802 3064 3890 3117 ado-

2234 3152 2281 3217 C
2314 3170 2556 3212 raverant
2581 3173 2697 3213 eum
2725 3157 2941 3230 (Matth.
2976 3173 3169 3221 xxvut.
3197 3156 3276 3230 9).
3309 3157 3557 3214 Tenetur
3589 3175 3730 3232 ergo
3755 3159 3887 3222 λείξας.

2311 3252 2405 3306 sed
2443 3251 2747 3308 delectatur
2774 3253 2852 3307 sic
2877 3254 3075 3320 teneri,
3103 3251 3227 3323 quia
3254 3250 3362 3308 llde
3399 3261 3651 3309 tenetur.
3693 3253 3886 3321 Denique

2310 3344 2607 3412 delectavit
2629 3359 2754 3400 eum
2779 3355 2831 3398 ct
2863 3344 2956 3399 illa
2984 3345 3181 3400 mulier
3208 3361 3332 3417 quze
3360 3345 3546 3416 tetigit
3577 3361 3731 3412 eum,
3754 3356 3799 3401 et
3821 3361 3887 3400 ca.

2310 3446 2426 3492 rata
2451 3447 2533 3492 est
2560 3436 2840 3508 sanguinis
2863 3436 3032 3503 ﬂuxu,
3058 3437 3128 3493 de
3151 3451 3255 3508 qua
3279 3435 3425 3492 dixit
3457 3455 3470 3490 :
3500 3436 3710 3508 Tetigit
3732 3455 3802 3493 me
3819 3439 3888 3489 ali-

2309 3533 2458 3600 quis;
2487 3547 2606 3585 nam
2631 3533 2794 3586 sentio
2825 3533 3061 3586 uirtutem
3092 3532 3158 3586 de
3185 3548 3264 3586 me
3290 3535 3456 3586 exisse
3483 3530 3645 3604 (Luc.
3677 3547 3783 3595 vin,
3801 3529 3886 3596 itii.

2311 3623 2496 3697 Tange
2521 3639 2673 3694 ergo,
2703 3632 2760 3679 et
2791 3624 2896 3679 tidc
2932 3633 3057 3680 tene
3081 3639 3228 3690 eum,
3261 3633 3318 3680 et
3343 3626 3670 3694 constringe
3701 3623 3886 3678 ﬁdeliter

2310 3717 2478 3788 pedes
2517 3717 2665 3788 ejus;
2712 3726 2769 3772 ut
2801 3718 2973 3773 virtus
3000 3717 3069 3774 de
3097 3733 3164 3774 eo
3189 3725 3372 3782 exeat,
3405 3727 3460 3772 et
3491 3729 3654 3773 sanet
3684 3718 3880 3771 animam

2311 3817 2478 3865 tuam.
2533 3809 2600 3864 Et
2629 3809 2674 3865 si
2704 3809 2851 3866 dicat
2879 3828 2893 3865 :
2925 3808 3055 3864 Noli
3089 3825 3172 3863 me
3202 3819 3413 3880 tangere
3433 3807 3623 3880 (Joan.
3652 3825 3748 3876 xx,
3778 3809 3882 3876 li):

2315 3901 2344 3942 ι)
2395 3913 2451 3959 ιιι
2502 3913 2655 3971 tene;
2706 3903 2955 3960 Nondum
2983 3905 3118 3960 enim
3143 3904 3352 3958 accendi
3381 3903 3453 3958 ad
3497 3914 3700 3975 patrem
3729 3917 3879 3966 meum,

2314 3996 2453 4052 dixit
2478 3998 2671 4052 semel.
2706 3997 2891 4054 Dixit:
2925 3997 3054 4053 Noli
3091 4013 3173 4052 nte
3207 4006 3438 4068 tangere,
3475 3996 3695 4067 quando
3733 4010 3881 4052 resur-

2315 4090 2490 4145 rexit:
2514 4099 2608 4146 aut
2631 4091 2772 4148 forte
2790 4093 2863 4146 illi
2882 4091 3012 4148 dixit
3041 4105 3162 4163 qua:
3186 4090 3407 4162 putabat
3424 4089 3574 4146 furto
3597 4105 3716 4147 esse
3737 4091 3880 4145 subla-

2310 4193 2446 4254 tum,
2471 4195 2526 4242 et
2555 4201 2663 4241 non
2685 4188 2884 4243 virtute
2906 4185 3122 4258 propria
3145 4185 3558 4241 resuscitatuin.
3598 4186 3820 4254 Denique
3837 4182 3875 4235 in
3972 4182 3973 4252 j

2309 4278 2419 4334 alio
2457 4278 2598 4334 libro
2636 4279 2805 4335 habes
2825 4321 2839 4345 ,
2871 4281 2998 4351 quia
3025 4277 3335 4335 tenentibus
3364 4277 3537 4348 pedes
3565 4284 3624 4333 et
3647 4275 3876 4333 adoranti-

2311 4374 2409 4429 bus
2456 4372 2631 4429 dixit:
2687 4372 2868 4429 Nolite
2913 4375 3093 4428 timere
3134 4371 3350 4446 (Matth.
3389 4385 3597 4438 xxvttt,
3629 4373 3737 4442 10).
3764 4370 3875 4425 Tene
3972 4377 3973 4446 ξ

2308 4480 2438 4539 ergo
2467 4473 2524 4524 et
2550 4479 2606 4522 tu
2632 4468 2837 4532 anima,
2867 4468 3010 4523 sicut
3042 4429 3261 4522 tenebat
3282 4473 3339 4520 et
3364 4463 3557 4528 Maria,
3586 4475 3639 4520 et
3658 4463 3774 4519 dic:
3805 4460 3874 4516 Te-

2307 4655 2485 4711 amba:
2517 4673 2530 4708 :
2570 4654 2876 4710 Teneumus
2902 4661 2977 4710 te.
3008 4651 3159 4709 Vade
3186 4652 3254 4707 ad
3282 4652 3523 4718 Patrem,
3563 4650 3659 4706 sed
3686 4665 3781 4706 non
3803 4662 3870 4703 re-

2307 4749 2520 4820 linquas
2572 4749 2775 4816 Evam,
2807 4765 2876 4804 ne
2921 4750 3118 4804 iterum
3159 4746 3395 4800 labatur.
3429 4738 3632 4800 Tecum
3659 4759 3770 4800 eam
3792 4741 3869 4797 du-

2309 4845 2439 4909 cito,
2460 4843 2570 4913 jam
2600 4858 2708 4897 non
2739 4851 3037 4910 errantem,
3071 4841 3170 4896 sed
3191 4841 3440 4896 arborem
3464 4837 3592 4896 vita:
3617 4847 3866 4896 tenentem.

2308 4936 2462 5008 Rape
2503 4938 2611 4993 tuis
2650 4937 2877 5008 pedibus
2907 4936 3289 5002 inhaerentem,
3323 4945 3379 4991 ut
3408 4943 3590 4990 tecum
3616 4932 3865 4990 ascendat:

2315 5029 2425 5084 noli
2447 5045 2533 5085 me
2550 5030 2847 5096 dimittere,
2872 5037 2946 5088 ne,
2971 5029 3164 5085 iterant
3191 5041 3417 5097 serpens
3443 5039 3651 5084 venena
3674 5042 3756 5083 sua
3774 5025 3866 5081 ΐιιιιο

2308 5120 2423 5190 dat,
2449 5139 2517 5180 ne
2543 5126 2738 5180 iterum
2765 5132 2976 5194 quierat
3004 5123 3296 5180 femineum
3324 5123 3582 5179 mordere
3603 5124 3862 5193 vestigium,

2309 5224 2367 5271 ut
2406 5219 2716 5289 supplantet
2759 5217 2954 5274 Adam.
2999 5217 3149 5274 Dicat
3185 5233 3316 5290 ergo
3344 5216 3525 5272 anima
3556 5225 3644 5273 tua
3675 5235 3687 5272 :
3714 5217 3863 5273 Teneo

2309 5321 2383 5380 te,
2431 5324 2483 5370 et
2520 5315 2768 5373 inducam
2807 5327 2859 5374 te
2894 5317 2949 5373 in
2988 5317 3211 5373 domum
3253 5315 3444 5372 matris
3474 5329 3630 5380 meai,
3659 5317 3772 5373 etin
3795 5327 3861 5368 se.

2306 5416 2518 5464 cretum
2545 5409 2662 5480 ejus
2684 5420 2808 5482 quae
2839 5411 3091 5482 concepit
3116 5425 3233 5478 me;
3267 5419 3325 5465 ut
3356 5421 3675 5482 cognoscam
3699 5414 3861 5480 mystea

2305 5499 2387 5555 ria
2420 5509 2531 5570 tua,
2581 5513 2640 5559 ut
2685 5503 2933 5562 hauriam
2961 5513 3294 5562 sacramenta
3328 5513 3436 5561 tua.
3488 5503 3706 5577 Suscipe
3730 5503 3858 5576 igitur

2299 5635 2430 5720 ttoii,
2458 5633 2511 5695 in
2539 5642 2676 5720 edit._
2700 5635 3195 5706 desiderabantur:
3223 5643 3319 5703 sed
3347 5644 3594 5706 omnium
3613 5658 3730 5702 mss.
3749 5656 3853 5698 auc-

2299 5714 2518 5770 toritate
2547 5714 2797 5774 restituta
2825 5727 2975 5775 sunt.
