4082 6370
154 359 344 417 517⁴

1181 370 1188 378 -
1237 354 1328 411 ne
1369 353 1571 413 lSAAC
1611 349 1700 410 ET
1739 335 1957 412 ANiMA
1997 339 2203 410 usas
2242 352 2445 412 unus.

3391 351 3498 411 5l8

158 475 361 531 Evam
393 473 506 546 jam
538 488 646 529 non
676 470 918 530 ficulnea:
947 470 1087 528 foliis
1110 469 1448 542 adopertam,
1481 467 1577 525 sed
1608 477 1797 523 sancto
1825 471 1872 530 Α
1900 468 1954 522 in
1976 483 2188 538 regnum
2211 467 2312 534 ﬁlii
2329 465 2599 522 charitatis
2618 481 2728 523 sna.-
2750 465 2976 536 (Coloss.
3001 481 3041 532 ι,
3069 462 3178 537 15).
3201 463 3502 522 Charitatis

159 571 449 630 amictum
481 570 706 640 Spiritu,
737 575 792 623 et
822 581 956 622 nova
984 566 1152 638 gratia
1179 564 1502 636 gloriosam;
1536 562 1658 632 quia
1688 562 1797 631 iam

165 679 294 720 non
352 674 629 735 tamquam
671 661 836 733 369
875 659 1072 714 nudata
1113 655 1464 713 absconditur
1499 672 1513 710 :
1544 654 1639 710 sed
1665 662 1801 707 tam-

166 773 360 828 quam
396 754 728 814 circumdata
759 751 1068 808 vestimenti
1104 749 1394 821 splendore
1426 747 1680 820 fulgentis
1705 759 1800 800 oc-

170 851 389 920 currit,
419 851 541 926 quia
571 847 730 905 vestit
765 862 883 903 cant
913 847 1104 916 gratia.
1136 843 1244 900 Sed
1285 857 1384 899 nec
1421 842 1591 898 Adam
1623 840 1800 911 primo

177 944 377 1002 nudus
417 952 532 999 erat
581 941 794 1014 quando
839 955 962 997 eum
1009 939 1321 994 innocentia
1370 934 1635 992 vestiebat
1681 932 1802 1006 (De

182 1034 396 1093 Pwnit.
427 1035 549 1090 dist.
573 1035 629 1102 2,
661 1051 776 1105 cap.
806 1033 914 1090 Sed
934 1049 1025 1088 nec
1050 1029 1262 1105 Adam).

263 1132 364 1188 M.
410 1126 666 1186 Videnles
694 1130 875 1200 itaque
903 1143 1024 1184 eam
1057 1127 1177 1182 filim
1210 1122 1551 1182 llierusalem
1580 1120 1801 1178 Christo

174 1221 551 1278 inluercnteui
573 1265 588 1290 ,
619 1231 673 1277 et
700 1221 878 1277 adhuc
909 1219 1298 1276 ascendentem
1333 1232 1457 1273 cum
1487 1231 1552 1273 eo
1585 1216 1799 1290 (digna-

175 1325 274 1370 tur
307 1314 454 1371 enim
487 1301 860 1386 quaerentibus
893 1313 1208 1384 frequenter
1239 1325 1561 1378 occurrere,
1592 1316 1647 1364 et
1671 1323 1801 1363 con-

171 1408 526 1466 descendere
554 1417 615 1464 ut
644 1423 740 1464 eos
765 1406 981 1478 elevet)
1012 1405 1200 1461 dicunt
1226 1423 1240 1459 :
1289 1405 1417 1471 Qua:
1446 1412 1518 1458 est
1545 1403 1653 1458 hare
1686 1414 1802 1473 qua!

177 1509 204 1536 ιι
244 1502 490 1556 ascendit
523 1517 554 1554 a
586 1501 784 1554 deserto
814 1498 990 1570 (Cant.
1019 1513 1098 1565 ιιι,
1130 1497 1225 1567 6)?
1248 1497 1505 1552 Desertus
1531 1494 1617 1550 hic
1639 1505 1800 1550 terra:

178 1594 346 1651 locus
377 1605 431 1651 et
473 1595 709 1655 incultus
739 1595 980 1661 videtur,
1021 1593 1266 1648 sentibus
1291 1601 1346 1648 et
1376 1590 1551 1661 spinis
1585 1600 1800 1645 nostro-

181 1703 314 1742 rum
346 1687 558 1742 obsitus
580 1687 926 1742 delictorum.
960 1684 1221 1740 Mirantur
1249 1683 1503 1738 videiicet
1523 1679 1799 1755 quomodo

183 1783 375 1837 anima
407 1797 529 1849 qua:
559 1789 685 1837 ante
711 1781 740 1820 δ
770 1782 821 1836 in
853 1779 1067 1836 inferno
1096 1777 1594 1850 derelinqncbatnr,
1629 1775 1801 1830 inhae-

1908 562 2088 630 itaque
2120 561 2261 616 illius
2289 570 2345 617 et
2369 563 2486 632 ipse
2513 561 2752 617 charitas
2779 569 2884 628 est,
2911 577 3016 617 non
3039 577 3105 616 ex
3129 560 3502 616 accidentibus

1904 652 2110 708 habens
2136 653 2456 710 cbaritatetn
2482 672 2493 708 :
2523 655 2618 711 sed
2646 655 2849 710 habens
2876 670 3093 722 semper
3121 655 3172 708 in
3196 653 3501 709 substantia

1901 762 2000 802 sua
2045 748 2184 802 sicut
2232 763 2478 818 regnum,
2513 749 2583 805 de
2625 763 2734 819 quo
2773 748 2944 805 dicit:
2979 748 3092 820 Ego
3126 749 3182 803 in
3223 750 3320 803 hoc
3348 758 3500 802 natus

1901 855 2014 896 sum
2063 839 2250 913 (Joan.
2279 856 2430 910 xvm,
2467 843 2577 913 i7).
2613 841 2847 914 Ideoque
2892 843 3119 898 dicunt:
3149 839 3498 910 Egredimins’,

1903 932 1955 988 id
1984 941 2103 1001 est,
2126 933 2271 989 exite
2296 932 2365 988 de
2396 932 2854 989 sollicitudinibus
2879 944 2932 990 et
2953 934 3372 1004 cogitationibus
3395 946 3503 988 sae-

1903 1025 2031 1093 culi,
2060 1027 2204 1082 exite
2229 1025 2299 1081 de
2319 1025 2584 1096 angustiis
2613 1026 3013 1097 corporalibus,
3036 1027 3177 1082 exite
3199 1026 3269 1083 de
3290 1026 3502 1081 vanita-

1902 1122 2043 1177 tibus
2090 1123 2302 1190 mundi,
2353 1131 2412 1178 et
2460 1124 2641 1179 videte
2679 1140 2848 1196 quam
2886 1140 2984 1180 rex
3027 1125 3283 1195 paciﬁcus
3320 1125 3372 1178 in
3413 1122 3507 1180 die

1902 1213 2233 1284 sponsallum
2256 1230 2480 1270 suorum
2502 1216 2698 1271 habeat
2717 1215 3078 1282 charitatem;
3111 1232 3271 1286 quam
3299 1216 3503 1288 glorio-

1903 1317 1995 1359 sus
2015 1305 2274 1378 370m,
2296 1308 2418 1378 quia
2435 1309 2756 1378 corporibus
2779 1309 3237 1364 resurrectionem
3259 1309 3430 1371 dedit.
3448 1317 3506 1365 et

1903 1401 2114 1455 animas
2135 1401 2235 1456 sibi
2255 1401 2458 1473 junxit.
2487 1403 2611 1458 Haec
2634 1404 2811 1476 magni
2839 1411 2925 1460 est
2944 1419 3144 1459 corona
3165 1403 3502 1468 certaminis,

1905 1490 2009 1548 hoc
2039 1495 2361 1565 praclarum
2403 1510 2600 1550 mttnus
2637 1495 2973 1567 sponsalinm
3001 1494 3246 1563 Christi,
3287 1496 3507 1567 sanguis

1904 1584 2025 1655 ejus
2051 1597 2104 1641 et
2137 1589 2338 1658 passio.
2388 1588 2527 1656 Quid
2555 1589 2701 1645 enim
2735 1589 2859 1661 plus
2891 1593 3065 1660 potuit
3087 1589 3251 1653 dare,
3279 1589 3374 1662 qui
3399 1590 3504 1646 sibi

1902 1678 2064 1735 etiam
2087 1697 2193 1735 non
2215 1683 2473 1752 pepercit,
2499 1681 2525 1719 ἀ
2556 1691 2612 1740 et
2633 1699 2730 1755 pro
2754 1684 2910 1742 nobis
2933 1684 2987 1740 in
3010 1691 3241 1740 mortem
3265 1687 3506 1741 animam

1901 1786 2056 1827 suam
2089 1775 2316 1830 obtulit?

177 1883 307 1930 reat
335 1873 434 1928 Dei
467 1872 670 1940 Verbo,
703 1882 758 1928 et
786 1873 1094 1928 ascenderit
1125 1871 1261 1926 sicut
1291 1871 1415 1924 vitis
1449 1883 1706 1939 propago,
1740 1867 1792 1922 in
1826 1877 1876 1944 Β
1973 1867 2062 1921 47.
2108 1867 2228 1938 Ipse
2275 1883 2493 1940 quoque
2539 1870 2798 1925 Dominus
2841 1870 2999 1926 Jesus
3040 1869 3342 1927 delectatus
3396 1870 3503 1926 llde

177 1965 474 2037 superiora
495 1981 554 2021 se
571 1965 879 2037 subrigens,
910 1965 1057 2021 velut
1087 1965 1261 2019 fumus
1283 1972 1438 2018 natus
1461 1975 1525 2018 cx
1558 1960 1689 2032 igni,
1719 1969 1799 2015 at-

175 2076 290 2132 que
329 2059 438 2113 alta
473 2068 684 2130 petens,
719 2066 833 2114 tum
868 2065 1133 2130 pratterea
1176 2067 1198 2096 ε
1225 2055 1384 2112 bonis
1415 2055 1670 2126 operibus
1698 2053 1796 2108 lia-

177 2161 330 2224 gret.
364 2150 512 2207 Odor
541 2161 721 2206 autem
753 2152 845 2206 ille
883 2150 1151 2206 orationis
1181 2152 1283 2220 pia:
1312 2148 1525 2204 redolet
1556 2146 1797 2202 suavita-

183 2256 321 2316 tem,
357 2263 478 2318 qua:
508 2246 759 2317 dirigitur
781 2247 923 2302 sicut
953 2246 1234 2301 incensum
1267 2243 1318 2298 in
1346 2251 1639 2313 conspectu
1674 2241 1794 2296 Dei.

181 2338 253 2396 Et
296 2341 350 2396 in
387 2341 713 2413 Apocalypsi
755 2340 988 2410 legimus
1015 2338 1157 2408 quod
1185 2354 1197 2392 :
1248 2335 1489 2391 Ascendit
1517 2337 1690 2404 fumus
1717 2335 1802 2388 in-

182 2451 458 2490 censorum
499 2434 563 2488 de
608 2431 930 2489 orationibus
967 2443 1264 2488 sanctorum
1303 2430 1492 2498 (Apoc.
1538 2443 1672 2492 vm,
1713 2427 1793 2496 4),

185 2543 312 2598 qua:
361 2517 585 2582 incensa
631 2525 952 2582 deferuntur
1005 2541 1101 2596 per
1144 2523 1433 2594 angelum,
1483 2531 1794 2576 sanctorum

184 2621 469 2674 orationes
508 2618 748 2684 scilicet,
790 2633 956 2688 super
994 2617 1166 2672 altare
1205 2616 1338 2671 illud
1382 2629 1608 2670 aureum
1650 2612 1796 2684 quod

183 2723 267 2767 est
316 2722 445 2767 ante
487 2711 670 2767 sedem
720 2711 841 2777 Dei,
892 2720 947 2766 et
995 2719 1269 2781 tamquam
1315 2709 1420 2780 pia:
1463 2707 1796 2780 precationis

185 2821 355 2861 suave
379 2804 570 2875 ﬂagrat
600 2814 936 2877 unguentum
964 2820 980 2870 ;
1015 2806 1139 2873 quia
1169 2803 1237 2859 de
1259 2811 1589 2858 aeternorum
1631 2811 1684 2856 et
1713 2800 1794 2856 ιιι·

190 2898 518 2963 visibilium,
544 2915 650 2952 non
673 2898 742 2953 de
763 2896 1125 2968 corporalium
1151 2895 1411 2966 petitione
1432 2896 1794 2964 compositum

189 3000 276 3049 est
310 3011 325 3048 :
354 2994 632 3062 praecipue
677 3001 864 3048 tamen,
888 2990 1161 3064 myrrham
1195 2989 1408 3046 redolet
1440 3001 1496 3047 et
1528 2989 1652 3045 thus
1676 3030 1689 3054 ,
1731 3001 1798 3045 eo

193 3085 336 3158 quod
363 3085 602 3156 peccatis
627 3096 836 3140 mortua
867 3084 959 3152 sit,
992 3093 1047 3140 et
1079 3084 1188 3139 Deo
1219 3083 1385 3138 vivat.

269 3176 361 3234 45.
405 3177 555 3234 lianc
590 3177 754 3249 igitur
795 3177 1178 3232 ascendentem
1221 3185 1275 3230 et
1310 3190 1417 3230 non
1448 3175 1795 3230 resistentem

1901 1956 2097 2015 animm
2125 1961 2306 2033 hujus,
2339 1962 2707 2044 confessione,
2737 1964 2931 2036 gratia,
2963 1973 3017 2020 et
3038 1964 3362 2020 collaudatis
3389 1964 3508 2034 ejus

1901 2053 2132 2119 meritis,
2181 2057 2401 2126 propius
2441 2073 2562 2113 eam
2611 2056 2839 2112 advocat
2879 2057 3066 2112 dicens
3100 2073 3114 2110 :
3151 2058 3286 2111 Ades
3329 2058 3430 2111 huc
3475 2074 3509 2112 a

1900 2144 2130 2213 Libano,
2159 2164 2353 2217 sponsa
2372 2192 2385 2215 ,
2419 2149 2542 2204 ades
2569 2150 2672 2204 huc
2697 2167 2729 2204 a
2758 2148 2956 2204 Libano
2983 2167 3001 2206 :
3033 2150 3274 2204 transibis
3303 2159 3351 2203 et
3381 2165 3498 2219 per-

1901 2241 2145 2296 transibis
2185 2258 2216 2296 a
2246 2243 2508 2314 principio
2533 2243 2653 2314 ﬁdei
2689 2260 2721 2298 a
2760 2244 2926 2314 capite
2972 2243 3167 2314 Sanyr,
3198 2253 3243 2296 et
3280 2241 3505 2297 Hermo-

1900 2348 2045 2399 num,
2077 2349 2107 2387 a
2133 2336 2392 2405 speluncis
2417 2335 2645 2404 leonum,
2675 2354 2708 2390 a
2738 2337 2994 2391 montibus
3018 2336 3304 2406 pardorum
3327 2335 3502 2404 (Cant.
3546 2363 3550 2366 -

1901 2441 1972 2492 tv,
2005 2425 2087 2498 8),
2122 2426 2226 2482 hoc
2266 2440 2378 2485 est:
2431 2430 2707 2500 Egredere
2747 2428 2816 2485 de
2853 2444 3108 2500 corpore,
3145 2439 3202 2484 et
3246 2438 3412 2482 totam
3454 2435 3510 2482 te

1901 2537 2058 2578 exue.
2102 2523 2219 2578 Non
2250 2535 2406 2594 potes
2442 2526 2589 2580 enim
2624 2526 2755 2580 mihi
2798 2526 3024 2591 adesse,
3065 2524 3171 2579 nisi
3200 2534 3324 2578 ante
3355 2537 3512 2594 pere-

1901 2617 2135 2688 grineris
2163 2633 2192 2672 a
2220 2632 2450 2694 corpore
2472 2635 2486 2685 ;
2512 2617 2765 2691 quoniam
2794 2619 2884 2690 qui
2913 2622 2963 2674 in
2986 2633 3153 2674 carne
3174 2626 3317 2686 sunt,
3350 2632 3510 2688 pere.

1899 2709 2187 2781 grinantur
2238 2727 2266 2764 a
2313 2695 2645 2782 Dei‘regno.
2695 2713 2851 2779 Ades,
2908 2711 3110 2782 inquit,
3161 2711 3307 2766 ades.
3361 2709 3509 2767 Bene

1901 2805 2190 2874 repetivit,
2222 2805 2344 2874 quia
2377 2805 2495 2860 sive
2521 2820 2791 2875 prmsens,
2825 2805 2940 2859 sive
2967 2805 3165 2860 absens
3187 2845 3202 2868 ,
3231 2803 3424 2859 adesse
3451 2811 3507 2859 et

1901 2895 2119 2964 placere
2149 2895 2379 2950 Domino
2406 2895 2518 2950 Deo
2546 2905 2637 2950 tuo
2666 2896 2853 2952 debes.
2883 2895 3087 2950 Adesto
3109 2910 3374 2967 prmscns,
3403 2894 3505 2950 ad-

1902 2994 2020 3041 esto
2068 2987 2286 3053 absens,
2337 2987 2440 3042 etsi
2485 2987 2663 3044 adhuc
2699 2988 2752 3042 in
2791 3002 3022 3058 corpore
3057 3003 3136 3044 es.
3184 2988 3312 3043 Mihi
3357 2989 3506 3044 enim

1902 3091 2095 3132 omnes
2140 3087 2439 3147 praesentes
2485 3090 2631 3144 sunt,
2684 3094 2918 3150 quorum
2954 3077 3092 3134 ﬁdes
3138 3095 3352 3136 mecum
3397 3088 3506 3140 est.

1904 3173 2074 3229 Adest
2102 3173 2256 3235 mihi,
2288 3174 2379 3244 qui
2410 3174 2544 3229 exiit
2572 3172 2643 3229 de
2665 3175 2886 3229 sacculo.
2922 3174 3091 3228 Adest
3121 3174 3273 3237 mihi,
3303 3174 3393 3245 qui
3416 3187 3506 3230 me

196 3269 442 3328 videntes
469 3311 483 3336 ,
531 3281 585 3326 ct
632 3271 950 3326 meritorum
996 3269 1117 3340 ejus
1161 3269 1418 3324 odoribus
1469 3269 1754 3323 delectata:
1781 3310 1794 3334 ,
1824 3285 1868 3348 ρ
1904 3268 2142 3338 cogitat,
2188 3281 2275 3322 me
2310 3265 2579 3335 intuetur,
2622 3266 2693 3321 de
2719 3280 2804 3323 me
2831 3277 3052 3338 sperat,
3084 3267 3170 3322 cui
3201 3283 3303 3340 ego
3332 3267 3511 3338 portio

194 3370 550 3432 agnoscentes
597 3377 811 3433 quoque
859 3362 1166 3418 Salomonis
1217 3361 1364 3416 illius
1407 3361 1622 3432 pacifici
1672 3376 1796 3416 esse

201 3467 477 3525 sponsam,
506 3453 670 3507 etiam
701 3455 962 3508 comitatu
987 3452 1178 3509 sedulo
1202 3460 1606 3524 prosequuntur
1624 3465 1800 3522 usque

198 3548 262 3602 ad
304 3547 504 3603 lectum
543 3545 889 3614 Salomonis;
939 3561 1005 3604 eo
1051 3547 1195 3618 quod
1236 3545 1287 3602 ei
1323 3562 1450 3602 vera
1490 3547 1707 3617 requies
1737 3545 1794 3600 in

200 3639 412 3696 Christo
451 3638 735 3697 debeatur.
783 3640 980 3696 Lectus
1018 3634 1162 3695 enim
1199 3648 1513 3694 sanctorum
1543 3638 1797 3694 Christus

193 3743 278 3789 est
307 3731 482 3803 (Cant.
517 3747 604 3797 ιιι,
638 3729 724 3804 7),
759 3731 812 3786 in
855 3748 960 3802 quo
987 3731 1366 3787 universorum
1396 3730 1534 3787 fessa
1567 3731 1796 3785 saecula—

199 3828 350 3882 ribus
375 3827 573 3898 praeliis
593 3825 757 3881 corda
788 3827 1158 3896 requiescunt.
1185 3825 1242 3880 in
1274 3827 1378 3882 hoc
1410 3825 1551 3880 lecto
1579 3823 1798 3892 requie—

197 3922 272 3977 vit
298 3919 463 3984 isaac,
498 3929 553 3975 et
579 3918 854 3974 benedixit
877 3917 1046 3973 filium
1069 3918 1336 3988 iuniorem
1360 3917 1549 3972 dicens
1572 3933 1586 3970 :
1617 3915 1794 3980 Maior

203 4016 383 4070 serviet
411 4013 598 4067 minori
627 4010 792 4084 (Gen.
824 4027 949 4078 xxv,
977 4009 1105 4082 23).
1141 4013 1196 4066 In
1225 4013 1328 4066 hoc
1356 4011 1500 4067 lecto
1526 4012 1793 4066 recubans

187 4107 356 4164 Jacob
389 4105 666 4161 benedixit
701 4104 984 4160 duodecim
1025 4103 1385 4160 Patriarchas.
1421 4102 1480 4158 in
1513 4104 1617 4158 hoc
1649 4103 1794 4159 lecto

202 4199 462 4256 recubans
487 4198 898 4270 archisynagogi
925 4197 1033 4252 lilia
1061 4197 1296 4254 surrexit
1317 4212 1348 4252 a
1379 4208 1574 4253 niorte.
1608 4197 1666 4252 in
1689 4199 1793 4252 hoc

200 4295 338 4350 lecto
363 4294 550 4365 jacens
582 4293 757 4348 viduae
800 4291 1089 4349 defunctus
1121 4292 1311 4349 mortis
1342 4293 1554 4349 vincula
1590 4291 1794 4349 Christi

198 4395 415 4443 vocatus
439 4400 576 4441 voce
606 4384 872 4440 dissolvit.

267 4481 354 4538 46.
397 4481 664 4537 Perducta
707 4481 869 4552 igitur
906 4493 1102 4550 sponsa
1146 4494 1318 4550 usque
1360 4480 1428 4536 ad
1474 4485 1658 4550 sponsi
1696 4494 1791 4535 re-

196 4575 410 4647 quiem,
463 4573 706 4644 nuptiale
753 4579 956 4628 canunt
997 4586 1216 4628 carmen
1263 4572 1510 4628 dicentes
1573 4572 1788 4628 filiabus

1902 3375 2041 3415 sum.
2074 3357 2247 3414 Adest
2277 3360 2441 3426 mihi,
2471 3360 2563 3429 qui
2596 3360 2830 3416 abfuerit
2858 3360 2984 3415 sibi.
3017 3360 3188 3416 Adest
3215 3361 3378 3426 mihi,
3409 3359 3505 3432 qui

1901 3469 1961 3511 se
1991 3454 2272 3526 negaverit
2308 3454 2432 3510 sibi.
2466 3454 2564 3510 Ille
2597 3469 2808 3510 mecum
2839 3462 2960 3521 est,
2994 3456 3085 3524 qui
3123 3456 3264 3509 intra
3296 3469 3358 3510 se
3391 3469 3503 3509 non

1901 3557 2021 3615 est;
2071 3549 2328 3618 quoniam
2370 3547 2460 3618 qui
2499 3548 2552 3602 in
2579 3563 2744 3603 carne
2771 3557 2883 3615 est,
2932 3562 3038 3603 non
3069 3556 3155 3604 est
3199 3547 3252 3601 in
3281 3547 3499 3616 spiritu.

1902 3643 1998 3696 Ille
2027 3656 2240 3696 mecum
2270 3650 2383 3708 est,
2429 3643 2522 3712 qui
2561 3655 2626 3696 ex
2655 3654 2718 3697 se
2747 3641 2868 3712 ipso
2890 3639 3188 3710 egreditur.
3231 3640 3326 3695 ille
3347 3639 3500 3710 juxta

1900 3752 1988 3792 tne
2013 3745 2118 3799 est,
2151 3735 2244 3806 qui
2267 3743 2419 3790 extra
2449 3750 2510 3791 se
2535 3735 2718 3791 fuerit.
2752 3735 2846 3790 Ille
2878 3735 3008 3790 mihi
3038 3735 3249 3806 integer
3277 3744 3382 3799 est,
3407 3733 3502 3804 qui

1898 3840 2122 3904 propter
2151 3844 2236 3884 me
2262 3830 2560 3900 perdiderit
2589 3829 2824 3884 animam
2851 3845 3025 3884 suam.
3058 3829 3125 3884 Et
3150 3840 3173 3867 ο
3204 3828 3348 3891 ideo,
3371 3829 3500 3882 ades

1899 3937 2113 3992 sponsa,
2159 3922 2303 3989 ades,
2354 3923 2597 3976 transibis
2634 3938 2666 3974 a
2708 3921 2964 3991 principio
2999 3921 3142 3990 ﬁdei.
3190 3920 3408 3976 Transit
3445 3930 3504 3979 et

1900 4014 2194 4085 pertransit
2233 4030 2265 4070 e
2297 4014 2478 4081 terris,
2529 4023 2587 4070 et
2629 4014 2926 4084 pertransit
2964 4028 3084 4083 qua:
3111 4011 3180 4067 sd
3220 4010 3502 4070 Christum

1902 4107 2430 4180 pervenit.‘,'l'ransit
2461 4107 2585 4163 fidei
2613 4107 2809 4163 merito
2829 4143 2844 4174 ς
2877 4116 2932 4162 et
2960 4119 3192 4178 cperum
3217 4107 3467 4165 claritate
3484 4143 3505 4176 ,

1899 4217 2019 4273 qua:
2064 4203 2208 4258 lucet
2236 4203 2377 4257 sicut
2404 4203 2578 4274 Sanyr
2617 4209 2676 4256 et
2705 4201 3036 4256 ilermonum
3063 4239 3077 4266 ,
3122 4201 3225 4258 hoc
3259 4213 3374 4266 est,
3412 4202 3500 4259 vis

1898 4296 2136 4353 lucerna:
2187 4298 2379 4354 transit
2435 4296 2670 4353 devictis
2717 4295 3110 4352 testationibus
3161 4297 3345 4352 saeculi
3377 4337 3392 4363 ,
3444 4307 3504 4353 et

1897 4391 2167 4460 superatis
2195 4389 2452 4460 nequitiis
2473 4388 2832 4461 spiritalibus,
2857 4388 3086 4460 legitimi
3119 4401 3310 4460 petens
3342 4405 3502 4446 coro-

1898 4496 2022 4536 nam
2053 4481 2410 4548 certaminis;
2458 4489 2512 4538 et
2555 4481 2682 4537 ideo
2722 4481 2922 4537 meruit
2956 4479 3174 4537 Christo
3214 4481 3501 4546 iudicante

1896 4573 2126 4630 laudari.

201 4666 557 4723 Hierusalem:
594 4665 934 4737 Egredimim',
968 4677 1016 4720 et
1052 4666 1222 4720 videte
1245 4679 1415 4738 regem
1444 4664 1780 4720 Salomonem
1816 4691 1875 4758 Β
1966 4671 2060 4727 48.
2109 4669 2309 4725 Hortus
2359 4672 2636 4727 conclusus
2686 4687 2834 4728 soror
2883 4687 3000 4728 mea
3042 4689 3263 4746 sponsa,
3313 4675 3500 4729 hortus

198 4761 250 4816 in
277 4777 460 4816 corona
494 4777 592 4832 qua
619 4761 882 4813 coronauit
909 4773 1030 4815 eum
1069 4769 1233 4813 mater
1260 4761 1375 4831 ejus
1417 4760 1469 4813 in
1499 4759 1584 4812 die
1619 4774 1780 4832 spon-

200 4855 376 4911 salium
405 4855 522 4926 ejus
544 4851 715 4926 (Cant.
752 4867 835 4920 ιιι,
873 4854 980 4926 ll).
1013 4852 1231 4909 Canunt
1250 4854 1697 4924 epithalamium,
1732 4863 1787 4910 et

203 4955 387 5004 vocant
413 4960 638 5004 caeteras
671 4957 965 5018 potestates
992 4949 1280 5011 calorum,
1317 4945 1400 5002 vei
1429 4948 1638 5002 animas
1669 4965 1684 5014 ;
1729 4956 1788 5002 ut

200 5042 408 5097 videant
431 5041 752 5097 charitatem
783 5055 942 5110 quam
973 5039 1121 5095 circa
1150 5039 1290 5093 ﬁlias
1319 5037 1662 5094 Hierusalem
1691 5040 1788 5093 ha-

203 5134 285 5191 bet
309 5133 579 5189 Christus.
617 5131 772 5189 Unde
796 5142 852 5188 et
874 5131 1070 5187 meruit
1097 5132 1349 5187 coronari
1372 5145 1401 5187 a
1435 5141 1616 5188 matre
1639 5133 1795 5202 quasi

210 5227 342 5283 illius
369 5225 689 5292 charitasis,
718 5225 862 5281 sicut
888 5226 1087 5282 Paulus
1114 5227 1356 5282 ostendit
1380 5226 1570 5283 dicens
1598 5245 1611 5280 :
1657 5227 1794 5293 Quia

103 5335 108 5340 ·
213 5319 339 5377 Deus
369 5320 558 5392 eripuit
585 5333 676 5375 nos
702 5319 767 5375 de
790 5329 1044 5391 potestate
1063 5323 1411 5390 tenebrarum,
1444 5334 1492 5380 et
1523 5323 1794 5379 transtulit

275 5543 317 5581 0‘
336 5540 466 5597 Mss.
491 5537 715 5610 aliquot,
745 5549 860 5608 quia
879 5537 1138 5592 descendit
1167 5553 1199 5592 a
1223 5539 1466 5594 deserto?

271 5636 296 5676 ι)
335 5633 408 5689 In
444 5634 645 5701 inferna
675 5630 869 5701 supple
907 5630 1054 5702 loco,
1099 5629 1205 5686 hoc
1234 5639 1350 5697 est,
1388 5639 1534 5688 terra
1565 5637 1688 5702 qua?
1717 5628 1792 5684 ita

210 5707 389 5766 dicitur
420 5699 682 5778 respectu
704 5699 862 5771 ct'nii,
889 5699 1040 5774 quod
1067 5716 1361 5773 supernum
1393 5709 1496 5762 est.

214 5814 294 5940 ﬂe
525 5796 690 5853 Boas.
733 5809 858 5852 cum
900 5809 1036 5854 mss.
1075 5794 1338 5866 stiriam,
1369 5797 1520 5863 benis
1555 5793 1800 5867 operibus

249 5887 360 5946 agre
389 5908 404 5925 .

1897 4765 2172 4820 conclusus
2196 4807 2210 4833 ,
2259 4767 2374 4837 fons
2417 4766 2653 4838 signatus
2677 4809 2693 4836 ,
2733 4768 3034 4822 emissiones
3081 4779 3182 4823 tute
3226 4768 3502 4838 paradisus

1898 4861 2153 4915 malorum
2207 4870 2546 4934 granatorum
2605 4875 2722 4918 sunt
2778 4867 2955 4936 fructu
3009 4877 3278 4934 pomorum
3336 4859 3500 4931 Cypri

1898 4953 2069 5024 (Cant.
2104 4967 2183 5017 iv,
2222 4952 2332 5024 12).
2362 4953 2641 5009 Laudatur
2667 4969 2888 5025 sponsa,
2925 4970 2993 5010 eo
3018 4954 3160 5024 quod
3191 4952 3378 5008 hortus
3404 4951 3503 5020 sit,

1899 5045 2110 5101 habens
2144 5045 2201 5101 in
2241 5061 2303 5102 se
2331 5046 2553 5102 odorem
2587 5047 2701 5119 agri
2733 5047 2887 5103 illius
2918 5045 3106 5118 pleni,
3138 5045 3207 5100 de
3235 5059 3340 5116 quo
3366 5043 3504 5099 dicit

1897 5135 2085 5194 Isaac:
2119 5136 2262 5194 Odor
2292 5140 2389 5209 [itii
2423 5140 2522 5194 mei
2555 5148 2815 5210 tamquam
2844 5140 2975 5195 odor
3003 5140 3117 5212 agri
3149 5138 3288 5209 pleni
3327 5136 3506 5206 (Gens

1900 5247 2074 5298 xxvn,
2102 5231 2222 5304 27).
2252 5232 2400 5288 Bona
2439 5247 2571 5304 ergo
2597 5235 2782 5288 anima
2810 5232 3013 5304 fragrat
3046 5231 3217 5288 odore
3247 5229 3497 5300 justitiam

1897 5324 1970 5382 Et
2005 5325 2236 5384 fortasse
2269 5343 2398 5400 ager
2441 5336 2529 5385 est
2574 5326 2888 5384 Patriarcha
2914 5341 2934 5393 ;
2965 5325 3155 5381 hortus
3182 5331 3278 5397 est
3317 5321 3502 5378 anim

1973 5531 2002 5573 ἀ
2042 5534 2172 5610 Mss.
2205 5533 2411 5610 aliquot
2440 5533 2686 5590 melioris
2704 5541 2870 5599 notia,
2899 5539 2947 5587 et
2976 5543 3074 5602 pro
3108 5521 3255 5584 nobis
3285 5534 3501 5584 mortem

1895 5621 2041 5661 sitam
2079 5607 2282 5661 obtulit.

1973 5689 1998 5718 ο
2041 5679 2182 5733 Edit.
2226 5693 2452 5740 omnes.
2484 5675 2622 5730 Ades
2656 5675 3091 5742 desponsata...”
3137 5682 3190 5730 οι
3223 5668 3503 5744 pertransit

1901 5759 2110 5807 steteras
2130 5792 2145 5817 ,
2173 5765 2286 5821 qua:
2313 5750 2380 5804 ad
2409 5739 2673 5821 Christum
2692 5789 2706 5813 ,
2735 5739 2842 5804 etc.
2873 5739 3041 5804 Nobis
3075 5739 3356 5804 mssffere
3383 5759 3503 5801 om.

1905 5823 2054 5879 nium
2079 5817 2242 5880 lectio
2263 5821 2437 5891 magis
2461 5817 2742 5890 probatur.
