4082 6370
623 295 732 352 519

1940 287 2183 347 SANCTI
2226 286 2552 346 AMBROSII

3860 281 3951 338 520

619 409 896 467 inferioris
923 409 1167 480 alicujus,
1199 409 1350 481 quasi
1381 407 1494 480 agri
1525 407 1742 480 portio;
1772 414 1826 463 et
1855 405 2047 461 hortus
2073 405 2222 460 clau-
2247 409 2295 468 Α
2326 405 2567 476 reliquit.
2598 404 2785 461 Terito
2827 419 2950 460 cum
2981 402 3033 458 in
3061 403 3256 470 cubili,
3319 410 3381 458 et
3417 398 3718 465 noctibus,
3768 395 3818 452 in
3845 400 3959 452 civi-

619 519 713 560 sus
736 547 748 566 .
781 521 846 560 nc
881 506 1184 560 incursetur
1215 519 1245 558 a
1282 503 1501 568 bestiis;
1538 512 1591 557 et
1619 502 1741 557 fons
1777 497 2077 569 signatusﬂ
2101 516 2220 570 qua:

619 593 928 666 integritate
967 594 1232 667 signaculi
1275 595 1788 666 perseverantiaqne
1831 593 1954 649 fidei
2001 593 2219 663 propria

615 698 836 758 peccata
865 688 1106 744 diluerit.
1133 687 1264 743 Nam
1289 705 1407 758 qua:
1430 687 1498 743 de
1524 688 1762 742 Ecclesia
1792 685 2029 756 accepit,
2056 685 2221 740 habet

617 779 759 851 quod
787 780 852 834 ad
883 780 1204 850 virginitatis
1223 780 1453 851 gratiam
1477 779 1706 844 referat;
1732 793 1800 834 eo
1817 778 1960 846 quod
1988 779 2039 832 in
2067 793 2222 846 para-

610 872 730 930 diso
775 874 1153 930 delectationis
1198 876 1370 944 posita
1411 875 1533 929 sine
1578 874 1765 928 labore
1797 873 2008 927 fructus
2039 871 2220 942 capiat

610 969 888 1040 spiritales
915 1010 930 1036 ,
970 967 997 1006 δ
1031 977 1090 1024 ιιι
1116 969 1164 1024 ei
1196 968 1629 1039 patriarcharum
1669 965 1867 1020 animm
1895 963 2060 1018 rnrali
2085 979 2219 1033 quo-

614 1061 737 1118 dam
767 1061 951 1117 labore
979 1060 1191 1118 fructus
1219 1076 1350 1116 suos
1391 1059 1712 1125 conferant,
1759 1073 1868 1129 quo
1896 1058 1992 1113 ista
2021 1072 2218 1128 capere

611 1157 785 1228 possit
827 1165 1144 1226 perpetuam
1193 1154 1539 1211 suavitatem.
1583 1154 1716 1220 Qua:
1757 1154 1951 1208 merito
1983 1151 2103 1206 fons
2143 1151 2217 1205 si-

611 1260 810 1322 gnatus
837 1249 1059 1316 dicitur,
1100 1265 1167 1306 eo
1196 1248 1341 1320 quod
1375 1249 1549 1319 imago
1587 1247 1682 1302 Dei
1724 1245 2014 1302 invisibilis
2040 1245 2093 1300 in
2127 1244 2216 1300 illa

609 1344 965 1410 exprimatur.
1006 1341 1254 1398 Laudant
1305 1340 1468 1396 etiam
1523 1355 1744 1396 munera
1786 1340 1977 1394 animae
2020 1349 2042 1376 ο
2093 1352 2215 1406 quae

613 1436 782 1492 missa
826 1443 953 1490 sunt
993 1451 1024 1490 a
1062 1448 1296 1504 sponso,
1335 1433 1531 1504 quibus
1569 1432 1753 1488 dotata
1791 1432 2076 1512 veniebat.
2107 1431 2214 1485 Dos

615 1537 796 1584 autem
830 1529 932 1598 pia:
960 1526 1155 1581 anima:
1194 1512 1322 1582 boni
1360 1526 1556 1581 odores
1583 1535 1741 1592 sunt,
1775 1524 2024 1597 myrrha,
2057 1523 2212 1590 aloe,

609 1637 863 1688 crocum,
896 1621 1092 1691 quibus
1113 1620 1286 1691 spirat
1312 1619 1799 1691 hortorum‘gratia
1825 1661 1840 1686 ,
1873 1627 1928 1674 et
1959 1628 2212 1689 peccato-

613 1731 729 1772 rum
763 1715 922 1771 fmtor
949 1714 1217 1770 aboletur.

2327 496 2469 562 tate',
2501 498 2553 551 in
2581 497 2731 564 foro,
2760 505 2815 552 et
2842 498 2892 552 in
2927 499 3120 568 plateis
3142 496 3459 568 quaesitum
3499 509 3619 548 non
3653 491 3956 559 reperisset,

2323 591 2616 662 aliquando
2660 591 2997 646 orationibus
3045 591 3162 646 suis
3192 599 3238 664 7°
3286 587 3611 660 gratiaque
3663 584 3956 648 revocavit,

2323 683 2462 739 adeo
2503 693 2562 738 ut
2599 685 2762 740 etiam
2809 683 3031 754 pr0pins
3062 691 3365 737 vocaretur
3409 695 3443 732 a
3494 690 3743 748 sponso.
3775 674 3955 742 Quarto

2323 776 2443 846 ipsa
2482 778 2594 846 jam
2633 777 2704 832 ab
2742 791 2808 830 co
2843 775 3123 830 dormiens
3149 774 3482 839 excitatur,
3527 767 3793 838 quamvis
3817 768 3955 822 corde

2320 869 2606 939 vigilaret,
2638 878 2694 923 ut
2728 870 2991 924 continuo
3017 884 3206 924 vocem
3241 865 3546 938 pulsantis
3581 862 3828 917 audiret.
3867 860 3954 915 Sed

2322 976 2528 1016 moram
2575 977 2731 1032 passa
2779 961 2908 1016 dum
2952 962 3148 1031 surgit,
3199 961 3329 1031 quia
3383 957 3773 1014 velocitatem
3817 954 3951 1011 Verbi

2321 1071 2427 1110 non
2477 1064 2688 1126 poterat
2732 1054 3197 1125 comprehendere
3226 1098 3240 1120 ,
3289 1054 3429 1108 dum
3479 1052 3686 1124 aperit
3733 1049 3947 1113 ostium,

2323 1149 2574 1204 transivit
2595 1147 2848 1218 ‘Verbum
2875 1191 2890 1213 ,
2921 1157 2978 1204 et
3021 1133 3143 1219 ipsa
3178 1149 3352 1203 exivit
3405 1149 3461 1202 in
3501 1146 3692 1201 verbo
3725 1144 3841 1214 ejus
3864 1185 3876 1208 ,
3909 1154 3949 1198 et

2318 1261 2415 1317 per
2443 1245 2670 1300 vulnera
2704 1245 3024 1315 requisitum
3047 1286 3062 1310 ,
3092 1242 3188 1298 sed
3223 1244 3461 1298 vulnera
3498 1240 3816 1296 charitatis
3837 1280 3851 1301 ,
3877 1239 3946 1293 vix

2316 1339 2532 1393 tandem
2562 1337 2806 1412 invenit,
2836 1347 2893 1392 et
2931 1337 3143 1403 tenuit,
3172 1345 3231 1390 ut
3263 1346 3464 1406 postea
3501 1349 3624 1389 non
3659 1333 3940 1388 amitteret.

2316 1417 2704 1499 Adsumtnam
2747 1430 2863 1484 lucc
2909 1429 3301 1498 compendiosa
3348 1443 3633 1483 sermone
3671 1426 3942 1497 perstricti

2315 1524 2475 1597 (Sup.
2507 1541 2620 1596 cap.
2663 1523 2718 1591 5,
2749 1523 2782 1578 4
2808 1533 2854 1577 et
2885 1523 2965 1596 5).
3014 1523 3167 1578 Nunc
3195 1523 3577 1578 discutiamus
3605 1521 3857 1590 singula.

2325 1660 2330 1668 .
2386 1616 2475 1672 51.
2502 1616 2571 1670 Et
2599 1617 2645 1673 si
2669 1615 2933 1679 dnrtnias,
2964 1618 3008 1670 si
3035 1615 3195 1670 modo
3217 1616 3587 1671 devOtionem
3617 1616 3835 1668 anima:
3859 1623 3938 1667 tua
4016 1655 4017 1658 η

2312 1709 2525 1764 noverit
2560 1707 2833 1770 Christus,
2876 1709 3047 1775 venit,
3097 1716 3152 1762 ct
3201 1707 3384 1777 pulsnt
3433 1708 3565 1778 ejus
3603 1707 3870 1778 januatn,
3898 1717 3936 1760 et

681 1809 772 1866 49.
807 1805 998 1875 Itaque
1048 1815 1198 1864 tanto
1246 1822 1437 1864 secura
1486 1807 1766 1879 prteconio
1815 1806 2206 1877 conquiescere
2235 1816 2284 1878 Β
2310 1799 2474 1854 dicit:
2507 1800 2662 1872 Aperi
2694 1801 2844 1864 mihi,
2874 1817 3021 1855 soror
3045 1816 3155 1853 mea
3179 1800 3357 1868 (Cant.
3388 1815 3443 1864 v,
3467 1799 3559 1870 2).
3592 1800 3764 1854 Bene
3783 1814 3931 1858 sowr.

595 1880 767 1974 .371
797 1900 1102 1972 aquilonem
1128 1915 1346 1971 gravem
1368 1908 1591 1955 ventum
1615 1901 1751 1970 petit
1783 1895 1956 1970 (Cant.
1989 1913 2061 1961 tv,
2090 1895 2205 1966 16),

609 2009 678 2050 ne
723 1995 886 2049 ﬂores
935 1993 1212 2057 discutiat,
1263 1993 1483 2062 Spirare,
1517 2007 1790 2057 anSIrutn,
1837 1989 1890 2045 id
1939 1998 2045 2054 est,
2079 1977 2209 2043 vult

606 2085 1197 2158 ltyemem'prasterire,
1237 2095 1292 2140 et
1319 2083 1590 2139 mollioris
1617 2082 1776 2137 ﬂatus
1805 2097 2034 2138 vernare
2071 2092 2208 2136 tem-

605 2178 811 2250 periem
861 2175 1044 2246 (Cant.
1087 2191 1138 2241 v,
1187 2173 1278 2246 1).
1332 2175 1527 2231 Invitat
1569 2190 1828 2245 sponsum
1877 2175 1928 2229 in
1981 2174 2202 2228 hortum

601 2287 780 2327 suum.
820 2269 1111 2326 Descendit
1135 2283 1368 2338 sponsus
1393 2309 1408 2333 ,
1447 2277 1502 2323 et
1531 2266 1800 2324 fructuum
1827 2267 1943 2338 ejus
1967 2267 2202 2322 diversi-

597 2374 708 2422 tate
734 2365 1054 2428 delectatus,
1080 2364 1298 2419 lmtatur
1330 2361 1477 2431 quod
1511 2362 1779 2418 invenerit
1810 2361 2094 2417 fortiorem
2128 2362 2204 2416 ci-

599 2457 750 2521 bum,
804 2456 1080 2510 invenerit
1121 2453 1285 2509 etiam
1333 2452 1656 2508 dulciorem.
1708 2453 1804 2507 Est
1853 2453 1998 2506 enim
2055 2452 2204 2508 velut

599 2553 756 2621 panis
790 2549 1006 2620 quidam
1050 2548 1226 2614 verbi,
1271 2556 1325 2603 et
1365 2547 1513 2602 mel:
1560 2544 1586 2583 ι¹
1625 2547 1762 2601 alius
1803 2545 2199 2615 vehementior,

599 2644 738 2698 alius
767 2642 1047 2698 suasorias
1088 2651 1296 2698 sermo;
1339 2641 1438 2697 Est
1474 2654 1528 2697 et
1560 2633 1694 2697 fides
1730 2641 1834 2696 alia
1878 2640 2199 2709 ferventior,

599 2745 660 2791 ut
688 2735 912 2791 vinum:
949 2735 1052 2789 alia
1097 2734 1355 2800 lucidior,
1396 2743 1456 2790 ut
1496 2749 1690 2790 succus
1719 2744 1803 2790 est
1828 2734 2004 2813 lactis.
2048 2733 2202 2790 Hunc

599 2830 780 2887 cibum
811 2826 1060 2884 Christus
1090 2828 1342 2900 epulatur
1374 2829 1428 2884 in
1467 2828 1655 2896 nobis,
1696 2828 1799 2884 hoc
1841 2829 2092 2899 poculum
2122 2829 2199 2884 bi-

598 2924 709 2993 bit,
746 2933 800 2980 et
830 2924 947 2996 ejus
977 2931 1136 2995 potus
1160 2923 1425 2980 ebrietate
1451 2939 1552 2979 nos
1578 2933 1833 2994 provocat
1858 2965 1873 2990 ,
1906 2933 1964 2977 nt
1988 2923 2054 2977 ad
2086 2907 2200 2978 me¥

593 3019 730 3078 liora
752 3028 807 3076 et
825 3020 1030 3091 optima
1050 3019 1120 3075 ab
1142 3017 1492 3075 inferioribus
1523 3020 1782 3075 faciamus
1813 3034 2121 3076 excessum.

1210 3111 1438 3171 CAPUT
1481 3113 1566 3169 Vl.
1639 3161 1645 3168 .

2313 1893 2435 1964 quia
2468 1893 2670 1962 nuptiae
2699 1893 2973 1962 spiritales
3003 1903 3131 1948 sunt
3162 1893 3324 1949 Verbi
3359 1903 3535 1963 atque
3565 1894 3816 1949 animae.
3845 1893 3928 1948 Se-

2310 2003 2416 2058 que
2443 1987 2586 2042 enim
2614 1988 2808 2041 anitnrc
2831 1995 3034 2042 norunt
3053 1987 3432 2058 conjugioruut
3464 1986 3730 2055 fcedera,
3755 1999 3810 2043 et
3832 2003 3931 2042 usus

2309 2082 2519 2150 capnla:
2561 2082 2876 2151 corporalis,
2923 2081 3018 2138 sed
3065 2088 3191 2135 sunt
3229 2083 3374 2137 sicut
3423 2083 3622 2153 angeli
3681 2085 3740 2135 in
3791 2083 3927 2137 celo.

2308 2175 2488 2246 Aperi,
2539 2175 2736 2245 inquit,
2781 2175 2941 2242 mihi,
2985 2174 3080 2230 sed
3134 2178 3414 2230 extraneis
3462 2175 3729 2231 claude:
3762 2176 3927 2231 claude

2308 2267 2543 2333 sarculo,
2577 2267 2771 2322 claude
2797 2267 3000 2322 mundo
3021 2308 3037 2333 ,
3068 2283 3244 2336 neque
3271 2269 3386 2339 ipsa
3419 2267 3570 2323 foras
3603 2272 3682 2324 ad
3718 2270 3812 2324 illa
3839 2287 3928 2323 ma-

2308 2359 2529 2433 terialia
2569 2359 2837 2429 prodeas,
2893 2343 3069 2431 neque
3120 2369 3269 2415 tuum
3323 2360 3668 2431 relinquens
3719 2363 3922 2426 lumen,

2305 2453 2547 2508 alienum
2579 2453 2858 2524 requiras;
2902 2454 3028 2524 quia
3061 2454 3344 2510 materiale
3367 2455 3766 2526 3721unten
3797 2467 3922 2512 tene-

2304 2544 2527 2602 brosam
2569 2545 2810 2601 infttndit
2855 2547 3172 2617 caliginem,
3219 2558 3416 2602 utnon
3456 2550 3730 2605 videatur
3759 2551 3918 2606 lumen

2303 2652 2448 2693 verte
2466 2638 2673 2710 gloriae.
2695 2638 2862 2708 Aperi
2886 2654 3017 2710 ergo
3041 2639 3331 2721 mihi,7noli
3346 2642 3566 2710 aperire
3581 2643 3914 2706 adversarii»,

2303 2749 2477 2805 neque
2508 2735 2685 2789 locum
2718 2734 2816 2789 des
2847 2734 3089 2791 diabolo.
3133 2735 3297 2804 Aperi
3325 2738 3496 2803 ipsam
3536 2747 3588 2792 te
3629 2738 3799 2803 mihi,
3828 2740 3911 2793 noli

2301 2827 2586 2893 coarctari,
2603 2826 2696 2881 sed
2709 2826 2960 2895 dilatare,
2977 2838 3028 2882 et
3045 2815 3356 2897 adimplebo
3377 2839 3446 2883 te.
3467 2829 3911 2899 thuiadecurso

2300 2920 2432 2995 Orbe
2457 2931 2743 2986 terrarum,
2765 2921 2886 2992 plus
2909 2920 3279 2998 molestiarum
3297 2929 3353 2975 et
3370 2920 3708 2978 oﬂ‘ensionis
3729 2927 3906 2995 reperi.

2302 3031 2401 3070 nec
2424 3015 2581 3072 facile
2605 3017 2764 3071 habui
2789 3017 2878 3070 ubi
2906 2999 3336 3086 requieScerem:
3362 3017 3485 3073 ideo
3513 3026 3570 3072 tu
3594 3023 3781 3090 aperi,
3799 3024 3905 3075 utin

2300 3119 2352 3166 te
2379 3110 2551 3165 Filius
2582 3110 2822 3166 hominis
2853 3112 3083 3168 reclinet
3111 3092 3294 3181 caput,
3321 3113 3408 3167 cui
3439 3128 3551 3167 non
3582 3124 3677 3169 est
3704 3117 3902 3187 requies

598 3207 780 3267 Tribus
827 3208 1180 3273 superioribus
1211 3211 1451 3280 perfectae
1493 3208 1680 3262 animae
1719 3208 2041 3278 processibus
2078 3208 2197 3262 stri-
2222 3209 2268 3272 C
2302 3204 2406 3258 nisi
2437 3218 2597 3272 supra
2626 3202 2886 3258 humilem
2915 3213 2970 3258 et
3001 3215 3366 3259 mansuetum.

668 3301 788 3354 ctint
837 3300 1066 3370 repetitis
1121 3300 1185 3354 de
1235 3311 1418 3369 quarto
1467 3300 1636 3369 fusius
1690 3301 1956 3368 disputat.~
1986 3298 2055 3353 In
2099 3300 2195 3354 hoc

667 3392 842 3445 anima
863 3393 1122 3446 dormiens
1152 3408 1183 3444 a
1212 3407 1403 3462 sponso
1427 3391 1703 3445 excitatur.
1747 3393 1853 3447 Sed
1879 3392 2002 3446 dum
2022 3397 2196 3448 moras

669 3482 826 3536 trahit
849 3483 902 3535 in
921 3483 1200 3555 surgendo,
1227 3484 1412 3537 transit
1436 3482 1680 3537 Verbum.
1708 3482 1838 3550 Ipsa
1861 3500 1975 3538 vero
1998 3487 2192 3552 exiens,

667 3591 758 3645 per
789 3576 999 3630 vulnera
1018 3575 1285 3630 charitatis
1315 3577 1613 3647 requisitum
1636 3578 1722 3631 vix
1747 3578 1954 3632 tandem
1980 3579 2190 3645 invenit,

665 3678 816 3740 atque
835 3671 907 3726 ita
920 3678 1086 3745 tenet,
1121 3681 1174 3723 ut
1193 3670 1306 3742 jam
1334 3672 1558 3742 amplius
1591 3653 1690 3726 non
1719 3674 1940 3726 amittat.

605 3802 608 3806 η
663 3761 756 3819 50.
795 3763 1035 3821 Audiens
1061 3764 1175 3821 htec
1204 3762 1384 3820 anima
1410 3763 1590 3819 hausit
1613 3765 1988 3836 mysteriorum
2012 3765 2190 3822 ebrie-

586 3867 754 3917 tatem
783 3861 1086 3917 cmlestium
1106 3904 1119 3927 ,
1152 3869 1208 3915 et
1232 3859 1383 3917 velut
1411 3869 1672 3931 soporata
1699 3877 1729 3914 a
1764 3861 1921 3926 vino,
1953 3871 2006 3915 et
2035 3862 2188 3931 quasi

585 3953 641 4011 in
671 3969 895 4010 excessu
929 3955 1018 4010 vel
1047 3963 1271 4024 stupore
1299 3956 1474 4024 posita
1504 3952 1669 4009 dicit:
1717 3953 1829 4027 Ego
1869 3952 2101 4019 dormio,
2143 3964 2189 4008 et

588 4065 678 4104 cor
696 4065 864 4102 meum
891 4049 1070 4118 vigilat
1110 4047 1283 4120 (Cant.
1317 4064 1371 4113 v,
1409 4046 1488 4121 2).
1537 4048 1670 4103 Tum
1717 4048 1865 4104 verbi
1907 4033 2189 4119 prtesentis

585 4142 792 4198 lumine
835 4156 1114 4212 percussa,
1153 4157 1278 4197 cum
1324 4141 1495 4196 oculis
1545 4141 1907 4212 requievisset
1951 4139 2186 4206 inﬂexis,

586 4236 857 4289 excitatur
887 4249 916 4287 a
962 4232 1156 4290 Verbo.
1191 4216 1634 4300 Qttartusantem
1668 4233 2070 4302 hicproceSsus
2106 4241 2191 4287 est

585 4323 802 4380 animae.
835 4324 1017 4380 Primo
1045 4325 1906 4403 etenim,charitatisimpatiens,
1940 4335 1993 4379 et
2024 4324 2184 4380 Verbi

587 4433 770 4475 moras
798 4431 907 4474 non
941 4418 1118 4474 ferens
1151 4419 1414 4488 ragabat,
1461 4427 1520 4472 nt
1558 4419 1742 4474 osenla
1775 4429 2101 4485 mereretur,
2131 4428 2186 4474 et

584 4511 783 4567 tneruit
809 4511 1174 4565 desideratum
1196 4509 1404 4566 videre.
1436 4509 1688 4567 Secundo
1718 4510 2026 4566 introducta
2050 4526 2192 4582 quo:

2313 3341 2318 3367 δ
2372 3297 2460 3352 52.
2503 3297 2748 3368 Audiens
2783 3298 2996 3353 anima:
3047 3299 3206 3368 Aperi
3245 3300 3468 3354 minim.
3501 3309 3554 3353 et
3588 3312 3752 3372 caput
3791 3303 3898 3356 roris

2299 3390 2507 3464 plenum
2543 3388 2733 3462 (Ibid)
2755 3433 2771 3453 ,
2807 3391 2909 3446 hoc
2946 3399 3061 3458 est,
3091 3391 3487 3446 tentatinnibus
3517 3395 3895 3460 saecularibus,

2297 3484 2486 3553 subito
2507 3485 2719 3539 turbata
2745 3525 2760 3550 ,
2799 3495 2855 3540 et
2883 3486 3035 3555 quasi
3071 3497 3382 3540 surrectura
3413 3502 3537 3557 quas
3575 3490 3898 3560 surgerej:;-

2297 3567 2548 3642 behatur,
2583 3577 2681 3645 ait,
2710 3580 3033 3652 cumaloem
3066 3580 3345 3636 redoleret
3368 3589 3430 3657 et
3461 3562 3750 3654 myrrham
3783 3585 3896 3637 insi.

2293 3673 2419 3742 gnia
2463 3674 2790 3740 sepulturae:
2841 3671 3248 3745 Exuitunicam
3278 3691 3478 3741 meam,
3512 3683 3779 3746 quomodo
3827 3679 3895 3730 in-

2295 3764 2454 3818 duam
2485 3764 2661 3831 eam?
2682 3763 2810 3818 Lavi
2839 3765 2991 3832 pedes
3021 3782 3190 3829 meos,
3227 3767 3486 3837 quomodo
3517 3769 3801 3837 inquinabo
3825 3787 3894 3824 eos

2296 3857 2493 3928 (Ibid.,
2535 3858 2636 3930 5)?
2688 3859 2920 3914 Veretur
2951 3860 3097 3914 enim
3134 3853 3220 3915 ne‘
3244 3861 3445 3915 iterutn
3481 3862 3532 3915 in
3560 3867 3893 3938 tentationes

2295 3962 2562 4022 resurgat,
2583 3968 2651 4008 ne
2670 3953 2863 4008 iterum
2885 3954 2938 4007 in
2963 3954 3179 4032 culpam
3204 3954 3393 4010 redeat
3413 3965 3580 4027 atque
3599 3971 3890 4027 peccatum,

2294 4056 2348 4101 et
2379 4060 2630 4116 egressits
2663 4061 2804 4115 suos,
2828 4048 3197 4119 virtutumque
3230 4064 3522 4119 processus
3556 4057 3796 4109 terrenis
3824 4054 3894 4107 in-

2293 4140 2480 4211 cipia‘t,
2509 4141 2759 4212 vestigiis
2798 4143 3125 4212 inquinare.
3155 4141 3318 4198 Certe
3368 4145 3533 4200 etiam
3589 4147 3698 4203 hoc
3744 4149 3894 4202 modo

2292 4232 2679 4302 perfectionem
2705 4235 2917 4309 virtutis
2937 4248 3048 4289 sua:
3073 4235 3297 4302 indicat,
3321 4249 3443 4305 qua:
3469 4247 3677 4292 tantam
3701 4239 3891 4294 Christi

2293 4326 2554 4380 meruerit
2598 4326 2955 4392 charitatem;
3009 4336 3068 4380 ut
3102 4326 3170 4381 ad
3211 4341 3330 4380 eam
3371 4328 3580 4397 veniat,
3624 4343 3680 4384 et
3723 4331 3892 4408 pulset

2284 4417 2506 4491 jannam
2535 4417 2671 4488 ejus,
2699 4428 2753 4474 et
2784 4418 2962 4474 veniat
2987 4434 3110 4474 cunt
3141 4419 3322 4483 Patre.
3355 4431 3413 4476 et
3433 4432 3625 4498 coenet
3655 4439 3781 4478 cnnt
3812 4440 3890 4478 ca-

2289 4512 2414 4566 dem
2451 4513 2656 4576 anirna,
2709 4522 2767 4567 et
2798 4513 2930 4586 ipsa
2967 4527 3091 4568 cum
3135 4528 3222 4588 eo,
3276 4514 3421 4568 sicut
3466 4515 3520 4569 in
3563 4517 3888 4588 Apocalypsi

582 4620 690 4677 que
707 4605 759 4659 in
782 4604 1085 4660 cubiculum
1108 4606 1273 4676 regis,
1298 4620 1419 4660 cum
1444 4613 1626 4660 mutua
1650 4603 2181 4676 misceretalloquia,
2210 4616 2265 4677 Ῑ)
2290 4607 2425 4662 dixit
2461 4606 2738 4662 Iohannes
2773 4605 2965 4680 (Apoc.
2990 4623 3080 4674 ιιι,
3113 4585 3229 4688 20).
3255 4591 3467 4687 Etenim
3485 4625 3628 4685 cum
3656 4612 3712 4665 in
3737 4585 3889 4683 supe-

579 4699 635 4757 in
683 4700 873 4756 umbra
917 4699 1036 4770 ejus
1080 4700 1369 4772 requievit,
1398 4709 1476 4767 ,et
1511 4701 1695 4756 subito
1740 4699 1976 4783 Verbum
2021 4701 2071 4756 ei
2112 4699 2182 4755 de
2257 4701 2523 4784 ‘rioribus
2545 4699 2824 4773 audisset:
2850 4698 2986 4774 Ades
3006 4698 3376 4778 huc7a7Libano
3402 4718 3620 4772 sponsa,
3647 4705 3774 4758 ades
3796 4707 3890 4757 hac

578 4793 762 4854 medio
807 4809 1076 4868 sermone
1099 4795 1351 4874 discessit
1373 4811 1412 4862 ;>
1439 4797 1700 4868 quaerenti
1731 4807 1907 4852 tamen
1938 4810 2044 4851 non
2091 4795 2181 4851 diu
2265 4784 2319 4849 ἀ
2348 4794 2558 4874 Libano
2589 4795 2762 4868 (Cant.
2789 4810 2868 4861 tv,
2902 4792 3002 4866 8);
3035 4803 3098 4867 et
3133 4810 3257 4850 cum
3294 4795 3612 4874 adverteret
3640 4799 3694 4850 in
3731 4812 3890 4852 carne

581 4891 774 4954 abfuit,
806 4890 901 4947 sed
930 4890 1130 4946 saliens
1156 4905 1323 4960 supra
1350 4901 1561 4948 montes
1591 4899 1648 4946 et
1677 4889 1988 4946 transiliens
2017 4904 2186 4958 super

575 4987 745 5044 colles
775 4985 1160 5044 advenit.Nec
1199 4987 1366 5058 multo
1397 4987 1705 5058 postquasi
1735 4988 2054 5058 capreolus,
2089 4993 2182 5039 aut

575 5094 860 5137 cervorum
892 5079 1151 5136 hinnulus
1177 5078 1303 5134 dum
1328 5077 1524 5134 affatur
1546 5079 1822 5146 dilectam,
1852 5080 2101 5136 exsilivit
2125 5085 2181 5134 et

647 5212 674 5240 ⁸
716 5202 857 5259 Edit.
890 5216 1102 5267 omnes,
1133 5209 1186 5255 et
1206 5199 1362 5271 pauci
1388 5203 1523 5253 mss.’
1543 5198 1658 5271 qua.»
1673 5198 1967 5271 integritate
1992 5199 2176 5270 sig‘na—'

575 5276 680 5330 culi
707 5283 1077 5343 perseverante,
1111 5268 1228 5343 qua}
1256 5273 1359 5340 ﬁde
1379 5314 1392 5334 ,
1427 5279 1535 5343 etc.
1557 5268 1693 5343 Alii
1720 5285 1856 5325 vero
1903 5268 2082 5338 plures
2113 5278 2171 5325 et

571 5341 933 5416 potiores.....
973 5341 1444 5416 perseverantiaque
1473 5342 1614 5416 ﬁdei.
1639 5341 2025 5416 7R7nrsns7pnst
2064 5343 2168 5416 tria

573 5410 759 5489 verba.
790 5434 918 5474 mss.
943 5410 1209 5489 quinque,
1237 5410 1504 5489 Numquid
1524 5412 1771 5489 Ec_clesia7
1789 5412 2024 5489 accipit?
2055 5410 2168 5489 Ha-7

575 5487 652 5543 bet
672 5491 830 5559 quod,
849 5482 981 5556 etcf;
1005 5482 1547 5559 du6,-Nuntquid_non
1572 5482 1810 5559 Ecclesia
1824 5484 2008 5559 accipit
2031 5485 2168 5553 quod

575 5553 744 5625 habet,
772 5553 847 5625 ut,
870 5553 978 5617 etc.
1004 5560 1111 5615 Alii
1143 5553 1361 5630 partim,
1397 5556 1536 5612 Nam
1563 5557 1652 5626 qui
1677 5553 2001 5630 deEc'clesia
2022 5571 2166 5609 acce-

575 5633 744 5702 perit,
774 5633 924 5687 habet
946 5632 1082 5702 quod
1103 5671 1119 5698 ,
1144 5625 1252 5688 etc.
1287 5630 1484 5702 partim
1511 5625 1635 5685 cum
1667 5625 1800 5681 edit.
1833 5634 1946 5680 ant.
1981 5638 2038 5681 ut
2069 5642 2168 5682 nos

576 5701 836 5758 interitu.
962 5701 967 5702 “
1292 5701 1300 5702 “
1411 5723 1414 5728 ·
1939 5747 1945 5754 ,
2045 5747 2047 5750 ι
2171 5745 2173 5748 ι

646 5772 674 5811 ι)
706 5772 918 5845 Codex.
963 5773 1160 5845 Long.,
1192 5783 1263 5845 ut
1307 5773 1720 5844 patriarcharum
1767 5769 1954 5825 anima:
2002 5771 2169 5827 rurati

577 5843 804 5920 quodam
822 5860 972 5900 amne
995 5843 1106 5901 sine
1127 5843 1315 5901 labore
1327 5848 1526 5917 fructus
1556 5860 1676 5901 suos
1697 5846 1984 5916 conferant.

2283 4872 2351 4954 se
2377 4886 2597 4941 Christo
2632 4887 2829 4943 adesse
2869 4903 2977 4941 non
3027 4901 3189 4956 posse
3212 4929 3226 4954 ,
3255 4872 3366 4943 sed
3403 4872 3532 4944 tunc
3561 4884 3757 4944 adesse
3781 4932 3796 4955 ,
3844 4889 3890 4944 si

2283 4979 2501 5035 adesset
2523 4979 2575 5033 in
2597 4979 2789 5049 spiritu
2809 4997 2823 5045 ;
2843 4978 3197 5054 conformans
3218 4996 3276 5036 se
3297 4979 3363 5035 ad
3380 4982 3500 5049 ejns
3525 4982 3884 5046 voluntatem,

2283 5084 2342 5130 ut
2373 5084 2522 5130 esset
2549 5086 2603 5129 et
2632 5074 2748 5144 ipsa
2777 5074 3074 5131 conformis
3113 5075 3335 5147 imagini
3361 5073 3603 5145 Christi,
3639 5076 3750 5148 jam
3778 5092 3884 5133 non

2328 5188 2395 5234 ’θ’
2418 5193 2775 5248 Plures'mss.
2823 5206 2939 5260 qua:
2973 5193 3130 5246 missa
3159 5193 3289 5247 "sunt
3324 5193 3554 5260 'sponso.‘
3596 5192 3747 5248 Unns
3789 5202 3881 5246 aut

2274 5266 2436 5333 alter,
2467 5281 2581 5334 qua:
2609 5263 2774 5334 missa
2791 5274 3158 5338 suntsponsw.
3186 5262 3315 5327 Alii,
3340 5278 3405 5320 ac
3430 5264 3562 5320 edit.
3589 5282 3706 5334 qua:
3726 5266 3882 5319 missa

2275 5349 2396 5393 sunt
2426 5357 2456 5391 (ι
2477 5353 2686 5407 sponso.
2843 5406 2850 5407 7
3168 5370 3176 5375 -
3286 5352 3289 5355 ·
3455 5406 3468 5407 7
3499 5406 3507 5407 7
3637 5360 3639 5362 ·

2348 5409 2374 5446 ά
2416 5406 2545 5465 Mss.
2575 5409 2704 5463 Ebr.
2741 5417 2796 5461 et
2824 5406 2980 5462 Colh.
3010 5409 3061 5462 in
3087 5423 3338 5477 corpore,
3363 5423 3425 5463 ac
3453 5406 3566 5476 Big.
3595 5407 3648 5461 in
3673 5407 3874 5472 glossa,

2274 5499 2440 5537 sermo
2463 5482 2597 5536 alius
2616 5479 2980 5541 vehementior,
3007 5481 3144 5536 alius
3173 5481 3398 5534 suavior.
3422 5480 3527 5534 Sed
3547 5539 3550 5542 ,
3572 5480 3624 5531 in
3646 5479 3879 5534 altorum

2276 5565 2439 5623 atque
2463 5554 2592 5608 edit.
2622 5553 3134 5622 utnniumlectiOne
3162 5553 3294 5607 nihil
3324 5551 3657 5605 mutandum.

2353 5636 2374 5662 ε
2417 5625 2808 5680 Cnnctazedit.
2841 5639 2964 5678 cum
2991 5623 3176 5694 paucis
3208 5624 3532 5695 mss.’grutia
3561 5632 3876 5690 querentem

2275 5697 2546 5752 revocavit.
2581 5696 2698 5751 Non
2727 5699 2902 5751 male.
2920 5697 2990 5751 At
3017 5703 3351 5760 mss.'OCIo,'
3369 5695 3635 5764 gratiaque
3664 5709 3874 5764 revoca:

2275 5770 2346 5823 vit
2365 5811 2380 5834 ,
2405 5768 2458 5822 id
2489 5777 2605 5835 est,
2635 5766 2810 5840 gratia
2835 5776 2892 5824 et
2914 5767 3102 5826 favore
3125 5767 3323 5838 quibus
3348 5763 3524 5820 anima
3551 5764 3699 5819 valet
3730 5763 3872 5836 apud

2273 5855 2554 5913 sponsum.
