4082 6370
186 284 286 341 521
363 334 371 343 .

1229 277 1316 333 DE
1357 275 1559 334 ISAAC
1598 274 1688 330 ET
1728 272 1943 330 ΛΝΙΜΑ
1985 271 2193 329 LlBER
2233 271 2436 329 UNUS.

3380 261 3488 326 522
3551 346 3554 349 _

184 400 349 456 sentit
391 399 573 456 carnis
615 398 881 459 exuvias:
927 396 1039 468 jam
1073 393 1225 465 quasi
1268 394 1491 462 Spit‘ilus
1534 391 1681 446 evuit
1724 405 1784 443 se
1814 392 1860 450 Α
1889 387 2008 458 ejus
2062 388 2401 453 habitacula,
2448 395 2502 442 et
2548 384 2889 456 peregrinam
2936 399 2995 440 se
3045 383 3251 440 faciens
3299 388 3380 452 ei,
3429 397 3490 442 ut

186 494 433 564 corporis
454 493 894 560 coniunctionem
922 509 936 555 ;
960 491 1068 559 jam
1094 490 1248 558 quasi
1278 487 1468 551 oblita,
1505 494 1561 540 et
1586 499 1710 555 quae
1742 482 1787 536 si

188 587 355 650 velit,
390 585 603 655 copulae
633 585 780 640 illius
811 580 1124 638 meminisse
1148 595 1251 633 non
1287 577 1485 646 possit.
1513 580 1617 630 ait:
1649 572 1790 627 Επιιὶ

190 679 416 734 tunicam
455 694 656 744 meant,
704 674 960 748 quomodo
1000 674 1215 728 induam
1249 670 1404 725 eam?
1446 667 1609 724 Exuit
1641 666 1788 722 enim

193 775 429 830 tunicam
462 775 610 830 illam
646 775 926 844 pelliceam
950 812 965 836 ,
995 785 1154 841 quam
1183 774 1511 836 acceperunt
1536 762 1707 818 Adam
1738 769 1794 816 et

195 868 303 923 Eva
337 879 455 938 post
484 871 696 938 culpam
717 909 732 934 .
761 867 996 922 tunicam
1025 861 1348 932 corruptela:
1367 901 1382 918 .
1410 859 1643 914 tunicam
1675 872 1795 926 pas—

194 963 436 1018 siomtm.
474 962 741 1030 Quomodo
771 960 986 1015 induam
1013 959 1169 1013 eam?
1211 957 1328 1012 Non
1363 955 1592 1024 requirit
1621 961 1678 1005 ut
1715 951 1795 1006 in-

197 1055 362 1111 duat:
391 1055 485 1109 sed
514 1056 583 1108 ita
613 1054 886 1125 signiﬁcat
911 1052 1179 1120 abiectam
1201 1091 1216 1115 .
1251 1058 1310 1104 ut
1334 1049 1446 1120 jam
1478 1047 1796 1102 indmnento

194 1146 294 1203 sibi
317 1163 440 1202 esse
469 1163 574 1200 non
604 1154 806 1214 posset.
831 1144 956 1200 Lavi
985 1145 1138 1214 pedes
1163 1159 1323 1208 meos,
1349 1140 1604 1212 quomodo
1628 1137 1800 1208 inqui-

196 1242 325 1294 nabo
354 1239 514 1295 illos?
544 1239 657 1295 Hoc
687 1249 796 1304 est,
835 1239 1064 1309 vestigia
1093 1252 1210 1292 mea
1238 1237 1339 1289 lavi
1366 1275 1382 1299 ,
1413 1233 1539 1287 dum
1572 1235 1800 1300 egrede-

193 1348 305 1399 rer,
330 1347 393 1388 ac
417 1330 508 1388 me
532 1333 806 1388 elevarem
836 1331 904 1386 de
924 1330 1174 1400 corporis
1205 1327 1584 1389 contubernio,
1616 1323 1684 1378 de
1712 1323 1800 1378 illa

193 1429 538 1484 counexione
600 1439 656 1482 et
702 1430 730 1460 ⁸
791 1426 1159 1482 familiaritate
1199 1423 1434 1479 carnalis
1480 1419 1800 1490 amplexus,

195 1523 470 1594 quomodo
499 1522 794 1592 inquinabo
825 1538 886 1577 ea
913 1538 927 1587 ;
963 1532 1019 1575 ιιι
1050 1521 1102 1574 in
1133 1519 1382 1588 corporis
1411 1517 1805 1581 clzinSIrum,et

200 1615 356 1672 illum
394 1617 746 1672 tenebrosum
779 1618 1092 1687 passionum
1136 1613 1256 1683 ejus
1296 1625 1574 1666 carcerem
1622 1623 1807 1664 rever-

202 1711 431 1765 tantur?

1893 480 2107 535 adesset
2141 482 2282 547 Deo,
2310 489 2367 536 et
2404 492 2546 536 eSSet
2575 481 2713 536 civis
2743 491 3078 535 sanctorum.
3125 480 3299 536 Simul
3339 481 3486 536 enim

1893 583 1949 628 et
1969 574 2148 627 carnis
2169 573 2452 628 domestici
2474 614 2490 639 .
2523 582 2577 627 et
2603 574 2694 628 Dei
2720 589 2842 630 esse
2872 589 2976 628 non
3009 589 3316 644 possumus.
3349 554 3490 644 Ergo

1893 663 1947 720 in
1976 667 2078 720 hoc
2106 665 2225 720 loco
2250 653 2403 720 exire
2426 668 2781 735 signiﬁcatur,
2807 678 2864 720 ut
2885 666 3020 731 dixi.
3044 668 3244 726 anima.
3273 666 3491 738 quando

1895 758 2116 814 abducit
2141 774 2200 814 se
2221 775 2251 813 a
2275 763 2522 826 corporis
2539 760 2929 830 voluptatibus.
2961 762 3198 832 Denique
3228 765 3490 830 scriptum

1897 861 2023 911 est:
2070 853 2171 908 Exi
2201 854 2266 910 de
2315 853 2615 925 Babylone,
2668 858 2952 928 fugiens'a
3000 857 3258 913 Chaldwis
3307 857 3492 930 (Esai.

1898 961 2084 1009 xtvtu,
2113 946 2240 1016 20).
2271 946 2388 1001 Non
2421 948 2606 1016 utique
2647 959 2704 1002 ut
2750 954 3026 1020 regionem
3074 951 3360 1023 Babylonis
3392 952 3497 1006 lle-

1898 1037 2076 1094 brmus
2117 1038 2318 1107 lugiat,
2349 1039 2444 1094 sed
2479 1049 2537 1094 ut
2567 1055 2780 1104 mores,
2816 1043 3134 1114 prophetico
3174 1047 3496 1100 admonetur

1900 1131 2173 1202 alloquio;
2206 1133 2472 1202 siquidem
2496 1134 2603 1186 sint
2629 1133 2718 1202 qui
2741 1137 2793 1188 in
2825 1134 3098 1206 Babylone
3120 1140 3226 1191 sint
3259 1139 3494 1204 llebrtni,

1903 1235 1960 1281 et
1989 1225 2056 1279 de
2089 1225 2364 1296 Babylone
2398 1226 2578 1280 exisse
2611 1227 2852 1281 moribus
2883 1227 3134 1284 dot-eant.
3157 1230 3298 1284 Nam
3338 1243 3391 1285 et
3425 1231 3501 1285 illi

1905 1319 1973 1375 de
2001 1319 2197 1389 quibus
2236 1319 2371 1374 dicit
2401 1318 2670 1390 PrOpheta
2717 1319 2862 1390 quod
2907 1322 3170 1378 sedebant
3199 1339 3362 1394 super
3402 1325 3503 1379 llu-

1906 1415 2048 1469 mina
2083 1414 2378 1486 Babylonis
2399 1455 2414 1480 ,
2447 1413 2711 1470 sedi-bant
2739 1415 2960 1486 quidem
2994 1415 3046 1470 in
3073 1416 3192 1487 regi
3216 1433 3298 1472 uie
3329 1418 3504 1490 Baby-

1906 1506 2078 1568 loois,
2130 1507 2223 1561 sed
2270 1507 2322 1561 in
2363 1506 2480 1578 ejus
2524 1524 2630 1562 non
2676 1518 2833 1562 erant
2887 1511 3032 1564 vitiis
3080 1522 3134 1565 et
3182 1509 3505 1568 confusione

1906 1599 2081 1672 (Psal.
2111 1617 2332 1666 cxxxvr,
2360 1602 2388 1656 ι
2409 1600 2453 1673 ).
2499 1601 2634 1656 Nam
2681 1604 2953 1673 quomodo
2981 1614 3139 1660 erant
3173 1606 3222 1659 in
3257 1607 3342 1659 illa
3373 1621 3505 1660 con-

1910 1695 2121 1752 fusione
2165 1696 2453 1760 vitiorum,
2488 1699 2574 1767 qui
2610 1696 2810 1751 llebant
2849 1709 3103 1768 gerentes
3136 1700 3509 1768 paenitentiam

275 1803 366 1858 55.
413 1801 546 1856 Dum
593 1801 709 1857 haec
751 1800 842 1855 illa
871 1798 1034 1864 dicit,
1068 1795 1210 1851 misit
1253 1794 1620 1868 operationem
1649 1807 1802 1847 suam
1836 1793 1883 1854 B
1911 1791 2052 1860 quod
2081 1790 2148 1846 de
2171 1806 2294 1845 arca
2318 1790 2648 1856 devotionis,
2676 1807 2741 1846 ac
2769 1791 2916 1857 ﬁdei.
2947 1801 3002 1848 et
3030 1791 3243 1847 virtutis
3269 1806 3510 1865 paterna:

175 1892 445 1950 Verbum
485 1902 758 1964 tamquam
793 1909 888 1963 per
922 1905 1214 1946 cavernam
1238 1931 1254 1954 ,
1307 1904 1414 1943 non
1455 1886 1636 1941 adhuc
1673 1884 1809 1940 facie

200 1987 270 2043 ad
298 1988 512 2053 facient.
537 1987 685 2043 misit
711 1999 986 2058 tamquam
1011 1999 1229 2039 manum
1257 2000 1272 2038 ε
1303 1981 1370 2035 Et
1391 1990 1582 2046 venter,
1611 1978 1807 2049 inquit,

202 2097 350 2135 meus
380 2080 712 2134 conturbatus
737 2090 811 2134 est
839 2095 995 2147 super
1024 2093 1161 2131 eum.
1211 2073 1281 2128 Et
1324 2073 1528 2128 surrexi
1567 2087 1660 2143 ego
1689 2087 1813 2140 ape-

210 2180 322 2229 rire
356 2174 509 2245 fratri
543 2189 678 2228 meo.
729 2171 918 2226 Manus
959 2185 1083 2225 metu
1111 2168 1487 2222 distillaverunt
1523 2164 1810 2235 myrrham.

205 2267 358 2338 digiti
402 2267 500 2320 mei
548 2265 754 2336 myrrha
804 2265 946 2334 pleni
985 2272 1102 2318 sunt
1140 2277 1294 2334 super
1331 2275 1514 2312 manus
1554 2257 1816 2310 clausura:

211 2360 395 2431 (Cant.
431 2375 483 2423 v,
510 2358 544 2413 4
570 2370 616 2414 et
644 2358 725 2427 5).
774 2357 912 2426 Quid
945 2358 1046 2410 hoc
1077 2355 1345 2426 signiticet
1379 2350 1813 2407 consideremus.

209 2451 461 2508 Primum
495 2452 756 2522 operibus
778 2451 891 2504 suis
914 2447 1150 2514 videtur,
1177 2457 1233 2500 ut
1254 2443 1390 2503 dixi.
1417 2443 1558 2496 Deus
1578 2439 1817 2495 Verbum

209 2555 486 2616 tamquam
521 2561 614 2614 per
638 2558 924 2599 cavernam
952 2582 968 2607 ,
1003 2558 1108 2596 non
1149 2541 1306 2609 plene
1346 2546 1508 2606 atque
1537 2531 1817 2605 perfecte:

209 2637 414 2693 deinde
445 2647 670 2707 augetur
699 2652 872 2696 amor.
907 2645 963 2688 et
987 2643 1286 2700 eonci-ptus
1313 2627 1581 2684 adolescit
1605 2667 1620 2688 ,
1656 2632 1823 2693 atque

215 2745 286 2786 ex
337 2729 634 2786 seminibus
678 2729 796 2799 ejus
845 2743 966 2796 quae
1004 2724 1240 2796 quodam
1286 2729 1443 2776 utero
1493 2716 1842 2788 intelligibili.

217 2821 529 2891 susceperit
575 2820 753 2874 anima
783 2859 800 2886 ,
858 2828 1025 2872 totam
1081 2814 1478 2886 plenitudinem
1526 2809 1826 2865 divinitatis

217 2916 345 2986 ejus
373 2915 700 2970 habitantem
747 2915 798 2967 in
838 2927 904 2967 eo
933 2910 1325 2980 corporaliter,
1358 2913 1417 2960 ut
1449 2903 1678 2973 legimus
1699 2941 1714 2965 ,
1751 2899 1828 2953 vi-

219 3007 362 3062 dere
392 3005 685 3062 desiderat.
719 3002 1000 3067 Surrexit,
1039 3011 1098 3056 ut
1143 3002 1365 3070 propius
1393 2997 1523 3052 illud
1570 2995 1662 3048 Dei
1704 2991 1832 3046 Ver-

219 3103 357 3160 bum
389 3103 619 3155 videret.
657 3100 721 3154 Et
766 3115 816 3153 in
859 3099 960 3152 hoc
1000 3097 1119 3165 ipso
1152 3106 1442 3162 proceSsus
1482 3091 1599 3157 ejus
1630 3085 1832 3157 εἰειιὶῐὶ-

1911 1886 2118 1941 meritis
2149 1886 2515 1942 excidissent?
2532 1886 2664 1954 Quae
2687 1897 2870 1942 autem
2895 1888 2946 1942 in
2969 1888 3149 1946 Verbo
3175 1892 3287 1947 exit
3307 1894 3510 1958 anima,

1909 1980 2148 2036 Verbum
2188 1981 2435 2051 requirit.

1983 2075 2070 2132 55.
2119 2074 2272 2131 Unde
2292 2084 2348 2130 et
2373 2075 2470 2129 ista
2496 2089 2617 2128 cum
2642 2084 2935 2146 quaereret.
2963 2076 3152 2132 incidit
3176 2079 3228 2133 in
3253 2083 3510 2134 custodes

1913 2170 2002 2240 qui
2036 2171 2376 2222 circumeunt
2396 2168 2678 2222 civitatem
2706 2187 2718 2219 :
2755 2167 3132 2224 Percusserunt
3151 2213 3164 2235 ,
3190 2171 3383 2241 inquit,
3412 2189 3515 2239 me.

1914 2272 1964 2317 et
1993 2262 2391 2317 vulneraverunt
2422 2277 2534 2329 me,
2581 2261 2812 2317 tulerunt
2851 2264 3071 2331 pallium
3108 2281 3141 2318 α
3168 2281 3248 2319 me
3286 2267 3521 2320 custodes

1921 2374 2186 2412 murorum
2229 2355 2424 2427 (Cant.
2451 2373 2517 2421 v,
2549 2357 2635 2429 '1).
2687 2357 2832 2411 Bene
2875 2359 3091 2428 qurdetn
3138 2360 3287 2427 quasi
3321 2375 3521 2428 Sponsa

1920 2452 2174 2507 veniebat
2204 2466 2327 2504 cum
2351 2450 2524 2520 pallio
2552 2467 2659 2517 quo
2691 2452 2997 2506 obnuhcret
3024 2464 3181 2520 caput
3215 2469 3370 2508 simm
3399 2470 3523 2510 cum

1921 2557 2159 2614 sponsos
2185 2550 2524 2596 occurreret.
2559 2541 2711 2598 Sicut
2733 2541 2982 2598 Rebecca
3002 2560 3124 2612 qme
3146 2546 3362 2615 cognito
3383 2543 3526 2615 quod

1923 2635 2073 2690 Isaae
2104 2635 2206 2691 sibi
2242 2638 2454 2690 veniret
2499 2635 2725 2701 olnius,
2761 2637 3046 2691 descendit
3094 2638 3162 2692 de
3193 2643 3403 2693 c.nne.'o
3426 2681 3440 2703 .
3473 2647 3530 2694 et

1926 2730 2090 2800 pallio
2119 2745 2178 2783 se
2207 2730 2420 2797 operuit
2461 2727 2633 2798 (Gen.
2663 2745 2815 2792 xxtv.
2848 2731 2941 2799 65)
2971 2747 2984 2784 :
3017 2731 3086 2784 ita
3121 2741 3174 2785 et
3206 2731 3321 2786 lia'c
3349 2731 3530 2787 anima

1929 2821 2186 2892 nuptialis
2209 2822 2378 2876 vestis
2406 2819 2435 2858 δ
2470 2823 2839 2889 przcvt-nicbat
2868 2822 3134 2892 insignia;
3170 2840 3236 2876 ne
3279 2825 3414 2877 lorte
3444 2839 3532 2879 re—

1927 2914 2221 2984 jiceretur,
2253 2915 2408 2982 quasi
2442 2925 2645 2970 vestem
2690 2931 2796 2969 non
2842 2917 3049 2970 habens
3092 2917 3419 2985 nuptialem;
3450 2921 3532 2975 vel

1934 3019 1994 3063 ut.
2020 3017 2182 3076 caput
2224 3010 2433 3064 velaret
2462 3019 2687 3078 protitcr
2717 3009 2958 3078 angelos.
2995 3011 3102 3067 Sed
3136 3013 3208 3066 illi
3254 3029 3539 3080 percusse-

1935 3111 2064 3156 runt
2104 3119 2246 3169 eam,
2282 3112 2339 3156 ut
2365 3103 2598 3167 amplius
2631 3103 2974 3172 probaretur.
3011 3103 3346 3160 Exercentur
3390 3109 3534 3161 enim

215 3212 406 3262 catur,
449 3195 591 3267 quod
637 3194 876 3250 surrexit
911 3207 1007 3260 per
1047 3191 1290 3275 vigorem
1337 3196 1501 3256 atque
1550 3183 1827 3275 virtutem.
1857 3179 1902 3241 C
1936 3195 2136 3250 anima:
2164 3195 2570 3251 tentazionibus.
2597 3195 2862 3252 Tulerunt
2884 3199 2931 3252 ei
2962 3200 3201 3266 pallium.
3229 3213 3538 3270 qua-tentes

218 3291 522 3347 Pot-sentin
552 3305 699 3344 enim
734 3287 890 3344 Verbi
936 3271 1114 3340 hausit
1142 3282 1306 3355 373
1327 3283 1507 3334 anima
1543 3269 1826 3339 virtutem.

211 3387 362 3442 sicut
391 3387 676 3453 praesentia
701 3382 903 3444 Mariae.
927 3396 1049 3436 cum
1076 3392 1181 3434 mei
1198 3394 1232 3433 ο
1253 3377 1432 3446 gravis
1459 3386 1626 3440 esset,
1650 3373 1834 3428 erudi-

218 3480 303 3533 vit
329 3477 595 3532 Joannem
625 3478 676 3531 in
708 3486 860 3531 utero
906 3475 1288 3538 constitutum,
1332 3470 1472 3524 adeo
1501 3479 1558 3521 ut
1585 3465 1834 3522 essiltret

219 3570 277 3626 in
311 3581 468 3625 utero
491 3612 508 3636 .
548 3579 604 3627 et
630 3575 926 3625 exsatiaret
959 3568 1167 3621 Dutuim
1200 3566 1543 3634 praesentiam
1573 3574 1834 3629 recogno-

217 3683 410 3726 seeos.
444 3667 690 3724 Sin-rexit
719 3666 935 3734 aperire
955 3705 970 3727 ,
999 3673 1055 3717 et
1085 3678 1249 3730 Opera
1283 3662 1400 3728 ejus
1431 3668 1487 3714 et
1519 3659 1658 3712 facta
1689 3671 1834 3710 mor-

222 3763 437 3818 tilit'a'a
473 3769 600 3814 sunt
637 3759 857 3814 mumlo.
903 3755 1050 3810 Talis
1084 3757 1230 3810 enim
1269 3752 1430 3807 debet
1473 3765 1598 3807 es-e
1647 3747 1828 3802 anima

221 3871 353 3926 quae
390 3853 620 3908 Verbum
652 3861 736 3904 est
767 3861 1052 3920 receptura
1075 3890 1091 3912 .
1123 3859 1181 3902 ut
1221 3857 1484 3900 moriatur
1517 3845 1750 3900 mundo.
1783 3851 1838 3898 et

218 3947 638 4012 consepehatur
668 3942 909 3997 Cltri~to.
954 3940 1044 3994 Sic
1074 3942 1219 3994 enim
1246 3937 1500 3992 Christus
1539 3936 1833 4000 invenitur,

223 4051 283 4096 et
315 4040 430 4092 tale
458 4037 558 4090 sibi
587 4038 779 4108 quaerit
810 4031 1125 4104 hospitium.
1173 4031 1375 4086 Deinde
1406 4031 1520 4099 ipsa
1544 4027 1837 4084 ministeria

223 4133 640 4206 Operationum,
672 4131 726 4186 id
757 4141 862 4195 est,
889 4144 1080 4182 titanus
1110 4137 1165 4182 et
1191 4126 1343 4197 digiti
1365 4127 1562 4196 quibus
1590 4137 1839 4192 compre-

223 4227 501 4285 henditur
528 4225 776 4279 ChriS‘tts
794 4265 809 4288 ,
845 4221 1242 4277 mortiﬁcamur
1261 4262 1272 4272 .
1310 4236 1446 4285 quos
1469 4217 1667 4288 digitos
1699 4217 1843 4269 velut

225 4319 534 4381 emitcutia
565 4319 831 4374 factorum
859 4325 1169 4371 nostrorum
1199 4329 1361 4384 opera
1389 4327 1678 4384 possumus
1696 4311 1844 4366 msti-

227 4433 415 4473 mare.
457 4415 640 4485 Itaque
669 4413 819 4466 velut
847 4427 878 4467 e
910 4423 1201 4480 comptexu
1232 4425 1332 4464 suo
1360 4423 1482 4463 cum
1507 4407 1616 4475 jam
1648 4416 1841 4460 esten-

226 4512 397 4569 dcret
433 4507 805 4579 iutcligibiles
833 4521 1024 4560 manus
1045 4519 1170 4558 suas
1191 4513 1246 4557 et
1266 4503 1483 4572 digitos,
1514 4511 1568 4554 ut
1589 4512 1836 4566 compre-

1934 3289 1980 3343 si
2013 3304 2200 3342 verum
2227 3288 2483 3344 d"cttrt'm
2532 3290 2688 3346 nudae
2729 3292 2947 3346 virtutis
2992 3292 3256 3349 all'erret:
3290 3299 3370 3351 vel
3412 3298 3539 3368 quia

1935 3382 2054 3436 sine
2082 3381 2456 3450 integumento
2495 3385 2618 3453 quis
2651 3383 2721 3438 in'
2745 3384 2890 3438 illam
2937 3387 3215 3441 t-telestem
3258 3389 3538 3446 civitatem

1937 3474 2132 3530 debeat
2166 3476 2428 3539 introire.
2480 3478 2620 3530 nulla
2670 3477 2922 3533 deferens
2968 3495 3153 3535 secum
3199 3491 3540 3550 Operunenta

1937 3568 2204 3622 lucorum.
2239 3567 2396 3624 Sunt
2435 3572 2596 3623 etiam
2627 3572 2719 3642 qui
2767 3572 3041 3639 requirant
3069 3616 3084 3639 ,
3115 3591 3180 3628 ne
3207 3593 3311 3645 qua
3359 3593 3541 3634 anuna

1937 3666 2161 3718 exuvias
2208 3680 2392 3719 secum
2427 3667 2585 3718 vehat
2633 3668 2865 3720 earnalis
2906 3668 3213 3734 tlerebrm,
3256 3681 3312 3726 et
3340 3689 3543 3727 Cllllt'u-

1940 3759 2261 3827 piscentiam
2312 3757 2672 3826 corporalem.
2726 3757 2970 3813 Nudator
3011 3763 3212 3830 pallio,
3261 3778 3382 3816 cum
3423 3780 3542 3833 ejus

1939 3854 2271 3905 Conscientia
2300 3852 2699 3905 manifestatur.
2735 3852 2841 3908 Sed
2869 3865 2954 3906 est
2982 3864 3035 3906 et
3065 3871 3184 3921 quze
3213 3856 3348 3910 bene
3373 3857 3545 3911 nuda-

1942 3951 2058 4009 tur,
2102 3941 2269 4014 375
2310 3942 2398 3996 cui
2444 3943 2567 3996 licet
2611 3942 2814 3997 imitari
2859 3944 3173 3999 dicentem:
3216 3946 3367 4001 Venit
3396 3952 3543 4006 enim

1945 4049 2188 4104 princeps
2212 4036 2370 4105 hujus
2392 4033 2572 4086 mundi
2593 4076 2608 4096 .
2664 4045 2709 4088 et
2739 4036 2791 4087 in
2821 4050 2898 4087 me
2924 4037 3142 4090 inveniet
3180 4038 3311 4093 nihil
3346 4042 3364 4104 (
3380 4037 3542 4097 quit.

1944 4143 2068 4194 xw,
2097 4128 2223 4198 30);
2254 4130 2381 4198 quia
2439 4141 2589 4184 certe
2635 4129 2684 4182 in
2714 4127 2811 4184 illo
2851 4129 2970 4184 solo
3002 4129 3135 4185 nihil
3169 4133 3407 4202 invenit,
3451 4137 3546 4206 qui

1946 4232 2228 4293 peceatum
2257 4240 2363 4277 non
2394 4221 2543 4278 fecit.
2581 4222 2741 4278 Beata
2771 4232 2827 4278 et
2851 4225 2937 4277 illa
2967 4235 3051 4278 est
3083 4227 3133 4279 in
3161 4243 3262 4293 qua
3296 4244 3399 4282 non
3423 4244 3546 4300 gra-

1945 4317 2030 4372 via
2075 4327 2170 4372 aut
2201 4317 2367 4371 multa
2411 4317 2655 4370 invenit:
2699 4316 2793 4372 sed
2848 4317 3054 4374 Invenit
3098 4318 3149 4372 in
3199 4334 3261 4374 ea
3290 4321 3548 4378 amictum

1947 4409 2096 4475 ﬁdei,
2127 4422 2180 4464 et
2208 4411 2494 4479 sapientiw
2525 4410 2893 4479 disciplinam.

2021 4503 2114 4561 56.
2157 4504 2346 4573 Itaque
2368 4505 2486 4560 sine
2509 4504 2793 4571 dispendio
2821 4505 2903 4559 sui
2929 4503 3073 4576 (quia
3101 4506 3202 4561 etsi
3235 4508 3380 4562 volet
3402 4510 3544 4577 quis.

226 4604 510 4661 henderet
561 4603 790 4658 \e.bum
845 4601 1105 4656 transisse
1148 4600 1250 4654 sibi
1302 4597 1454 4660 illud.
1509 4613 1614 4650 non
1660 4603 1839 4648 tamen
1871 4581 1922 4641 Ι)
1951 4615 2056 4652 non
2092 4606 2271 4664 pate-t
2298 4613 2480 4652 veram
2514 4601 2729 4654 aulcrre
2759 4601 3118 4667 Sapientiam:
3153 4603 3252 4655 etsi
3282 4605 3546 4658 adversa-

228 4696 428 4752 adbuc
450 4694 807 4763 pertransisse
825 4697 1006 4749 anima
1033 4708 1114 4763 pia
1139 4692 1290 4747 dicit.
1319 4691 1387 4744 Et
1407 4689 1507 4743 hoc
1528 4701 1842 4756 processum

232 4787 437 4850 habet,
469 4787 685 4858 quando
718 4789 907 4843 transit
940 4801 989 4842 et
1018 4787 1308 4856 pertransit
1333 4783 1571 4838 animam
1606 4781 1842 4836 Verbum

233 4882 344 4940 Dei
370 4898 388 4946 ;
420 4885 539 4950 qllio
572 4881 830 4950 scriptum
864 4887 986 4934 est:
1023 4879 1086 4933 Et
1115 4888 1257 4934 tuam
1286 4879 1450 4946 ipsius
1474 4879 1698 4937 animum
1732 4890 1846 4944 ptr-

234 4974 487 5032 transibit
509 4973 737 5047 gladius,
768 4986 822 5028 ut
853 4974 1138 5029 revelantur
1161 4973 1433 5028 multorum
1456 4971 1686 5024 sordium
1708 4972 1848 5037 cogi-

236 5072 471 5127 tationes
501 5070 669 5138 (Luc.
699 5085 754 5132 tt,
787 5069 909 5139 53).
947 5069 1045 5124 llic
1076 5068 1256 5123 adlmc
1279 5067 1560 5124 trarnitur.
1597 5079 1701 5118 uou
1729 5079 1850 5132 per-

238 5163 557 5221 transitur:
593 5173 649 5214 ut
678 5161 842 5215 Maria
875 5163 926 5214 in
963 5165 1233 5232 posterior
1254 5161 1357 5218 bus
1387 5160 1524 5214 forte
1567 5159 1847 5228 pertrans-

238 5258 385 5315 itur.
417 5255 509 5308 ubi
539 5265 809 5324 tamquam
841 5257 1177 5326 signaculum
1198 5253 1489 5327 poniturin
1523 5252 1704 5308 medio
1731 5255 1849 5322 ejus

241 5346 524 5405 Dominus
551 5343 729 5400 Jesus.

325 5438 424 5496 54.
468 5436 710 5507 Πληιιμιθ
755 5441 936 5494 statim
978 5441 1116 5496 alius
1160 5442 1435 5510 profectus
1459 5439 1622 5495 Verbi
1674 5448 1855 5494 trans-

242 5543 477 5598 eunt-s;
537 5531 664 5600 quia
705 5534 870 5588 exivit
911 5537 1088 5588 anima
1128 5540 1180 5590 in
1214 5538 1383 5592 verbo
1411 5541 1566 5606 ejus,
1617 5534 1721 5589 hoc
1749 5541 1856 5599 est,

244 5632 489 5688 verbum
519 5626 637 5697 ejus
665 5641 847 5682 secuta
875 5630 1036 5683 exivit
1065 5628 1131 5683 de
1158 5645 1414 5700 corpore.
1446 5631 1672 5686 elevans
1703 5643 1760 5683 se
1789 5627 1859 5684 de

331 5754 360 5816 ξι
394 5741 644 5816 N_outtul|i
672 5761 826 5816 Iussu.
854 5743 1206 5816 familiaritate
1225 5743 1492 5815 carnisque
1518 5742 1780 5816 (ιιιιυιιθειῖιιξ

332 5815 362 5857 ι)
405 5814 605 5873 Omnes
631 5815 762 5871 edit.
804 5814 926 5871 cum
970 5830 1154 5887 pauens
1193 5831 1354 5883 mss.,
1384 5815 1722 5889 praeminebat
1765 5815 1850 5867 in-

673 5913 947 5976 Ρηιιοι.
999 5912 1171 5978 XIV.

1949 4693 2060 4748 rius
2083 4694 2358 4761 obstrepat
2378 4735 2392 4754 ,
2424 4691 2500 4746 ibi
2529 4699 2706 4745 tunen
2739 4707 2863 4745 vera
2904 4694 3139 4747 innoxia:
3168 4697 3546 4751 CunveI‘SaliO-

1951 4787 2038 4841 nis
2079 4787 2255 4841 elucet
2301 4784 2642 4856 integritas),
2675 4787 2795 4840 sine
2816 4785 3105 4854 diSpendio
3134 4804 3263 4860 ergo
3295 4792 3547 4848 transivit

1949 4878 2238 4945 custodes,
2263 4886 2319 4932 et
2361 4878 2578 4932 liliabus
2605 4876 2751 4933 illius
2779 4879 3017 4934 caelestis
3043 4881 3277 4934 civitatis
3307 4883 3547 4940 admixta

1955 4969 2191 5025 Verbum
2223 4971 2489 5040 requirit,
2533 4983 2582 5025 et
2631 4972 2928 5040 qmerentlo
2972 4971 3090 5039 ejus
3139 4972 3192 5025 in
3244 4987 3304 5028 se
3351 4976 3551 5031 excitat

1955 5063 2310 5124 charit-uem.
2342 5072 2398 5117 et
2441 5061 2528 5116 ubi
2565 5060 2800 5117 Verbum
2849 5073 3054 5132 quan-at
3087 5066 3349 5132 agnoscit.
3395 5065 3550 5133 Quod

1957 5158 2099 5213 inter
2127 5160 2406 5211 orationes
2445 5164 2759 5212 sanctorum
2795 5168 3072 5221 moretur,
3119 5166 3174 5210 et
3223 5157 3365 5227 quod
3417 5161 3550 5228 ipsis

1958 5251 2220 5306 iuba-real
2242 5290 2257 5315 ,
2301 5250 2483 5313 novit,
2513 5261 2570 5304 et
2598 5249 2738 5320 quod
2789 5249 3083 5304 Ecl-lesiam
3113 5264 3292 5308 suam.
3329 5251 3408 5305 vel
3438 5253 3554 5306 ani-

1959 5362 2076 5404 mas
2101 5348 2374 5418 justorum
2419 5362 2640 5401 suorum
2676 5345 2815 5400 inter
2860 5343 2968 5399 lilia
3017 5355 3227 5412 pascat,
3277 5347 3550 5418 intelligit.

1961 5441 2076 5498 Hoc
2106 5445 2422 5514 mysterium
2459 5440 2551 5493 tibi
2596 5440 2646 5491 in
2683 5439 2976 5502 lavatigelio
3018 5437 3280 5492 Dominus
3329 5441 3555 5498 demou-

1960 5538 2151 5590 stravit
2179 5535 2340 5610 (Luc.
2374 5551 2442 5594 vr,
2479 5533 2573 5605 1),
2610 5547 2728 5584 rum
2765 5535 2815 5585 iu
2847 5532 3074 5586 sabbato
3099 5530 3315 5587 duceret
3352 5551 3447 5604 per
3469 5554 3556 5594 se-

1964 5630 2162 5686 minata
2191 5629 2510 5701 discipulos.
2542 5625 2751 5697 Moyses
2785 5641 2879 5697 per
2906 5625 3182 5683 desertum
3213 5627 3362 5685 duxit
3392 5648 3560 5703 popu-

1965 5743 2155 5816 signia.

2926 5895 3002 5963 17
