4082 6370
577 327 688 386 523
1917 315 2166 374 SANCTI
2205 313 2532 374 AMBROSII
3851 301 3954 360 524

535 479 538 482 ν
573 452 686 506 iuni
720 446 1030 504 Judmorum
1077 441 1260 508 (Deut.
1287 453 1436 498 χχιι.
1469 437 1538 508 5)
1567 453 1580 490 :
1617 435 1864 490 Christus
1895 449 1992 506 per
2017 433 2180 488 semi-
2207 439 2255 495 Α
2283 433 2520 500 simplici
2551 441 2604 486 et
2633 430 2872 498 planiore
2899 437 3065 500 atque
3093 429 3320 484 usitato
3345 433 3628 479 sermone
3657 427 3868 476 utatur.
3901 435 3954 475 ut

579 553 706 598 nata
757 539 931 600 ducit.
981 537 1226 596 Christus
1279 549 1373 604 per
1428 531 1536 586 lilia
1577 529 1760 594 ducit;
1811 530 1934 599 quia
1991 538 2044 582 et
2083 545 2178 596 per
2285 527 2454 595 possit
2487 523 2730 590 intelligi.
2765 525 3022 594 Quisquis
3054 525 3228 592 igitur
3269 523 3430 576 inter
3459 515 3765 572 audientes
3797 513 3948 568 viva-

582 636 890 706 pzissionem
923 631 1040 702 ejus
1061 631 1336 686 desertum
1369 627 1532 682 lioret
1561 636 1618 680 ut
1647 625 1840 680 lilium.
1873 625 2179 694 Sequamur
2281 617 2398 670 ciur
2427 631 2590 672 sensu
2625 615 2730 704 sit.
2759 617 2850 685 qui
2901 614 3058 670 facile
3099 615 3264 685 sequi
3317 611 3516 682 possit
3539 651 3554 668 .
3593 607 3780 662 elevat
3827 621 3948 706 eum

583 701 735 796 ergo,
768 727 902 780 utin
935 701 1023 780 die
1053 722 1297 788 sabbati,
1331 719 1475 774 illius
1507 719 1690 788 magni
1720 717 1962 783 sabbati,
1994 719 2044 770 in
2073 729 2180 786 quo
2283 721 2446 780 atque
2475 701 2698 766 excutit.
2731 709 2883 766 Hunc
2909 711 3104 764 videns
3133 709 3348 764 doctor
3379 711 3664 796 revocat,
3698 713 3756 796 ut
3783 701 3954 796 patia-

515 861 526 880 .
581 794 796 886 reqtties
826 832 1014 888 magna
1043 823 1148 880 est,
1181 813 1390 870 l't'uctus
1431 813 1773 882 colligamus.
1805 810 1914 864 Nec
1943 810 2182 864 verearis
2285 815 2372 860 tur
2405 807 2577 876 magis
2605 805 2884 860 ductorem
2919 803 3318 858 humilioribus
3353 809 3414 856 et
3461 794 3832 870 planioribus
3859 795 3952 849 im-

580 928 647 970 ne
675 910 936 968 Pharisaei
965 919 1222 964 accusent
1261 907 1530 962 seminata
1560 905 1926 974 colligentem.
1963 902 2074 956 Etsi
2103 901 2180 956 illi
2287 899 2507 961 morari,
2539 911 2646 966 quo
2672 909 2726 952 et
2753 897 2940 952 crrteri
2967 895 3126 967 sequi
3155 893 3406 966 possint.

577 1013 856 1070 accusent,
884 1005 980 1060 sed
1012 1001 1266 1059 Christus
1291 1009 1539 1064 excusat,
1574 1011 1628 1056 et
1659 998 1868 1054 similes
1895 997 2024 1052 facit
2045 1009 2180 1066 quas
2357 992 2446 1048 58.
2491 989 2644 1058 Quod
2671 989 2748 1045 ait
2771 991 2964 1061 Aquila
2991 1007 3000 1038 :
3035 989 3252 1046 Sonam
3269 999 3328 1043 ut
3353 987 3640 1051 revelata,
3661 995 3946 1040 sonantem

580 1101 698 1156 vult
742 1101 952 1154 animas
1000 1113 1062 1154 se
1107 1105 1402 1166 sequentes
1435 1093 1602 1148 David
1651 1093 1834 1156 illius,
1879 1090 1969 1162 qui
2019 1101 2180 1159 supra

581 1196 758 1266 legem
790 1209 958 1264 pultes
984 1191 1378 1264 propositionis
1407 1187 1788 1254 manducaliat,
1819 1201 1970 1240 novin
1995 1185 2182 1255 gratim

572 1295 920 1346 sacramenta
965 1284 1286 1358 prophetica
1321 1283 1436 1354 jam
1471 1291 1598 1336 tunc
1627 1289 1809 1336 mente
1843 1277 2180 1350 prospiciens

576 1379 634 1453 (ι
661 1381 796 1454 Reg.
827 1397 950 1448 ut,
982 1377 1074 1450 6).

1193 1511 1424 1570 CAPUT
1463 1511 1575 1569 VII.

583 1631 766 1688 Anima
790 1629 1036 1685 laudatur
1061 1645 1092 1682 a
1119 1644 1329 1698 sponso,
1355 1627 1494 1697 quod
1519 1642 1632 1680 eum
1655 1635 1758 1678 tam
1785 1622 1910 1680 bene
1937 1631 2180 1678 constan-

655 1737 830 1800 terque
867 1725 1156 1794 reqnisicrit
1188 1739 1205 1776 :
1231 1723 1368 1792 quod
1395 1723 1594 1790 ﬁdelis,
1625 1720 1761 1790 quod
1799 1719 1950 1774 verba
1977 1729 2180 1790 potens,

655 1819 796 1891 quod
835 1837 936 1874 una
979 1828 1034 1872 ut
1076 1815 1350 1880 columba;
1393 1815 1612 1886 denique
1661 1813 1796 1884 quod
1843 1812 1908 1868 sit
1955 1811 2180 1882 fecunda

656 1911 946 1974 virtutibus,
976 1927 1035 1964 ac
1063 1909 1198 1964 vitiis
1236 1919 1426 1962 careat.

657 2029 746 2084 57.
790 2028 1066 2084 Laudatur
1110 2028 1290 2096 itaque
1321 2041 1348 2078 a
1393 2040 1597 2095 sponso
1637 2023 1780 2094 quod
1811 2030 1920 2078 tam
1960 2021 2102 2078 bene
2129 2029 2186 2076 et

583 2133 898 2180 constanter
946 2120 1260 2190 requi~ierit
1313 2134 1438 2174 eum
1488 2117 1678 2189 (Cant.
1710 2131 1784 2181 vi,
1814 2117 1906 2184 5);
1957 2115 2184 2182 ideoque

577 2219 690 2286 jam
724 2231 827 2270 non
857 2215 1031 2270 solum
1062 2228 1220 2268 soror
1251 2212 1456 2266 dicitur
1478 2253 1492 2276 ,
1525 2211 1620 2268 sed
1651 2212 1816 2266 etiam
1845 2208 2184 2276 beneplncita

583 2307 916 2372 noniinalur,
935 2308 1086 2378 quasi
1112 2306 1160 2360 ci
1185 2305 1508 2375 cetnplacita
1527 2305 1628 2374 'qui
1649 2303 1978 2370 complacuit
2001 2302 2184 2368 Patri;

583 2411 638 2458 et
667 2402 912 2472 speciosa
955 2402 1096 2454 sicut
1125 2399 1494 2464 Hierusalem,
1529 2399 1668 2452 sicut
1709 2395 1998 2450 admiratio
2036 2395 2190 2450 urtli-

583 2503 734 2560 nata,
765 2493 909 2564 quod
940 2491 1178 2548 civitatis
1206 2511 1234 2544 ιι
1255 2499 1428 2564 ternae
1473 2490 1724 2544 universa
1755 2488 1952 2542 haheat
1989 2497 2190 2560 myste-

583 2585 706 2650 ria,
756 2593 810 2638 et
855 2583 1206 2638 admirationi
1263 2559 1332 2636 sit
1379 2583 1632 2636 0muibu~
1684 2581 1990 2636 videntibus
2037 2597 2188 2648 eain;

584 2677 708 2750 quia
736 2680 891 2748 plena
921 2687 980 2732 ut
999 2679 1230 2748 aequitas
1257 2687 1420 2748 atque
1447 2675 1684 2744 perfecta
1716 2685 1820 2740 est,
1851 2684 1904 2730 et
1931 2675 2189 2746 fulgorem

584 2771 654 2827 de
691 2770 851 2826 Verbi
882 2770 1084 2824 lumine
1119 2776 1394 2836 nttttnata,
1437 2769 1566 2824 dum
1601 2770 1652 2824 id
1686 2785 1900 2840 semper
1931 2769 2189 2838 intendit;

589 2867 650 2920 lit
680 2865 843 2920 etiam
889 2863 1150 2919 terribilis
1177 2864 1370 2920 ordine
1397 2863 1632 2934 quodam
1665 2863 1732 2918 ad
1765 2879 2038 2918 sumntum
2069 2879 2196 2933 pro-

587 2969 740 3012 vecta
769 2957 1053 3012 virtutum.
1083 2955 1318 3026 [denque
1347 2956 1502 3024 quasi
1533 2955 1786 3024 perfectae
1817 2955 1984 3010 dicit:
2013 2955 2196 3012 Attcrle

588 3051 768 3103 oculos
789 3061 904 3102 tuos
935 3067 965 3102 α
992 3065 1071 3102 me
1093 3089 1106 3114 ,
1141 3049 1245 3102 noli
1278 3057 1458 3104 contra
1486 3065 1563 3102 me
1590 3049 1850 3104 intendere
1875 3051 1893 3122 (
1915 3048 2080 3112 lbid.,
2109 3049 2191 3118 4),

589 3141 880 3196 όθγωιὶοηε
922 3142 1090 3196 nimia
1138 3156 1200 3196 ac
1261 3139 1365 3196 [ide
1417 3141 1830 3212 possibilitatem
1885 3151 2090 3196 natura:
2141 3147 2198 3195 et

2284 1085 2352 1140 ad
2395 1085 2814 1140 admirationem
2865 1083 3086 1154 dignam
3139 1081 3370 1148 retulit,
3427 1079 3612 1152 quasi
3669 1087 3942 1149 maguact

2285 1195 2482 1236 sonora
2517 1181 2804 1234 habentem
2835 1193 3000 1249 opera
3031 1195 3048 1234 :
3079 1179 3350 1240 revelata,
3387 1176 3468 1230 ad
3503 1189 3760 1244 operum
3793 1173 3942 1228 clari-

2289 1283 2488 1338 tatem;
2536 1271 2622 1326 vel
2667 1272 2808 1342 quod
2847 1272 2970 1343 ejus
3006 1273 3204 1326 animae
3237 1285 3414 1342 opera
3467 1270 3720 1325 luceant
3763 1282 3934 1324 eumut
4018 1327 4019 1338 χ

2285 1364 2444 1420 Patre
2471 1366 2562 1435 qui
2615 1365 2668 1418 in
2717 1365 2872 1420 caelis
2915 1373 3020 1422 est.
3077 1363 3234 1422 Unde
3283 1379 3402 1418 non
3457 1363 3664 1418 otiose
3715 1363 3930 1432 pallium

2288 1459 2408 1524 eius
2445 1459 2720 1514 sublatum
2767 1459 3059 1530 intelligis,
3089 1469 3146 1514 ut
3193 1467 3388 1530 aperta
3439 1457 3688 1514 meritis
3721 1467 3778 1512 et
3809 1457 3934 1512 unda

2288 1549 2548 1620 fulgeret.

2361 1641 2452 1696 59.
2493 1641 2774 1696 Laudatur
2813 1650 3078 1711 praeterea
3119 1641 3264 1712 quod
3309 1641 3540 1706 ﬁdelis,
3587 1639 3756 1710 quod
3787 1641 3934 1696 verba

2287 1743 2482 1806 potens
2503 1777 2516 1798 ,
2552 1734 2694 1804 quod
2739 1735 3008 1790 fructibus
3039 1734 3268 1790 fecunda
3302 1735 3572 1790 diversis
3593 1777 3610 1800 ,
3662 1734 3816 1804 ιιιιού
3847 1749 3928 1788 una

2289 1831 2428 1884 sicut
2470 1829 2716 1884 columba
2761 1829 2967 1884 habens
2993 1831 3218 1900 spiritus
3261 1829 3552 1886 unitatem
3589 1873 3606 1894 ,
3649 1831 3712 1884 in
3749 1847 3848 1900 qua
3875 1833 3926 1883 sit

2289 1939 2414 1994 pax,
2459 1935 2584 1992 qum
2614 1921 2742 1976 fecit
2769 1935 2998 1992 utraque
3031 1939 3194 1977 unum
3225 1922 3429 1995 (Cum.
3465 1939 3528 1989 ν,
3569 1921 3662 1996 ‘2)
3691 1941 3706 1976 :
3739 1910 3798 1978 et
3827 1939 3922 1992 quat

2289 2035 2398 2074 non
2447 2018 2518 2072 sit
2565 2020 2866 2088 composita
2911 2033 2978 2072 ex
3027 2017 3262 2074 diversis
3301 2018 3634 2073 elementis
3693 2019 3926 2073 discreti:

2289 2115 2810 2184 compugnantisque
2851 2123 3058 2168 natura:
3085 2113 3104 2184 (
3129 2111 3278 2166 Cant.
3311 2127 3392 2180 vr,
3425 2113 3468 2166 5
3491 2111 3544 2184 ).
3607 2113 3766 2180 Quid
3805 2113 3922 2166 enim

2293 2219 2400 2264 tam
2431 2209 2708 2262 diversum
2741 2223 2900 2278 quam
2936 2207 3076 2278 ignis
3105 2219 3154 2261 et
3189 2221 3364 2276 aqua,
3403 2223 3514 2260 aer
3545 2217 3616 2261 et
3655 2219 3836 2270 terra,
3873 2221 3922 2258 ex

2292 2301 2490 2370 quibus
2531 2301 2780 2368 corporis
2835 2301 3008 2354 nostri
3059 2307 3306 2354 creatura
3357 2299 3704 2354 consistit?
3755 2299 3920 2353 Anim

2293 2405 2476 2448 autem
2507 2393 2790 2447 benedicta
2817 2392 2992 2448 omnis
3035 2393 3264 2460 simplex
3291 2409 3414 2462 ιιιιςιι
3447 2393 3736 2447 imitatur
3765 2391 3920 2448 diecu-

2297 2497 2402 2542 tetn
2431 2503 2444 2538 :
2479 2485 2546 2541 Ut
2570 2503 2742 2540 omnes
2771 2501 2930 2540 unum
2957 2486 3082 2550 sint,
3113 2486 3244 2538 sicut
3269 2493 3320 2537 tu
3345 2483 3522 2538 Pater
3549 2489 3618 2539 in
3641 2501 3736 2538 me
3769 2495 3816 2538 et
3847 2499 3916 2554 ego

2295 2583 2347 2634 t'n
2371 2591 2438 2644 to.
2467 2589 2518 2633 et
2541 2579 2644 2649 ipsi
2669 2580 2726 2634 in
2765 2579 2908 2632 nobis
2939 2595 3098 2632 annm
3124 2581 3226 2632 sint
3252 2577 3442 2650 (Joan.
3475 2595 3630 2640 xru.
3663 2579 3788 2647 2|).
3819 2579 3916 2633 Hac

2297 2683 2380 2728 est
2411 2673 2556 2727 enim
2583 2673 2984 2726 consummatio
3013 2681 3176 2740 atque
3219 2671 3514 2740 perfectio.
3557 2671 3738 2727 Unde
3773 2683 3822 2726 et
3845 2671 3916 2724 ad-

2297 2765 2434 2820 didit
2461 2783 2472 2818 :
2511 2765 2580 2820 Ut
2615 2767 2716 2819 sint
2737 2781 2916 2828 unum,
2947 2765 3080 2818 sicut
3101 2773 3150 2818 et
3173 2781 3264 2819 nos
3291 2781 3458 2818 unum
3493 2781 3704 2819 suum:
3731 2781 3752 2819 :
3775 2767 3914 2836 (gout

2299 2861 2398 2924 his,
2423 2873 2470 2914 et
2492 2871 2546 2916 tu
2565 2862 2620 2914 in
2643 2877 2738 2924 me,
2761 2868 2820 2914 at
2835 2863 2938 2914 sint
2957 2861 3300 2914 consummati
3323 2861 3378 2913 in
3393 2875 3568 2913 una":
3597 2859 3806 2933 (ἥξει,
3823 2859 3910 2926 '23].

2303 2954 2428 3008 ΙΙωο
2473 2962 2558 3007 est
2587 2969 2720 3024 ergo
2763 2954 2942 3008 anima
2989 2954 3238 3008 columba
3287 2967 3392 3008 una
3437 2965 3626 3022 atque
3663 2953 3910 3024 perfecta,

2299 3065 2420 3118 qua:
2445 3048 2673 3118 simplex
2702 3059 2868 3120 atque
2902 3049 3229 3120 spiritualis,
3263 3065 3440 3119 neque
3475 3051 3658 3120 hujus
3689 3053 3912 3105 turbatur

2301 3143 2548 3208 corporis
2579 3143 2944 3212 passionibus,
2977 3145 3030 3196 in
3052 3157 3158 3212 quo
3181 3141 3314 3196 foris
3337 3157 3566 3213 pugnm,
3601 3125 3910 3197 inlustrium-

590 3233 920 3290 coiulitionis
946 3232 1178 3302 proprie
1206 3225 1580 3302 stipergressa.
1605 3235 1732 3304 quia
1755 3234 1928 3288 lucem
1953 3233 2196 3288 inacCcs—
2224 3261 2269 3322 ρ
2305 3247 2394 3288 res
2421 3245 2566 3288 sunt.
2603 3237 2848 3304 bonique
2877 3237 2978 3290 hoc
3011 3237 3180 3290 verbo
3221 3237 3448 3292 unitatis
3475 3239 3850 3292 concordiam
3873 3243 3910 3289 el

592 3329 810 3382 sibilum
847 3345 876 3382 e
905 3328 1128 3398 regione
1175 3327 1374 3382 intueri
1401 3333 1490 3382 'est
1519 3343 1708 3398 grave.
1754 3327 1972 3393 Averte,
1997 3328 2198 3396 inquit,

595 3419 774 3473 oculos
805 3431 918 3473 tuos
954 3437 986 3470 a
1029 3435 1145 3486 me;
1193 3437 1258 3470 eo
1285 3420 1430 3490 quod
1475 3420 1862 3488 plenitudinem
1905 3421 2202 3476 divinitatis

597 3511 739 3582 ejus,
774 3518 830 3564 et
858 3511 1206 3580 Splendorem
1240 3513 1353 3566 veri
1383 3513 1606 3568 luminis
1633 3515 1907 3568 sustinere
1939 3529 2044 3568 non
2075 3529 2200 3583 pos-

600 3605 692 3659 sit.
725 3603 1020 3658 Possumus
1051 3616 1231 3658 tamen
1275 3613 1328 3658 ut
1369 3604 1448 3658 sic
1489 3605 1737 3674 accipere
1764 3624 1778 3660 :
1809 3607 1994 3660 Averte
2029 3605 2204 3662 oculos

600 3709 716 3753 tuos
743 3715 772 3751 ιι
800 3714 901 3751 me.
936 3698 1051 3752 Etsi
1086 3708 1140 3752 tu
1173 3695 1416 3770 perfecta
1440 3714 1520 3764 es,
1551 3698 1674 3754 alia:
1699 3702 1828 3753 mihi
1856 3700 2032 3756 adhuc
2061 3701 2207 3756 redi-

606 3792 819 3849 menda:
845 3803 972 3848 sunt
999 3794 1216 3859 animm,
1244 3795 1363 3848 alia:
1393 3792 1702 3848 iniciendae.
1734 3794 1924 3850 Elevas
1945 3797 2090 3850 enim
2121 3811 2208 3852 me

606 3885 840 3942 videndo
867 3904 879 3940 :
913 3899 1014 3956 ego
1035 3895 1216 3941 autem
1243 3886 1365 3940 ideo
1383 3885 1662 3944 descendi.
1688 3896 1746 3942 ut
1769 3903 1961 3942 omnes
1977 3891 2206 3946 elevem.

605 3981 674 4036 Et
703 3979 749 4036 si
790 3983 1025 4048 surrexi,
1061 3993 1110 4035 cl
1146 3981 1322 4036 habeo
1353 3980 1526 4036 Patris
1553 3981 1776 4048 sedem,
1803 3989 1982 4036 tamen
2013 3982 2212 4052 orpha-

2305 3343 2496 3400 pacetu
2527 3329 2819 3400 signiﬁcari
2861 3329 3142 3396 Scriptura
3175 3343 3274 3384 nos
3316 3329 3478 3385 docet
3511 3330 3726 3386 dicens
3755 3349 3774 3385 :
3803 3329 3911 3384 Ull-

2305 3421 2474 3476 titndo
2499 3431 2670 3476 autem
2691 3422 3014 3476 credentium
3043 3423 3256 3478 habebat
3289 3439 3378 3478 cor
3403 3440 3598 3486 unum,
3633 3432 3690 3478 et
3711 3427 3912 3478 animast

2305 3523 2485 3644 φασιν,
2511 3526 2558 3570 et
2585 3533 2686 3570 non
2715 3527 2826 3570 erat
2849 3519 3110 3588 separatio
3139 3517 3194 3570 in
3217 3518 3288 3570 eis
3311 3515 3426 3570 ulla
3449 3516 3600 3590 (Act.
3635 3533 3716 3572 ιν.
3751 3517 3859 3589 52).

2381 3606 2450 3644 an
2515 3605 2622 3644 nim
2659 3607 2832 3644 “linea
2877 3605 3222 3644 ι’...ιη-..ιίιωίιι
3254 3609 3508 3644 ια...ις.ι...
3549 3613 3754 3644 nuit-no
3823 3625 3859 3644 ν..

2297 3605 2346 3662 ,ί
2381 3606 2470 3662 60.
2513 3605 2622 3661 Nec
2659 3607 2832 3662 otiose
2873 3605 3222 3662 fecunditatis
3253 3609 3508 3662 laudatur
3549 3613 3786 3674 anima,
3823 3621 3908 3660 non

2307 3700 2486 3752 stilum
2517 3700 2662 3768 quod
2703 3701 2772 3754 sit
2805 3701 3034 3755 lecnnda
3071 3683 3392 3768 virtutibus;
3427 3703 3528 3756 sed
3583 3703 3766 3756 etiam
3795 3697 3914 3770 quod

2311 3793 2444 3848 nihil
2479 3794 2674 3849 haheat
2713 3795 2766 3848 in
2797 3809 2858 3849 se
2902 3795 3052 3848 mali.
3105 3794 3242 3850 ιιιυά
3287 3796 3436 3850 enim
3465 3795 3750 3850 (li-corum
3780 3809 3916 3864 atque

2311 3890 2622 3957 speciosum
2646 3899 2761 3948 est.
2799 3889 2850 3941 in
2877 3901 2996 3956 quo
3017 3888 3152 3942 nihil
3187 3889 3252 3942 sit
3291 3889 3442 3942 mali.
3481 3889 3764 3943 Dec-arum
3793 3887 3912 3942 enim

2314 3980 2458 4051 quod
2493 3983 2688 4036 bonum
2721 3999 2734 4034 :
2765 3983 2906 4051 quod
2952 3989 3132 4036 autem
3167 3980 3508 4049 indecorum,
3545 3981 3658 4036 hoc
3703 3981 3910 4036 malum.

608 4093 706 4132 nos
732 4092 828 4136 vos
861 4092 966 4130 non
993 4078 1298 4148 relinquam
1327 4088 1552 4144 paterno
1579 4077 1732 4146 quasi
1765 4077 2020 4146 praesidio
2046 4077 2213 4134 desti—
2289 4076 2578 4144 \Speciosa
2619 4077 2920 4132 teetmditas
2945 4089 3024 4132 est
3055 4078 3322 4132 bonorum
3354 4093 3584 4146 Opi-rum
3615 4095 3632 4130 :
3659 4077 3913 4134 contraria

611 4181 790 4234 tutos,
830 4170 922 4225 sed
954 4175 1244 4239 przeseutia
1283 4186 1402 4226 mea
1431 4185 1529 4224 vos
1559 4172 1916 4226 continuatio.
1953 4172 2132 4228 Habes
2159 4173 2212 4227 in

613 4262 904 4334 Evangelio
955 4262 1056 4317 hoc
1106 4267 1416 4332 scriptum:
1477 4262 1611 4316 Ecce
1658 4281 1750 4335 ego
1797 4266 2058 4320 vobiscum
2099 4283 2216 4320 sum

615 4373 774 4426 usque
807 4359 875 4409 ad
897 4357 1391 4410 consummationem
1419 4357 1598 4410 mundi
1641 4357 1660 4428 (
1683 4356 1874 4410 Matth.
1899 4375 2028 4414 χχιιι
2046 4401 2062 4424 ,
2089 4359 2213 4430 ΞΟ).

619 4453 824 4504 Avcrte
855 4463 984 4516 ergo
1029 4449 1214 4502 oculos
1247 4465 1274 4498 ει
1319 4463 1406 4502 me
1429 4489 1444 4512 ,
1475 4448 1602 4518 quia
1651 4465 1738 4503 me
1772 4453 1972 4504 elevas.
2006 4453 2220 4516 Quanto

618 4543 764 4598 enim
787 4542 905 4612 quis
935 4541 1000 4594 ad
1027 4540 1314 4596 ﬂuminum
1343 4542 1596 4604 intendit,
1621 4555 1772 4596 tanto
1797 4543 2028 4612 amplius
2059 4545 2220 4619 375

2299 4157 2450 4241 ierin
2498 4172 2830 4240 speciositati
2887 4171 3180 4236 sterilitas;
3229 4177 3488 4241 ultumam
3540 4172 3638 4241 ειηί
3693 4173 3916 4241 Ρτίν³ί¹³¹

2321 4267 2504 4335 specie
2531 4267 2612 4320 vel
2633 4263 2852 4330 decore,
2885 4266 2934 4318 in
2963 4281 3030 4320 eo
3047 4275 3133 4319 est
3155 4265 3360 4328 malum.
3369 4281 3396 4335 _:
3427 4263 3578 4334 quod
3611 4275 3802 4320 autem
3827 4275 3918 4318 ma-

2323 4327 2432 4415 lum
2453 4401 2466 4424 ,
2497 4359 2600 4414 hoc
2629 4360 2818 4414 sterile
2841 4327 2898 4414 et
2927 4327 3502 4434 infecundquC’ujt-ts
3529 4359 3614 4414 rei
3645 4360 3794 4428 quod
3821 4355 3916 4414 eri-

2325 4458 2538 4510 dentius
2571 4455 2830 4510 indicium
2860 4471 3022 4526 quam
3057 4465 3247 4508 natura
3278 4455 3400 4508 est?
3425 4454 3602 4510 Terra
3637 4459 3788 4510 enim
3819 4466 3918 4524 qua:

2328 4549 2470 4604 hom
2496 4559 2608 4616 est,
2645 4549 2838 4604 fertilis
2879 4561 3044 4617 atque
3087 4549 3354 4603 fecunda:
3383 4565 3506 4619 qua!
3537 4555 3728 4604 autem
3777 4551 3916 4612 mala,

623 4635 912 4688 Dominum
943 4633 1118 4688 elrvat
1143 4674 1156 4698 ,
1190 4645 1242 4688 et
1275 4635 1388 4704 ipso
1415 4634 1678 4690 elevatur.
1724 4634 1876 4692 Unde
1907 4647 1962 4691 et
1993 4638 2080 4692 ille
2107 4647 2218 4692 ait:
2253 4659 2304 4722 υ
2331 4660 2392 4698 ea
2420 4645 2606 4712 jejuna
2627 4656 2792 4714 atque
2821 4644 3022 4698 sterilis
3048 4663 3059 4695 :
3091 4659 3212 4714 quae
3241 4657 3378 4698 vero
3399 4643 3622 4709 fertilis,
3647 4638 3920 4714 κει-376

623 4728 876 4784 lt'xaltabo
905 4737 984 4789 te,
1023 4725 1270 4794 Domine,
1317 4729 1560 4795 quoniam
1601 4730 1870 4799 suscepisti
1912 4746 1992 4784 me
2031 4730 2218 4803 (Paul.

622 4839 778 4888 χχιχ,
813 4821 888 4890 1).
922 4820 1158 4877 Sanctus
1189 4823 1332 4876 enim
1377 4821 1584 4878 exultat
1631 4825 1938 4890 Dottiinutu,
1973 4837 2224 4894 peccator

627 4917 894 4972 humiliat.
939 4915 1069 4974 Vult
1108 4931 1239 4984 ergo
1279 4929 1522 4973 avertere
1555 4919 1694 4974 illam
1737 4922 1962 4986 oeulos,
2009 4908 2076 4976 ne
2103 4937 2224 4976 eam

628 5011 1006 5070 commorans.
1037 5009 1180 5081 quod
1225 5009 1340 5080 jam
1381 5011 1446 5064 ad
1489 5015 1770 5078 superiora
1821 5013 1972 5084 sequi
2025 5016 2224 5083 possit,

627 5107 868 5162 elevetur
890 5147 904 5170 ,
935 5113 992 5161 et
1031 5115 1259 5159 austeras
1299 5106 1508 5158 animas
1533 5105 1894 5176 derelinquat.
1929 5106 2054 5162 Ideo
2085 5116 2140 5162 et
2171 5106 2225 5162 in

628 5199 924 5268 Evangelii)
971 5215 1076 5252 una
1108 5199 1360 5252 Ollllllllus
1388 5197 1668 5267 discipulis
1699 5199 1930 5270 (Matth.
1957 5217 2088 5268 svtt,
2123 5203 2142 5256 l
2171 5201 2226 5270 ),

627 5292 722 5346 sed
754 5291 1170 5362 perlectioribus
1197 5305 1350 5342 suam
1379 5291 1610 5360 gloriam
1635 5291 2050 5346 demonstravit.
2080 5293 2226 5351 Con-

628 5385 978 5446 SIituenunc
1022 5385 1260 5456 aliquem
1301 5384 1580 5440 duetorem
1603 5427 1617 5446 ,
1650 5385 1744 5452 qui
1794 5401 1908 5440 rem
1939 5388 2230 5444 obscuram

633 5479 756 5532 velit
790 5479 1001 5548 aperire
1038 5478 1386 5534 audientibus
1422 5497 1434 5533 :
1479 5479 1932 5550 quemadmodum
1971 5482 2074 5538 etsi
2117 5483 2231 5552 ipse

635 5578 823 5636 puteus
856 5573 906 5625 in
939 5587 1191 5628 sermone
1220 5575 1290 5627 sit
1325 5583 1378 5627 et
1424 5571 1651 5628 scientia
1673 5613 1688 5638 ,
1721 5571 2122 5630 colidesrendut
2151 5589 2233 5632 ta-

635 5675 756 5714 men
785 5670 810 5697 ιι
838 5663 902 5716 ad
947 5679 1132 5720 eorum
1178 5665 1448 5722 inscitiam
1497 5666 1590 5737 qui
1633 5681 1740 5720 neu
1785 5665 2132 5738 intelligunt,
2175 5681 2232 5728 et

2323 4751 2378 4794 et
2398 4739 2614 4794 decora.
2646 4739 2788 4806 Quid
2809 4741 2952 4793 enim
2983 4741 3140 4808 pleno
3154 4753 3286 4808 agro
3310 4739 3612 4808 pulchrius,
3631 4754 3758 4793 cum
3781 4746 3916 4804 seges

2327 4831 2572 4908 ﬂuctuat,
2603 4847 2724 4886 cum
2753 4847 2910 4902 poma
2935 4833 3232 4900 irrutilant,
3265 4833 3348 4889 vel
3381 4848 3502 4887 cum
3533 4847 3763 4887 uvarum
3795 4837 3914 4885 serta

2325 4924 2662 4994 dependent,
2689 4933 2784 4980 aut
2807 4926 2986 4980 ἰωῆς
3007 4937 3198 4981 onusta
3225 4927 3346 4981 olea
3372 4929 3668 4988 curvescit.
3695 4926 3782 4982 vel
3811 4923 3917 4978 viri—

2329 5019 2476 5073 danti
2527 5023 2774 5088 gramine
2817 5021 3082 5075 montium
3127 5022 3664 5088 vertices,‘vallium
3715 5017 3916 5076 humilia

2326 5114 2656 5168 vestiuntur?
2685 5115 2751 5170 Et
2779 5125 2836 5169 ut
2861 5113 3152 5186 Scriptura:
3181 5127 3398 5172 utamur
3425 5117 3746 5172 testimonio
3779 5113 3914 5188 (Gen.

2337 5225 2505 5273 xxvu,
2531 5209 2670 5281 ςΞῖ),
2704 5209 2872 5264 Iacob
2911 5210 3144 5266 decorus
3175 5217 3321 5277 erat;
3375 5217 3432 5266 et
3477 5211 3598 5266 ideo
3641 5221 3762 5267 erat
3801 5209 3918 5264 odor

2335 5305 2446 5371 agri
2475 5303 2656 5372 pleni:
2690 5301 2830 5356 Esau
2875 5303 3121 5372 hispidus
3161 5314 3280 5358 erat
3325 5313 3382 5359 et
3409 5303 3706 5359 indecorus
3735 5299 3914 5375 (ltiti,

2338 5395 2460 5464 ll);
2495 5405 2548 5450 et
2578 5395 2699 5450 ideo
2729 5399 2958 5468 agreSIis
2990 5409 3134 5458 erat.
3183 5399 3275 5468 qui
3325 5397 3530 5454 fructus
3563 5397 3705 5452 ullos
3737 5397 3916 5450 habere

2339 5503 2446 5540 non
2493 5501 2697 5552 posset.
2751 5492 2824 5544 lie
2879 5492 2998 5562 ipso
3047 5505 3263 5562 quoque
3304 5492 3530 5546 Domino
3581 5501 3914 5560 posmaquam

2341 5579 2598 5636 Ecclesia!
2629 5584 3014 5640 fecunditatem
3049 5589 3177 5641 l‘ec’it
3197 5600 3484 5654 assttrgere
3505 5627 3519 5651 ,
3555 5585 3782 5655 pulchre
3807 5583 3917 5634 dic-

2338 5684 2448 5730 tum
2481 5686 2600 5730 est:
2635 5675 2894 5732 Dominus
2938 5679 3202 5752 regnarit,
3249 5677 3486 5732 decorem
3531 5677 3704 5731 induit
3747 5669 3913 5747 (Ptol.

712 5837 736 5866 τι
775 5831 866 5886 Sic
889 5846 1078 5891 omnes
1097 5835 1224 5892 edit.
1251 5835 1376 5894 Mss.
1403 5845 1612 5906 contra,
1633 5835 1903 5930 adferunt
1924 5837 2222 5899 scientiam:
2241 5841 2390 5914 quod
2420 5843 2586 5900 etiam
2611 5857 2722 5904 non
2747 5843 2892 5904 malo
2918 5859 3084 5904 sensu
3111 5843 3374 5918 explicari
3405 5851 3604 5918 potest.
