4082 6370
190 324 296 385 59.5

1239 308 1332 407 ne
1373 313 1575 374 ISAAC
1613 312 1705 373 er
1742 302 1958 375 ANIMA
1998 310 2204 373 LIBER
2245 310 2445 372 unus.

3390 306 3498 367 520

192 450 319 500 xcu,
353 432 430 502 1).
449 424 531 488 Et
559 430 689 488 alibi
719 448 732 485 :
766 421 1185 504 Confessio‘nent,
1224 438 1270 483 et
1314 427 1535 501 speciem
1573 425 1794 481 induisti
1820 430 1874 492 Α
1898 426 2073 481 soluta
2096 426 2353 480 virtutum
2379 434 2403 462 ι’
2438 435 2607 492 prona
2641 420 2812 478 fertur
2836 419 3138 492 praecipitio
3159 461 3176 487 ,
3207 426 3265 478 et
3290 420 3495 478 labitur

192 525 311 597 (Ps.
344 542 460 589 cut,
488 525 585 594 2).
634 525 830 596 Liquet
872 525 1036 595 igitur
1079 523 1336 577 decorum
1372 518 1423 574 id
1460 534 1614 584 esse,
1646 517 1792 589 quod

195 616 526 674 fecundum:
570 616 928 684 imlecorum,
974 614 1118 685 quod
1164 612 1534 670 infecundum.
1586 611 1795 668 Similis

196 722 281 769 est
307 728 467 768 causa
500 712 692 767 anima:
737 711 868 777 stili;
910 711 1035 780 quia
1075 725 1139 764 ea
1181 708 1379 764 decora
1424 708 1644 774 anima,
1672 721 1795 777 quae

200 804 428 862 fecunda
473 804 540 860 sit
572 804 809 871 meritis,
850 800 1080 859 fecunda
1111 801 1392 856 consiliis:
1425 815 1488 855 ea
1534 800 1793 861 indecora
1833 856 1858 883 .

196 914 316 970 qum
349 908 374 935 ⁸
404 898 625 953 sterilis.
654 896 1000 954 Inﬁrmitates
1028 896 1231 953 etenim
1260 894 1457 950 animus
1484 903 1611 949 sunt
1636 892 1799 947 steri-

198 991 323 1047 litas
346 1002 397 1045 et
420 992 677 1056 materia;
700 1005 931 1058 namque
953 1004 1072 1045 eam
1100 988 1363 1043 sterilitas
1383 986 1559 1042 fructu
1583 986 1799 1042 defrau~

199 1081 292 1138 dat
339 1098 462 1144 suo,
512 1082 743 1155 inepiam
795 1080 993 1148 infert,
1048 1084 1296 1137 timorem
1348 1082 1567 1147 incutit,
1618 1080 1802 1137 adolet

200 1178 560 1249 cupiditates,
593 1188 647 1233 et
692 1192 860 1232 vanas
904 1176 1233 1248 opiniones:
1288 1178 1369 1233 sic
1404 1177 1583 1231 anima
1633 1175 1798 1231 cadit.

198 1269 335 1340 Quid
361 1284 493 1339 ergo
522 1278 607 1324 est
638 1269 875 1334 malitia,
919 1267 1020 1323 nisi
1054 1269 1181 1324 boni
1213 1269 1510 1338 indigentia
1543 1266 1706 1342 (Viti.
1738 1267 1800 1323 S.

199 1365 420 1436 August.
457 1365 546 1419 lib.
572 1381 589 1421 ι
620 1375 787 1419 contr.
815 1364 932 1419 Jul.
981 1362 1189 1433 Pelag.,
1220 1380 1338 1437 cap.
1369 1363 1482 1434 9)?
1519 1362 1629 1419 Suo
1656 1362 1804 1416 enim

198 1456 576 1524 defraudatur,
608 1468 774 1527 atque
805 1456 997 1511 alienis
1030 1456 1271 1527 indiget,
1305 1455 1615 1512 exinanitur
1646 1462 1807 1523 atque

201 1552 446 1620 repletur
474 1551 592 1606 sine
624 1551 730 1607 ttlla
766 1564 1022 1605 mensura
1051 1559 1105 1605 et
1146 1550 1328 1604 modo.
1374 1548 1673 1605 Materialia
1705 1563 1805 1605 au-

203 1650 313 1699 tem
343 1643 470 1699 vitia
503 1646 701 1698 animm
741 1642 1072 1698 obumbrant
1108 1643 1362 1713 gratiam.
1404 1641 1708 1713 Ignorantia
1755 1649 1809 1696 et

202 1735 645 1807 ceucnpisceutia
689 1733 887 1790 anima:
927 1743 1056 1795 sunt
1103 1734 1456 1807 mgrilttdines
1490 1753 1502 1789 :
1548 1734 1644 1790 sed
1680 1732 1710 1772 ι)
1739 1733 1807 1789 ad

1897 519 1965 575 ad
2010 519 2288 575 inferiora.
2322 518 2518 574 Anima
2550 527 2735 575 autem
2780 517 2933 573 beata
2978 526 3097 584 est,
3141 533 3301 590 quam
3349 517 3496 577 nulla

1895 615 2126 670 adversa
2158 613 2405 682 corporis
2432 614 2617 683 praelia
2641 620 2973 684 expugnant.
3003 608 3128 667 llaec
3150 613 3328 667 anima
3358 612 3501 669 sicut

1896 724 2083 780 passer
2114 708 2306 779 laqueo
2336 708 2595 773 contrito,
2622 708 2823 764 evolat.
2859 706 3015 763 Escae
3045 707 3190 763 enim
3224 707 3495 763 malorum

1896 813 2021 860 sunt
2048 803 2355 871 voluptates
2383 816 2681 871 Corporem.
2730 801 2826 857 llis
2852 802 3099 873 quisquis
3127 801 3392 869 intendit,
3424 801 3501 858 la-

1898 912 2037 968 queo
2070 894 2295 949 innectit
2320 893 2558 948 animam
2584 907 2758 946 suam.
3427 926 3433 931 .

1969 987 2129 1059 377
2160 985 2249 1042 ϐξ.
2293 986 2392 1056 Qui
2421 997 2599 1040 autem
2627 985 2696 1039 ab
2726 986 2867 1041 escis
2889 986 3006 1056 ejus
3039 995 3329 1056 temperat,
3354 987 3505 1043 etde

1902 1082 2140 1139 tenebris
2170 1081 2289 1151 ejus
2327 1080 2461 1145 erit,
2496 1078 2614 1148 eius
2652 1080 2830 1132 anima
2872 1079 3058 1149 fulget,
3096 1091 3155 1134 ttt
3182 1080 3501 1145 diluculum,

1903 1176 1972 1231 de
1994 1192 2093 1242 qua
2120 1175 2315 1231 dicitur
2340 1192 2351 1229 :
2387 1173 2643 1242 Quianam
2667 1172 2774 1228 haec
2795 1183 2868 1227 est
2901 1175 3217 1243 prospiciens
3245 1185 3507 1245 tamquam

1906 1268 2215 1333 diluettlum,
2243 1269 2475 1341 speciosa
2498 1268 2629 1324 sicut
2653 1265 2777 1321 luna
2803 1265 2976 1335 (Cant.
3004 1284 3074 1325 γι.
3104 1268 3207 1335 9)?
3239 1269 3508 1338 Prospicit

1907 1363 2052 1421 enim
2083 1374 2352 1435 tamquam
2381 1362 2451 1419 de
2483 1362 2645 1419 domo
2686 1363 2877 1418 libera.
2907 1360 3015 1416 Nec
3053 1360 3182 1416 dicit
3217 1378 3231 1416 :
3268 1361 3512 1416 Tenebrat

1909 1457 2211 1527 cooperiunt
2242 1474 2351 1522 me,
2392 1467 2436 1512 et
2470 1457 2688 1527 parietes
2715 1456 3039 1511 circumdant
3063 1471 3176 1522 me,
3203 1464 3253 1509 et
3278 1456 3392 1524 quis
3419 1454 3516 1509 scit

1911 1552 1955 1606 si
1989 1551 2122 1605 uidet
2153 1549 2449 1606 Altissimus
2479 1548 2668 1621 (Eceli.
2700 1566 2855 1614 xsttt,
2887 1547 3022 1621 26)?
3058 1547 3170 1607 Sed
3198 1548 3311 1617 ipsa
3342 1549 3515 1618 magis

1912 1645 2086 1700 lllCt‘m
2120 1645 2326 1713 expetit
2353 1657 2624 1714 tamquam
2656 1644 2708 1697 iu
2734 1642 3108 1715 superioribus
3141 1641 3333 1696 domus
3362 1654 3515 1708 sua),

1916 1738 1969 1792 id
1997 1746 2101 1801 est,
2132 1738 2376 1806 corporis
2406 1737 2512 1802 sui,
2544 1744 2601 1792 et
2641 1751 2801 1807 supra
2836 1737 3095 1791 mundum
3127 1737 3299 1804 posita
3328 1732 3515 1789 divina

202 1831 443 1901 Speciem
494 1830 665 1901 magis
697 1846 855 1901 quam
889 1829 954 1884 ad
1001 1829 1279 1885 materiam
1314 1832 1645 1886 referuntur.
1701 1830 1811 1885 Ma-
1839 1828 1886 1892 B
1916 1831 2196 1898 intuetur,
2226 1841 2280 1887 et
2320 1832 2386 1886 ad
2414 1840 2616 1888 acterna
2659 1846 2717 1886 se
2745 1832 2942 1898 elevat,
2985 1839 3045 1885 ttt
3073 1832 3182 1887 Deo
3203 1829 3369 1895 adsit,
3405 1829 3517 1900 jam

206 1927 339 1980 leria
373 1933 458 1981 est
487 1939 652 1988 caro,
694 1922 907 1992 species
946 1932 1026 1977 est
1072 1923 1377 1993 ignorantia
1418 1930 1475 1977 et
1519 1924 1809 1996 concupiso

201 2017 398 2074 centia.
436 2015 547 2072 Cur
578 2016 740 2081 igitur
764 2030 893 2072 caro
916 2026 1225 2073 accusatur.
1260 2031 1382 2072 cum
1420 2025 1584 2072 tanta:
1613 2017 1723 2071 sint
1754 2016 1809 2072 in

203 2111 389 2182 specie
418 2109 606 2164 labes?
634 2109 767 2178 Quia
801 2106 933 2163 nihil
959 2109 1171 2178 Species
1198 2118 1377 2179 potest
1405 2112 1525 2163 sine
1557 2111 1812 2168 materia.

208 2204 451 2275 Denique
500 2202 632 2258 nihil
686 2203 898 2271 species
947 2203 1158 2257 securis
1210 2205 1331 2258 sine
1381 2204 1609 2259 materia
1666 2203 1812 2259 facit.

205 2294 345 2365 Quid
376 2298 519 2352 enim
550 2306 695 2351 esset
739 2295 1178 2365 concupiscentia
1201 2335 1215 2361 ,
1266 2294 1369 2349 nisi
1410 2310 1530 2351 eam
1575 2310 1703 2350 caro
1734 2296 1815 2350 iu—
1846 2324 1851 2329 τ

206 2387 551 2444 llammaret?
579 2387 759 2457 Friget
784 2389 837 2441 in
863 2388 1111 2455 senibus,
1137 2388 1189 2442 in
1218 2388 1400 2457 pueris
1421 2403 1662 2459 quoque,
1693 2388 1812 2459 quia

210 2486 265 2538 in
296 2483 380 2538 bis
410 2499 606 2551 corpus
638 2483 911 2537 infirmum
945 2490 1068 2539 est:
1099 2484 1256 2539 ardet
1294 2484 1346 2538 in
1378 2484 1817 2540 adolescentibus

132 2626 137 2631 .
210 2575 265 2631 in
296 2566 496 2649 quibus
531 2577 613 2630 vis
643 2575 893 2647 cotp-vris
924 2574 1121 2631 fervet.
1169 2577 1247 2631 Ex
1278 2577 1440 2632 bonis
1471 2578 1635 2646 igitur
1676 2578 1819 2632 mala

211 2678 331 2723 orta
359 2678 521 2734 sunt;
556 2684 664 2723 non
696 2669 839 2723 enim
871 2669 1011 2722 mala
1043 2677 1199 2735 sunt,
1243 2669 1345 2724 nisi
1375 2686 1497 2741 qua:
1543 2670 1820 2741 privamur

215 2759 377 2815 bonis
405 2759 558 2834 (Vid.
595 2756 656 2815 S.
688 2761 850 2831 Aug.,
882 2758 1076 2831 lbid.).
1105 2760 1212 2816 Per
1238 2762 1373 2815 mala
1410 2772 1588 2819 tamen
1620 2764 1818 2817 factum

216 2860 324 2916 est,
360 2862 417 2905 ut
458 2851 600 2906 bona
630 2851 956 2905 eminerent.
995 2855 1136 2923 Ergo
1170 2865 1189 2891 ε’
1225 2854 1517 2924 indigentia
1553 2855 1680 2909 boni
1712 2870 1824 2909 ma—

217 2942 339 2997 litia
368 2951 484 3010 est,
531 2952 588 2997 et
625 2941 942 2998 definitione
974 2945 1099 2999 boni
1137 2945 1339 2999 malitia
1371 2946 1824 3015 deprehenditur,

219 3038 478 3106 quoniam
513 3050 607 3105 per
637 3034 980 3103 diseiplinam
1014 3036 1140 3090 boni
1176 3039 1374 3091 tnalttttt
1405 3040 1692 3112 reperitur.
1728 3038 1828 3094 Bo-

220 3144 354 3182 num
380 3138 560 3182 autem
595 3128 794 3185 nullius
824 3135 967 3199 eget,
997 3129 1101 3183 sibi
1130 3129 1389 3196 abundat,
1417 3146 1746 3197 mensuram,
1772 3140 1829 3187 et

219 3218 640 3291 perfectionem,
667 3219 828 3272 linem
861 3235 1076 3291 quoque
1107 3221 1603 3307 tribm‘tomnibus,
1638 3224 1688 3276 in
1720 3239 1824 3292 quo
1858 3226 1905 3290 C

221 3315 481 3368 universa
509 3321 799 3378 consmnt,
830 3323 881 3368 et
928 3314 996 3370 de
1023 3330 1132 3383 quo
1176 3315 1358 3370 omnia
1402 3315 1661 3387 pendent.
1708 3316 1832 3374 Haec

220 3406 353 3463 b0ui
388 3421 575 3462 natura
608 3417 714 3475 est,
748 3421 869 3477 qnze
902 3400 1137 3462 tuentem
1170 3409 1365 3476 replet.

296 3502 388 3559 61.
430 3503 583 3558 Circa
614 3501 715 3557 boc
757 3512 1004 3574 versatur
1030 3503 1210 3557 anima
1259 3518 1416 3573 pura,
1450 3503 1553 3559 hoc
1577 3503 1834 3574 introspi-

220 3598 321 3661 cit,
354 3606 409 3651 et
435 3595 601 3651 Deum
628 3572 827 3661 cernﬂ',
859 3598 1013 3650 bonis
1036 3572 1289 3650 omnibus
1311 3597 1569 3652 abundat.
1601 3572 1834 3654 Uudcﬁet

220 3690 298 3745 ait
324 3709 338 3743 :
364 3685 570 3743 Fauces
591 3691 707 3764 ejus
731 3687 1049 3755 dulcedines,
1076 3700 1123 3743 et
1155 3699 1288 3744 totus
1315 3690 1623 3745 desiderium
1657 3690 1830 3764 (Cant.

220 3772 278 3849 v,
314 3781 445 3853 16).
476 3780 730 3839 Omnium
764 3782 909 3836 enim
960 3784 1223 3837 boumqu
1268 3796 1458 3837 auctor
1486 3794 1571 3839 est
1599 3784 1774 3850 Deus;
1805 3779 1835 3822 ἀ

221 3888 277 3933 et
311 3892 438 3946 qua:
461 3882 609 3937 sunt,
641 3875 756 3945 ejus
777 3877 1023 3945 profecto
1045 3877 1224 3929 omnia
1250 3886 1394 3930 sunt.
1421 3876 1694 3943 Nusquam
1724 3878 1835 3933 illic

224 3970 469 4032 malum;
511 3980 568 4023 et
610 3968 655 4022 si
688 3970 741 4021 in
783 3967 877 4021 illo
920 3984 1077 4023 mens
1124 3981 1305 4022 nostra
1350 3979 1600 4038 maneat,
1637 3970 1835 4026 malum

224 4054 430 4117 nescit.
468 4056 662 4115 Anima
696 4061 856 4130 igitur
900 4075 1021 4131 quae
1072 4061 1123 4115 in
1168 4060 1281 4114 Deo
1332 4078 1436 4116 non
1470 4071 1687 4127 manet,
1722 4063 1837 4133 ipsa

224 4155 335 4211 sibi
388 4163 581 4209 auctnr
609 4153 875 4209 malorum
906 4165 1020 4221 est;
1065 4154 1244 4225 itaque
1278 4166 1462 4226 peccat
1492 4175 1503 4210 :
1534 4156 1714 4212 anima
1743 4172 1839 4213 att-

226 4258 340 4305 tem
371 4262 499 4319 quze
525 4257 731 4321 peccat,
762 4246 875 4319 ipsa
904 4248 1184 4304 motietur.
1218 4252 1409 4307 Anrcis
1434 4252 1577 4306 enim
1608 4253 1841 4309 vinculis

301 4438 327 4466 θ
372 4426 517 4481 Tres
547 4440 675 4480 mss.
709 4440 771 4479 ac
798 4432 907 4478 vet.
942 4422 1072 4478 edit.
1093 4464 1107 4486 ,
1134 4439 1251 4494 qua:
1276 4423 1471 4494 sterilis
1504 4423 1829 4494 inﬁrmitate.

225 4496 343 4557 Sed
366 4499 510 4554 enim
537 4498 725 4551 animo!
747 4505 884 4549 sunt.
908 4495 1010 4552 Alit
1036 4493 1163 4559 duo,
1192 4536 1205 4548 .
1232 4537 1243 4549 .
1268 4535 1281 4548 .
1311 4494 1417 4551 Sed
1439 4493 1631 4549 damna
1648 4497 1834 4549 animo:

224 4582 369 4627 sunt.
410 4569 644 4633 Reliqui,
676 4581 731 4623 et
763 4568 919 4622 [tono
948 4568 1059 4620 edit
1108 4581 1159 4621 ut
1188 4567 1243 4621 in
1275 4575 1452 4621 testu.

1914 1924 2096 1981 lumen
2124 1940 2347 1981 suorum
2377 1941 2607 1996 operum
2643 1928 2782 1983 sicut
2812 1926 2941 1984 luna
2980 1926 3169 1983 orbem
3199 1940 3359 1981 suum
3404 1932 3522 1981 toto

1914 2017 2046 2075 orbe
2069 2017 2489 2074 circumlereus.

1988 2112 2079 2167 65.
2119 2110 2273 2180 Quod
2296 2120 2477 2168 autem
2498 2112 2687 2182 Aquila
2713 2112 2788 2168 ait
2812 2130 2826 2167 :
2858 2111 3066 2169 Samius
3086 2113 3217 2167 sicut
3241 2113 3342 2180 sel,
3371 2110 3527 2170 vide-

1916 2213 2005 2259 tur
2032 2205 2122 2259 illa
2151 2208 2271 2261 axis
2312 2205 2554 2262 ctelestis
2581 2206 2900 2268 conversio.
2927 2207 3170 2278 solisque
3209 2217 3264 2264 et
3296 2206 3440 2262 lunae
3467 2214 3525 2264 et

1916 2299 2195 2355 stellarum
2218 2314 2434 2366 cursus,
2469 2309 2881 2370 concentuque
2918 2300 3201 2371 glebarum
3243 2299 3475 2368 exprimi
3508 2317 3525 2356 τ

1916 2391 2239 2462 quibusdam
2288 2394 2454 2448 etiam
2510 2392 2713 2449 nostris
2756 2391 3010 2458 videtur;
3059 2391 3153 2463 qui
3202 2389 3221 2430 ί
3268 2389 3527 2462 quoniam

1920 2484 2080 2540 tidem
2112 2502 2219 2539 non
2253 2484 2481 2545 invenit.
2513 2482 2706 2541 saltem
2734 2493 2953 2555 propter
2981 2483 3211 2556 gratiam
3243 2484 3533 2541 suavitatis

1918 2562 2028 2632 non
2062 2575 2283 2634 videtur
2312 2576 2548 2634 alienus.

2519 2710 2748 2772 CAPUT
2788 2710 2927 2771 Vlll.

1928 2828 2128 2885 Eadem
2158 2829 2333 2883 anima
2361 2829 2623 2902 refugiens
2649 2848 2820 2887 coram
2856 2814 3107 2899 laudari,
3135 2836 3208 2890 ait
3237 2853 3292 2892 se
3319 2837 3532 2894 descen-

2001 2921 2138 2976 disse
2164 2922 2219 2975 in
2249 2920 2453 2976 hortum
2494 2924 2659 2991 nucis,
2714 2932 2838 2989 etc.,
2869 2925 3051 2996 quibus
3078 2930 3445 2987 antaritudines
3472 2948 3535 2988 ac

2004 3014 2311 3068 tentationes
2333 3013 2688 3087 designantur.
2715 3010 2781 3070 In
2811 3017 2890 3072 his
2920 3019 3016 3074 illa
3038 3036 3092 3074 se
3116 3038 3218 3076 non
3249 3026 3537 3095 cognoscit,

2003 3106 2093 3161 sed
2121 3124 2154 3161 a
2180 3104 2390 3162 Christo
2430 3098 2759 3179 cognoscitur
2795 3127 2854 3163 ac
2878 3112 3092 3182 regitur,
3122 3113 3244 3167 dum
3277 3118 3540 3184 perveniat

2005 3199 2074 3253 ad
2118 3199 2366 3269 palmam.
2402 3197 2576 3271 Hujus
2619 3201 2673 3254 in
2712 3202 2876 3271 ipsum
2926 3205 3197 3283 reclinatio
3241 3208 3342 3263 tria
3378 3210 3542 3281 signi-

2007 3294 2149 3364 ﬁcat,
2175 3293 2566 3362 institutionem,
2607 3311 2956 3365 progressum,
2991 3300 3377 3373 perfectionem.
3410 3304 3543 3371 Quas

2007 3387 2235 3455 sequitur
2265 3386 2333 3439 ad
2360 3378 2661 3440 charitatem
2689 3385 2999 3445 exhortatio.

2007 3501 2098 3559 64.
2146 3502 2278 3557 Dum
2312 3502 2559 3557 laudatur
2599 3519 2628 3559 a
2661 3519 2896 3574 sponso.
2921 3509 3222 3567 verecunde
3262 3512 3540 3585 refugiens

1935 3614 2120 3655 coram
2155 3599 2399 3667 laudari,
2438 3599 2635 3656 deinde
2676 3604 2861 3671 sponsi
2895 3604 3079 3661 amore
3129 3621 3378 3665 revocata
3407 3613 3486 3666 ait
3522 3613 3535 3666 ξ

1935 3693 2001 3748 1η
2027 3694 2234 3748 hortum
2264 3695 2409 3748 nucis
2438 3693 2679 3749 descendi
2708 3694 2879 3750 uidere
2908 3699 2960 3752 in
2989 3700 3260 3756 nativitate
3293 3706 3540 3761 torrentis

1946 3784 2121 3860 (Cant.
2160 3803 2229 3844 γι.
2268 3785 2371 3859 10).
2414 3786 2513 3843 Ubi
2543 3789 2686 3842 enim
2711 3799 2795 3843 est
2830 3788 3071 3846 Ecclesia
3093 3834 3109 3857 ,
3143 3793 3242 3848 nisi
3278 3796 3365 3850 tibi
3394 3800 3541 3869 virga

1940 3892 1991 3936 et
2020 3880 2191 3950 gratia
2223 3880 2379 3936 ﬂoret
2405 3881 2801 3935 sacerdotalis?
2828 3881 2902 3939 lbi
2929 3895 3011 3937 est
3034 3886 3367 3955 frequenter,
3397 3900 3453 3943 ut
3483 3891 3541 3947 in

1940 3972 2394 4029 amaritudinibus
2418 3981 2473 4028 et
2502 3974 2889 4029 teutaliottibus
2918 3977 3190 4043 probetur.
3218 3979 3322 4035 Per
3348 3997 3539 4039 trucem

1943 4064 2335 4121 amaritudines
2360 4064 2730 4134 intelligimus,
2753 4081 2848 4135 per
2870 4073 3169 4125 torrentem
3190 4077 3541 4143 tentationes,

1943 4158 2039 4213 sed
2069 4167 2249 4214 tamen
2280 4156 2610 4220 tolerabiles,
2640 4159 2763 4227 quia
2794 4160 3051 4227 scriptum
3082 4172 3166 4218 est
3198 4182 3211 4217 :
3238 4163 3543 4225 Tonantem

1946 4250 2271 4323 pertransivit
2308 4249 2483 4303 anima
2513 4260 2695 4304 nostra
2726 4248 2847 4319 (Ps.
2878 4267 3065 4320 cunt,
3096 4256 3173 4327 ὅ).
3208 4255 3399 4331 Itaque
3443 4262 3542 4319 de-

1938 4418 2153 4501 anubis
2181 4416 2429 4501 restituto
2450 4414 2614 4501 docet
2626 4417 2931 4501 (Philonem
2952 4420 3249 4501 adiungere
3276 4429 3533 4501 poterat),

1943 4494 2088 4548 illam
2140 4491 2309 4556 rejicit
2355 4503 2417 4543 ac
2458 4488 2647 4542 validis
2700 4488 3001 4547 ratiutiltus
3046 4488 3307 4553 confutal.
3359 4488 3538 4558 Prinia

1946 4579 2075 4644 vero
2112 4564 2274 4644 lectio
2300 4563 2479 4644 aptius
2510 4561 2907 4644 accommodari
2950 4574 3124 4644 potest
3161 4583 3281 4622 cunt
3314 4572 3378 4626 iis
3415 4589 3539 4644 qua:

300 4642 332 4682 δ
361 4641 629 4713 Speciem,
656 4642 817 4714 paulo
830 4654 981 4708 supet
997 4639 1075 4714 ius
1106 4637 1619 4714 propulebritud‘ine
1647 4653 1833 4707 sump-
1866 4654 1918 4714 D
1947 4636 2090 4714 idem
2142 4635 2373 4714 Sanctus
2403 4634 2480 4714 _in
2534 4633 2863 4714 praefatione
2889 4635 2970 4714 _ad
3026 4633 3446 4697 tio-timt-maria'
3484 4648 3541 4700 in

233 4707 423 4774 δεικιιζ
440 4728 582 4768 nunc
605 4707 770 4766 sumit
795 4707 1136 4779 ptoqnadam
1164 4712 1481 4766 accidentali
1515 4707 1685 4765 forma
1718 4725 1838 4781 qua:

237 4789 503 4845 animam,
532 4800 639 4847 non
671 4784 869 4851 corpus
898 4781 1085 4836 al‘lit-it.

320 4870 341 4896 ε
388 4857 467 4911 Ita
495 4871 626 4911 mss.
663 4856 848 4923 paucis
887 4853 1158 4920 exceptis.
1204 4851 1379 4922 iisque
1408 4852 1682 4909 inferioris
1712 4854 1837 4917 aevi,

237 4931 331 5000 qui
358 4944 482 4982 eum
510 4929 759 5000 omnibus
786 4926 917 4981 edit.
952 4925 1172 4991 habent,
1198 4924 1494 4998 Indigentiu
1531 4925 1649 4979 boni
1687 4925 1842 4979 rudia:

237 4998 462 5057 malitia!
483 5010 569 5056 est.
606 4998 937 5071 Deﬁnitione,
961 5009 1068 5052 etc.

314 5072 345 5110 τί
392 5072 548 5127 Boni.
584 5074 714 5125 edit.
746 5088 869 5125 cum
906 5071 1080 5126 ttibus
1109 5085 1274 5135 tuss.,
1314 5079 1358 5122 et
1400 5084 1512 5141 quas
1550 5072 1673 5141 sunt
1705 5070 1838 5141 ejus,

240 5149 484 5218 profecto
510 5145 681 5218 nuntia
708 5149 1009 5218 bona_sunt,
1041 5151 1088 5197 et
1127 5140 1417 5211 nusquam,
1436 5152 1543 5196 etc.
1571 5140 1677 5196 Alii
1708 5155 1838 5194 mss.

241 5213 309 5272 ac
348 5213 486 5269 edit.
521 5214 798 5268 nobiscum
836 5213 1054 5267 faciunt.

324 5298 351 5325 ι’
393 5282 521 5341 M-s.
552 5285 773 5354 aliquot.
804 5288 1020 5353 profano
1049 5286 1213 5354 fertur
1237 5285 1545 5355 prwripitio.

328 5357 349 5397 τ
400 5357 517 5411 Vel.
564 5358 717 5421 (εὼιἸ
759 5359 999 5422 quoniam
1048 5374 1146 5410 non
1186 5359 1318 5411 venit
1355 5359 1423 5411 ad
1464 5356 1635 5423 ﬁdem.
1682 5354 1844 5410 Rom.

245 5449 375 5489 cum
412 5444 543 5483 mss.
575 5427 846 5494 omnibus,
875 5429 1115 5496 quoniam
1156 5429 1309 5495 ﬁdem
1339 5447 1440 5483 non
1482 5428 1689 5481 invenit.
1724 5428 1849 5481 Ηίιξε

246 5512 439 5560 autem
484 5502 667 5554 ultima
716 5501 874 5552 lectio
923 5498 1093 5568 magis
1146 5503 1397 5555 convenit
1445 5515 1566 5553 cum
1616 5498 1681 5555 iis
1729 5514 1850 5568 qnze

251 5558 603 5637 Ambrosius,
637 5572 673 5625 l.
727 5586 764 5625 tt
798 5558 1073 5637 "exacui,
1099 5586 1150 5625 c.
1179 5571 1233 5633 2,
1270 5590 1324 5626 n.
1352 5574 1382 5627 6
1410 5574 1465 5626 et
1491 5570 1545 5635 Ἰ,
1580 5578 1636 5625 et
1660 5566 1695 5622 l.
1730 5558 1764 5623 ll
1790 5558 1853 5623 de

251 5646 543 5707 Abraham,
592 5636 643 5699 c.
691 5636 745 5704 8.
803 5660 855 5695 u.
898 5636 992 5705 54,
1025 5642 1205 5697 tradit.
1249 5643 1361 5698 Illic
1400 5645 1544 5697 enim
1576 5656 1742 5712 agens
1785 5656 1853 5695 ex

252 5716 508 5793 profes~_o
536 5716 602 5772 tle
634 5714 1063 5793 hac‘harmpnize
1096 5716 1334 5793 caelestis
1361 5716 1644 5793 ορὶιιὴλιξιιἈ
1669 5714 1721 5793 in
1752 5727 1852 5777 qua

252 5782 365 5847 iton
392 5786 565 5842 Solum
590 5782 817 5854 gentiles
843 5784 1212 5852 plti’osoplms,
1230 5789 1321 5854 setl
1343 5782 1501 5839 etiam
1518 5782 1856 5840 Clll‘lSllath

256 5862 537 5927 homines,
562 5868 617 5915 et
647 5862 787 5914 inter
818 5857 916 5912 hos
946 5856 1231 5927 Origenem
1266 5853 1433 5913 fuisse
1463 5856 1518 5911 in
1551 5856 1856 5927 fragmento

1947 4707 2139 4763 Psalmr
2165 4722 2191 4759 s
2218 4705 2368 4759 dicit.
2403 4703 2646 4772 Namque
2674 4705 2798 4759 licet
2830 4705 2900 4759 ibi
2928 4721 3048 4761 eam
3084 4718 3407 4768 sententiam
3443 4718 3541 4772 abs

1947 4794 2005 4834 se
2038 4794 2133 4840 pro
2160 4776 2534 4851 veraaduntti
2568 4778 2787 4851 minime
2811 4776 3074 4851 signiticet
3099 4823 3113 4847 ,
3149 4783 3541 4851 itttpOSsiltiletn

1949 4861 2126 4904 tamen
2164 4866 2269 4901 non
2300 4846 2600 4900 habendam
2632 4850 2764 4901 Satis
2790 4848 3029 4905 declarat
3053 4854 3143 4905 llis“
3165 4846 3346 4908 verbis
3378 4876 3390 4909 :
3424 4857 3540 4913 Nec

1949 4922 2004 4975 id
2028 4921 2092 4975 ab
2130 4937 2223 4973 usu
2252 4919 2701 4994 natwrwulienum
2741 4919 2941 4994 videtur
2957 4936 2978 4985 ;
3008 4925 3413 4994 quandoquidem
3442 4945 3541 4985 voa:

1950 4995 2107 5047 missa
2150 4992 2371 5062 gratiore
2419 4991 2597 5056 plausu
2639 4992 2929 5046 nemor'dms
2972 4996 3182 5049 resultet
3221 4991 3309 5052 aut
3354 5002 3515 5054 monti
3530 5028 3544 5043 -

1951 5070 2062 5131 bus,
2098 5061 2203 5119 etc.
2237 5061 2400 5131 Igitur
2426 5076 2501 5135 ex;
2524 5061 2606 5135 bis
2641 5063 2891 5118 omnibus
2906 5064 3048 5135 lueis
3080 5067 3384 5135 huiusmodi
3417 5088 3543 5127 seu-

1949 5154 2067 5211 sum
2088 5138 2226 5191 ellici
2251 5148 2405 5199 posse
2429 5133 2919 5211 arbitratnnr:_Qui
2939 5133 3236 5192 concentus
3261 5153 3357 5195 etsi
3386 5142 3544 5211 plane

1950 5200 2140 5275 falsus,
2157 5217 2344 5284 tamen
2368 5207 2619 5274 quoniam
2643 5206 2709 5259 ad
2735 5200 2892 5284 tidem
2925 5222 3258 5284 nequaquam
3285 5200 3542 5284 perimet.

1951 5297 2060 5336 non
2090 5280 2265 5354 solum
2297 5288 2565 5347 tamquam
2599 5294 2702 5330 non
2734 5276 3062 5354 injucuudus
3085 5276 3311 5349 proponi
3341 5276 3540 5354 potest;

1952 5368 2138 5409 verum
2171 5352 2331 5405 etiam
2362 5360 2631 5417 tamquam
2663 5365 2769 5420 non
2798 5352 3019 5403 omnino
3054 5352 3416 5420 itnpossibilts.
3442 5352 3548 5414 Nei-

1953 5439 2057 5492 qne
2078 5422 2220 5478 enim
2247 5430 2526 5491 repugnat,
2558 5429 2615 5474 ut
2634 5419 2774 5488 quod
2801 5435 2901 5474 nec
2923 5436 3108 5475 verum
3132 5419 3237 5479 nec
3266 5428 3548 5495 probabile

1948 5494 2384 5567 jttdicatttu<,_id
2436 5509 2541 5567 non
2589 5506 3016 5567 negeutosesse
3068 5496 3341 5563 possibile.
3389 5501 3546 5567 Quod

1955 5562 2133 5622 autem
2166 5568 2241 5620 ait
2260 5564 2443 5621 Sixtos
2470 5564 2597 5616 Sen.
2624 5563 2763 5616 hanc
2790 5562 3096 5627 opinionem
3129 5566 3268 5622 inter
3294 5562 3549 5629 daumata

1958 5638 2343 5714 Μπτςομίυηιιιι
2362 5635 2610 5704 dogmata
2636 5637 2927 5714 numerari,
2957 5634 3095 5689 idem
3122 5655 3225 5714 non
3249 5654 3350 5714 tam
3379 5647 3548 5714 ipsam

1956 5712 2289 5777 Opinionem.
2316 5723 2474 5773 quam
2502 5706 3033 5779 portentnqtttedttut,
3054 5718 3174 5779 qua?
3198 5706 3287 5769 ἱειὶ
3312 5706 3549 5771 ιιςυίῃιιῑρι

1959 5797 2024 5836 ex
2056 5784 2166 5850 ipsa
2198 5779 2534 5850 deducebant
2562 5817 2578 5843 ,
2607 5777 2835 5850 intelligi
2865 5777 3120 5845 oportere
3150 5788 3365 5842 asserit.
3399 5790 3556 5845 Illum

1960 5852 2047 5909 adi
2074 5847 2210 5910 Bibl.
2236 5855 2441 5907 sanetai
2458 5848 2550 5904 lib.
2583 5863 2635 5916 v,
2663 5847 2866 5906 Auttot.
2894 5850 3017 5910 £05.
