4082 6370
616 366 720 423 5‘27
1939 349 2182 412 SANCTI
2222 349 2547 410 AMBROSII
3857 350 3950 410 5'18

617 476 828 535 scendit
867 477 920 531 in
953 476 1130 530 locum
1160 471 1562 531 amaritudinis.
1606 469 1695 527 ubi
1743 470 1902 524 ﬂoret
1941 469 2100 532 vitis,
2151 479 2205 524 et
2239 475 2281 530 Α
2313 480 2426 534 ιοι·;
2473 470 2597 539 quia
2635 470 2895 538 scriptum
2943 477 3025 526 est
3066 479 3117 524 et
3166 469 3273 524 hoc.
3322 484 3538 524 no'uen
3600 470 3653 522 in
3704 472 3944 525 no-tris;

619 577 883 630 malorum
924 579 1269 641 grumtltlrlltll
1317 567 1498 634 specie
1537 564 1784 620 diversus
1829 573 1883 619 et
1925 563 2207 632 multiplex
2321 563 2500 628 Pater,
2535 574 2700 632 pater,
2724 565 2948 637 agitator
2977 563 3145 618 Israel
3177 563 3270 634 (IV
3308 563 3449 634 Reg.
3483 579 3548 629 ιι,
3582 561 3694 633 Ii).

617 668 844 731 fructu-2,
890 668 978 737 qui
1013 669 1158 719 ve‘ut
1205 678 1311 716 uno
1345 661 1580 733 tegmine
1623 663 1786 714 tutius
1817 658 2066 725 corporis
2109 655 2214 711 fide
2390 659 2478 714 66.
2504 657 2600 714 IIic
2630 675 2756 728 ergo
2790 663 3018 729 agitator
3047 658 3178 712 dicit
3207 675 3219 712 :
3255 657 3606 719 Convertere,
3636 657 3941 714 Suuamitii.

615 772 672 820 et
718 759 978 816 cliai-itale
1009 758 1267 812 munitur.
1315 755 1370 809 lii
1422 756 1508 809 illa
1556 771 1686 826 ergo
1723 752 2077 807 amaritudine
2108 765 2213 806 non
2318 764 2608 808 convertere
2645 753 2821 826 (Cant.
2855 769 2926 821 vt,
2973 755 3087 826 I2).
3123 753 3268 808 Bene
3307 763 3364 808 ct
3397 753 3562 823 quasi
3597 753 3864 822 agitator,
3903 764 3948 808 et

617 853 868 926 cognovit
890 868 949 906 se
970 851 1142 904 anima
1167 867 1182 916 ;
1211 848 1538 918 corrupiihle
1565 848 1706 902 enim
1733 861 1930 915 corpus
1961 852 2216 915 :iggravat
2317 847 2468 917 quasi
2495 846 2560 900 ad
2585 862 2800 900 currum
2825 845 2957 900 dicit
2977 866 2988 901 :
3006 846 3328 913 Convertere,
3360 846 3694 908 Sunamitis.
3725 845 3833 902 hoc
3852 859 3944 914 est,

605 949 873 1011 animam,
919 955 976 1000 et
1016 956 1288 999 teri-eumn
1331 941 1693 996 habitaculum
1748 939 1856 994 cito
1900 937 2208 993 inclinatur.
2318 941 2558 1009 pacilica.
2591 940 2722 1008 Quze
2753 941 2896 996 enim
2927 941 3146 1010 pacifica
3177 952 3260 996 est
3298 941 3488 995 anima
3517 985 3532 1007 ,
3570 944 3692 996 cito
3718 956 3785 995 Se
3826 957 3944 997 eon-

606 1040 950 1113 Cogunseere
979 1049 1158 1094 autem
1192 1053 1409 1107 semper
1434 1053 1492 1092 se
1520 1035 1703 1091 debet.
1728 1034 1835 1090 Sed
1867 1043 2104 1088 tentatus
2130 1041 2215 1088 est
2315 1037 2478 1089 Vertit
2499 1047 2549 1089 et
2577 1036 2819 1106 corrigit,
2845 1036 3054 1090 etiamsi
3078 1045 3204 1092 ante
3233 1037 3508 1106 peccavit,
3541 1045 3601 1091 et
3630 1036 3814 1107 magis
3836 1054 3941 1091 eam

605 1143 661 1191 et
689 1135 914 1201 Petrus,
947 1146 1002 1188 et
1039 1149 1146 1186 non
1179 1147 1240 1186 se
1269 1130 1523 1198 eogiimit
1553 1140 1604 1183 et
1633 1127 1860 1190 Petrus;
1894 1141 2017 1180 nam
2047 1125 2091 1179 si
2123 1140 2213 1179 co-
2314 1129 2562 1184 CIII'ISIIH
2594 1131 2868 1196 ascendit,
2902 1140 2956 1186 et
2987 1147 3178 1202 regere
3223 1131 3508 1203 dignatur,
3556 1131 3654 1186 cui
3699 1133 3937 1188 dicitur:

603 1230 881 1300 gnovisset
904 1267 920 1290 ,
960 1240 1068 1281 non
1117 1223 1424 1289 neq-ivisset
1461 1231 1764 1276 auctorem.
1808 1219 1916 1275 Sed
1962 1219 2214 1290 cognovit
2316 1223 2543 1278 Asceude
2564 1225 2615 1277 in
2638 1241 2791 1294 equos
2815 1235 2952 1284 tuos.
2977 1235 3023 1279 et
3045 1227 3298 1294 equitatus
3325 1238 3445 1280 tuus
3469 1229 3686 1281 sanitas
3713 1225 3935 1292 (Habet.

604 1337 730 1378 cum
782 1319 1035 1376 Christus
1086 1337 1098 1372 :
1141 1319 1374 1388 denique
1421 1318 1695 1388 cognovit,
1739 1315 1830 1386 qui
1876 1315 2036 1370 etiam
2087 1329 2209 1369 eum
2315 1332 2396 1382 ιιι,
2425 1316 2499 1387 8).
2533 1317 2747 1372 Etahbi
2783 1319 2847 1371 τά
2877 1317 2999 1372 Misi
3024 1337 3179 1390 equos
3204 1330 3320 1374 tuos
3343 1319 3574 1374 Tharsis
3599 1317 3812 1392 (lbid.,
3843 1320 3934 1388 I5).

602 1416 845 1486 respexit
878 1412 1185 1484 (cognoscit
1205 1411 1348 1464 enim
1387 1410 1646 1465 Dominus
1675 1411 1765 1480 qui
1793 1419 1918 1463 sunt
1941 1408 2134 1476 ipsiust
2156 1417 2211 1462 et
2317 1410 2379 1465 lli
2404 1421 2526 1464 sunt
2554 1413 2675 1480 equi
2699 1410 2922 1466 Christi.
2950 1412 3208 1467 A~cendit
3235 1429 3366 1482 ergo
3391 1428 3573 1483 equos
3597 1428 3743 1468 suos
3770 1409 3937 1466 (Ζιιιίξι

601 1516 879 1579 tamquam
919 1522 1076 1562 suum
1125 1504 1518 1560 niisericoruiie
1557 1521 1669 1559 sua:
1699 1505 1899 1569 lreuis,
1933 1515 1988 1557 ut
2036 1503 2210 1557 bonus

604 1610 789 1657 rector
821 1608 1095 1656 revocaVit
1121 1615 1151 1653 a
1191 1598 1369 1670 lapsu.
1405 1600 1602 1653 Iieetor
1637 1612 1768 1667 ergo
1810 1609 1996 1654 noswr
2020 1595 2212 1652 Chris-

603 1703 689 1748 Ius
727 1703 830 1747 est.

673 1787 839 1859 378
877 1786 968 1842 65.
1010 1785 1245 1856 Ideoque
1297 1785 1370 1838 ait
1421 1786 1631 1839 anima:
1676 1784 1856 1840 Posuit
1897 1801 1977 1838 me
2022 1801 2207 1840 currus

2317 1513 2426 1567 tus,
2455 1503 2701 1558 ascendit
2729 1504 2961 1560 Verbum
2996 1505 3088 1560 Dei
3120 1509 3332 1561 animas
3359 1507 3501 1575 pias.

2384 1597 2475 1651 67.
2519 1595 2674 1653 Unde
2701 1613 2967 1668 cognosce
2995 1600 3118 1669 quia
3147 1608 3201 1653 et
3230 1601 3388 1653 istam
3417 1599 3709 1665 ascendit,
3743 1611 3802 1654 et
3830 1616 3930 1669 per-

2313 1689 2466 1744 duxit
2485 1706 2602 1744 eam
2633 1689 2698 1744 ad
2726 1692 2900 1745 locum
2935 1691 3145 1759 palmae,
3175 1692 3392 1762 quando
3420 1699 3477 1746 et
3506 1691 3656 1747 dicit
3682 1692 3754 1746 ad
3781 1708 3893 1747 eain
3917 1712 3927 1746 :

2317 1783 2456 1851 Quid
2502 1782 2722 1852 pulchra
2763 1793 2810 1836 et
2850 1785 3023 1838 suavis
3063 1787 3202 1856 facta
3242 1800 3314 1845 es,
3343 1783 3607 1847 charitas,
3658 1785 3718 1838 in
3748 1786 3927 1838 deliciis

597 1881 891 1936 Amiaodab
941 1879 1111 1954 (Cant.
1164 1896 1234 1941 vt,
1285 1880 1395 1948 II).
1444 1878 1641 1934 Anima
1689 1895 1820 1949 ergo
1873 1895 2064 1934 currus
2118 1879 2205 1948 qui
2239 1888 2286 1948 Β
2313 1877 2462 1931 tuis?
2492 1876 2707 1932 Statura
2732 1887 2818 1930 tua
2847 1877 3029 1932 similis
3054 1881 3192 1948 facta
3222 1888 3294 1931 est
3334 1878 3528 1946 palma:
3560 1877 3762 1945 (Cant.
3794 1879 3925 1936 τιμε

596 1975 796 2031 bonum
852 1985 1118 2031 rectorem
1173 1973 1425 2028 sustinet.
1484 1975 1539 2028 Si
1594 1983 1928 2028 currus-est
1984 1973 2202 2039 anima,

595 2067 759 2124 habet
790 2083 960 2138 equos
990 2068 1074 2123 vel
1110 2069 1278 2121 bonos
1311 2067 1395 2123 vel
1430 2067 1622 2122 malos.
1659 2067 1791 2122 Boni
1829 2068 1950 2136 equi
1983 2066 2208 2120 virtutes

594 2173 723 2218 sinit
767 2163 962 2217 animae
1006 2180 1020 2218 :
1071 2163 1192 2218 mali
1232 2163 1392 2232 equi,
1451 2162 1732 2231 passiones
1787 2171 1913 2214 sunt
1957 2175 2127 2228 corpo
2161 2159 2206 2213 is

593 2254 745 2327 (Vid.
779 2255 841 2312 S.
876 2256 1096 2324 August.
1131 2267 1297 2310 contr.
1328 2253 1443 2308 Jul.
1471 2251 1682 2326 Pelag.,
1717 2253 1805 2308 lib.
1844 2269 1903 2318 ιι,
1934 2270 2048 2319 cup.
2073 2252 2126 2316 5,
2161 2261 2208 2306 et

588 2351 679 2405 lib.
711 2367 804 2412 ιιι,
845 2368 889 2404 ει
932 2351 1046 2421 II).
1085 2351 1265 2404 Bonus
1303 2365 1434 2418 ergo
1478 2361 1660 2402 rector
1693 2348 1863 2402 malos
1891 2362 2061 2416 equos
2121 2361 2208 2400 re-

591 2446 810 2512 striitgil
835 2455 888 2498 et
917 2455 1156 2504 reViicat.
1187 2442 1363 2496 bonus
1393 2443 1595 2494 incilat.
1618 2441 1748 2494 Boni
1775 2441 2039 2509 cquisuul
2070 2455 2206 2510 qua-

592 2545 741 2600 tuor,
770 2534 1079 2604 prudeiitia,
1106 2536 1484 2601 temperantia,
1511 2531 1790 2594 fortitudo,
1815 2531 2045 2601 iustitia.
2079 2529 2205 2584 Mali

594 2630 722 2700 equi
774 2627 1096 2692 iracundia,
1154 2624 1636 2694 concupisreutia,
1694 2626 1876 2688 timor,
1926 2622 2203 2693 iniquitas.

589 2723 867 2778 Interdum
903 2722 1004 2791 ipsi
1035 2720 1156 2791 equi
1189 2722 1329 2774 inter
1358 2734 1419 2773 se
1450 2717 1753 2782 dissident,
1787 2725 1842 2772 et
1872 2728 1963 2770 aut
1991 2718 2206 2771 iracun-

589 2815 677 2872 dia
710 2815 1002 2885 protendit,
1035 2824 1128 2868 aut
1156 2813 1340 2878 timor,
1371 2826 1426 2868 et
1448 2826 1507 2866 se
1531 2813 1764 2866 invicem
1795 2810 2118 2879 impediunt,
2153 2818 2207 2863 et

590 2924 810 2965 cursum
857 2907 1154 2962 retardant.
1200 2905 1268 2962 At
1301 2920 1433 2960 vero
1473 2905 1595 2957 boui
1638 2905 1760 2974 equi
1794 2904 2050 2968 evolant,
2092 2913 2205 2957 et'a

592 3003 755 3056 terris
800 2999 866 3054 ad
914 3001 1196 3071 superiora
1240 3014 1299 3052 se
1345 2999 1652 3069 subi-igiint,
1696 2997 2046 3066 animamque
2095 2995 2207 3050 cleo

589 3103 722 3149 vatit
765 3111 778 3147 :
829 3094 1070 3148 maxime
1111 3091 1155 3148 si
1200 3091 1387 3160 juguin
1432 3090 1666 3144 habeant
1714 3104 1904 3154 Suave,
1958 3096 2012 3143 et
2066 3101 2206 3141 unus

589 3186 711 3241 leve
739 3185 969 3240 dicentis
1004 3201 1017 3238 :
1055 3182 1242 3238 Tollite
1277 3185 1466 3256 jugum
1490 3198 1656 3236 meum
1686 3198 1838 3250 super
1875 3197 1997 3247 vos;
2024 3183 2205 3251 iugum

2311 1985 2358 2029 et
2385 1977 2538 2044 ιαμ).
2572 1974 2637 2028 Ει
2668 1974 2780 2043 ipsa
2808 1973 2884 2028 ait
2911 1990 2924 2028 :
2959 1973 3102 2041 Dixi,
3132 1974 3408 2028 ascendam
3436 1974 3491 2028 in
3541 1974 3817 2042 palmam.
3840 1973 3924 2031 Sed

2309 2068 2472 2123 etiam
2515 2072 2625 2134 ipsa
2658 2069 2896 2122 Charitas
2941 2067 3114 2138 palma
3156 2078 3268 2132 est;
3301 2068 3413 2137 ipsa
3447 2079 3535 2124 est
3566 2072 3729 2122 enim
3776 2068 3923 2139 ple-tti-

2313 2163 2439 2217 tudo
2482 2162 2648 2235 3'79
2693 2162 2951 2217 victoriae.
3000 2161 3286 2217 Plenitudo
3331 2161 3476 2217 enim
3528 2162 3673 2231 legis
3705 2162 3922 2216 Charitas

2310 2269 2414 2314 est.
2437 2255 2730 2312 Curramus
2755 2273 2906 2328 ergo,
2936 2269 2990 2311 ιιι
3016 2255 3550 2324 comprehendamus
3579 2275 3592 2310 :
3623 2272 3918 2320 curramus,

2313 2364 2372 2407 ut
2402 2354 2702 2408 vincamus.
2739 2351 2838 2420 Qui
2873 2353 3022 2414 vicit,
3051 2353 3292 2407 ascendit
3324 2355 3375 2407 in
3407 2353 3679 2422 palmam,
3716 2363 3921 2410 etmano

2311 2446 2474 2502 ducat
2515 2445 2724 2501 fructus
2767 2447 2909 2512 eius.
2953 2445 3053 2514 Qui
3089 2446 3235 2511 vicit,
3276 2447 3386 2514 jam
3433 2463 3542 2499 non
3593 2447 3800 2504 currit.
3845 2444 3917 2498 sed

2311 2542 2465 2597 sedet
2492 2542 2633 2597 sicut
2664 2541 2923 2612 scriptum
2959 2549 3041 2594 cst
3072 2557 3084 2592 :
3118 2539 3218 2606 Qui
3259 2540 3435 2594 vicerit
3460 2579 3474 2598 ,
3506 2540 3651 2592 dabo
3685 2541 3736 2592 ei
3766 2537 3915 2592 sedere

2311 2651 2506 2688 mecum
2549 2636 2601 2688 in
2644 2635 2761 2689 sede
2802 2651 2932 2694 mea.
2970 2634 3104 2688 sicut
3132 2645 3178 2687 et
3227 2651 3319 2705 ego
3363 2633 3482 2692 vici.
3532 2643 3581 2686 et
3613 2634 3778 2687 sedeo
3821 2649 3914 2685 (ιιι

2312 2727 2471 2783 Patre
2501 2746 2609 2782 meo
2641 2729 2694 2782 in
2737 2728 2855 2781 sede
2887 2727 3052 2796 ipsius
3079 2727 3266 2798 (Apoc.
3295 2742 3376 2790 ni,
3403 2725 3524 2796 2i).
3571 2725 3723 2781 Hinc
3767 2726 3910 2788 pbzlo-

2312 2823 2467 2894 SOplii
2500 2823 2710 2876 ciirulia
2744 2823 2830 2876 illa
2864 2822 3165 2877 animarum
3195 2822 3244 2874 iii
3276 2819 3389 2876 suis
3418 2819 3576 2874 lihris
3604 2834 3905 2886 eripressere

2310 2915 2604 2973 certamina
2627 2957 2643 2980 ,
2690 2929 2788 2969 nec
2820 2923 2998 2969 tamen
3029 2913 3095 2968 ad
3129 2913 3360 2982 palmam
3402 2911 3704 2980 pervenire
3745 2922 3906 2982 potue-

2315 3021 2479 3077 runt;
2529 3012 2784 3082 quoniam
2837 3011 3203 3065 summitatem
3254 3007 3416 3063 Verbi
3469 3018 3527 3062 et
3583 3005 3903 3061 altitudinem

2313 3102 2527 3157 illorum
2585 3103 2779 3157 animae
2838 3103 3183 3164 nescierunt,
3253 3115 3412 3167 quam
3487 3099 3758 3169 cognovit
3816 3097 3901 3150 hac

2321 3195 2522 3262 anima,
2559 3201 2609 3249 in
2643 3211 2742 3263 qua
2777 3206 2891 3249 erat
2929 3194 3086 3250 Verbi
3117 3192 3421 3248 conversio.

590 3281 728 3334 enim
760 3296 927 3333 meum
961 3294 1117 3332 suave
1145 3288 1242 3338 εει,
1276 3287 1322 3331 et
1349 3293 1477 3330 onus
1510 3293 1677 3331 meum
1718 3276 1825 3330 leve
1848 3274 2097 3344 (Matt/1.,
2127 3289 2202 3342 XI,
2235 3283 2280 3346 C
2383 3286 2476 3341 68,
2522 3288 2613 3341 Sic
2640 3287 2782 3338 enim
2814 3285 2883 3340 εἰ(
2917 3302 2935 3340 ε
2965 3284 3077 3355 Ego
3107 3286 3258 3356 fratri
3279 3300 3410 3347 meo,
3441 3293 3488 3336 ει
3515 3300 3685 3353 ευμεν
3710 3301 3788 3337 me
3809 3300 3900 3336 (an.

591 3372 706 3442 29).
739 3374 858 3443 Ipse
895 3380 1078 3428 rector
1109 3381 1193 3426 est
1219 3371 1308 3439 qui
1344 3375 1493 3425 novit
1521 3385 1690 3440 equos
1728 3371 1977 3440 proprios
2009 3369 2202 3439 guber-

594 3483 752 3532 nare,
779 3480 834 3521 itt
864 3468 1090 3536 inqualis
1117 3467 1356 3520 omnium
1385 3483 1583 3522 cursus
1610 3468 1698 3521 sit.
1733 3475 1758 3503 ιι
1785 3467 1840 3522 Si
1866 3468 2103 3522 velocior
2121 3476 2204 3522 est

595 3559 908 3632 prudentia,
941 3559 1146 3613 tardior
1173 3557 1406 3628 justitia,
1440 3561 1695 3612 adnioiii-t
1725 3559 1940 3627 ﬂagello
1983 3559 2204 3630 preprio

590 3653 941 3722 segniorem;
995 3651 1039 3705 si
1095 3651 1452 3717 temperantia
1508 3653 1880 3717 mansuetior,
1939 3651 2203 3708 fortitudo

595 3747 808 3812 durior,
858 3749 1006 3801 novit
1052 3745 1312 3815 copulare
1351 3743 1654 3810 discordes,
1701 3762 1767 3800 ne
1811 3745 1948 3800 forte
1981 3760 2201 3800 currum

554 3891 562 3896 .
594 3856 750 3897 suum
779 3840 1066 3910 dissipent.
1098 3839 1283 3910 Itaque
1320 3839 1445 3894 licet
1473 3837 1499 3877 ι)
1531 3838 1854 3907 intelligihili
1889 3839 2200 3906 Spectaculo

593 3933 782 3988 videre
807 3947 1244 4004 unamquamque
1264 3931 1499 3986 animam
1525 3949 1646 3986 cum
1671 3947 1884 3986 summo
1905 3934 2202 3989 certamine

594 4029 660 4085 ad
692 4030 890 4086 etelum
927 4029 1064 4097 rapi,
1095 4027 1416 4083 festinantes
1447 4043 1618 4096 equus
1644 4028 1734 4098 qui
1771 4029 1979 4095 priores
2012 4043 2204 4099 perve-

596 4124 750 4178 niant
772 4123 837 4176 ad
865 4123 1106 4176 hravium
1128 4122 1355 4189 Christi,
1384 4138 1492 4192 quo
1521 4124 1667 4190 prius
1695 4125 2003 4193 imponatur
2025 4126 2201 4194 palma

595 4214 919 4269 cervicibus.
953 4214 1041 4268 lsu
1070 4222 1196 4267 sunt
1229 4214 1352 4282 equi
1383 4215 1613 4281 subjecti
1641 4215 1761 4268 ιὶάιιὶ
1786 4215 1916 4284 jiigo
1938 4257 1952 4278 ,
1998 4215 2205 4272 astricti

596 4306 817 4359 vinculo
845 4304 1384 4372 cliaritalis,ju.~tititc
1425 4308 1613 4368 frenis,
1645 4306 1954 4360 retinaculis
1995 4309 2203 4362 Sobrie-

597 4404 746 4452 tatis.
783 4397 1015 4452 Pulchre
1041 4412 1172 4466 ergo
1195 4398 1268 4450 ait
1301 4413 1314 4450 :
1351 4395 1534 4451 POsuit
1567 4415 1645 4450 me
1671 4415 1856 4453 currus
1896 4401 2202 4469 Antinadab,

601 4491 707 4546 Iioe
734 4504 838 4557 εει,
872 4500 1022 4555 pater
1051 4490 1236 4560 populi
1269 4507 1281 4542 :
1318 4491 1436 4557 ipse
1465 4501 1647 4544 autem
1681 4494 1770 4562 qui
1807 4500 1957 4560 pater
1989 4498 2202 4564 populi,

604 4585 748 4639 idem
798 4594 949 4652 pater
979 4593 1001 4620 ε
1034 4581 1280 4646 Naason,
1339 4583 1389 4637 id
1429 4594 1546 4650 est,
1603 4596 1938 4656 serpentum.
1986 4587 2104 4643 Jam
2151 4601 2206 4646 tu

600 4675 784 4732 recole
814 4673 936 4743 quis
985 4675 1124 4730 sicut
1172 4689 1401 4745 serpens
1450 4677 1504 4731 in
1551 4692 1712 4734 cruce
1757 4681 2074 4748 pependerit
2111 4699 2207 4752 pro

2309 3380 2472 3435 νει-δίο
2502 3383 2615 3454 ejus
2645 3378 2818 3452 (’Tant.
2849 3395 2953 3445 vlt,
2985 3381 3092 3448 I0).
3124 3378 3274 3433 IItinc
3307 3392 3528 3432 sensum
3573 3379 3744 3431 tertio
3773 3393 3899 3444 repe-

2311 3474 2429 3530 tivit
2453 3474 2667 3530 diverse
2696 3476 2747 3528 in
2772 3473 3007 3529 Canticis
3039 3473 3395 3527 canticoi-uiu.
3424 3470 3478 3524 In
3511 3471 3786 3540 piiucipio
3809 3475 3896 3523 ait:

2315 3568 2502 3624 Frater
2534 3587 2672 3623 meus
2703 3570 2852 3635 nti/ii,
2880 3577 2926 3623 et
2954 3585 3046 3640 ego
3068 3567 3149 3632 ei,
3180 3569 3266 3636 qui
3303 3565 3466 3635 pascit
3500 3566 3552 3617 in
3587 3566 3740 3626 (iliis,
3770 3579 3899 3633 usque

2312 3663 2437 3717 dum
2468 3665 2658 3729 aspiret
2705 3662 2836 3727 dies,
2893 3671 2939 3715 et
2969 3670 3301 3715 amoveantur
3328 3658 3524 3713 umbra:
3554 3656 3734 3725 (Cum.
3767 3674 3820 3720 ιι,
3853 3655 3898 3709 lli

2313 3769 2357 3812 et
2393 3754 2505 3827 I7).
2551 3755 2758 3810 Deinde
2793 3758 2868 3809 ait
2915 3773 2926 3808 :
2966 3751 3081 3828 Ego
3117 3754 3271 3824 fratri
3309 3767 3440 3816 meo,
3479 3761 3526 3806 et
3575 3752 3744 3819 frater
3782 3765 3898 3803 metis

2309 3852 2456 3908 mihi.
2487 3852 2575 3920 qui
2617 3850 2781 3923 pascit
2811 3850 2940 3903 inter
2971 3849 3084 3902 lilia
3113 3845 3286 3919 (Cant.
3325 3861 3397 3909 vt,
3426 3843 3503 3916 1).
3537 3843 3596 3900 In
3640 3845 3749 3900 fine
3789 3845 3854 3898 ait
3884 3859 3894 3894 :

2309 3941 2427 4018 Ego
2452 3945 2600 4014 fratri
2634 3959 2766 4003 meo.
2791 3952 2835 3997 et
2857 3959 3010 4012 super
3033 3957 3110 3994 me
3133 3939 3394 3994 conversio
3421 3942 3554 4013 ejus.
3592 3938 3825 3992 Primum
3845 3935 3895 3988 ad

2309 4038 2707 4092 institutionem
2740 4037 2958 4100 animus,
2993 4034 3113 4088 ideo
3134 4045 3188 4088 et
3219 4031 3475 4104 pra-misit
3511 4049 3522 4084 :
3555 4029 3752 4086 Frater
3779 4046 3893 4083 metis

2311 4130 2469 4197 mihi;
2501 4131 2588 4183 illo
2617 4131 2761 4185 enim
2791 4129 3200 4183 denionstratite
3227 4141 3306 4190 se,
3336 4124 3497 4180 etiam
3525 4139 3555 4178 a
3583 4124 3708 4178 ima
3734 4122 3890 4176 adhae-

2311 4224 2463 4279 retidi
2490 4223 2842 4292 Deosunipsit
2862 4221 3109 4276 allectum
3135 4238 3147 4274 :
3172 4221 3312 4290 quod
3337 4217 3603 4288 sequitur,
3625 4216 3895 4274 secundum

2314 4317 2615 4390 profeeiuiii
2660 4336 2673 4372 :
2730 4318 2948 4372 tertium
2977 4356 2991 4379 ,
3041 4313 3339 4368 secundum
3390 4311 3805 4383 perfectionem.
3852 4309 3893 4362 In

2309 4410 2489 4481 primo
2546 4410 2700 4479 quasi
2759 4409 2814 4464 in
2870 4408 3208 4462 institutione
3258 4404 3437 4460 adhuc
3492 4406 3721 4460 umbras
3772 4403 3893 4458 \‘idrl

2312 4504 2520 4567 anima,
2555 4502 2782 4557 necdum
2804 4500 2963 4555 Verbi
2997 4497 3486 4571 appropinquantis
3517 4508 3541 4536 ε
3572 4496 3894 4552 revelatione

2310 4604 2581 4650 commota
2607 4636 2620 4660 ,
2653 4595 2746 4649 sed
2789 4593 2913 4650 ideo
2942 4594 3120 4649 adhuc
3149 4593 3198 4648 ei
3228 4591 3346 4646 dies
3382 4591 3662 4662 Evangelii
3699 4607 3801 4645 non
3827 4604 3896 4644 re-

2313 4687 2554 4759 fulgebat
2609 4705 2621 4742 :
2676 4688 2730 4742 iii
2778 4688 3021 4743 secundo
3063 4689 3181 4742 sine
3232 4686 3546 4742 umbrarum
3597 4687 3893 4740 confusione

601 4779 777 4826 saute
806 4782 1224 4832 universorum,
1255 4777 1313 4822 et
1350 4767 1606 4838 intelligis
1646 4772 1790 4825 illam
1823 4775 2057 4828 animam
2087 4792 2207 4833 esse
2236 4750 2286 4810 D
2313 4780 2510 4835 odores
2552 4782 2669 4850 pios
2701 4780 2868 4850 carpit
2910 4798 2922 4834 :
2958 4779 3009 4835 in
3053 4780 3214 4835 tertio
3245 4779 3358 4849 jam
3397 4777 3636 4850 perfeCta
3675 4782 3893 4850 requiem

607 4860 910 4934 paciﬁcum,
942 4858 1030 4914 cui
1055 4857 1214 4914 Pater
1246 4858 1388 4916 Deus
1419 4865 1615 4933 praesul
1649 4866 1740 4930 sit,
1767 4865 2014 4921 Chrisms
2040 4869 2208 4939 agita-

678 5069 704 5096 δ
745 5055 889 5112 Eilit.
926 5052 1080 5126 Rom.
1103 5047 1423 5126 :Vclariores
1454 5051 1726 5126 prudentia
1749 5053 1962 5120 tardat;
1985 5055 2198 5126 justiti'a

601 5133 841 5185 admouet
872 5123 1083 5196 ﬂagello
1120 5124 1330 5191 proprio
1357 5124 1610 5196 s'gniores
1630 5141 1648 5190 ;
1689 5123 2024 5192 temperantia
2050 5143 2198 5180 mm-

601 5194 880 5261 suehores,
898 5197 1144 5265 [O'Iitudo
1171 5195 1402 5247 duriores
1432 5194 1635 5260 reddit;
1666 5197 1800 5248 norit
1820 5238 1832 5254 ,
1875 5212 1906 5250 e
1932 5213 1981 5250 c.
2007 5198 2196 5253 t.l:iriis

604 5279 820 5345 quidem
851 5283 1064 5330 sensus,
1101 5270 1192 5319 sed
1224 5282 1382 5336 (l'leltl
1415 5267 1682 5345 edit.“aiit.
1713 5278 1768 5320 «ιι
1792 5284 1917 5345 mss.
1950 5272 2198 5323 omnibus

599 5336 931 5411 a'iiiepoti-re
981 5355 1084 5391 non
1126 5351 1310 5391 Sumus
1355 5339 1491 5390 ausi.
1535 5336 1679 5411 Cuui
1706 5339 1970 5406 |tl':l't'i|tlle
2003 5356 2196 5402 verna,

604 5410 812 5486 qua-ex
842 5413 951 5466 illis
973 5423 1451 5479 reprteseuuinius,
1476 5423 1580 5463 non
1605 5410 1952 5479 l't'jiClCIltiMlt
1973 5411 2204 5466 ιιιῘιιιύιιι

605 5500 952 5543 δειιιυιιιιιιιιι.

677 5578 702 5616 ι›
745 5575 1094 5646 Intelligibile,
1139 5573 1224 5630 hie
1265 5581 1318 5629 et
1358 5574 1556 5643 pziSsiin
1601 5573 1741 5628 idein
1773 5582 1854 5628 est
1890 5573 2203 5641 Ambrosio,

608 5661 670 5701 ac
692 5651 943 5719 spiritale
964 5648 1046 5701 Vel
1075 5649 1382 5717 uiyslicutn,
1411 5648 1551 5714 quod
1585 5648 1834 5719 nimirum
1860 5664 1923 5700 ea
1951 5665 2056 5703 uolt
2084 5664 2206 5704 cor-

609 5716 778 5788 poris,
809 5719 903 5772 sed
934 5716 1244 5772 intelletuus
1267 5720 1441 5771 oculis
1465 5717 1615 5771 cerui
1651 5716 1877 5785 possint.

686 5825 709 5852 ε
751 5815 882 5870 Mss.
913 5827 1018 5867 ιιοιι
1050 5812 1226 5881 pauci,
1263 5812 1530 5877 Naasson,
1562 5813 1617 5865 id
1641 5822 1739 5875 est,
1763 5813 2061 5881 serpentini.

675 5903 702 5945 ἀ
738 5907 814 5968 Ita
857 5920 990 5962 mss.
1039 5903 1396 5974 probatiores,
1438 5915 1600 5978 atque
1632 5903 1766 5962 edit.
1809 5909 2071 5980 antiquae.
2103 5907 2211 5968 Alii

2315 4873 2368 4928 in
2400 4890 2460 4930 se
2491 4874 2667 4930 Verbo
2698 4872 3004 4940 ministrat;
3039 4882 3098 4928 ut
3121 4884 3472 4929 convertatur
3492 4887 3660 4944 super
3689 4889 3824 4935 eam,
3850 4876 3893 4926 et

2306 5067 2488 5113 autem
2517 5074 2578 5113 ac
2607 5055 2790 5120 Baiii.,
2820 5055 3024 5110 misisti.
3053 5055 3223 5110 Porro
3253 5072 3373 5112 eum
3409 5056 3495 5113 hic
3534 5058 3688 5114 locus
3723 5058 3886 5113 iisdem

2307 5132 2486 5186 verbis
2532 5131 2583 5184 iii
2639 5129 2824 5183 Bibliis
2873 5143 3072 5183 nostris
3128 5129 3373 5197 iiu-piaiii
3415 5140 3617 5195 exstet,
3665 5147 3786 5185 euiu
3834 5145 3886 5181 ex

2309 5201 2535 5266 Ilahaiu,
2564 5219 2684 5266 cap.
2727 5216 2808 5263 Ill,
2836 5202 3057 5270 petitum
3097 5200 3168 5254 ob
3195 5202 3634 5256 convenientium
3678 5206 3886 5269 aliquam

2307 5276 2522 5329 existim
2545 5290 2702 5325 unus.
2734 5273 2752 5326 Ι
2784 5274 2810 5326 vi
2852 5275 2996 5324 enini
3035 5273 3329 5326 secundum
3362 5271 3505 5328 Ιλλῖ
3536 5274 3761 5343 legimus
3791 5291 3804 5326 :
3835 5271 3886 5324 Et

2308 5344 2664 5416 super-duriin
2717 5344 2768 5396 in
2823 5360 2962 5416 mare
3001 5359 3154 5408 equos
3197 5359 3343 5410 tuos;
3391 5349 3486 5400 si-il
3534 5343 3886 5416 voceTliarsts

2313 5414 2461 5480 linire
2489 5435 2514 5468 s
2537 5414 2777 5487 gtiilieztrt
2814 5414 3176 5486 Hieronymus
3203 5429 3393 5470 auctor
3429 5429 3542 5481 est;
3579 5415 3886 5485 proindeque

2312 5487 2427 5554 ipsa
2456 5498 2626 5555 potuit
2649 5489 2716 5538 ab
2736 5489 2919 5554 aliquo
2943 5493 3236 5556 interprete
3255 5493 3495 5554 retineri,
3519 5493 3608 5543 ubi
3633 5494 3886 5543 verterunt

2309 5562 2423 5621 alii,
2455 5563 2526 5621 εἰς
2553 5559 2840 5614 θάλασσαν.

2387 5641 2418 5703 υ,
2455 5633 2595 5685 Eitii.
2631 5647 2842 5684 omnes.
2875 5638 2929 5684 et
2960 5637 3070 5684 tres
3105 5644 3236 5703 mss.
3271 5630 3536 5698 sequioris
3561 5637 3702 5703 note
3724 5670 3737 5688 .
3764 5643 3884 5682 rere.

2311 5701 2502 5758 latione
2530 5713 2839 5762 Commotus.
2869 5711 2914 5756 et
2945 5703 3079 5755 ideo.
3110 5701 3216 5756 Alii
3246 5718 3408 5768 vero,
3437 5702 3744 5755 reuelatione
3765 5715 3884 5755 coin-

2309 5787 2450 5828 mota
2469 5816 2484 5840 ,
2514 5787 2648 5838 etc.,
2681 5781 2781 5827 hoe
2807 5785 2925 5835 est,
2957 5775 3195 5828 nendum
3223 5789 3443 5845 prorsus
3471 5789 3500 5828 a
3530 5787 3724 5828 somno
3753 5771 3880 5826 exci-

2310 5853 2441 5914 tata,
2475 5848 2653 5903 aiiiina
2683 5845 2952 5902 videlicet.
