4082 6370
202 315 312 372 5‘29

1211 313 1298 369 DE
1335 313 1539 371 ISAAC
1579 315 1672 371 ΕΤ
1711 315 1929 374 ΑΝΙΜΑ
1968 316 2174 375 LIBER
2213 318 2410 377 UNUS.

3404 329 3510 386 550

202 436 368 500 caput
395 442 552 484 suum
578 428 826 489 reclinet,
859 437 1019 499 atque
1047 426 1374 498 requiescat,
1399 435 1423 463 ⁸
1449 429 1808 499 meritumque
1834 435 1882 492 Α
1913 445 2176 502 sponsus,
2215 442 2272 490 et
2310 433 2439 490 dicit
2482 453 2495 491 :
2537 436 2647 493 Sub
2682 439 2865 496 arbore
2905 441 3030 495 mali
3056 441 3247 496 διευαυὶ
3287 453 3355 509 te,
3399 443 3510 499 illic

195 522 311 593 jam
346 532 537 577 tenens
566 539 686 591 qua:
719 533 875 577 antea
912 521 1198 593 quaesitum
1231 521 1476 577 invenire
1505 537 1614 578 non
1657 531 1807 593 pote-

201 629 310 686 rat,
346 620 537 674 invitat
561 618 627 672 ad
656 634 840 686 agrum
869 632 1024 672 suum
1057 618 1242 672 dicens
1278 634 1292 670 :

276 712 366 767 6³1.
423 713 572 776 Veni,
606 713 765 781 frater
792 729 930 766 meus
951 753 965 775 ,
993 727 1232 766 exeamus
1260 711 1311 764 in
1342 728 1554 782 agrum,
1581 711 1806 782 requies-

203 822 383 860 camus
423 807 474 858 in
512 805 738 860 cas-tells
764 804 937 874 (Cant.
983 821 1076 871 ιιι,
1118 802 1228 876 Η).
1267 804 1437 860 Su.ir:i
1478 806 1544 859 ad
1587 805 1803 860 hortum

202 900 488 967 invdabat,
525 901 610 953 hic
640 901 705 952 ad
733 915 920 969 agrum
947 899 1238 955 habentem
1276 915 1379 953 nou
1403 903 1576 955 Solum
1610 900 1643 954 ll
1671 917 1804 956 rrum

204 998 456 1064 gratiam,
505 998 600 1051 sed
631 1000 793 1051 etiam
839 995 1075 1050 triticum
1126 1007 1180 1049 et
1222 994 1510 1058 hordeum,
1557 997 1659 1050 hoc
1699 1004 1804 1062 est,

204 1089 416 1143 Sol-dioi
435 1105 520 1142 lltll
549 1089 886 1143 ﬁrmamenta
911 1087 1193 1156 virtutum,
1221 1100 1275 1143 ut
1302 1088 1506 1143 fructus
1527 1090 1644 1156 ejus
1663 1089 1806 1157 aspi-

203 1181 330 1236 ciat.
368 1182 785 1251 Requiescamus,
820 1181 1009 1252 inquit
1047 1182 1101 1236 in
1123 1183 1368 1247 castellis,
1397 1181 1462 1235 ad
1485 1196 1607 1252 qua}
1635 1184 1803 1238 Adam

201 1288 323 1329 Cum
356 1277 423 1329 de
462 1275 718 1345 paradiso
755 1275 962 1342 ejtcms
991 1288 1160 1340 esset,
1187 1274 1364 1329 fuerat
1400 1275 1708 1344 relegans:
1751 1278 1803 1330 in

201 1365 284 1435 ιρις
314 1368 711 1436 τσιιιιιιεει·ειιίιι,
743 1368 837 1421 sed
868 1379 1068 1422 terram
1100 1369 1445 1435 operabatur.
1477 1368 1588 1434 Qua
1621 1379 1802 1421 autem

199 1460 416 1516 ratione
451 1463 604 1516 exire.
634 1478 758 1515 eum
799 1463 850 1516 in
882 1477 1069 1530 agrum
1100 1461 1260 1524 velit,
1293 1461 1598 1532 intellet-tus
1629 1461 1803 1515 inani-

202 1553 374 1608 festus
420 1564 546 1615 est;
595 1565 650 1609 ut
697 1556 850 1625 quasi
903 1556 1078 1610 bonus
1129 1565 1314 1624 pastor
1359 1561 1545 1622 pascat
1583 1569 1802 1623 gregem

197 1660 377 1717 Suum,
408 1645 436 1685 1)
467 1650 638 1703 lassos
680 1648 891 1704 ablevet
913 1690 927 1711 ,
973 1657 1191 1702 revocet
1227 1658 1494 1701 errantes.
1525 1645 1657 1701 Nam
1701 1646 1804 1701 etsi

198 1740 303 1794 is‘ta
348 1742 524 1795 anima
559 1756 697 1797 nova
743 1750 797 1796 et
829 1753 1008 1796 vetera
1054 1746 1291 1796 servavit
1321 1744 1406 1805 ei;
1452 1750 1630 1796 tamen
1676 1750 1804 1795 sunt

1912 527 2186 593 parturivit
2215 535 2263 580 te
2286 538 2447 583 mater
2467 539 2579 597 tua,
2611 532 2720 586 illic
2744 535 3014 605 parturivit
3036 545 3084 589 te
3108 552 3222 606 qua!
3248 538 3443 606 peperit
3462 547 3513 592 te

1910 614 2086 684 (Cant.
2110 634 2223 684 vni,
2258 618 2334 690 5).
2360 621 2503 676 Bona
2529 626 2707 679 anima
2729 642 2849 697 qum
2870 629 3154 698 requie~cit
3180 630 3280 684 sub
3308 631 3508 686 arbore

1910 707 2204 775 fructuosa,
2233 723 2288 767 et
2321 716 2556 772 maxime
2582 717 2706 772 boui
2734 719 2938 774 odoris.
2972 720 3101 776 Nam
3131 724 3176 776 si
3208 721 3508 779 Natbanael

1910 802 2080 858 bonus
2105 803 2158 859 in
2188 822 2294 873 quo
2320 806 2478 861 ili-lus
2506 811 2682 864 nullus
2707 822 2854 875 erat,
2890 813 2991 867 sub
3017 815 3214 870 arbore
3245 815 3327 869 ﬁci
3363 816 3508 870 visus

1910 906 2012 963 cst,
2051 899 2233 968 utique
2265 899 2402 952 bona
2434 916 2556 968 qute
2596 905 2697 956 sub
2738 906 2932 960 arboie
2962 906 3087 960 mali
3127 915 3338 961 elevata
3364 919 3447 963 est
3476 923 3506 962 ιι

1908 1004 2108 1061 sponso
2133 1009 2252 1045 suo.
2286 993 2413 1047 Plus
2441 1006 2522 1049 est
2554 996 2696 1050 enim
2722 997 2948 1062 elevari,
2972 1015 3132 1070 quam
3162 1002 3352 1065 videri,
3383 1000 3503 1071 plus

1908 1088 2068 1140 etiam
2107 1104 2135 1140 τι
2172 1103 2373 1156 sponso
2399 1092 2618 1144 elevari.
2652 1090 2784 1144 Nam
2813 1095 2912 1146 etsi
2947 1093 3237 1150 Nathanael
3273 1096 3496 1150 videba-

1911 1188 1996 1234 tur
2025 1181 2125 1234 sub
2153 1184 2370 1246 arbore,
2405 1195 2588 1238 tamen
2619 1184 2795 1238 anima
2826 1187 2946 1252 ejus
2978 1203 3173 1257 Sponsa
3210 1204 3313 1244 nan
3354 1197 3506 1254 erat,

1908 1275 1996 1344 qui
2043 1278 2255 1329 oet-ulte
2308 1277 2557 1332 veniebat
2598 1277 2665 1330 ad
2691 1275 2993 1343 Christum,
3057 1281 3177 1350 quia
3223 1284 3509 1337 verebatur

1908 1366 2146 1422 Juttazus.
2182 1367 2297 1423 Non
2325 1380 2444 1425 erat
2470 1371 2714 1440 stu-eiusa
2743 1373 2886 1426 sicut
2914 1374 3061 1430 luna.
3094 1375 3263 1428 electa
3299 1386 3353 1428 ut
3382 1376 3465 1429 sol
3488 1415 3506 1442 ,

1909 1475 2028 1531 qua:
2080 1470 2198 1516 erat
2241 1466 2290 1516 in
2333 1463 2543 1528 umbra,
2584 1464 2707 1534 quia
2754 1479 2952 1534 sponsa
2998 1480 3092 1534 per
3131 1463 3274 1519 diem
3323 1465 3508 1532 nubit,

1909 1554 2125 1624 publice
2168 1555 2474 1610 confitetur.
2507 1555 2633 1612 Ideo
2680 1559 2777 1610 ista
2815 1557 2915 1612 sub
2959 1558 3156 1612 arbore
3199 1558 3361 1624 mali,
3415 1559 3508 1612 illa

1906 1649 2010 1702 sub
2039 1650 2176 1714 ﬁcu;
2207 1651 2329 1718 quia
2359 1651 2471 1704 haec
2507 1651 2862 1706 confessionis
2891 1667 3005 1707 suae
3040 1651 3264 1707 odorem
3310 1652 3510 1707 diﬂ'un-

1905 1740 2066 1795 dcbat
2111 1741 2361 1810 longius:
2392 1741 2481 1794 illa
2527 1741 2756 1797 habebat
2786 1743 3034 1813 puritatis
3075 1751 3130 1798 et
3171 1745 3501 1799 innocentia:

195 1835 374 1890 adhuc
419 1837 560 1890 velut
601 1836 756 1906 agni,
804 1837 894 1906 qui
934 1836 1090 1891 lactis
1128 1850 1291 1891 succo
1333 1827 1604 1889 nulriendi
1651 1842 1798 1890 sunt.
1835 1837 1880 1897 B
1909 1836 2254 1899 suavitatem,
2287 1833 2620 1906 ﬂagrantiam
2652 1837 2874 1906 spiritus
2900 1853 3008 1893 non
3033 1836 3286 1894 habebat.

194 1930 340 2000 Ergo
371 1933 526 2002 quasi
559 1933 819 2003 perfecta,
854 1947 960 1986 non
990 1949 1086 2002 pro
1112 1947 1193 1996 se,
1225 1931 1318 1987 sed
1353 1946 1452 2002 pro
1480 1931 1603 1986 aliis
1635 1932 1799 1984 inter-

191 2025 378 2090 venit,
426 2033 482 2078 ut
531 2023 598 2078 de
639 2027 758 2078 sinu
803 2024 977 2078 Patris
1025 2034 1202 2088 exeat,
1251 2035 1306 2077 ut
1359 2022 1612 2091 procedat
1650 2020 1803 2076 foras

192 2128 468 2190 tamquam
503 2133 736 2189 sponsus
763 2119 831 2174 de
871 2117 1108 2173 thalamo
1137 2118 1426 2186 egrediens
1453 2134 1586 2181 suo,
1617 2125 1804 2172 cut-rat

190 2215 331 2269 viain
367 2226 422 2269 ιιι
454 2215 702 2270 inﬁrmos
743 2216 1007 2280 lucretur,
1035 2229 1139 2268 non
1176 2213 1229 2268 in
1265 2212 1356 2268 illo
1387 2223 1600 2269 secreto
1627 2212 1801 2268 Patris

189 2308 352 2372 solio,
384 2316 442 2364 et
466 2308 518 2362 in
551 2308 640 2362 illa
671 2308 791 2362 luce
819 2307 1160 2371 immoratur,
1188 2322 1297 2377 quo
1331 2317 1352 2345 ο
1392 2305 1614 2361 invalidi
1646 2306 1798 2375 sequi

189 2418 296 2457 non
321 2412 558 2474 queant:
583 2401 676 2457 sed
698 2411 754 2456 ut
780 2413 1087 2456 assumatur
1108 2412 1161 2455 et
1187 2399 1475 2455 inducatur
1504 2401 1556 2454 in
1577 2399 1797 2453 domum

188 2509 407 2565 SpOllSﬂ‘!
429 2505 588 2566 atque
614 2507 903 2550 secretum.
928 2495 1010 2550 Sit
1038 2493 1169 2548 loris
1197 2495 1324 2557 sibi,
1349 2505 1404 2549 ιιι
1431 2493 1589 2549 nobis
1613 2495 1756 2548 intus
1782 2510 1794 2546 :

187 2587 262 2642 sit
290 2587 500 2642 medius
531 2597 800 2654 nostrum,
833 2589 934 2642 etsi
969 2605 1073 2642 non
1106 2587 1352 2643 videatur
1379 2603 1408 2641 a
1440 2589 1616 2642 nobis.

264 2681 354 2734 7t).
398 2679 554 2736 Unde
598 2683 675 2734 ait
723 2698 736 2733 :
790 2680 918 2746 Quis
973 2680 1118 2734 dabit
1166 2690 1244 2746 te,
1299 2683 1475 2751 frater,
1526 2681 1798 2735 luctantem

191 2773 348 2826 ubera
397 2775 581 2828 matris
625 2773 786 2827 mete?
831 2772 1105 2828 Invenietis
1149 2783 1197 2828 te
1232 2773 1385 2842 foris,
1435 2773 1708 2826 osculabar
1751 2782 1799 2828 te

197 2864 371 2937 (Cant.
405 2881 519 2929 \‘lll,
554 2865 629 2935 l).
656 2866 804 2919 Bona
833 2868 1010 2919 anima
1040 2881 1160 2936 quae
1189 2865 1317 2924 loris
1346 2874 1450 2930 est,
1477 2877 1535 2920 ut
1565 2866 1796 2922 Verbum

196 2957 343 3014 intus
389 2959 504 3012 sit:
537 2956 628 3013 illa
666 2967 817 3014 extra
859 2972 1078 3028 corpus,
1134 2966 1194 3011 ut
1232 2957 1465 3012 Verbum
1506 2956 1712 3013 habitet
1745 2959 1797 3012 in

197 3052 375 3108 nobis.

267 3149 432 3222 380
459 3149 548 3206 τι.
578 3149 851 3203 Assamam
874 3159 947 3212 te,
979 3149 1175 3220 inquit,
1206 3159 1253 3203 et
1279 3147 1520 3202 inducam
1543 3145 1796 3227 te(l_bid.,

1976 1926 2066 1982 74.
2113 1926 2256 1995 Illic,
2285 1933 2478 1999 inquit.
2509 1932 2778 1999 parturirit
2808 1940 2854 1984 te
2877 1941 3038 1986 mater
3063 1942 3171 1995 tua,
3196 1932 3307 1986 illic
3333 1940 3513 2002 partu-

1902 2021 2021 2074 rivit
2049 2031 2097 2075 te
2120 2037 2235 2091 qua:
2257 2023 2449 2094 peperit
2481 2033 2567 2088 te;
2595 2023 2665 2078 ibi
2695 2025 2836 2079 enim
2871 2025 3165 2089 nascimur,
3197 2028 3284 2080 ubi
3319 2041 3507 2081 renas-

1901 2113 2096 2169 cimur.
2134 2114 2513 2171 Parturiuutur
2537 2127 2716 2172 autem
2759 2118 3036 2188 inquibus
3077 2116 3275 2174 Christi
3323 2121 3502 2190 imago

1902 2209 2184 2263 formatur.
2235 2208 2387 2264 Unde
2431 2221 2484 2266 et
2529 2210 2619 2265 ille
2667 2210 2740 2264 ait
2786 2228 2799 2264 :
2851 2208 3031 2264 Filioli
3078 2211 3172 2264 inci
3224 2228 3351 2282 quos
3401 2227 3495 2282 ego

1902 2304 2156 2372 partario,
2193 2303 2352 2357 donec
2387 2307 2634 2372 formetur
2664 2301 2900 2358 Christus
2935 2305 2988 2358 in
3019 2305 3156 2358 vobis
3191 2302 3390 2375 (Galat.
3423 2320 3503 2371 Iv,

1903 2395 2014 2468 19).
2040 2395 2278 2450 Parturit.
2301 2398 2444 2451 enim
2474 2398 2560 2467 qui
2592 2398 2643 2452 in
2674 2407 2829 2454 utero
2859 2398 3054 2469 accipit
3081 2397 3332 2468 spiritum
3357 2398 3505 2454 salu-

1902 2489 1993 2552 tis,
2025 2499 2080 2544 et
2107 2490 2228 2543 aliis
2257 2488 2511 2544 infundit.

1972 2584 2064 2638 75.
2110 2582 2266 2640 Unde
2293 2584 2551 2654 quoniam
2572 2583 2682 2653 jam
2716 2583 2976 2640 formatus
3005 2585 3056 2640 in
3088 2584 3190 2640 hac
3209 2593 3326 2642 erat
3352 2585 3509 2641 Chri-

1900 2687 2038 2743 stus,
2063 2678 2139 2732 ait
2178 2695 2192 2731 :
2233 2677 2375 2732 Pone
2416 2694 2497 2731 me
2543 2690 2596 2731 ιιι
2642 2679 2969 2746 signaculum
3009 2671 3064 2732 in
3109 2695 3198 2733 cor
3241 2689 3404 2743 tuum,
3452 2689 3510 2734 ut

1901 2772 2129 2843 sigillum
2153 2772 2205 2825 in
2226 2771 2496 2826 brachium
2528 2784 2670 2825 tuum
2695 2769 2867 2844 (Cant.
2899 2787 3010 2838 vm,
3043 2771 3121 2842 υ).
3156 2771 3507 2842 SignaCiilum

1901 2863 2149 2920 Christus
2201 2866 2252 2918 in
2306 2865 2485 2919 fronte
2531 2875 2650 2928 est,
2707 2864 3043 2931 signaculum
3102 2865 3154 2919 in
3207 2864 3391 2920 corde.
3447 2865 3506 2920 In

1900 2954 2098 3019 fronte,
2130 2964 2189 3010 ut
2215 2971 2433 3028 semper
2461 2954 2823 3011 confiteantur
2853 2974 2866 3010 :
2899 2958 2951 3009 in
2983 2955 3169 3019 corde,
3203 2965 3260 3010 ιιι
3289 2972 3507 3026 semper

1902 3045 2237 3113 diligamus;
2281 3049 2615 3117 signaculum
2657 3049 2706 3101 in
2753 3047 2994 3112 brat-hi0,
3040 3058 3099 3102 ut
3135 3062 3346 3118 semper
3381 3063 3511 3118 ope-

1906 3157 2110 3198 remur.
2163 3152 2186 3180 ε
2232 3143 2433 3198 aneat
2486 3159 2618 3214 ergo
2667 3144 2844 3216 imago
2896 3147 3014 3212 ejus
3065 3145 3117 3200 in
3167 3146 3511 3201 confessione

195 3242 275 3304 2).
311 3244 478 3299 Rei-te
520 3245 816 3299 assumitur
845 3258 897 3300 et
939 3245 1214 3300 inducitur
1246 3243 1480 3300 Verbum
1512 3243 1641 3309 Dei;
1674 3244 1796 3314 quia
1827 3231 1872 3296 C
1906 3247 2115 3299 nostra,
2169 3234 2342 3290 luceat
2382 3235 2436 3289 in
2484 3237 2793 3303 dilectione,
2846 3238 3014 3292 lttccat
3061 3237 3115 3291 in
3158 3238 3418 3307 operibus
3455 3247 3512 3292 et

197 3336 376 3406 pulsat
425 3338 684 3398 animam,
735 3345 793 3391 ut
836 3337 1111 3407 aperiatur
1158 3335 1259 3390 sibi
1311 3338 1531 3391 ostium.
1585 3336 1649 3388 lit
1691 3335 1794 3389 nisi

195 3441 442 3498 apertum
483 3429 584 3484 sibi
627 3429 827 3483 ostium
875 3429 1170 3494 invenerit,
1209 3444 1318 3483 non
1361 3430 1544 3482 intrat.
1582 3428 1637 3483 Si
1675 3429 1797 3496 quis

197 3535 377 3578 autem
409 3527 682 3593 aperuerit
707 3524 948 3592 ianuam,
981 3525 1144 3578 intrat
1164 3533 1218 3579 et
1248 3535 1447 3579 ctenat.
1476 3524 1567 3579 Sic
1597 3539 1795 3592 sponsa

199 3615 436 3673 Verbum
468 3619 729 3683 assumit,
760 3629 813 3674 ιιι
847 3618 1174 3675 assmneudo
1193 3619 1482 3684 doceatur;
1511 3618 1658 3674 unde
1685 3634 1792 3674 non

198 3711 470 3766 immerito
510 3712 752 3768 ascendit
782 3712 957 3768 adhuc
991 3713 1058 3767 ad
1099 3714 1409 3784 superiores
1447 3713 1792 3778 mansiones,

197 3814 253 3860 et
281 3820 496 3870 semper
520 3801 548 3840 ά
580 3820 892 3873 processum
922 3805 1136 3877 accipit.
1391 3797 1394 3800 ’

271 3898 361 3953 72.
402 3898 555 3966 Quod
624 3899 932 3969 signiﬁcant
996 3902 1222 3956 virtutes
1279 3915 1399 3971 qua:
1465 3901 1653 3955 dicunt
1713 3902 1796 3956 vel

201 3994 396 4047 animae.
428 4010 441 4044 :
476 3991 604 4059 Qua:
632 4002 708 4047 est
754 3995 860 4047 lucc
889 4010 1004 4065 qua:
1048 3995 1276 4048 ascendit
1317 3994 1542 4047 candida
1574 3994 1800 4049 innitens

201 4100 357 4153 super
395 4087 605 4152 fratrem
653 4101 805 4139 suum
846 4085 1036 4157 (lbid.,
1077 4086 1170 4157 5)?
1206 4085 1466 4155 Superius
1501 4086 1752 4140 dixerant
1784 4102 1796 4138 :

207 4179 460 4247 Qawnam
511 4189 587 4234 est
638 4179 747 4236 liazc
799 4183 1117 4251 prospiciens
1168 4190 1426 4247 tamquam
1479 4180 1798 4244 diluculum,

203 4274 432 4345 speciosa
470 4273 600 4327 sicut
636 4275 784 4338 lana,
813 4271 972 4327 electa
999 4274 1127 4326 sicut
1155 4274 1234 4326 sol
1263 4270 1434 4343 (Cant.
1472 4288 1544 4333 γι,
1579 4271 1676 4340 9)?
1705 4271 1804 4328 Hic

203 4370 325 4438 pius
371 4367 508 4437 quod
542 4367 874 4438 adjiceretur
908 4370 1181 4424 inventum
1211 4375 1318 4433 est,
1349 4383 1416 4422 eo
1447 4367 1588 4437 quod
1629 4366 1802 4421 Verbo

206 4459 297 4515 Dei
325 4461 504 4516 innixa
534 4465 870 4519 ascenderet.
907 4463 1266 4518 Perlectiores
1287 4464 1428 4517 enim
1459 4478 1620 4533 supra
1647 4460 1804 4518 Chri-

208 4567 350 4610 ειιιιιι
399 4559 749 4623 reeiuabunt,
805 4558 944 4614 sicut
986 4570 1036 4614 et
1081 4557 1321 4614 Joannes
1358 4556 1412 4610 iu
1444 4555 1646 4611 Christi
1681 4571 1803 4624 pec-

1904 3328 2090 3394 lai-tis;
2113 3330 2224 3384 utsi
2257 3329 2369 3384 ﬁeri
2402 3341 2600 3399 potest,
2657 3339 2764 3385 tuta
2790 3331 2906 3400 i-jus
2932 3332 3144 3399 species
3168 3332 3508 3400 exprimatur

1900 3420 1954 3475 in
1997 3421 2171 3477 nobis.
2220 3420 2341 3487 Ipse
2383 3421 2452 3475 sit
2500 3432 2660 3493 caput
2713 3432 2981 3488 nostrum,
3031 3423 3155 3492 quia
3205 3431 3367 3490 caput
3407 3423 3504 3476 viri

1900 3511 2155 3568 Christus
2185 3530 2200 3568 :
2235 3514 2349 3583 ipse
2379 3516 2568 3569 oculus
2602 3524 2810 3579 uoster,
2845 3526 2897 3568 ut
2929 3530 3026 3586 per
3055 3514 3205 3570 illum
3231 3515 3510 3570 videamus

1901 3609 2120 3665 Patrem
2167 3627 2179 3663 :
2224 3609 2338 3678 ipse
2380 3625 2482 3664 viix
2527 3619 2738 3676 nostra,
2778 3626 2877 3680 per
2907 3626 3066 3679 quem
3113 3609 3396 3679 loquamur
3438 3609 3507 3665 ad

1901 3702 2116 3758 Patrem
2153 3721 2166 3756 :
2200 3702 2315 3772 ipse
2353 3702 2614 3769 dextera,
2655 3719 2752 3774 per
2781 3718 2942 3770 quem
2979 3704 3088 3758 Deo
3119 3700 3260 3758 Patri
3294 3703 3507 3758 Sacriﬁ-

1900 3795 2041 3851 cium
2072 3806 2314 3849 nostrum
2351 3796 2690 3850 deferamus;
2723 3795 2884 3868 381
2911 3797 3024 3864 ipse
3051 3810 3264 3866 quoque
3311 3807 3394 3850 est
3433 3796 3506 3851 si-

1899 3888 2190 3959 gnaculum
2217 3901 2482 3950 nosuum,
2501 3887 2643 3956 quod
2675 3899 2755 3940 est
2777 3903 2870 3956 per
2893 3886 3120 3941 ectionis
3147 3895 3203 3940 et
3226 3886 3504 3941 cliaritatis

1903 3981 2138 4050 insigne,
2187 3979 2309 4047 quia
2356 3977 2584 4039 diligi-ns
2633 3979 2791 4032 Pater
2841 3979 3070 4047 signavit
3114 3978 3332 4041 Filium,
3366 3979 3508 4032 sicut

1903 4073 2133 4142 legimus
2171 4088 2184 4126 :
2230 4071 2390 4137 Quem
2436 4069 2592 4125 Pater
2630 4071 2850 4142 signat-it
2877 4069 3013 4123 Deus
3055 4069 3240 4142 (Jonn.
3285 4085 3355 4134 vi,
3385 4068 3501 4136 Ἦ).

1903 4165 2155 4222 Charitas
2215 4167 2394 4235 itaque
2451 4177 2633 4219 nostra
2693 4162 2961 4219 Christus.
3022 4163 3167 4218 Bona
3224 4165 3502 4234 citat-itas,

1905 4260 2122 4330 quando
2153 4257 2348 4312 obtulit
2375 4257 2538 4311 morti
2565 4272 2624 4312 se
2656 4254 2674 4294 ί
2713 4273 2808 4325 pro
2839 4255 3050 4312 delictis
3082 4257 3282 4312 nostris
3315 4273 3328 4310 :
3360 4258 3502 4313 bona

1904 4352 2162 4417 charitas,
2194 4367 2312 4422 qua'
2342 4359 2556 4421 peccata
2589 4349 2817 4407 remisit.

1979 4463 2068 4519 76.
2113 4461 2178 4517 Et
2203 4461 2323 4516 ideo
2359 4461 2534 4515 anima
2575 4473 2757 4514 nOStra
2800 4457 2990 4514 induat
3037 4459 3360 4516 eharitatem
3392 4500 3406 4525 ,
3451 4469 3509 4516 et

1907 4557 2230 4613 cbaritatem
2261 4552 2568 4620 bujusmodi
2599 4568 2719 4622 qua:
2745 4552 2817 4605 sit
2862 4551 3038 4606 valida
3063 4561 3120 4629 ut
3165 4567 3343 4617 mors;
3377 4552 3503 4620 quia

212 4658 330 4706 tore
365 4652 732 4707 recumbebat.
765 4651 838 4706 lia
872 4667 1002 4724 ergo
1035 4663 1088 4708 et
1119 4653 1231 4707 ba-c
1263 4652 1347 4706 vel
1379 4652 1721 4707 incumbebat
1751 4651 1802 4705 in
1831 4637 1885 4698 D
1911 4653 2052 4706 sit'ut
2081 4664 2228 4704 mors
2254 4648 2374 4702 linis
2396 4659 2741 4716 peccatonun
2762 4653 2868 4709 est,
2899 4645 2969 4699 ita
2995 4656 3048 4700 et
3075 4644 3343 4707 t‘hat'itas;
3368 4658 3503 4712 quo-

208 4740 445 4805 Christo,
492 4745 577 4800 vel
621 4760 782 4813 supra
817 4745 1004 4816 _ipsnm
1045 4760 1106 4800 se
1151 4745 1470 4811 reclinabat,
1519 4753 1612 4798 aut
1657 4755 1804 4800 certe

212 4838 468 4905 quoniam
507 4839 574 4892 de
612 4839 814 4908 nuptiis
858 4838 1147 4909 loquimur,
1184 4838 1296 4908 jam
1336 4839 1487 4909 quisi
1531 4839 1721 4893 tradita
1753 4839 1804 4892 in

215 4928 414 4983 Christi
443 4930 688 4998 dextera,
722 4934 773 4986 in
806 4931 1099 4986 thalamum
1122 4933 1422 4987 ducebatur
1447 4947 1667 5000 Sponso.

284 5021 371 5075 75.
409 5012 480 5077 Et
506 5026 629 5094 quia
657 5026 767 5093 jam
796 5024 988 5094 c0pula
1012 5024 1295 5078 charitatis
1323 5034 1428 5092 est,
1459 5024 1734 5080 blanditur
1759 5023 1807 5078 ei

288 5165 311 5191 ³
353 5154 572 5210 Cant-ta!
599 5157 754 5221 edit,
786 5157 1067 5222 meritoque
1087 5157 1203 5226 jam
1229 5166 1418 5214 tenens,
1451 5169 1599 5221 quem
1630 5162 1799 5226 antea.

216 5226 342 5280 Mss.
376 5228 690 5297 Joyact-nsis
715 5241 775 5280 ac
798 5228 978 5292 Reub,
1003 5223 1364 5296 inventumque
1381 5229 1515 5299 jam,
1547 5235 1652 5280 etc.
1700 5223 1805 5279 Alii

217 5309 273 5352 ut
303 5300 354 5352 in
383 5305 656 5353 contextu.

290 5367 317 5406 δ
357 5370 491 5424 Cod.
518 5373 740 5439 aliqum,
770 5368 941 5438 lapsos
968 5370 1170 5433 alleret,
1205 5369 1284 5422 vel
1319 5369 1528 5422 ublevet.

293 5443 316 5471 °
357 5445 559 5496 Unities
595 5438 722 5494 edit.
755 5455 874 5493 cum
910 5441 1091 5505 paucis
1117 5456 1272 5502 iussu,
1309 5439 1424 5507 Quo
1453 5438 1666 5493 invalidi
1697 5439 1811 5506 equi

221 5512 559 5567 conscendere
585 5529 686 5564 non
707 5521 919 5579 queunt;
937 5511 1024 5563 sed
1043 5522 1140 5564 ut..
1175 5551 1188 5564 .
1214 5512 1420 5564 domum
1442 5526 1644 5570 sponsw
1664 5521 1814 5578 atque

218 5598 484 5639 secretum.
521 5583 604 5638 Sit
630 5587 756 5654 forts
784 5582 875 5642 ibi,
904 5591 960 5635 ut
983 5583 1124 5634 nobis
1147 5583 1289 5654 intus
1314 5584 1380 5636 sit
1409 5585 1624 5636 medius.
1652 5581 1815 5634 Nobis

223 5671 268 5710 oi
291 5668 344 5710 to
379 5671 508 5710 mss.
536 5653 707 5719 magis
733 5655 929 5720 placuit.
952 5653 1264 5719 auctoritas,
1297 5655 1347 5708 in
1375 5655 1660 5709 lectionem
1691 5669 1816 5705 nos-

223 5735 358 5782 tram
390 5727 842 5794 conspirautitun.

295 5797 322 5836 ¹¹
353 5798 461 5855 Sex
501 5792 634 5854 mss.
687 5798 841 5851 bonae
881 5803 1045 5858 noue,
1091 5809 1382 5862 processum
1428 5796 1646 5864 accipit,
1680 5792 1818 5865 quod

228 5873 481 5942 signiﬁcat
513 5872 744 5938 virtutes,
773 5881 887 5936 qua:
915 5865 1157 5919 dicuntur
1195 5865 1398 5919 animm.
1439 5868 1585 5933 Duo,
1618 5881 1822 5933 proces-

1912 4745 2058 4800 niam
2083 4743 2171 4813 qui
2196 4741 2369 4808 diligit
2395 4739 2700 4803 Dominum,
2739 4753 2961 4807 peccare
2991 4737 3190 4792 desinit
3224 4754 3237 4791 :
3269 4737 3506 4791 charitas

1909 4839 2056 4894 enim
2091 4852 2198 4890 non
2222 4835 2422 4903 cogitat
2450 4833 2672 4897 malum,
2698 4848 2875 4901 neque
2898 4832 3098 4902 gaudet
3123 4846 3285 4897 super
3318 4827 3506 4897 iniqni-

1913 4940 2044 4991 tate,
2071 4927 2166 4983 sed
2193 4928 2375 4982 omnia
2405 4925 2660 4980 sustinet.
2708 4923 2840 4978 Nam
2891 4924 2980 4993 qui
3006 4941 3064 4978 ea
3097 4940 3216 4990 qua-
3238 4936 3333 4975 sua
3381 4930 3509 4975 sunt

1915 5038 2023 5079 non
2056 5019 2272 5092 quaerit,
2303 5019 2575 5089 quomodo
2623 5018 2798 5072 aliena
2847 5017 3101 5087 quaeret?
3126 5015 3221 5069 Est
3258 5025 3310 5069 et
3360 5029 3509 5068 mors

1909 5168 2020 5206 sum
2040 5149 2225 5218 accipit
2247 5149 2465 5212 virtutis,
2494 5147 2631 5211 quod
2651 5145 3151 5218 signiﬁcantaniuue
3169 5159 3286 5218 quae
3303 5141 3507 5218 dicunt.

1911 5224 2039 5285 Alii,
2063 5215 2223 5289 atque
2247 5221 2376 5274 edit.
2404 5220 2682 5272 nobiscum
2707 5221 2926 5270 iaciunt.
2951 5215 3134 5270 Vidcri
3160 5215 3507 5289 nihilominus

1913 5303 2090 5365 potest
2141 5285 2237 5365 hic
2281 5293 2477 5357 aliquid
2524 5307 2644 5365 es~e
2690 5299 3110 5365 traiislmsutuiu:
3173 5285 3508 5365 prouidente

1915 5357 2199 5432 iegenilttui
2228 5363 2394 5419 hocce
2418 5362 2592 5414 modo.
2624 5377 2914 5432 processum
2937 5359 3142 5432 accipit.
3171 5357 3324 5432 Quod
3349 5358 3510 5429 signi-

1915 5429 2070 5510 ﬁcant
2099 5435 2326 5510 Virtutes
2344 5435 2624 5487 velaninuc
2639 5429 3098 5510 qttw.dlt'ttnt-..Nisi
3125 5429 3277 5510 malis
3297 5444 3509 5510 vocem,

1914 5497 2104 5563 anima:
2133 5523 2254 5560 esse
2286 5508 2336 5559 in
2373 5521 2498 5560 casu
2527 5497 2810 5554 attrduitio
2836 5504 2916 5554 iis.
2944 5501 3019 5554 Ibi
3049 5509 3226 5554 autem
3258 5515 3353 5570 per
3384 5497 3510 5555 Vir-

1916 5591 2044 5635 tates
2070 5577 2247 5648 angeli
2277 5587 2459 5630 e~svnt
2488 5572 2841 5648 intelligendi.

1994 5661 2017 5688 ο
2057 5641 2258 5703 ouium
2309 5648 2464 5708 edit.,
2507 5643 2697 5697 aneat
2743 5644 2795 5697 in
2841 5641 3090 5703 lectione;
3123 5656 3313 5698 omnes
3351 5658 3508 5710 mss.,

1914 5725 1970 5778 in
2001 5723 2291 5776 dilectione.

1927 5841 1935 5856 ‘
1998 5793 2136 5850 {Sic
2163 5794 2294 5848 edit,
2349 5789 2470 5847 Am.
2501 5793 2556 5840 et
2583 5797 2712 5841 mss.
2768 5783 2880 5856 fere
2909 5783 2974 5840 ad
3017 5799 3205 5841 unum.
3243 5785 3379 5844 Alia:
3423 5803 3523 5844 an—

1923 5851 2030 5923 tem
2058 5865 2188 5920 edit.
2217 5871 2272 5918 et
2302 5875 2435 5916 mss.
2464 5872 2604 5913 unus
2633 5863 2813 5912 autem
2839 5851 2995 5927 alter,
3028 5873 3122 5922 pro
3154 5857 3376 5915 dilectis.
