  <div class='ocr_page' id='page_1' title='image "/cluster/home/n/w/nwhite01/storage/ocr_20150623/14/hvd.32044015471303/271.png"; bbox 0 0 4082 6370; ppageno 0'>
   <div class='ocr_carea' id='block_1_1' title="bbox 3859 316 3958 355">
    <p class='ocr_par' dir='ltr' id='par_1_1' title="bbox 3859 316 3958 355">
     <span class='ocr_line' id='line_1_1' title="bbox 3859 316 3958 355; baseline 0 0"><span class='ocrx_word' id='word_1_1' title='bbox 3859 316 3958 355; x_wconf 55' lang='grc' dir='ltr'><strong>ετξ</strong></span> 
     </span>
    </p>
   </div>
   <div class='ocr_carea' id='block_1_2' title="bbox 3855 349 3960 372">
    <p class='ocr_par' dir='ltr' id='par_1_2' title="bbox 3855 349 3960 372">
     <span class='ocr_line' id='line_1_2' title="bbox 3855 349 3960 372; baseline -0.019 0"><span class='ocrx_word' id='word_1_2' title='bbox 3855 349 3960 372; x_wconf 64' lang='grc' dir='ltr'><strong>ν.δό</strong></span> 
     </span>
    </p>
   </div>
   <div class='ocr_carea' id='block_1_3' title="bbox 577 315 2532 384">
    <p class='ocr_par' dir='ltr' id='par_1_3' title="bbox 577 315 2532 384">
     <span class='ocr_line' id='line_1_3' title="bbox 577 315 2532 384; baseline -0.005 -1"><span class='ocrx_word' id='word_1_3' title='bbox 577 328 677 384; x_wconf 71' lang='lat'><strong>55!</strong></span> <span class='ocrx_word' id='word_1_4' title='bbox 1925 315 2171 374; x_wconf 73' lang='lat' dir='ltr'><strong>SANCTI</strong></span> <span class='ocrx_word' id='word_1_5' title='bbox 2214 317 2532 375; x_wconf 76' lang='lat' dir='ltr'><strong>AMBROSII</strong></span> 
     </span>
    </p>
   </div>
   <div class='ocr_carea' id='block_1_4' title="bbox 577 427 3957 509">
    <p class='ocr_par' dir='ltr' id='par_1_4' title="bbox 577 427 3957 509">
     <span class='ocr_line' id='line_1_4' title="bbox 577 427 3957 509; baseline -0.005 -11"><span class='ocrx_word' id='word_1_6' title='bbox 577 442 670 498; x_wconf 85' lang='lat' dir='ltr'><strong>illa</strong></span> <span class='ocrx_word' id='word_1_7' title='bbox 699 438 874 494; x_wconf 82' lang='lat' dir='ltr'><strong>valida</strong></span> <span class='ocrx_word' id='word_1_8' title='bbox 901 451 998 509; x_wconf 82' lang='lat' dir='ltr'><strong>per</strong></span> <span class='ocrx_word' id='word_1_9' title='bbox 1021 437 1312 499; x_wconf 74' lang='lat' dir='ltr'><strong>lavacrum,</strong></span> <span class='ocrx_word' id='word_1_10' title='bbox 1338 449 1430 498; x_wconf 86' lang='lat' dir='ltr'><strong>per</strong></span> <span class='ocrx_word' id='word_1_11' title='bbox 1482 448 1641 503; x_wconf 88' lang='lat' dir='ltr'><strong>quam</strong></span> <span class='ocrx_word' id='word_1_12' title='bbox 1698 441 1978 501; x_wconf 74' lang='lat' dir='ltr'><strong>peccatum</strong></span> <span class='ocrx_word' id='word_1_13' title='bbox 2011 446 2172 487; x_wconf 88' lang='lat' dir='ltr'><strong>omne</strong></span> <span class='ocrx_word' id='word_1_14' title='bbox 2202 435 2254 496; x_wconf 82' lang='grc' dir='ltr'>Α</span> <span class='ocrx_word' id='word_1_15' title='bbox 2281 432 2403 502; x_wconf 85' lang='lat' dir='ltr'><strong>quia</strong></span> <span class='ocrx_word' id='word_1_16' title='bbox 2429 432 2542 486; x_wconf 89' lang='lat' dir='ltr'><strong>alas</strong></span> <span class='ocrx_word' id='word_1_17' title='bbox 2570 430 2800 486; x_wconf 86' lang='lat' dir='ltr'><strong>habebat</strong></span> <span class='ocrx_word' id='word_1_18' title='bbox 2831 430 3067 502; x_wconf 73' lang='lat' dir='ltr'><strong>perfecta</strong></span> <span class='ocrx_word' id='word_1_19' title='bbox 3087 430 3376 496; x_wconf 71' lang='lat' dir='ltr'><strong>Charitas,</strong></span> <span class='ocrx_word' id='word_1_20' title='bbox 3406 428 3619 483; x_wconf 89' lang='lat' dir='ltr'><strong>audisti</strong></span> <span class='ocrx_word' id='word_1_21' title='bbox 3654 427 3957 484; x_wconf 84' lang='lat' dir='ltr'><strong>Dominum</strong></span> 
     </span>
    </p>
   </div>
   <div class='ocr_carea' id='block_1_5' title="bbox 581 525 3960 601">
    <p class='ocr_par' dir='ltr' id='par_1_5' title="bbox 581 525 3960 601">
     <span class='ocr_line' id='line_1_5' title="bbox 581 525 3960 601; baseline -0.003 -15"><span class='ocrx_word' id='word_1_22' title='bbox 581 533 864 601; x_wconf 86' lang='lat' dir='ltr'><strong>sepelitur,</strong></span> <span class='ocrx_word' id='word_1_23' title='bbox 888 540 941 584; x_wconf 90' lang='lat' dir='ltr'><strong>et</strong></span> <span class='ocrx_word' id='word_1_24' title='bbox 961 529 1113 597; x_wconf 71' lang='lat' dir='ltr'><strong>culpa</strong></span> <span class='ocrx_word' id='word_1_25' title='bbox 1137 525 1594 581; x_wconf 85' lang='lat' dir='ltr'><strong>dimittitur.Talis</strong></span> <span class='ocrx_word' id='word_1_26' title='bbox 1614 535 1728 580; x_wconf 87' lang='lat' dir='ltr'><strong>erat</strong></span> <span class='ocrx_word' id='word_1_27' title='bbox 1755 526 1993 579; x_wconf 77' lang='lat' dir='ltr'><strong>Charitas</strong></span> <span class='ocrx_word' id='word_1_28' title='bbox 2015 540 2176 594; x_wconf 87' lang='lat' dir='ltr'><strong>quam</strong></span> <span class='ocrx_word' id='word_1_29' title='bbox 2285 529 2554 584; x_wconf 74' lang='lat' dir='ltr'><strong>dicentem</strong></span> <span class='ocrx_word' id='word_1_30' title='bbox 2584 546 2594 580; x_wconf 92' lang='lat'>:</span> <span class='ocrx_word' id='word_1_31' title='bbox 2626 528 2832 593; x_wconf 77' lang='lat' dir='ltr'><strong>Quoties</strong></span> <span class='ocrx_word' id='word_1_32' title='bbox 2863 527 2998 581; x_wconf 73' lang='lat' dir='ltr'><strong>volui</strong></span> <span class='ocrx_word' id='word_1_33' title='bbox 3059 542 3406 593; x_wconf 80' lang='lat' dir='ltr'><strong>conqregare</strong></span> <span class='ocrx_word' id='word_1_34' title='bbox 3463 526 3611 593; x_wconf 77' lang='lat' dir='ltr'><strong>ﬁlios</strong></span> <span class='ocrx_word' id='word_1_35' title='bbox 3656 536 3777 577; x_wconf 85' lang='lat' dir='ltr'><strong>tuos</strong></span> <span class='ocrx_word' id='word_1_36' title='bbox 3827 525 3960 579; x_wconf 69' lang='lat' dir='ltr'><strong>sicut</strong></span> 
     </span>
    </p>
   </div>
   <div class='ocr_carea' id='block_1_6' title="bbox 583 615 3954 696">
    <p class='ocr_par' dir='ltr' id='par_1_6' title="bbox 583 615 3954 696">
     <span class='ocr_line' id='line_1_6' title="bbox 583 615 3954 696; baseline -0.003 -16"><span class='ocrx_word' id='word_1_37' title='bbox 583 625 861 680; x_wconf 68' lang='lat' dir='ltr'><strong>defert-bat</strong></span> <span class='ocrx_word' id='word_1_38' title='bbox 894 619 1214 688; x_wconf 78' lang='lat' dir='ltr'><strong>Evangelira</strong></span> <span class='ocrx_word' id='word_1_39' title='bbox 1255 619 1342 673; x_wconf 73' lang='lat' dir='ltr'><strong>illa</strong></span> <span class='ocrx_word' id='word_1_40' title='bbox 1380 619 1574 672; x_wconf 88' lang='lat' dir='ltr'><strong>mulier</strong></span> <span class='ocrx_word' id='word_1_41' title='bbox 1605 660 1620 684; x_wconf 95' lang='lat'><strong>,</strong></span> <span class='ocrx_word' id='word_1_42' title='bbox 1647 619 1712 674; x_wconf 90' lang='lat' dir='ltr'><strong>dc</strong></span> <span class='ocrx_word' id='word_1_43' title='bbox 1762 634 1864 689; x_wconf 87' lang='lat' dir='ltr'><strong>qua</strong></span> <span class='ocrx_word' id='word_1_44' title='bbox 1914 618 2179 672; x_wconf 69' lang='grc' dir='ltr'><strong>Βιιιιεὶηυε</strong></span> <span class='ocrx_word' id='word_1_45' title='bbox 2284 625 2480 696; x_wconf 84' lang='lat' dir='ltr'><strong>gallina</strong></span> <span class='ocrx_word' id='word_1_46' title='bbox 2508 615 2983 695; x_wconf 42' lang='lat' dir='ltr'><strong>cangregat&#39;pullos</strong></span> <span class='ocrx_word' id='word_1_47' title='bbox 3015 639 3137 675; x_wconf 84' lang='lat' dir='ltr'><strong>suos</strong></span> <span class='ocrx_word' id='word_1_48' title='bbox 3181 621 3286 676; x_wconf 81' lang='lat' dir='ltr'><strong>sub</strong></span> <span class='ocrx_word' id='word_1_49' title='bbox 3343 621 3473 675; x_wconf 84' lang='lat' dir='ltr'><strong>alas</strong></span> <span class='ocrx_word' id='word_1_50' title='bbox 3535 636 3667 674; x_wconf 79' lang='lat' dir='ltr'><strong>suas</strong></span> <span class='ocrx_word' id='word_1_51' title='bbox 3701 619 3722 692; x_wconf 94' lang='lat'><strong>(</strong></span> <span class='ocrx_word' id='word_1_52' title='bbox 3759 617 3954 672; x_wconf 69' lang='lat' dir='ltr'><strong>Matth.</strong></span> 
     </span>
    </p>
   </div>
   <div class='ocr_carea' id='block_1_7' title="bbox 580 713 2604 788">
    <p class='ocr_par' dir='ltr' id='par_1_7' title="bbox 580 713 2604 788">
     <span class='ocr_line' id='line_1_7' title="bbox 580 713 2604 788; baseline -0.004 -15"><span class='ocrx_word' id='word_1_53' title='bbox 580 720 655 773; x_wconf 85' lang='lat' dir='ltr'><strong>ait</strong></span> <span class='ocrx_word' id='word_1_54' title='bbox 685 735 698 770; x_wconf 86' lang='lat'><strong>:</strong></span> <span class='ocrx_word' id='word_1_55' title='bbox 732 716 961 770; x_wconf 77' lang='lat' dir='ltr'><strong>Remissa</strong></span> <span class='ocrx_word' id='word_1_56' title='bbox 989 723 1104 769; x_wconf 75' lang='lat' dir='ltr'><strong>sunt</strong></span> <span class='ocrx_word' id='word_1_57' title='bbox 1132 725 1339 781; x_wconf 77' lang='lat' dir='ltr'><strong>peccata</strong></span> <span class='ocrx_word' id='word_1_58' title='bbox 1362 717 1471 787; x_wconf 79' lang='lat' dir='ltr'><strong>ejus</strong></span> <span class='ocrx_word' id='word_1_59' title='bbox 1495 713 1660 767; x_wconf 81' lang='lat' dir='ltr'><strong>multa</strong></span> <span class='ocrx_word' id='word_1_60' title='bbox 1686 755 1700 780; x_wconf 91' lang='lat'><strong>,</strong></span> <span class='ocrx_word' id='word_1_61' title='bbox 1726 715 1968 783; x_wconf 87' lang='lat' dir='ltr'><strong>quoniam</strong></span> <span class='ocrx_word' id='word_1_62' title='bbox 1999 713 2180 766; x_wconf 72' lang='lat' dir='ltr'><strong>dilexit</strong></span> <span class='ocrx_word' id='word_1_63' title='bbox 2289 734 2442 777; x_wconf 67' lang='lat' dir='ltr'><strong>nm,</strong></span> <span class='ocrx_word' id='word_1_64' title='bbox 2469 717 2538 771; x_wconf 77' lang='lat'><strong>27</strong></span> <span class='ocrx_word' id='word_1_65' title='bbox 2558 719 2604 788; x_wconf 77' lang='lat'><strong>)!</strong></span> 
     </span>
    </p>
   </div>
   <div class='ocr_carea' id='block_1_8' title="bbox 581 806 3954 879">
    <p class='ocr_par' dir='ltr' id='par_1_8' title="bbox 581 806 3954 879">
     <span class='ocr_line' id='line_1_8' title="bbox 581 806 3954 879; baseline -0.002 -12"><span class='ocrx_word' id='word_1_66' title='bbox 581 812 798 866; x_wconf 81' lang='lat' dir='ltr'><strong>multum</strong></span> <span class='ocrx_word' id='word_1_67' title='bbox 830 809 974 873; x_wconf 82' lang='lat' dir='ltr'><strong>(Luc</strong></span> <span class='ocrx_word' id='word_1_68' title='bbox 1003 823 1109 872; x_wconf 83' lang='lat' dir='ltr'><strong>vn,</strong></span> <span class='ocrx_word' id='word_1_69' title='bbox 1136 809 1258 878; x_wconf 80' lang='grc'><strong>47).</strong></span> <span class='ocrx_word' id='word_1_70' title='bbox 1314 808 1407 861; x_wconf 59' lang='lat' dir='ltr'><strong>Est</strong></span> <span class='ocrx_word' id='word_1_71' title='bbox 1429 819 1481 862; x_wconf 89' lang='lat' dir='ltr'><strong>et</strong></span> <span class='ocrx_word' id='word_1_72' title='bbox 1521 809 1608 860; x_wconf 89' lang='lat' dir='ltr'><strong>illa</strong></span> <span class='ocrx_word' id='word_1_73' title='bbox 1661 822 1808 860; x_wconf 88' lang='lat' dir='ltr'><strong>mors</strong></span> <span class='ocrx_word' id='word_1_74' title='bbox 1868 817 2179 860; x_wconf 88' lang='lat' dir='ltr'><strong>sanctorum</strong></span> <span class='ocrx_word' id='word_1_75' title='bbox 2357 810 2447 862; x_wconf 78' lang='lat'><strong>78.</strong></span> <span class='ocrx_word' id='word_1_76' title='bbox 2480 808 2772 863; x_wconf 85' lang='lat' dir='ltr'><strong>Snmamus</strong></span> <span class='ocrx_word' id='word_1_77' title='bbox 2804 809 2966 879; x_wconf 86' lang='lat' dir='ltr'><strong>igitur</strong></span> <span class='ocrx_word' id='word_1_78' title='bbox 2997 810 3094 863; x_wconf 89' lang='lat' dir='ltr'><strong>has</strong></span> <span class='ocrx_word' id='word_1_79' title='bbox 3124 811 3247 864; x_wconf 87' lang='lat' dir='ltr'><strong>alas</strong></span> <span class='ocrx_word' id='word_1_80' title='bbox 3278 852 3292 874; x_wconf 93' lang='lat'><strong>,</strong></span> <span class='ocrx_word' id='word_1_81' title='bbox 3332 823 3471 879; x_wconf 64' lang='lat' dir='ltr'><strong>qua!</strong></span> <span class='ocrx_word' id='word_1_82' title='bbox 3509 807 3664 862; x_wconf 71' lang='lat' dir='ltr'><strong>sicut</strong></span> <span class='ocrx_word' id='word_1_83' title='bbox 3719 806 3954 863; x_wconf 59' lang='lat' dir='ltr'><strong>{lamnae</strong></span> 
     </span>
    </p>
   </div>
   <div class='ocr_carea' id='block_1_9' title="bbox 582 902 3948 977">
    <p class='ocr_par' dir='ltr' id='par_1_9' title="bbox 582 902 3948 977">
     <span class='ocr_line' id='line_1_9' title="bbox 582 902 3948 977; baseline -0.002 -18"><span class='ocrx_word' id='word_1_84' title='bbox 582 916 878 977; x_wconf 83' lang='lat' dir='ltr'><strong>martyrum</strong></span> <span class='ocrx_word' id='word_1_85' title='bbox 911 904 1110 968; x_wconf 87' lang='lat' dir='ltr'><strong>valida,</strong></span> <span class='ocrx_word' id='word_1_86' title='bbox 1146 919 1264 973; x_wconf 79' lang='lat' dir='ltr'><strong>qua:</strong></span> <span class='ocrx_word' id='word_1_87' title='bbox 1301 904 1514 973; x_wconf 88' lang='lat' dir='ltr'><strong>culpam</strong></span> <span class='ocrx_word' id='word_1_88' title='bbox 1577 902 1757 955; x_wconf 85' lang='lat' dir='ltr'><strong>abolet</strong></span> <span class='ocrx_word' id='word_1_89' title='bbox 1805 903 2176 968; x_wconf 78' lang='lat' dir='ltr'><strong>superiorem;</strong></span> <span class='ocrx_word' id='word_1_90' title='bbox 2287 903 2352 957; x_wconf 90' lang='lat' dir='ltr'><strong>ad</strong></span> <span class='ocrx_word' id='word_1_91' title='bbox 2381 903 2658 970; x_wconf 67' lang='lat' dir='ltr'><strong>superiora</strong></span> <span class='ocrx_word' id='word_1_92' title='bbox 2701 905 2956 973; x_wconf 84' lang='lat' dir='ltr'><strong>dirigant.</strong></span> <span class='ocrx_word' id='word_1_93' title='bbox 3011 904 3187 958; x_wconf 66' lang='lat' dir='ltr'><strong>Exuat</strong></span> <span class='ocrx_word' id='word_1_94' title='bbox 3244 903 3665 972; x_wconf 76' lang='lat' dir='ltr'><strong>unusquisque</strong></span> <span class='ocrx_word' id='word_1_95' title='bbox 3715 902 3948 956; x_wconf 79' lang='lat' dir='ltr'><strong>animam</strong></span> 
     </span>
    </p>
   </div>
   <div class='ocr_carea' id='block_1_10' title="bbox 580 993 2203 1064">
    <p class='ocr_par' dir='ltr' id='par_1_10' title="bbox 580 993 2182 1063">
     <span class='ocr_line' id='line_1_10' title="bbox 580 993 2182 1063; baseline -0.005 -9"><span class='ocrx_word' id='word_1_96' title='bbox 580 1005 634 1054; x_wconf 84' lang='lat' dir='ltr'><strong>et</strong></span> <span class='ocrx_word' id='word_1_97' title='bbox 653 995 774 1050; x_wconf 81' lang='lat' dir='ltr'><strong>ideo</strong></span> <span class='ocrx_word' id='word_1_98' title='bbox 797 997 969 1050; x_wconf 86' lang='lat' dir='ltr'><strong>valida</strong></span> <span class='ocrx_word' id='word_1_99' title='bbox 1001 1039 1014 1058; x_wconf 88' lang='lat'><strong>,</strong></span> <span class='ocrx_word' id='word_1_100' title='bbox 1049 998 1204 1062; x_wconf 88' lang='lat' dir='ltr'><strong>cujus</strong></span> <span class='ocrx_word' id='word_1_101' title='bbox 1255 1011 1361 1049; x_wconf 89' lang='lat' dir='ltr'><strong>non</strong></span> <span class='ocrx_word' id='word_1_102' title='bbox 1412 998 1585 1063; x_wconf 80' lang='lat' dir='ltr'><strong>impar</strong></span> <span class='ocrx_word' id='word_1_103' title='bbox 1630 1004 1714 1047; x_wconf 89' lang='lat' dir='ltr'><strong>est</strong></span> <span class='ocrx_word' id='word_1_104' title='bbox 1759 993 1995 1046; x_wconf 84' lang='lat' dir='ltr'><strong>cliaritas</strong></span> <span class='ocrx_word' id='word_1_105' title='bbox 2022 1008 2182 1061; x_wconf 76' lang='lat' dir='ltr'><strong>,qua:</strong></span> 
     </span>
    </p>
   </div>
   <div class='ocr_carea' id='block_1_11' title="bbox 2311 993 3951 1064">
    <p class='ocr_par' dir='ltr' id='par_1_11' title="bbox 2311 995 3951 1064">
     <span class='ocr_line' id='line_1_11' title="bbox 2311 995 3951 1064; baseline 0.001 -17"><span class='ocrx_word' id='word_1_106' title='bbox 2311 995 2751 1049; x_wconf 64' lang='lat' dir='ltr'><strong>uamiovtilut-ris</strong></span> <span class='ocrx_word' id='word_1_107' title='bbox 2788 995 3224 1058; x_wconf 75' lang='lat' dir='ltr'><strong>sordidioribus,</strong></span> <span class='ocrx_word' id='word_1_108' title='bbox 3253 1006 3310 1049; x_wconf 89' lang='lat' dir='ltr'><strong>et</strong></span> <span class='ocrx_word' id='word_1_109' title='bbox 3363 995 3540 1064; x_wconf 62' lang='lat' dir='ltr'><strong>quasi</strong></span> <span class='ocrx_word' id='word_1_110' title='bbox 3588 1008 3793 1048; x_wconf 83' lang='lat' dir='ltr'><strong>aurum</strong></span> <span class='ocrx_word' id='word_1_111' title='bbox 3841 995 3951 1062; x_wconf 63' lang='lat' dir='ltr'><strong>igne</strong></span> 
     </span>
    </p>
   </div>
   <div class='ocr_carea' id='block_1_12' title="bbox 581 1085 3942 1160">
    <p class='ocr_par' dir='ltr' id='par_1_12' title="bbox 581 1085 3942 1160">
     <span class='ocr_line' id='line_1_12' title="bbox 581 1085 3942 1160; baseline -0.001 -16"><span class='ocrx_word' id='word_1_112' title='bbox 581 1091 895 1160; x_wconf 63' lang='lat' dir='ltr'><strong>adaquatur</strong></span> <span class='ocrx_word' id='word_1_113' title='bbox 924 1098 1224 1160; x_wconf 77' lang='lat' dir='ltr'><strong>martyrum</strong></span> <span class='ocrx_word' id='word_1_114' title='bbox 1276 1088 1547 1156; x_wconf 78' lang='lat' dir='ltr'><strong>passiam;</strong></span> <span class='ocrx_word' id='word_1_115' title='bbox 1576 1096 1634 1140; x_wconf 90' lang='lat' dir='ltr'><strong>ut</strong></span> <span class='ocrx_word' id='word_1_116' title='bbox 1676 1085 1888 1140; x_wconf 78' lang='lat' dir='ltr'><strong>auferat</strong></span> <span class='ocrx_word' id='word_1_117' title='bbox 1932 1085 2181 1140; x_wconf 89' lang='lat' dir='ltr'><strong>meritum</strong></span> <span class='ocrx_word' id='word_1_118' title='bbox 2287 1087 2550 1157; x_wconf 89' lang='lat' dir='ltr'><strong>approbet</strong></span> <span class='ocrx_word' id='word_1_119' title='bbox 2577 1086 2845 1140; x_wconf 77' lang='lat' dir='ltr'><strong>detersam</strong></span> <span class='ocrx_word' id='word_1_120' title='bbox 2878 1088 3011 1143; x_wconf 94' lang='lat' dir='ltr'><strong>luto.</strong></span> <span class='ocrx_word' id='word_1_121' title='bbox 3056 1089 3146 1141; x_wconf 67' lang='lat' dir='ltr'><strong>Sic</strong></span> <span class='ocrx_word' id='word_1_122' title='bbox 3177 1088 3338 1142; x_wconf 82' lang='lat' dir='ltr'><strong>enim</strong></span> <span class='ocrx_word' id='word_1_123' title='bbox 3401 1096 3695 1157; x_wconf 78' lang='lat' dir='ltr'><strong>purgatur</strong></span> <span class='ocrx_word' id='word_1_124' title='bbox 3729 1088 3903 1140; x_wconf 77' lang='lat' dir='ltr'><strong>anima</strong></span> <span class='ocrx_word' id='word_1_125' title='bbox 3932 1131 3942 1152; x_wconf 88' lang='lat'><strong>,</strong></span> 
     </span>
    </p>
   </div>
   <div class='ocr_carea' id='block_1_13' title="bbox 579 1167 3944 1250">
    <p class='ocr_par' dir='ltr' id='par_1_13' title="bbox 579 1167 3944 1250">
     <span class='ocr_line' id='line_1_13' title="bbox 579 1167 3944 1250; baseline -0.001 -12"><span class='ocrx_word' id='word_1_126' title='bbox 579 1181 925 1238; x_wconf 82' lang='lat' dir='ltr'><strong>delictorum.</strong></span> <span class='ocrx_word' id='word_1_127' title='bbox 1729 1167 1738 1172; x_wconf 57' lang='grc'><strong>’</strong></span> <span class='ocrx_word' id='word_1_128' title='bbox 2287 1181 2437 1233; x_wconf 87' lang='lat' dir='ltr'><strong>velut</strong></span> <span class='ocrx_word' id='word_1_129' title='bbox 2465 1195 2659 1233; x_wconf 90' lang='lat' dir='ltr'><strong>aurum</strong></span> <span class='ocrx_word' id='word_1_130' title='bbox 2676 1179 2958 1250; x_wconf 87' lang='lat' dir='ltr'><strong>optimum.</strong></span> <span class='ocrx_word' id='word_1_131' title='bbox 2982 1181 3353 1235; x_wconf 80' lang='lat' dir='ltr'><strong>Puleliritudo</strong></span> <span class='ocrx_word' id='word_1_132' title='bbox 3376 1192 3583 1234; x_wconf 16' lang='lat' dir='ltr'><strong>aut-em</strong></span> <span class='ocrx_word' id='word_1_133' title='bbox 3605 1181 3816 1233; x_wconf 72' lang='lat' dir='ltr'><strong>animae</strong></span> <span class='ocrx_word' id='word_1_134' title='bbox 3843 1185 3944 1234; x_wconf 85' lang='lat' dir='ltr'><strong>sin-</strong></span> 
     </span>
    </p>
   </div>
   <div class='ocr_carea' id='block_1_14' title="bbox 649 1269 3943 1345">
    <p class='ocr_par' dir='ltr' id='par_1_14' title="bbox 649 1269 3943 1345">
     <span class='ocr_line' id='line_1_14' title="bbox 649 1269 3943 1345; baseline -0 -17"><span class='ocrx_word' id='word_1_135' title='bbox 649 1275 739 1329; x_wconf 86' lang='lat'><strong>77.</strong></span> <span class='ocrx_word' id='word_1_136' title='bbox 781 1273 942 1328; x_wconf 70' lang='lat' dir='ltr'><strong>Zelus</strong></span> <span class='ocrx_word' id='word_1_137' title='bbox 966 1287 1184 1344; x_wconf 87' lang='lat' dir='ltr'><strong>quoque</strong></span> <span class='ocrx_word' id='word_1_138' title='bbox 1206 1281 1262 1326; x_wconf 90' lang='lat' dir='ltr'><strong>ut</strong></span> <span class='ocrx_word' id='word_1_139' title='bbox 1281 1271 1434 1327; x_wconf 85' lang='lat' dir='ltr'><strong>inferi</strong></span> <span class='ocrx_word' id='word_1_140' title='bbox 1461 1271 1646 1342; x_wconf 81' lang='lat' dir='ltr'><strong>(Cant.</strong></span> <span class='ocrx_word' id='word_1_141' title='bbox 1667 1286 1781 1335; x_wconf 79' lang='lat' dir='ltr'><strong>vui,</strong></span> <span class='ocrx_word' id='word_1_142' title='bbox 1802 1269 1835 1326; x_wconf 89' lang='lat'>6</span> <span class='ocrx_word' id='word_1_143' title='bbox 1859 1269 2182 1341; x_wconf 85' lang='lat' dir='ltr'><strong>);quoniatn</strong></span> <span class='ocrx_word' id='word_1_144' title='bbox 2287 1289 2416 1329; x_wconf 85' lang='lat' dir='ltr'><strong>cera</strong></span> <span class='ocrx_word' id='word_1_145' title='bbox 2445 1274 2634 1338; x_wconf 88' lang='lat' dir='ltr'><strong>virtus,</strong></span> <span class='ocrx_word' id='word_1_146' title='bbox 2653 1282 2708 1326; x_wconf 88' lang='lat' dir='ltr'><strong>et</strong></span> <span class='ocrx_word' id='word_1_147' title='bbox 2734 1274 2899 1327; x_wconf 80' lang='lat' dir='ltr'><strong>decus</strong></span> <span class='ocrx_word' id='word_1_148' title='bbox 2925 1276 3106 1328; x_wconf 84' lang='lat' dir='ltr'><strong>verior</strong></span> <span class='ocrx_word' id='word_1_149' title='bbox 3135 1275 3396 1345; x_wconf 80' lang='lat' dir='ltr'><strong>cogttiiio</strong></span> <span class='ocrx_word' id='word_1_150' title='bbox 3426 1291 3520 1341; x_wconf 69' lang='lat' dir='ltr'><strong>sui</strong></span> <span class='ocrx_word' id='word_1_151' title='bbox 3546 1287 3866 1339; x_wconf 88' lang='lat' dir='ltr'><strong>ernorum;</strong></span> <span class='ocrx_word' id='word_1_152' title='bbox 3899 1286 3943 1329; x_wconf 86' lang='lat' dir='ltr'><strong>ut</strong></span> 
     </span>
    </p>
   </div>
   <div class='ocr_carea' id='block_1_15' title="bbox 579 1363 3941 1438">
    <p class='ocr_par' dir='ltr' id='par_1_15' title="bbox 579 1363 3941 1438">
     <span class='ocr_line' id='line_1_15' title="bbox 579 1363 3941 1438; baseline 0.001 -21"><span class='ocrx_word' id='word_1_153' title='bbox 579 1367 670 1437; x_wconf 87' lang='lat' dir='ltr'><strong>qui</strong></span> <span class='ocrx_word' id='word_1_154' title='bbox 700 1367 876 1421; x_wconf 82' lang='lat' dir='ltr'><strong>zelum</strong></span> <span class='ocrx_word' id='word_1_155' title='bbox 909 1366 1000 1420; x_wconf 91' lang='lat' dir='ltr'><strong>Dei</strong></span> <span class='ocrx_word' id='word_1_156' title='bbox 1034 1367 1220 1430; x_wconf 85' lang='lat' dir='ltr'><strong>habet,</strong></span> <span class='ocrx_word' id='word_1_157' title='bbox 1256 1379 1352 1435; x_wconf 91' lang='lat' dir='ltr'><strong>pro</strong></span> <span class='ocrx_word' id='word_1_158' title='bbox 1401 1363 1624 1420; x_wconf 81' lang='lat' dir='ltr'><strong>Christo</strong></span> <span class='ocrx_word' id='word_1_159' title='bbox 1667 1379 1767 1419; x_wconf 85' lang='lat' dir='ltr'><strong>nec</strong></span> <span class='ocrx_word' id='word_1_160' title='bbox 1814 1366 1927 1418; x_wconf 86' lang='lat' dir='ltr'><strong>suis</strong></span> <span class='ocrx_word' id='word_1_161' title='bbox 1987 1363 2179 1434; x_wconf 86' lang='lat' dir='ltr'><strong>parcit.</strong></span> <span class='ocrx_word' id='word_1_162' title='bbox 2291 1369 2473 1424; x_wconf 75' lang='lat' dir='ltr'><strong>videat</strong></span> <span class='ocrx_word' id='word_1_163' title='bbox 2507 1369 2634 1422; x_wconf 90' lang='lat' dir='ltr'><strong>illud</strong></span> <span class='ocrx_word' id='word_1_164' title='bbox 2671 1369 2866 1421; x_wconf 87' lang='lat' dir='ltr'><strong>bonum</strong></span> <span class='ocrx_word' id='word_1_165' title='bbox 2907 1384 2971 1422; x_wconf 77' lang='lat' dir='ltr'><strong>ex</strong></span> <span class='ocrx_word' id='word_1_166' title='bbox 3023 1385 3131 1438; x_wconf 90' lang='lat' dir='ltr'><strong>quo</strong></span> <span class='ocrx_word' id='word_1_167' title='bbox 3165 1372 3425 1438; x_wconf 82' lang='lat' dir='ltr'><strong>pendent</strong></span> <span class='ocrx_word' id='word_1_168' title='bbox 3480 1368 3687 1421; x_wconf 81' lang='lat' dir='ltr'><strong>omnia</strong></span> <span class='ocrx_word' id='word_1_169' title='bbox 3715 1411 3731 1432; x_wconf 90' lang='lat'><strong>,</strong></span> <span class='ocrx_word' id='word_1_170' title='bbox 3787 1369 3941 1436; x_wconf 77' lang='lat' dir='ltr'><strong>ipsam</strong></span> 
     </span>
    </p>
   </div>
   <div class='ocr_carea' id='block_1_16' title="bbox 578 1458 3938 1533">
    <p class='ocr_par' dir='ltr' id='par_1_16' title="bbox 578 1458 3938 1533">
     <span class='ocr_line' id='line_1_16' title="bbox 578 1458 3938 1533; baseline 0 -18"><span class='ocrx_word' id='word_1_171' title='bbox 578 1459 770 1530; x_wconf 84' lang='lat' dir='ltr'><strong>Itaque</strong></span> <span class='ocrx_word' id='word_1_172' title='bbox 800 1469 854 1514; x_wconf 86' lang='lat' dir='ltr'><strong>et</strong></span> <span class='ocrx_word' id='word_1_173' title='bbox 898 1467 1126 1513; x_wconf 88' lang='lat' dir='ltr'><strong>mortem</strong></span> <span class='ocrx_word' id='word_1_174' title='bbox 1186 1458 1346 1512; x_wconf 88' lang='lat' dir='ltr'><strong>habet</strong></span> <span class='ocrx_word' id='word_1_175' title='bbox 1386 1459 1622 1512; x_wconf 86' lang='lat' dir='ltr'><strong>charitas</strong></span> <span class='ocrx_word' id='word_1_176' title='bbox 1652 1500 1667 1523; x_wconf 91' lang='lat'><strong>,</strong></span> <span class='ocrx_word' id='word_1_177' title='bbox 1699 1469 1750 1512; x_wconf 90' lang='lat' dir='ltr'><strong>et</strong></span> <span class='ocrx_word' id='word_1_178' title='bbox 1805 1462 1980 1512; x_wconf 77' lang='lat' dir='ltr'><strong>zelum</strong></span> <span class='ocrx_word' id='word_1_179' title='bbox 2025 1459 2188 1512; x_wconf 81' lang='lat' dir='ltr'><strong>habet</strong></span> <span class='ocrx_word' id='word_1_180' title='bbox 2292 1474 2467 1518; x_wconf 89' lang='lat' dir='ltr'><strong>autem</strong></span> <span class='ocrx_word' id='word_1_181' title='bbox 2499 1480 2567 1518; x_wconf 81' lang='lat' dir='ltr'><strong>ex</strong></span> <span class='ocrx_word' id='word_1_182' title='bbox 2599 1464 2763 1518; x_wconf 92' lang='lat' dir='ltr'><strong>nullo.</strong></span> <span class='ocrx_word' id='word_1_183' title='bbox 2799 1464 2877 1518; x_wconf 84' lang='lat' dir='ltr'><strong>Eo</strong></span> <span class='ocrx_word' id='word_1_184' title='bbox 2903 1465 3062 1533; x_wconf 82' lang='lat' dir='ltr'><strong>igitur</strong></span> <span class='ocrx_word' id='word_1_185' title='bbox 3087 1464 3246 1529; x_wconf 77' lang='lat' dir='ltr'><strong>vivit,</strong></span> <span class='ocrx_word' id='word_1_186' title='bbox 3276 1475 3455 1531; x_wconf 84' lang='lat' dir='ltr'><strong>atque</strong></span> <span class='ocrx_word' id='word_1_187' title='bbox 3481 1462 3846 1516; x_wconf 71' lang='lat' dir='ltr'><strong>intellectum</strong></span> <span class='ocrx_word' id='word_1_188' title='bbox 3869 1478 3938 1516; x_wconf 69' lang='lat' dir='ltr'><strong>ac-</strong></span> 
     </span>
    </p>
   </div>
   <div class='ocr_carea' id='block_1_17' title="bbox 584 1551 3931 1626">
    <p class='ocr_par' dir='ltr' id='par_1_17' title="bbox 584 1551 3931 1626">
     <span class='ocr_line' id='line_1_17' title="bbox 584 1551 3931 1626; baseline -0.001 -14"><span class='ocrx_word' id='word_1_189' title='bbox 584 1554 848 1616; x_wconf 79' lang='lat' dir='ltr'><strong>charitas,</strong></span> <span class='ocrx_word' id='word_1_190' title='bbox 877 1564 931 1607; x_wconf 83' lang='lat' dir='ltr'><strong>et</strong></span> <span class='ocrx_word' id='word_1_191' title='bbox 953 1554 1068 1606; x_wconf 67' lang='lat' dir='ltr'><strong>alus</strong></span> <span class='ocrx_word' id='word_1_192' title='bbox 1094 1554 1232 1622; x_wconf 75' lang='lat' dir='ltr'><strong>ignis</strong></span> <span class='ocrx_word' id='word_1_193' title='bbox 1265 1553 1427 1606; x_wconf 82' lang='lat' dir='ltr'><strong>habet</strong></span> <span class='ocrx_word' id='word_1_194' title='bbox 1452 1551 1708 1607; x_wconf 74' lang='lat' dir='ltr'><strong>charitas.</strong></span> <span class='ocrx_word' id='word_1_195' title='bbox 1739 1551 1982 1618; x_wconf 75' lang='lat' dir='ltr'><strong>Denique</strong></span> <span class='ocrx_word' id='word_1_196' title='bbox 2003 1551 2189 1604; x_wconf 78' lang='lat' dir='ltr'><strong>Chris-</strong></span> <span class='ocrx_word' id='word_1_197' title='bbox 2291 1558 2439 1626; x_wconf 73' lang='lat' dir='ltr'><strong>cipit.</strong></span> <span class='ocrx_word' id='word_1_198' title='bbox 2483 1556 2614 1610; x_wconf 78' lang='lat' dir='ltr'><strong>Vita:</strong></span> <span class='ocrx_word' id='word_1_199' title='bbox 2655 1557 2796 1610; x_wconf 74' lang='lat' dir='ltr'><strong>rttitu</strong></span> <span class='ocrx_word' id='word_1_200' title='bbox 2823 1555 2944 1609; x_wconf 75' lang='lat' dir='ltr'><strong>fons</strong></span> <span class='ocrx_word' id='word_1_201' title='bbox 2975 1566 3057 1610; x_wconf 86' lang='lat' dir='ltr'><strong>est</strong></span> <span class='ocrx_word' id='word_1_202' title='bbox 3084 1571 3367 1610; x_wconf 81' lang='lat' dir='ltr'><strong>sumntum</strong></span> <span class='ocrx_word' id='word_1_203' title='bbox 3398 1555 3551 1609; x_wconf 90' lang='lat' dir='ltr'><strong>illud</strong></span> <span class='ocrx_word' id='word_1_204' title='bbox 3593 1558 3931 1617; x_wconf 70' lang='grc' dir='ltr'><strong>ιισιιιιιιιι,ριι-</strong></span> 
     </span>
    </p>
   </div>
   <div class='ocr_carea' id='block_1_18' title="bbox 592 1643 3936 1718">
    <p class='ocr_par' dir='ltr' id='par_1_18' title="bbox 592 1643 3936 1718">
     <span class='ocr_line' id='line_1_18' title="bbox 592 1643 3936 1718; baseline 0 -18"><span class='ocrx_word' id='word_1_205' title='bbox 592 1656 680 1700; x_wconf 88' lang='lat' dir='ltr'><strong>tus</strong></span> <span class='ocrx_word' id='word_1_206' title='bbox 706 1646 938 1716; x_wconf 84' lang='lat' dir='ltr'><strong>diligens</strong></span> <span class='ocrx_word' id='word_1_207' title='bbox 962 1647 1208 1718; x_wconf 58' lang='lat' dir='ltr'><strong>Moysen,</strong></span> <span class='ocrx_word' id='word_1_208' title='bbox 1234 1645 1774 1716; x_wconf 87' lang='lat' dir='ltr'><strong>inigueeiapparuit.</strong></span> <span class='ocrx_word' id='word_1_209' title='bbox 1798 1643 1864 1698; x_wconf 85' lang='lat' dir='ltr'><strong>Et</strong></span> <span class='ocrx_word' id='word_1_210' title='bbox 1891 1644 2190 1698; x_wconf 80' lang='lat' dir='ltr'><strong>Hieremias</strong></span> <span class='ocrx_word' id='word_1_211' title='bbox 2288 1650 2377 1718; x_wconf 88' lang='lat' dir='ltr'><strong>jus</strong></span> <span class='ocrx_word' id='word_1_212' title='bbox 2404 1651 2639 1703; x_wconf 82' lang='lat' dir='ltr'><strong>eliaritas</strong></span> <span class='ocrx_word' id='word_1_213' title='bbox 2670 1649 2823 1703; x_wconf 77' lang='lat' dir='ltr'><strong>nobis</strong></span> <span class='ocrx_word' id='word_1_214' title='bbox 2855 1659 2908 1704; x_wconf 90' lang='lat' dir='ltr'><strong>et</strong></span> <span class='ocrx_word' id='word_1_215' title='bbox 2944 1648 3278 1703; x_wconf 53' lang='lat' dir='ltr'><strong>desiderium</strong></span> <span class='ocrx_word' id='word_1_216' title='bbox 3314 1646 3678 1703; x_wconf 70' lang='lat' dir='ltr'><strong>accenditur</strong></span> <span class='ocrx_word' id='word_1_217' title='bbox 3701 1690 3719 1712; x_wconf 86' lang='lat'><strong>,</strong></span> <span class='ocrx_word' id='word_1_218' title='bbox 3757 1650 3839 1702; x_wconf 87' lang='lat' dir='ltr'><strong>cui</strong></span> <span class='ocrx_word' id='word_1_219' title='bbox 3865 1663 3936 1715; x_wconf 75' lang='lat' dir='ltr'><strong>3p-</strong></span> 
     </span>
    </p>
   </div>
   <div class='ocr_carea' id='block_1_19' title="bbox 588 1734 3925 1811">
    <p class='ocr_par' dir='ltr' id='par_1_19' title="bbox 588 1734 3925 1811">
     <span class='ocr_line' id='line_1_19' title="bbox 588 1734 3925 1811; baseline -0.001 -17"><span class='ocrx_word' id='word_1_220' title='bbox 588 1738 874 1794; x_wconf 84' lang='lat' dir='ltr'><strong>ltabensin</strong></span> <span class='ocrx_word' id='word_1_221' title='bbox 907 1754 965 1792; x_wconf 85' lang='lat' dir='ltr'><strong>se</strong></span> <span class='ocrx_word' id='word_1_222' title='bbox 998 1739 1198 1793; x_wconf 82' lang='lat' dir='ltr'><strong>donum</strong></span> <span class='ocrx_word' id='word_1_223' title='bbox 1247 1739 1442 1792; x_wconf 67' lang='lat' dir='ltr'><strong>divinae</strong></span> <span class='ocrx_word' id='word_1_224' title='bbox 1479 1739 1759 1792; x_wconf 87' lang='lat' dir='ltr'><strong>charitatis</strong></span> <span class='ocrx_word' id='word_1_225' title='bbox 1786 1780 1800 1802; x_wconf 88' lang='lat'><strong>,</strong></span> <span class='ocrx_word' id='word_1_226' title='bbox 1825 1737 2045 1790; x_wconf 88' lang='lat' dir='ltr'><strong>dicebat</strong></span> <span class='ocrx_word' id='word_1_227' title='bbox 2079 1754 2091 1789; x_wconf 88' lang='lat'><strong>:</strong></span> <span class='ocrx_word' id='word_1_228' title='bbox 2121 1734 2189 1790; x_wconf 83' lang='lat' dir='ltr'><strong>Et</strong></span> <span class='ocrx_word' id='word_1_229' title='bbox 2297 1742 2660 1811; x_wconf 86' lang='lat' dir='ltr'><strong>propinquare</strong></span> <span class='ocrx_word' id='word_1_230' title='bbox 2711 1749 2765 1796; x_wconf 89' lang='lat' dir='ltr'><strong>et</strong></span> <span class='ocrx_word' id='word_1_231' title='bbox 2809 1741 3020 1795; x_wconf 70' lang='lat' dir='ltr'><strong>misceri</strong></span> <span class='ocrx_word' id='word_1_232' title='bbox 3071 1742 3330 1811; x_wconf 84' lang='lat' dir='ltr'><strong>voluptas</strong></span> <span class='ocrx_word' id='word_1_233' title='bbox 3372 1753 3506 1796; x_wconf 66' lang='lat' dir='ltr'><strong>est:</strong></span> <span class='ocrx_word' id='word_1_234' title='bbox 3544 1742 3710 1810; x_wconf 87' lang='lat' dir='ltr'><strong>quod</strong></span> <span class='ocrx_word' id='word_1_235' title='bbox 3769 1742 3818 1795; x_wconf 85' lang='lat' dir='ltr'><strong>ei</strong></span> <span class='ocrx_word' id='word_1_236' title='bbox 3857 1743 3925 1810; x_wconf 63' lang='lat' dir='ltr'><strong>q&#39;ii</strong></span> 
     </span>
    </p>
   </div>
   <div class='ocr_carea' id='block_1_20' title="bbox 589 1830 3931 1904">
    <p class='ocr_par' dir='ltr' id='par_1_20' title="bbox 589 1830 3931 1904">
     <span class='ocr_line' id='line_1_20' title="bbox 589 1830 3931 1904; baseline 0 -19"><span class='ocrx_word' id='word_1_237' title='bbox 589 1844 696 1885; x_wconf 85' lang='lat' dir='ltr'><strong>erat</strong></span> <span class='ocrx_word' id='word_1_238' title='bbox 730 1833 864 1902; x_wconf 84' lang='lat' dir='ltr'><strong>ignis</strong></span> <span class='ocrx_word' id='word_1_239' title='bbox 891 1831 1223 1902; x_wconf 79' lang='lat' dir='ltr'><strong>inﬂammnns</strong></span> <span class='ocrx_word' id='word_1_240' title='bbox 1256 1833 1307 1884; x_wconf 88' lang='lat' dir='ltr'><strong>in</strong></span> <span class='ocrx_word' id='word_1_241' title='bbox 1363 1831 1560 1884; x_wconf 82' lang='lat' dir='ltr'><strong>ossibus</strong></span> <span class='ocrx_word' id='word_1_242' title='bbox 1614 1831 1740 1884; x_wconf 80' lang='lat' dir='ltr'><strong>nnis</strong></span> <span class='ocrx_word' id='word_1_243' title='bbox 1774 1839 1862 1883; x_wconf 85' lang='lat' dir='ltr'><strong>:et</strong></span> <span class='ocrx_word' id='word_1_244' title='bbox 1912 1830 2191 1884; x_wconf 81' lang='lat' dir='ltr'><strong>dissolutas</strong></span> <span class='ocrx_word' id='word_1_245' title='bbox 2224 1840 2270 1902; x_wconf 78' lang='grc' dir='ltr'>Β</span> <span class='ocrx_word' id='word_1_246' title='bbox 2300 1851 2404 1888; x_wconf 89' lang='lat' dir='ltr'><strong>non</strong></span> <span class='ocrx_word' id='word_1_247' title='bbox 2435 1835 2598 1900; x_wconf 87' lang='lat' dir='ltr'><strong>videt,</strong></span> <span class='ocrx_word' id='word_1_248' title='bbox 2629 1834 2906 1888; x_wconf 89' lang='lat' dir='ltr'><strong>desiderio</strong></span> <span class='ocrx_word' id='word_1_249' title='bbox 2938 1844 3040 1899; x_wconf 83' lang='lat' dir='ltr'><strong>est,</strong></span> <span class='ocrx_word' id='word_1_250' title='bbox 3069 1844 3123 1887; x_wconf 89' lang='lat' dir='ltr'><strong>et</strong></span> <span class='ocrx_word' id='word_1_251' title='bbox 3161 1835 3209 1887; x_wconf 87' lang='lat' dir='ltr'><strong>ei</strong></span> <span class='ocrx_word' id='word_1_252' title='bbox 3233 1834 3327 1904; x_wconf 90' lang='lat' dir='ltr'><strong>qui</strong></span> <span class='ocrx_word' id='word_1_253' title='bbox 3361 1834 3526 1887; x_wconf 77' lang='lat' dir='ltr'><strong>\‘itlcl</strong></span> <span class='ocrx_word' id='word_1_254' title='bbox 3553 1875 3569 1897; x_wconf 97' lang='lat'><strong>,</strong></span> <span class='ocrx_word' id='word_1_255' title='bbox 3591 1834 3786 1896; x_wconf 81' lang='lat' dir='ltr'><strong>ineSI;</strong></span> <span class='ocrx_word' id='word_1_256' title='bbox 3818 1835 3931 1888; x_wconf 72' lang='lat' dir='ltr'><strong>ideo-</strong></span> 
     </span>
    </p>
   </div>
   <div class='ocr_carea' id='block_1_21' title="bbox 587 1921 2186 1995">
    <p class='ocr_par' dir='ltr' id='par_1_21' title="bbox 587 1921 2186 1995">
     <span class='ocr_line' id='line_1_21' title="bbox 587 1921 2186 1995; baseline -0.003 -17"><span class='ocrx_word' id='word_1_257' title='bbox 587 1941 699 1978; x_wconf 81' lang='lat' dir='ltr'><strong>sum</strong></span> <span class='ocrx_word' id='word_1_258' title='bbox 731 1922 982 1995; x_wconf 79' lang='lat' dir='ltr'><strong>undique,</strong></span> <span class='ocrx_word' id='word_1_259' title='bbox 1013 1933 1058 1978; x_wconf 79' lang='lat' dir='ltr'><strong>et</strong></span> <span class='ocrx_word' id='word_1_260' title='bbox 1083 1925 1217 1994; x_wconf 76' lang='lat' dir='ltr'><strong>ferre</strong></span> <span class='ocrx_word' id='word_1_261' title='bbox 1239 1941 1339 1977; x_wconf 88' lang='lat' dir='ltr'><strong>non</strong></span> <span class='ocrx_word' id='word_1_262' title='bbox 1368 1939 1571 1994; x_wconf 84' lang='lat' dir='ltr'><strong>possum</strong></span> <span class='ocrx_word' id='word_1_263' title='bbox 1600 1921 1745 1993; x_wconf 66' lang='lat' dir='ltr'><strong>(lar.</strong></span> <span class='ocrx_word' id='word_1_264' title='bbox 1773 1937 1863 1987; x_wconf 79' lang='lat' dir='ltr'><strong>xx,</strong></span> <span class='ocrx_word' id='word_1_265' title='bbox 1890 1921 1924 1974; x_wconf 78' lang='grc' dir='ltr'>υ</span> <span class='ocrx_word' id='word_1_266' title='bbox 1947 1922 1983 1992; x_wconf 88' lang='grc'><strong>).</strong></span> <span class='ocrx_word' id='word_1_267' title='bbox 2039 1921 2186 1974; x_wconf 86' lang='lat' dir='ltr'><strong>Bona</strong></span> 
     </span>
    </p>
   </div>
   <div class='ocr_carea' id='block_1_22' title="bbox 589 2020 2190 2092">
    <p class='ocr_par' dir='ltr' id='par_1_22' title="bbox 589 2020 2190 2092">
     <span class='ocr_line' id='line_1_22' title="bbox 589 2020 2190 2092; baseline -0.004 -16"><span class='ocrx_word' id='word_1_268' title='bbox 589 2022 756 2092; x_wconf 85' lang='lat' dir='ltr'><strong>igitur</strong></span> <span class='ocrx_word' id='word_1_269' title='bbox 787 2023 1024 2075; x_wconf 78' lang='lat' dir='ltr'><strong>Charitas</strong></span> <span class='ocrx_word' id='word_1_270' title='bbox 1045 2020 1252 2084; x_wconf 78' lang='lat' dir='ltr'><strong>habens</strong></span> <span class='ocrx_word' id='word_1_271' title='bbox 1283 2021 1396 2074; x_wconf 84' lang='lat' dir='ltr'><strong>alas</strong></span> <span class='ocrx_word' id='word_1_272' title='bbox 1449 2020 1587 2089; x_wconf 81' lang='lat' dir='ltr'><strong>ignis</strong></span> <span class='ocrx_word' id='word_1_273' title='bbox 1627 2021 1898 2079; x_wconf 86' lang='lat' dir='ltr'><strong>ardentis,</strong></span> <span class='ocrx_word' id='word_1_274' title='bbox 1934 2033 2053 2088; x_wconf 76' lang='lat' dir='ltr'><strong>qua:</strong></span> <span class='ocrx_word' id='word_1_275' title='bbox 2094 2030 2190 2070; x_wconf 81' lang='lat' dir='ltr'><strong>vo-</strong></span> 
     </span>
    </p>
   </div>
   <div class='ocr_carea' id='block_1_23' title="bbox 594 2112 2193 2186">
    <p class='ocr_par' dir='ltr' id='par_1_23' title="bbox 594 2112 2193 2186">
     <span class='ocr_line' id='line_1_23' title="bbox 594 2112 2193 2186; baseline -0.003 -17"><span class='ocrx_word' id='word_1_276' title='bbox 594 2117 714 2170; x_wconf 80' lang='lat' dir='ltr'><strong>litat</strong></span> <span class='ocrx_word' id='word_1_277' title='bbox 744 2131 839 2186; x_wconf 88' lang='lat' dir='ltr'><strong>per</strong></span> <span class='ocrx_word' id='word_1_278' title='bbox 858 2112 1090 2184; x_wconf 65' lang='lat' dir='ltr'><strong>&#39;pectora</strong></span> <span class='ocrx_word' id='word_1_279' title='bbox 1115 2127 1169 2170; x_wconf 92' lang='lat' dir='ltr'><strong>et</strong></span> <span class='ocrx_word' id='word_1_280' title='bbox 1196 2117 1361 2170; x_wconf 88' lang='lat' dir='ltr'><strong>corda</strong></span> <span class='ocrx_word' id='word_1_281' title='bbox 1392 2124 1728 2180; x_wconf 81' lang='lat' dir='ltr'><strong>sanctorum,</strong></span> <span class='ocrx_word' id='word_1_282' title='bbox 1752 2124 1806 2168; x_wconf 91' lang='lat' dir='ltr'><strong>et</strong></span> <span class='ocrx_word' id='word_1_283' title='bbox 1832 2117 2006 2167; x_wconf 75' lang='lat' dir='ltr'><strong>exurit</strong></span> <span class='ocrx_word' id='word_1_284' title='bbox 2035 2112 2193 2183; x_wconf 80' lang='lat' dir='ltr'><strong>quid-</strong></span> 
     </span>
    </p>
   </div>
   <div class='ocr_carea' id='block_1_24' title="bbox 588 2209 2191 2281">
    <p class='ocr_par' dir='ltr' id='par_1_24' title="bbox 588 2209 2191 2281">
     <span class='ocr_line' id='line_1_24' title="bbox 588 2209 2191 2281; baseline 0 -19"><span class='ocrx_word' id='word_1_285' title='bbox 588 2210 716 2281; x_wconf 85' lang='lat' dir='ltr'><strong>quid</strong></span> <span class='ocrx_word' id='word_1_286' title='bbox 747 2210 1028 2266; x_wconf 81' lang='lat' dir='ltr'><strong>materiale</strong></span> <span class='ocrx_word' id='word_1_287' title='bbox 1058 2221 1221 2280; x_wconf 89' lang='lat' dir='ltr'><strong>atque</strong></span> <span class='ocrx_word' id='word_1_288' title='bbox 1265 2219 1540 2265; x_wconf 89' lang='lat' dir='ltr'><strong>terremun</strong></span> <span class='ocrx_word' id='word_1_289' title='bbox 1571 2220 1652 2264; x_wconf 88' lang='lat' dir='ltr'><strong>est</strong></span> <span class='ocrx_word' id='word_1_290' title='bbox 1688 2226 1700 2261; x_wconf 89' lang='lat'><strong>:</strong></span> <span class='ocrx_word' id='word_1_291' title='bbox 1747 2209 2004 2279; x_wconf 86' lang='lat' dir='ltr'><strong>quidquid</strong></span> <span class='ocrx_word' id='word_1_292' title='bbox 2055 2223 2191 2263; x_wconf 90' lang='lat' dir='ltr'><strong>vero</strong></span> 
     </span>
    </p>
   </div>
   <div class='ocr_carea' id='block_1_25' title="bbox 589 2301 2194 2373">
    <p class='ocr_par' dir='ltr' id='par_1_25' title="bbox 589 2301 2194 2373">
     <span class='ocr_line' id='line_1_25' title="bbox 589 2301 2194 2373; baseline -0.002 -17"><span class='ocrx_word' id='word_1_293' title='bbox 589 2302 865 2358; x_wconf 77' lang='lat' dir='ltr'><strong>sincerum</strong></span> <span class='ocrx_word' id='word_1_294' title='bbox 896 2313 1000 2368; x_wconf 87' lang='lat' dir='ltr'><strong>est,</strong></span> <span class='ocrx_word' id='word_1_295' title='bbox 1033 2304 1258 2373; x_wconf 82' lang='lat' dir='ltr'><strong>probat;</strong></span> <span class='ocrx_word' id='word_1_296' title='bbox 1289 2313 1343 2357; x_wconf 86' lang='lat' dir='ltr'><strong>et</strong></span> <span class='ocrx_word' id='word_1_297' title='bbox 1392 2301 1535 2372; x_wconf 81' lang='lat' dir='ltr'><strong>quod</strong></span> <span class='ocrx_word' id='word_1_298' title='bbox 1584 2303 1876 2370; x_wconf 89' lang='lat' dir='ltr'><strong>contigerit</strong></span> <span class='ocrx_word' id='word_1_299' title='bbox 1903 2343 1916 2365; x_wconf 95' lang='lat'><strong>,</strong></span> <span class='ocrx_word' id='word_1_300' title='bbox 1945 2316 2044 2354; x_wconf 73' lang='lat' dir='ltr'><strong>suo</strong></span> <span class='ocrx_word' id='word_1_301' title='bbox 2072 2301 2194 2370; x_wconf 84' lang='lat' dir='ltr'><strong>igne</strong></span> 
     </span>
    </p>
   </div>
   <div class='ocr_carea' id='block_1_26' title="bbox 594 2393 2195 2465">
    <p class='ocr_par' dir='ltr' id='par_1_26' title="bbox 594 2393 2195 2465">
     <span class='ocr_line' id='line_1_26' title="bbox 594 2393 2195 2465; baseline -0.001 -15"><span class='ocrx_word' id='word_1_302' title='bbox 594 2397 867 2450; x_wconf 82' lang='lat' dir='ltr'><strong>meliorat.</strong></span> <span class='ocrx_word' id='word_1_303' title='bbox 920 2397 1072 2451; x_wconf 85' lang='lat' dir='ltr'><strong>llunc</strong></span> <span class='ocrx_word' id='word_1_304' title='bbox 1104 2400 1278 2465; x_wconf 82' lang='lat' dir='ltr'><strong>ignem</strong></span> <span class='ocrx_word' id='word_1_305' title='bbox 1312 2396 1365 2450; x_wconf 90' lang='lat' dir='ltr'><strong>in</strong></span> <span class='ocrx_word' id='word_1_306' title='bbox 1401 2407 1601 2448; x_wconf 83' lang='lat' dir='ltr'><strong>terram</strong></span> <span class='ocrx_word' id='word_1_307' title='bbox 1637 2393 1783 2448; x_wconf 89' lang='lat' dir='ltr'><strong>misit</strong></span> <span class='ocrx_word' id='word_1_308' title='bbox 1815 2396 2072 2448; x_wconf 66' lang='lat' dir='ltr'><strong>Dominus</strong></span> <span class='ocrx_word' id='word_1_309' title='bbox 2108 2393 2195 2448; x_wconf 79' lang='lat' dir='ltr'><strong>Je-</strong></span> 
     </span>
    </p>
   </div>
   <div class='ocr_carea' id='block_1_27' title="bbox 595 2486 2194 2556">
    <p class='ocr_par' dir='ltr' id='par_1_27' title="bbox 595 2486 2194 2556">
     <span class='ocr_line' id='line_1_27' title="bbox 595 2486 2194 2556; baseline -0.003 -12"><span class='ocrx_word' id='word_1_310' title='bbox 595 2505 709 2556; x_wconf 91' lang='lat' dir='ltr'><strong>sus,</strong></span> <span class='ocrx_word' id='word_1_311' title='bbox 735 2499 791 2542; x_wconf 89' lang='lat' dir='ltr'><strong>et</strong></span> <span class='ocrx_word' id='word_1_312' title='bbox 815 2489 1024 2543; x_wconf 77' lang='lat' dir='ltr'><strong>ret&#39;ulsit</strong></span> <span class='ocrx_word' id='word_1_313' title='bbox 1056 2488 1212 2552; x_wconf 86' lang='lat' dir='ltr'><strong>ﬁdes,</strong></span> <span class='ocrx_word' id='word_1_314' title='bbox 1243 2503 1466 2543; x_wconf 79' lang='lat' dir='ltr'><strong>acccnSa</strong></span> <span class='ocrx_word' id='word_1_315' title='bbox 1498 2497 1582 2541; x_wconf 88' lang='lat' dir='ltr'><strong>est</strong></span> <span class='ocrx_word' id='word_1_316' title='bbox 1607 2487 1825 2540; x_wconf 85' lang='lat' dir='ltr'><strong>devotio</strong></span> <span class='ocrx_word' id='word_1_317' title='bbox 1850 2530 1864 2552; x_wconf 92' lang='lat'><strong>,</strong></span> <span class='ocrx_word' id='word_1_318' title='bbox 1891 2486 2194 2540; x_wconf 82' lang='lat' dir='ltr'><strong>iltutninata</strong></span> 
     </span>
    </p>
   </div>
   <div class='ocr_carea' id='block_1_28' title="bbox 595 2578 2198 2650">
    <p class='ocr_par' dir='ltr' id='par_1_28' title="bbox 595 2578 2198 2650">
     <span class='ocr_line' id='line_1_28' title="bbox 595 2578 2198 2650; baseline -0.004 -13"><span class='ocrx_word' id='word_1_319' title='bbox 595 2591 676 2637; x_wconf 88' lang='lat' dir='ltr'><strong>est</strong></span> <span class='ocrx_word' id='word_1_320' title='bbox 700 2583 962 2645; x_wconf 82' lang='lat' dir='ltr'><strong>cliaritas,</strong></span> <span class='ocrx_word' id='word_1_321' title='bbox 988 2579 1195 2650; x_wconf 54' lang='lat' dir='ltr'><strong>iustitia</strong></span> <span class='ocrx_word' id='word_1_322' title='bbox 1219 2579 1577 2648; x_wconf 64' lang='lat' dir='ltr'><strong>resideuduit.</strong></span> <span class='ocrx_word' id='word_1_323' title='bbox 1612 2579 1724 2633; x_wconf 92' lang='lat' dir='ltr'><strong>lloc</strong></span> <span class='ocrx_word' id='word_1_324' title='bbox 1753 2579 1869 2649; x_wconf 85' lang='lat' dir='ltr'><strong>igne</strong></span> <span class='ocrx_word' id='word_1_325' title='bbox 1893 2578 2198 2632; x_wconf 86' lang='lat' dir='ltr'><strong>intlannua-</strong></span> 
     </span>
    </p>
   </div>
   <div class='ocr_carea' id='block_1_29' title="bbox 597 2668 2200 2742">
    <p class='ocr_par' dir='ltr' id='par_1_29' title="bbox 597 2668 2200 2742">
     <span class='ocr_line' id='line_1_29' title="bbox 597 2668 2200 2742; baseline -0.001 -16"><span class='ocrx_word' id='word_1_326' title='bbox 597 2675 674 2728; x_wconf 91' lang='lat' dir='ltr'><strong>vlt</strong></span> <span class='ocrx_word' id='word_1_327' title='bbox 697 2673 860 2728; x_wconf 87' lang='lat' dir='ltr'><strong>corda</strong></span> <span class='ocrx_word' id='word_1_328' title='bbox 893 2674 1265 2742; x_wconf 84' lang='lat' dir='ltr'><strong>apostolorum</strong></span> <span class='ocrx_word' id='word_1_329' title='bbox 1299 2686 1544 2733; x_wconf 88' lang='lat' dir='ltr'><strong>suorum,</strong></span> <span class='ocrx_word' id='word_1_330' title='bbox 1577 2672 1716 2726; x_wconf 72' lang='lat' dir='ltr'><strong>sicut</strong></span> <span class='ocrx_word' id='word_1_331' title='bbox 1767 2680 1996 2726; x_wconf 74' lang='lat' dir='ltr'><strong>testatur</strong></span> <span class='ocrx_word' id='word_1_332' title='bbox 2035 2668 2200 2726; x_wconf 82' lang='lat' dir='ltr'><strong>Cleo-</strong></span> 
     </span>
    </p>
   </div>
   <div class='ocr_carea' id='block_1_30' title="bbox 605 2765 2199 2838">
    <p class='ocr_par' dir='ltr' id='par_1_30' title="bbox 605 2765 2199 2838">
     <span class='ocr_line' id='line_1_30' title="bbox 605 2765 2199 2838; baseline 0.001 -18"><span class='ocrx_word' id='word_1_333' title='bbox 605 2767 740 2838; x_wconf 83' lang='lat' dir='ltr'><strong>phas</strong></span> <span class='ocrx_word' id='word_1_334' title='bbox 768 2768 959 2823; x_wconf 81' lang='lat' dir='ltr'><strong>dicens</strong></span> <span class='ocrx_word' id='word_1_335' title='bbox 993 2784 1007 2821; x_wconf 88' lang='lat'><strong>:</strong></span> <span class='ocrx_word' id='word_1_336' title='bbox 1038 2765 1227 2820; x_wconf 81' lang='lat' dir='ltr'><strong>Nonne</strong></span> <span class='ocrx_word' id='word_1_337' title='bbox 1255 2783 1342 2820; x_wconf 84' lang='lat' dir='ltr'><strong>cor</strong></span> <span class='ocrx_word' id='word_1_338' title='bbox 1364 2776 1592 2820; x_wconf 77' lang='lat' dir='ltr'><strong>nostrum</strong></span> <span class='ocrx_word' id='word_1_339' title='bbox 1615 2767 1801 2822; x_wconf 85' lang='lat' dir='ltr'><strong>ardens</strong></span> <span class='ocrx_word' id='word_1_340' title='bbox 1821 2779 1928 2821; x_wconf 83' lang='lat' dir='ltr'><strong>erat</strong></span> <span class='ocrx_word' id='word_1_341' title='bbox 1955 2769 2008 2822; x_wconf 87' lang='lat' dir='ltr'><strong>in</strong></span> <span class='ocrx_word' id='word_1_342' title='bbox 2032 2768 2199 2831; x_wconf 80' lang='lat' dir='ltr'><strong>nobis,</strong></span> 
     </span>
    </p>
   </div>
   <div class='ocr_carea' id='block_1_31' title="bbox 613 2861 2204 2934">
    <p class='ocr_par' dir='ltr' id='par_1_31' title="bbox 613 2861 2204 2934">
     <span class='ocr_line' id='line_1_31' title="bbox 613 2861 2204 2934; baseline 0.001 -18"><span class='ocrx_word' id='word_1_343' title='bbox 613 2881 727 2916; x_wconf 87' lang='lat' dir='ltr'><strong>cum</strong></span> <span class='ocrx_word' id='word_1_344' title='bbox 749 2864 974 2932; x_wconf 72' lang='lat' dir='ltr'><strong>aperiret</strong></span> <span class='ocrx_word' id='word_1_345' title='bbox 1003 2861 1306 2928; x_wconf 82' lang='lat' dir='ltr'><strong>Scripturos</strong></span> <span class='ocrx_word' id='word_1_346' title='bbox 1330 2861 1348 2932; x_wconf 92' lang='lat'><strong>(</strong></span> <span class='ocrx_word' id='word_1_347' title='bbox 1372 2861 1499 2915; x_wconf 85' lang='lat' dir='ltr'><strong>Luc.</strong></span> <span class='ocrx_word' id='word_1_348' title='bbox 1533 2875 1686 2928; x_wconf 71' lang='lat' dir='ltr'><strong>sxw,</strong></span> <span class='ocrx_word' id='word_1_349' title='bbox 1713 2862 1783 2916; x_wconf 61' lang='grc' dir='ltr'><strong>δὲ</strong></span> <span class='ocrx_word' id='word_1_350' title='bbox 1809 2863 1868 2934; x_wconf 81' lang='lat'><strong>)?</strong></span> <span class='ocrx_word' id='word_1_351' title='bbox 1897 2864 2010 2917; x_wconf 69' lang='lat' dir='ltr'><strong>Alte</strong></span> <span class='ocrx_word' id='word_1_352' title='bbox 2039 2863 2204 2929; x_wconf 64' lang='lat' dir='ltr'><strong>igitur</strong></span> 
     </span>
    </p>
   </div>
   <div class='ocr_carea' id='block_1_32' title="bbox 604 2955 2204 3028">
    <p class='ocr_par' dir='ltr' id='par_1_32' title="bbox 604 2955 2204 3028">
     <span class='ocr_line' id='line_1_32' title="bbox 604 2955 2204 3028; baseline 0 -17"><span class='ocrx_word' id='word_1_353' title='bbox 604 2958 744 3028; x_wconf 88' lang='lat' dir='ltr'><strong>ignis</strong></span> <span class='ocrx_word' id='word_1_354' title='bbox 766 2955 995 3010; x_wconf 67' lang='lat' dir='ltr'><strong>ilatnmre</strong></span> <span class='ocrx_word' id='word_1_355' title='bbox 1021 2957 1302 3028; x_wconf 67' lang='lat' dir='ltr'><strong>scripturae</strong></span> <span class='ocrx_word' id='word_1_356' title='bbox 1324 2967 1447 3011; x_wconf 88' lang='lat' dir='ltr'><strong>sunt</strong></span> <span class='ocrx_word' id='word_1_357' title='bbox 1472 2955 1688 3010; x_wconf 70' lang='lat' dir='ltr'><strong>dIViIIIB.</strong></span> <span class='ocrx_word' id='word_1_358' title='bbox 1723 2956 1966 3026; x_wconf 86' lang='lat' dir='ltr'><strong>Denique</strong></span> <span class='ocrx_word' id='word_1_359' title='bbox 1993 2961 2204 3026; x_wconf 82' lang='lat' dir='ltr'><strong>aperie-</strong></span> 
     </span>
    </p>
   </div>
   <div class='ocr_carea' id='block_1_33' title="bbox 610 3049 2200 3120">
    <p class='ocr_par' dir='ltr' id='par_1_33' title="bbox 610 3049 2200 3120">
     <span class='ocr_line' id='line_1_33' title="bbox 610 3049 2200 3120; baseline -0.001 -16"><span class='ocrx_word' id='word_1_360' title='bbox 610 3051 701 3104; x_wconf 80' lang='lat' dir='ltr'><strong>bat</strong></span> <span class='ocrx_word' id='word_1_361' title='bbox 731 3051 1061 3120; x_wconf 84' lang='lat' dir='ltr'><strong>Scripturas,</strong></span> <span class='ocrx_word' id='word_1_362' title='bbox 1089 3060 1142 3106; x_wconf 89' lang='lat' dir='ltr'><strong>et</strong></span> <span class='ocrx_word' id='word_1_363' title='bbox 1193 3051 1330 3120; x_wconf 83' lang='lat' dir='ltr'><strong>ignis</strong></span> <span class='ocrx_word' id='word_1_364' title='bbox 1374 3051 1552 3104; x_wconf 80' lang='lat' dir='ltr'><strong>exibat</strong></span> <span class='ocrx_word' id='word_1_365' title='bbox 1588 3091 1602 3117; x_wconf 92' lang='lat'><strong>,</strong></span> <span class='ocrx_word' id='word_1_366' title='bbox 1643 3061 1804 3119; x_wconf 90' lang='lat' dir='ltr'><strong>atque</strong></span> <span class='ocrx_word' id='word_1_367' title='bbox 1862 3049 2200 3104; x_wconf 87' lang='lat' dir='ltr'><strong>audientiqu</strong></span> 
     </span>
    </p>
   </div>
   <div class='ocr_carea' id='block_1_34' title="bbox 603 3143 2206 3214">
    <p class='ocr_par' dir='ltr' id='par_1_34' title="bbox 603 3143 2206 3214">
     <span class='ocr_line' id='line_1_34' title="bbox 603 3143 2206 3214; baseline 0.001 -17"><span class='ocrx_word' id='word_1_368' title='bbox 603 3145 764 3198; x_wconf 88' lang='lat' dir='ltr'><strong>corda</strong></span> <span class='ocrx_word' id='word_1_369' title='bbox 823 3144 1162 3214; x_wconf 82' lang='lat' dir='ltr'><strong>penetrabat.</strong></span> <span class='ocrx_word' id='word_1_370' title='bbox 1223 3145 1289 3198; x_wconf 81' lang='lat' dir='ltr'><strong>Et</strong></span> <span class='ocrx_word' id='word_1_371' title='bbox 1328 3158 1456 3198; x_wconf 87' lang='lat' dir='ltr'><strong>vere</strong></span> <span class='ocrx_word' id='word_1_372' title='bbox 1487 3145 1586 3197; x_wconf 71' lang='lat' dir='ltr'><strong>al;e</strong></span> <span class='ocrx_word' id='word_1_373' title='bbox 1639 3143 1957 3214; x_wconf 84' lang='lat' dir='ltr'><strong>iguis;quia</strong></span> <span class='ocrx_word' id='word_1_374' title='bbox 1991 3145 2206 3214; x_wconf 89' lang='lat' dir='ltr'><strong>eloquia</strong></span> 
     </span>
    </p>
   </div>
   <div class='ocr_carea' id='block_1_35' title="bbox 2296 1928 3930 1999">
    <p class='ocr_par' dir='ltr' id='par_1_35' title="bbox 2296 1928 3930 1999">
     <span class='ocr_line' id='line_1_35' title="bbox 2296 1928 3930 1999; baseline -0.001 -17"><span class='ocrx_word' id='word_1_375' title='bbox 2296 1945 2399 1999; x_wconf 89' lang='lat' dir='ltr'><strong>quc</strong></span> <span class='ocrx_word' id='word_1_376' title='bbox 2422 1928 2670 1983; x_wconf 77' lang='lat' dir='ltr'><strong>universa</strong></span> <span class='ocrx_word' id='word_1_377' title='bbox 2695 1929 2796 1982; x_wconf 89' lang='lat' dir='ltr'><strong>alia</strong></span> <span class='ocrx_word' id='word_1_378' title='bbox 2822 1929 3070 1998; x_wconf 80' lang='lat' dir='ltr'><strong>despicit.</strong></span> <span class='ocrx_word' id='word_1_379' title='bbox 3101 1931 3203 1982; x_wconf 85' lang='lat' dir='ltr'><strong>lioc</strong></span> <span class='ocrx_word' id='word_1_380' title='bbox 3233 1946 3343 1981; x_wconf 89' lang='lat' dir='ltr'><strong>uno</strong></span> <span class='ocrx_word' id='word_1_381' title='bbox 3369 1929 3688 1983; x_wconf 78' lang='lat' dir='ltr'><strong>mulcetur</strong></span> <span class='ocrx_word' id='word_1_382' title='bbox 3709 1938 3769 1982; x_wconf 88' lang='lat' dir='ltr'><strong>et</strong></span> <span class='ocrx_word' id='word_1_383' title='bbox 3791 1930 3930 1981; x_wconf 63' lang='lat' dir='ltr'><strong>drlrr-</strong></span> 
     </span>
    </p>
   </div>
   <div class='ocr_carea' id='block_1_36' title="bbox 2296 2019 3928 2088">
    <p class='ocr_par' dir='ltr' id='par_1_36' title="bbox 2296 2019 3928 2088">
     <span class='ocr_line' id='line_1_36' title="bbox 2296 2019 3928 2088; baseline 0.002 -16"><span class='ocrx_word' id='word_1_384' title='bbox 2296 2032 2459 2075; x_wconf 89' lang='lat' dir='ltr'><strong>tatur.</strong></span> <span class='ocrx_word' id='word_1_385' title='bbox 2497 2020 2609 2075; x_wconf 85' lang='lat' dir='ltr'><strong>Hoc</strong></span> <span class='ocrx_word' id='word_1_386' title='bbox 2662 2019 2968 2088; x_wconf 68' lang='lat' dir='ltr'><strong>estquod&quot;</strong></span> <span class='ocrx_word' id='word_1_387' title='bbox 3019 2021 3408 2075; x_wconf 83' lang='lat' dir='ltr'><strong>subministrat</strong></span> <span class='ocrx_word' id='word_1_388' title='bbox 3473 2022 3792 2075; x_wconf 77' lang='lat' dir='ltr'><strong>tiniver-is</strong></span> <span class='ocrx_word' id='word_1_389' title='bbox 3837 2023 3928 2075; x_wconf 63' lang='grc' dir='ltr'><strong>διιπ-</strong></span> 
     </span>
    </p>
   </div>
   <div class='ocr_carea' id='block_1_37' title="bbox 2297 2115 3923 2184">
    <p class='ocr_par' dir='ltr' id='par_1_37' title="bbox 2297 2115 3923 2184">
     <span class='ocr_line' id='line_1_37' title="bbox 2297 2115 3923 2184; baseline -0.002 -15"><span class='ocrx_word' id='word_1_390' title='bbox 2297 2116 2581 2169; x_wconf 86' lang='lat' dir='ltr'><strong>stantiam:</strong></span> <span class='ocrx_word' id='word_1_391' title='bbox 2603 2115 2774 2184; x_wconf 90' lang='lat' dir='ltr'><strong>ipsum</strong></span> <span class='ocrx_word' id='word_1_392' title='bbox 2799 2115 3045 2168; x_wconf 89' lang='lat' dir='ltr'><strong>autemin</strong></span> <span class='ocrx_word' id='word_1_393' title='bbox 3071 2115 3391 2184; x_wconf 65' lang='lat' dir='ltr'><strong>semetipso</strong></span> <span class='ocrx_word' id='word_1_394' title='bbox 3415 2115 3800 2169; x_wconf 84' lang='lat' dir='ltr'><strong>manensdat</strong></span> <span class='ocrx_word' id='word_1_395' title='bbox 3821 2115 3923 2178; x_wconf 73' lang='lat' dir='ltr'><strong>aliis,</strong></span> 
     </span>
    </p>
   </div>
   <div class='ocr_carea' id='block_1_38' title="bbox 2298 2207 3925 2278">
    <p class='ocr_par' dir='ltr' id='par_1_38' title="bbox 2298 2207 3925 2278">
     <span class='ocr_line' id='line_1_38' title="bbox 2298 2207 3925 2278; baseline -0.001 -16"><span class='ocrx_word' id='word_1_396' title='bbox 2298 2209 2429 2262; x_wconf 87' lang='lat' dir='ltr'><strong>nihil</strong></span> <span class='ocrx_word' id='word_1_397' title='bbox 2461 2216 2638 2261; x_wconf 87' lang='lat' dir='ltr'><strong>autem</strong></span> <span class='ocrx_word' id='word_1_398' title='bbox 2666 2209 2715 2260; x_wconf 90' lang='lat' dir='ltr'><strong>in</strong></span> <span class='ocrx_word' id='word_1_399' title='bbox 2745 2223 2804 2261; x_wconf 84' lang='lat' dir='ltr'><strong>se</strong></span> <span class='ocrx_word' id='word_1_400' title='bbox 2829 2224 2892 2261; x_wconf 74' lang='lat' dir='ltr'><strong>ex</strong></span> <span class='ocrx_word' id='word_1_401' title='bbox 2922 2207 3044 2262; x_wconf 88' lang='lat' dir='ltr'><strong>aliis</strong></span> <span class='ocrx_word' id='word_1_402' title='bbox 3071 2209 3326 2272; x_wconf 82' lang='lat' dir='ltr'><strong>suscipit.</strong></span> <span class='ocrx_word' id='word_1_403' title='bbox 3374 2208 3456 2262; x_wconf 89' lang='lat' dir='ltr'><strong>De</strong></span> <span class='ocrx_word' id='word_1_404' title='bbox 3489 2224 3618 2277; x_wconf 88' lang='lat' dir='ltr'><strong>quo</strong></span> <span class='ocrx_word' id='word_1_405' title='bbox 3684 2209 3925 2278; x_wconf 73' lang='lat' dir='ltr'><strong>Propheta</strong></span> 
     </span>
    </p>
   </div>
   <div class='ocr_carea' id='block_1_39' title="bbox 2300 2297 3926 2367">
    <p class='ocr_par' dir='ltr' id='par_1_39' title="bbox 2300 2297 3926 2367">
     <span class='ocr_line' id='line_1_39' title="bbox 2300 2297 3926 2367; baseline -0.001 -14"><span class='ocrx_word' id='word_1_406' title='bbox 2300 2303 2374 2355; x_wconf 90' lang='lat' dir='ltr'><strong>ait</strong></span> <span class='ocrx_word' id='word_1_407' title='bbox 2404 2319 2416 2354; x_wconf 93' lang='lat'>:</span> <span class='ocrx_word' id='word_1_408' title='bbox 2450 2300 2574 2354; x_wconf 72' lang='lat' dir='ltr'><strong>Dixi</strong></span> <span class='ocrx_word' id='word_1_409' title='bbox 2604 2297 2828 2354; x_wconf 85' lang='lat' dir='ltr'><strong>Domino</strong></span> <span class='ocrx_word' id='word_1_410' title='bbox 2853 2315 2870 2354; x_wconf 92' lang='lat'><strong><em>:</em></strong></span> <span class='ocrx_word' id='word_1_411' title='bbox 2896 2298 3036 2353; x_wconf 82' lang='lat' dir='ltr'><strong>Dens</strong></span> <span class='ocrx_word' id='word_1_412' title='bbox 3082 2316 3226 2353; x_wconf 85' lang='lat' dir='ltr'><strong>meus</strong></span> <span class='ocrx_word' id='word_1_413' title='bbox 3254 2317 3306 2352; x_wconf 83' lang='lat' dir='ltr'><strong>es</strong></span> <span class='ocrx_word' id='word_1_414' title='bbox 3335 2311 3393 2352; x_wconf 84' lang='lat' dir='ltr'><strong>tu</strong></span> <span class='ocrx_word' id='word_1_415' title='bbox 3427 2343 3441 2361; x_wconf 88' lang='lat'><strong>.</strong></span> <span class='ocrx_word' id='word_1_416' title='bbox 3472 2301 3758 2367; x_wconf 76' lang='lat' dir='ltr'><strong>quoniam</strong></span> <span class='ocrx_word' id='word_1_417' title='bbox 3807 2301 3926 2353; x_wconf 67' lang='lat' dir='ltr'><strong>bass-</strong></span> 
     </span>
    </p>
   </div>
   <div class='ocr_carea' id='block_1_40' title="bbox 2300 2391 3924 2463">
    <p class='ocr_par' dir='ltr' id='par_1_40' title="bbox 2300 2391 3924 2463">
     <span class='ocr_line' id='line_1_40' title="bbox 2300 2391 3924 2463; baseline -0.002 -15"><span class='ocrx_word' id='word_1_418' title='bbox 2300 2410 2415 2448; x_wconf 83' lang='lat' dir='ltr'><strong>rnm</strong></span> <span class='ocrx_word' id='word_1_419' title='bbox 2441 2409 2666 2447; x_wconf 82' lang='lat' dir='ltr'><strong>meorum</strong></span> <span class='ocrx_word' id='word_1_420' title='bbox 2718 2409 2820 2445; x_wconf 87' lang='lat' dir='ltr'><strong>non</strong></span> <span class='ocrx_word' id='word_1_421' title='bbox 2857 2409 2973 2463; x_wconf 83' lang='lat' dir='ltr'><strong>eges</strong></span> <span class='ocrx_word' id='word_1_422' title='bbox 3005 2393 3020 2462; x_wconf 86' lang='lat'>(</span> <span class='ocrx_word' id='word_1_423' title='bbox 3047 2391 3195 2446; x_wconf 83' lang='lat' dir='ltr'><strong>Psol.</strong></span> <span class='ocrx_word' id='word_1_424' title='bbox 3222 2409 3312 2457; x_wconf 82' lang='lat' dir='ltr'><strong>xv,</strong></span> <span class='ocrx_word' id='word_1_425' title='bbox 3338 2391 3437 2463; x_wconf 72' lang='grc'><strong>2).</strong></span> <span class='ocrx_word' id='word_1_426' title='bbox 3475 2392 3610 2446; x_wconf 79' lang='lat' dir='ltr'><strong>Hoc</strong></span> <span class='ocrx_word' id='word_1_427' title='bbox 3667 2398 3843 2447; x_wconf 85' lang='lat' dir='ltr'><strong>solum</strong></span> <span class='ocrx_word' id='word_1_428' title='bbox 3873 2392 3924 2444; x_wconf 74' lang='lat' dir='ltr'><strong>ii-</strong></span> 
     </span>
    </p>
   </div>
   <div class='ocr_carea' id='block_1_41' title="bbox 2302 2484 3923 2556">
    <p class='ocr_par' dir='ltr' id='par_1_41' title="bbox 2302 2484 3923 2556">
     <span class='ocr_line' id='line_1_41' title="bbox 2302 2484 3923 2556; baseline 0 -16"><span class='ocrx_word' id='word_1_429' title='bbox 2302 2487 2435 2540; x_wconf 89' lang='lat' dir='ltr'><strong>dere</strong></span> <span class='ocrx_word' id='word_1_430' title='bbox 2463 2486 2810 2546; x_wconf 72' lang='lat' dir='ltr'><strong>desideravit.</strong></span> <span class='ocrx_word' id='word_1_431' title='bbox 2843 2487 2982 2539; x_wconf 75' lang='lat' dir='ltr'><strong>Sit&#39;lll</strong></span> <span class='ocrx_word' id='word_1_432' title='bbox 3016 2486 3128 2554; x_wconf 81' lang='lat' dir='ltr'><strong>ipse</strong></span> <span class='ocrx_word' id='word_1_433' title='bbox 3160 2485 3292 2539; x_wconf 82' lang='lat' dir='ltr'><strong>alibi</strong></span> <span class='ocrx_word' id='word_1_434' title='bbox 3344 2486 3420 2538; x_wconf 82' lang='lat' dir='ltr'><strong>ait</strong></span> <span class='ocrx_word' id='word_1_435' title='bbox 3457 2503 3470 2538; x_wconf 92' lang='lat'>:</span> <span class='ocrx_word' id='word_1_436' title='bbox 3506 2484 3706 2540; x_wconf 77' lang='lat' dir='ltr'><strong>Unam</strong></span> <span class='ocrx_word' id='word_1_437' title='bbox 3760 2488 3870 2556; x_wconf 75' lang='lat' dir='ltr'><strong>pe&#39;ii</strong></span> <span class='ocrx_word' id='word_1_438' title='bbox 3903 2503 3923 2540; x_wconf 79' lang='grc' dir='ltr'>ι</span> 
     </span>
    </p>
   </div>
   <div class='ocr_carea' id='block_1_42' title="bbox 2304 2577 3919 2647">
    <p class='ocr_par' dir='ltr' id='par_1_42' title="bbox 2304 2577 3919 2647">
     <span class='ocr_line' id='line_1_42' title="bbox 2304 2577 3919 2647; baseline -0.001 -15"><span class='ocrx_word' id='word_1_439' title='bbox 2304 2577 2549 2643; x_wconf 86' lang='lat' dir='ltr'><strong>Domino,</strong></span> <span class='ocrx_word' id='word_1_440' title='bbox 2581 2577 2715 2631; x_wconf 80' lang='lat' dir='ltr'><strong>hanc</strong></span> <span class='ocrx_word' id='word_1_441' title='bbox 2740 2578 3030 2647; x_wconf 71' lang='lat' dir='ltr'><strong>requiram;</strong></span> <span class='ocrx_word' id='word_1_442' title='bbox 3058 2588 3110 2630; x_wconf 83' lang='lat' dir='ltr'><strong>ut</strong></span> <span class='ocrx_word' id='word_1_443' title='bbox 3136 2577 3423 2631; x_wconf 76' lang='lat' dir='ltr'><strong>inhabitmt</strong></span> <span class='ocrx_word' id='word_1_444' title='bbox 3461 2580 3520 2632; x_wconf 85' lang='lat' dir='ltr'><strong>in</strong></span> <span class='ocrx_word' id='word_1_445' title='bbox 3551 2583 3732 2632; x_wconf 87' lang='lat' dir='ltr'><strong>domo</strong></span> <span class='ocrx_word' id='word_1_446' title='bbox 3760 2581 3919 2632; x_wconf 59' lang='lat' dir='ltr'><strong>nomn</strong></span> 
     </span>
    </p>
   </div>
   <div class='ocr_carea' id='block_1_43' title="bbox 2307 2671 3915 2736">
    <p class='ocr_par' dir='ltr' id='par_1_43' title="bbox 2307 2671 3915 2736">
     <span class='ocr_line' id='line_1_43' title="bbox 2307 2671 3915 2736; baseline -0.001 -12"><span class='ocrx_word' id='word_1_447' title='bbox 2307 2688 2482 2726; x_wconf 78' lang='lat' dir='ltr'><strong>omnes</strong></span> <span class='ocrx_word' id='word_1_448' title='bbox 2508 2672 2614 2725; x_wconf 72' lang='lat' dir='ltr'><strong>dies</strong></span> <span class='ocrx_word' id='word_1_449' title='bbox 2643 2673 2761 2724; x_wconf 69' lang='lat' dir='ltr'><strong>vita</strong></span> <span class='ocrx_word' id='word_1_450' title='bbox 2788 2687 2933 2736; x_wconf 67' lang='lat' dir='ltr'><strong>mea,</strong></span> <span class='ocrx_word' id='word_1_451' title='bbox 2967 2679 3014 2724; x_wconf 83' lang='lat' dir='ltr'><strong>et</strong></span> <span class='ocrx_word' id='word_1_452' title='bbox 3046 2671 3249 2724; x_wconf 83' lang='lat' dir='ltr'><strong>videam</strong></span> <span class='ocrx_word' id='word_1_453' title='bbox 3273 2671 3708 2726; x_wconf 75' lang='lat' dir='ltr'><strong>delectatiomm</strong></span> <span class='ocrx_word' id='word_1_454' title='bbox 3729 2671 3915 2728; x_wconf 61' lang='lat' dir='ltr'><strong>Domini.</strong></span> 
     </span>
    </p>
   </div>
   <div class='ocr_carea' id='block_1_44' title="bbox 2307 2762 3915 2836">
    <p class='ocr_par' dir='ltr' id='par_1_44' title="bbox 2307 2762 3915 2836">
     <span class='ocr_line' id='line_1_44' title="bbox 2307 2762 3915 2836; baseline 0 -20"><span class='ocrx_word' id='word_1_455' title='bbox 2307 2775 2351 2816; x_wconf 79' lang='lat' dir='ltr'><strong>et</strong></span> <span class='ocrx_word' id='word_1_456' title='bbox 2383 2764 2697 2817; x_wconf 71' lang='lat' dir='ltr'><strong>considerem</strong></span> <span class='ocrx_word' id='word_1_457' title='bbox 2722 2765 2966 2831; x_wconf 82' lang='lat' dir='ltr'><strong>templum</strong></span> <span class='ocrx_word' id='word_1_458' title='bbox 3015 2765 3127 2832; x_wconf 74' lang='lat' dir='ltr'><strong>eius</strong></span> <span class='ocrx_word' id='word_1_459' title='bbox 3155 2764 3173 2834; x_wconf 92' lang='lat'>(</span> <span class='ocrx_word' id='word_1_460' title='bbox 3208 2762 3360 2819; x_wconf 79' lang='lat' dir='ltr'><strong>Psal.</strong></span> <span class='ocrx_word' id='word_1_461' title='bbox 3394 2781 3557 2831; x_wconf 74' lang='lat' dir='ltr'><strong>xui,</strong></span> <span class='ocrx_word' id='word_1_462' title='bbox 3597 2765 3639 2818; x_wconf 69' lang='grc'>4</span> <span class='ocrx_word' id='word_1_463' title='bbox 3664 2773 3706 2836; x_wconf 92' lang='grc'><strong>).</strong></span> <span class='ocrx_word' id='word_1_464' title='bbox 3745 2768 3797 2820; x_wconf 77' lang='lat' dir='ltr'><strong>Si</strong></span> <span class='ocrx_word' id='word_1_465' title='bbox 3835 2765 3915 2834; x_wconf 65' lang='lat' dir='ltr'><strong>quis</strong></span> 
     </span>
    </p>
   </div>
   <div class='ocr_carea' id='block_1_45' title="bbox 2309 2857 3913 2928">
    <p class='ocr_par' dir='ltr' id='par_1_45' title="bbox 2309 2857 3913 2928">
     <span class='ocr_line' id='line_1_45' title="bbox 2309 2857 3913 2928; baseline 0.001 -16"><span class='ocrx_word' id='word_1_466' title='bbox 2309 2859 2474 2925; x_wconf 82' lang='lat' dir='ltr'><strong>igitur</strong></span> <span class='ocrx_word' id='word_1_467' title='bbox 2508 2874 2699 2926; x_wconf 87' lang='lat' dir='ltr'><strong>pttrutn</strong></span> <span class='ocrx_word' id='word_1_468' title='bbox 2737 2858 2867 2912; x_wconf 88' lang='lat' dir='ltr'><strong>illud</strong></span> <span class='ocrx_word' id='word_1_469' title='bbox 2899 2900 2913 2924; x_wconf 89' lang='lat'><strong>,</strong></span> <span class='ocrx_word' id='word_1_470' title='bbox 2945 2869 2996 2911; x_wconf 83' lang='lat' dir='ltr'><strong>et</strong></span> <span class='ocrx_word' id='word_1_471' title='bbox 3031 2857 3421 2928; x_wconf 77' lang='lat' dir='ltr'><strong>incorporeum</strong></span> <span class='ocrx_word' id='word_1_472' title='bbox 3473 2878 3775 2915; x_wconf 85' lang='lat' dir='ltr'><strong>summum</strong></span> <span class='ocrx_word' id='word_1_473' title='bbox 3822 2863 3913 2915; x_wconf 68' lang='lat' dir='ltr'><strong>illud</strong></span> 
     </span>
    </p>
   </div>
   <div class='ocr_carea' id='block_1_46' title="bbox 2312 2952 3909 3025">
    <p class='ocr_par' dir='ltr' id='par_1_46' title="bbox 2312 2952 3909 3025">
     <span class='ocr_line' id='line_1_46' title="bbox 2312 2952 3909 3025; baseline 0.001 -20"><span class='ocrx_word' id='word_1_474' title='bbox 2312 2953 2496 3007; x_wconf 89' lang='lat' dir='ltr'><strong>videre</strong></span> <span class='ocrx_word' id='word_1_475' title='bbox 2523 2953 2808 3016; x_wconf 86' lang='lat' dir='ltr'><strong>meruerit,</strong></span> <span class='ocrx_word' id='word_1_476' title='bbox 2837 2952 2963 3022; x_wconf 91' lang='lat' dir='ltr'><strong>quid</strong></span> <span class='ocrx_word' id='word_1_477' title='bbox 2990 2953 3182 3006; x_wconf 78' lang='lat' dir='ltr'><strong>habent</strong></span> <span class='ocrx_word' id='word_1_478' title='bbox 3240 2955 3389 3007; x_wconf 87' lang='lat' dir='ltr'><strong>aliud</strong></span> <span class='ocrx_word' id='word_1_479' title='bbox 3420 2956 3584 3025; x_wconf 84' lang='lat' dir='ltr'><strong>quod</strong></span> <span class='ocrx_word' id='word_1_480' title='bbox 3623 2957 3909 3011; x_wconf 69' lang='lat' dir='ltr'><strong>dt‘sidt‘teli</strong></span> 
     </span>
    </p>
   </div>
   <div class='ocr_carea' id='block_1_47' title="bbox 2316 3046 3908 3116">
    <p class='ocr_par' dir='ltr' id='par_1_47' title="bbox 2316 3046 3908 3116">
     <span class='ocr_line' id='line_1_47' title="bbox 2316 3046 3908 3116; baseline 0.001 -17"><span class='ocrx_word' id='word_1_481' title='bbox 2316 3046 2558 3115; x_wconf 76' lang='lat' dir='ltr'><strong>Denique</strong></span> <span class='ocrx_word' id='word_1_482' title='bbox 2601 3046 2790 3100; x_wconf 80' lang='lat' dir='ltr'><strong>Petrus</strong></span> <span class='ocrx_word' id='word_1_483' title='bbox 2841 3051 2891 3098; x_wconf 89' lang='lat' dir='ltr'><strong>in</strong></span> <span class='ocrx_word' id='word_1_484' title='bbox 2977 3058 3160 3099; x_wconf 88' lang='lat' dir='ltr'><strong>monte</strong></span> <span class='ocrx_word' id='word_1_485' title='bbox 3209 3046 3444 3116; x_wconf 87' lang='lat' dir='ltr'><strong>gloriam</strong></span> <span class='ocrx_word' id='word_1_486' title='bbox 3512 3051 3908 3106; x_wconf 64' lang='lat' dir='ltr'><strong>resurtmtimis</strong></span> 
     </span>
    </p>
   </div>
   <div class='ocr_carea' id='block_1_48' title="bbox 2312 3139 3902 3206">
    <p class='ocr_par' dir='ltr' id='par_1_48' title="bbox 2312 3139 3902 3206">
     <span class='ocr_line' id='line_1_48' title="bbox 2312 3139 3902 3206; baseline 0.001 -11"><span class='ocrx_word' id='word_1_487' title='bbox 2312 3139 2515 3196; x_wconf 73' lang='lat' dir='ltr'><strong>Christi</strong></span> <span class='ocrx_word' id='word_1_488' title='bbox 2546 3141 2694 3206; x_wconf 82' lang='lat' dir='ltr'><strong>vidit,</strong></span> <span class='ocrx_word' id='word_1_489' title='bbox 2730 3151 2783 3196; x_wconf 89' lang='lat' dir='ltr'><strong>et</strong></span> <span class='ocrx_word' id='word_1_490' title='bbox 2811 3142 3026 3196; x_wconf 79' lang='lat' dir='ltr'><strong>nolebat</strong></span> <span class='ocrx_word' id='word_1_491' title='bbox 3052 3142 3398 3198; x_wconf 75' lang='lat' dir='ltr'><strong>descendere</strong></span> <span class='ocrx_word' id='word_1_492' title='bbox 3421 3144 3630 3201; x_wconf 77' lang='lat' dir='ltr'><strong>dicens</strong></span> <span class='ocrx_word' id='word_1_493' title='bbox 3663 3166 3677 3201; x_wconf 93' lang='lat'><strong>:</strong></span> <span class='ocrx_word' id='word_1_494' title='bbox 3709 3147 3902 3206; x_wconf 60' lang='lat' dir='ltr'><strong>Domiti},</strong></span> 
     </span>
    </p>
   </div>
   <div class='ocr_carea' id='block_1_49' title="bbox 603 3236 3903 3312">
    <p class='ocr_par' dir='ltr' id='par_1_49' title="bbox 603 3236 3903 3312">
     <span class='ocr_line' id='line_1_49' title="bbox 603 3236 3903 3312; baseline 0 -21"><span class='ocrx_word' id='word_1_495' title='bbox 603 3238 839 3302; x_wconf 88' lang='lat' dir='ltr'><strong>Domini,</strong></span> <span class='ocrx_word' id='word_1_496' title='bbox 863 3237 1076 3308; x_wconf 80' lang='lat' dir='ltr'><strong>eloquia</strong></span> <span class='ocrx_word' id='word_1_497' title='bbox 1106 3247 1289 3303; x_wconf 84' lang='lat' dir='ltr'><strong>casta,</strong></span> <span class='ocrx_word' id='word_1_498' title='bbox 1315 3245 1597 3308; x_wconf 85' lang='lat' dir='ltr'><strong>argentum</strong></span> <span class='ocrx_word' id='word_1_499' title='bbox 1632 3237 1756 3306; x_wconf 81' lang='lat' dir='ltr'><strong>igne</strong></span> <span class='ocrx_word' id='word_1_500' title='bbox 1811 3240 2198 3292; x_wconf 71' lang='lat' dir='ltr'><strong>examinatum.</strong></span> <span class='ocrx_word' id='word_1_501' title='bbox 2235 3242 2282 3307; x_wconf 73' lang='grc' dir='ltr'>ρ</span> <span class='ocrx_word' id='word_1_502' title='bbox 2313 3237 2499 3292; x_wconf 74' lang='lat' dir='ltr'><strong>bonum</strong></span> <span class='ocrx_word' id='word_1_503' title='bbox 2529 3249 2599 3291; x_wconf 68' lang='lat' dir='ltr'><strong>est</strong></span> <span class='ocrx_word' id='word_1_504' title='bbox 2633 3255 2724 3291; x_wconf 86' lang='lat' dir='ltr'><strong>nos</strong></span> <span class='ocrx_word' id='word_1_505' title='bbox 2756 3239 2838 3290; x_wconf 85' lang='lat' dir='ltr'><strong>hic</strong></span> <span class='ocrx_word' id='word_1_506' title='bbox 2869 3254 2977 3291; x_wconf 80' lang='lat' dir='ltr'><strong>esse</strong></span> <span class='ocrx_word' id='word_1_507' title='bbox 3019 3239 3035 3306; x_wconf 97' lang='lat'>(</span> <span class='ocrx_word' id='word_1_508' title='bbox 3069 3236 3259 3290; x_wconf 75' lang='lat' dir='ltr'><strong>Matth.</strong></span> <span class='ocrx_word' id='word_1_509' title='bbox 3295 3255 3404 3293; x_wconf 79' lang='lat' dir='ltr'><strong>xvu</strong></span> <span class='ocrx_word' id='word_1_510' title='bbox 3436 3283 3449 3305; x_wconf 90' lang='lat'><strong>,</strong></span> <span class='ocrx_word' id='word_1_511' title='bbox 3476 3241 3513 3295; x_wconf 78' lang='grc'><strong>4</strong></span> <span class='ocrx_word' id='word_1_512' title='bbox 3538 3237 3585 3310; x_wconf 85' lang='grc'><strong>).</strong></span> <span class='ocrx_word' id='word_1_513' title='bbox 3630 3242 3699 3296; x_wconf 83' lang='grc' dir='ltr'><strong>Ει</strong></span> <span class='ocrx_word' id='word_1_514' title='bbox 3750 3255 3903 3312; x_wconf 55' lang='lat' dir='ltr'><strong>qun-gn</strong></span> 
     </span>
    </p>
   </div>
   <div class='ocr_carea' id='block_1_50' title="bbox 599 3329 2207 3399">
    <p class='ocr_par' dir='ltr' id='par_1_50' title="bbox 599 3329 2207 3399">
     <span class='ocr_line' id='line_1_50' title="bbox 599 3329 2207 3399; baseline -0.001 -14"><span class='ocrx_word' id='word_1_515' title='bbox 599 3329 734 3385; x_wconf 88' lang='lat' dir='ltr'><strong>Cum</strong></span> <span class='ocrx_word' id='word_1_516' title='bbox 768 3331 968 3384; x_wconf 81' lang='lat' dir='ltr'><strong>Paulus</strong></span> <span class='ocrx_word' id='word_1_517' title='bbox 1005 3345 1222 3399; x_wconf 87' lang='lat' dir='ltr'><strong>quoque</strong></span> <span class='ocrx_word' id='word_1_518' title='bbox 1277 3340 1651 3384; x_wconf 85' lang='lat' dir='ltr'><strong>assumeretur</strong></span> <span class='ocrx_word' id='word_1_519' title='bbox 1708 3346 1734 3381; x_wconf 88' lang='lat' dir='ltr'><strong>a</strong></span> <span class='ocrx_word' id='word_1_520' title='bbox 1781 3329 1997 3385; x_wconf 83' lang='lat' dir='ltr'><strong>(.‘hristo</strong></span> <span class='ocrx_word' id='word_1_521' title='bbox 2023 3372 2037 3395; x_wconf 91' lang='lat'><strong>,</strong></span> <span class='ocrx_word' id='word_1_522' title='bbox 2072 3332 2207 3384; x_wconf 88' lang='lat' dir='ltr'><strong>vidit</strong></span> 
     </span>
    </p>
   </div>
   <div class='ocr_carea' id='block_1_51' title="bbox 600 3423 2205 3495">
    <p class='ocr_par' dir='ltr' id='par_1_51' title="bbox 600 3423 2205 3495">
     <span class='ocr_line' id='line_1_51' title="bbox 600 3423 2205 3495; baseline 0.001 -18"><span class='ocrx_word' id='word_1_523' title='bbox 600 3424 1036 3478; x_wconf 90' lang='lat' dir='ltr'><strong>circumfulsisse</strong></span> <span class='ocrx_word' id='word_1_524' title='bbox 1056 3440 1221 3492; x_wconf 87' lang='lat' dir='ltr'><strong>super</strong></span> <span class='ocrx_word' id='word_1_525' title='bbox 1251 3440 1310 3479; x_wconf 88' lang='lat' dir='ltr'><strong>se</strong></span> <span class='ocrx_word' id='word_1_526' title='bbox 1333 3425 1514 3478; x_wconf 90' lang='lat' dir='ltr'><strong>lumen</strong></span> <span class='ocrx_word' id='word_1_527' title='bbox 1551 3466 1565 3489; x_wconf 92' lang='lat'><strong>,</strong></span> <span class='ocrx_word' id='word_1_528' title='bbox 1599 3434 1653 3478; x_wconf 91' lang='lat' dir='ltr'><strong>et</strong></span> <span class='ocrx_word' id='word_1_529' title='bbox 1679 3439 1842 3493; x_wconf 84' lang='lat' dir='ltr'><strong>super</strong></span> <span class='ocrx_word' id='word_1_530' title='bbox 1871 3441 1963 3478; x_wconf 89' lang='lat' dir='ltr'><strong>eos</strong></span> <span class='ocrx_word' id='word_1_531' title='bbox 1991 3424 2081 3495; x_wconf 90' lang='lat' dir='ltr'><strong>qui</strong></span> <span class='ocrx_word' id='word_1_532' title='bbox 2129 3423 2205 3478; x_wconf 80' lang='lat' dir='ltr'><strong>si-</strong></span> 
     </span>
    </p>
   </div>
   <div class='ocr_carea' id='block_1_52' title="bbox 603 3515 2202 3586">
    <p class='ocr_par' dir='ltr' id='par_1_52' title="bbox 603 3515 2202 3586">
     <span class='ocr_line' id='line_1_52' title="bbox 603 3515 2202 3586; baseline -0.001 -16"><span class='ocrx_word' id='word_1_533' title='bbox 603 3518 713 3570; x_wconf 90' lang='lat' dir='ltr'><strong>mul</strong></span> <span class='ocrx_word' id='word_1_534' title='bbox 747 3527 924 3580; x_wconf 88' lang='lat' dir='ltr'><strong>erant,</strong></span> <span class='ocrx_word' id='word_1_535' title='bbox 945 3517 1146 3570; x_wconf 79' lang='lat' dir='ltr'><strong>cecidit</strong></span> <span class='ocrx_word' id='word_1_536' title='bbox 1172 3534 1198 3568; x_wconf 90' lang='lat' dir='ltr'><strong>a</strong></span> <span class='ocrx_word' id='word_1_537' title='bbox 1230 3531 1451 3586; x_wconf 80' lang='lat' dir='ltr'><strong>pavore,</strong></span> <span class='ocrx_word' id='word_1_538' title='bbox 1478 3527 1527 3570; x_wconf 90' lang='lat' dir='ltr'><strong>et</strong></span> <span class='ocrx_word' id='word_1_539' title='bbox 1554 3515 1838 3586; x_wconf 84' lang='lat' dir='ltr'><strong>probatior</strong></span> <span class='ocrx_word' id='word_1_540' title='bbox 1868 3531 2008 3570; x_wconf 72' lang='lat' dir='ltr'><strong>rusui</strong></span> <span class='ocrx_word' id='word_1_541' title='bbox 2027 3517 2160 3570; x_wconf 78' lang='lat' dir='ltr'><strong>rexit</strong></span> <span class='ocrx_word' id='word_1_542' title='bbox 2189 3533 2202 3568; x_wconf 87' lang='lat'><strong>:</strong></span> 
     </span>
    </p>
   </div>
   <div class='ocr_carea' id='block_1_53' title="bbox 603 3609 2206 3678">
    <p class='ocr_par' dir='ltr' id='par_1_53' title="bbox 603 3609 2206 3678">
     <span class='ocr_line' id='line_1_53' title="bbox 603 3609 2206 3678; baseline -0.001 -14"><span class='ocrx_word' id='word_1_543' title='bbox 603 3609 838 3678; x_wconf 70' lang='lat' dir='ltr'><strong>denique</strong></span> <span class='ocrx_word' id='word_1_544' title='bbox 861 3609 1145 3677; x_wconf 80' lang='lat' dir='ltr'><strong>apostolus</strong></span> <span class='ocrx_word' id='word_1_545' title='bbox 1175 3609 1348 3663; x_wconf 90' lang='lat' dir='ltr'><strong>lactus</strong></span> <span class='ocrx_word' id='word_1_546' title='bbox 1370 3617 1474 3672; x_wconf 72' lang='lat' dir='ltr'><strong>est,</strong></span> <span class='ocrx_word' id='word_1_547' title='bbox 1510 3609 1601 3677; x_wconf 89' lang='lat' dir='ltr'><strong>qui</strong></span> <span class='ocrx_word' id='word_1_548' title='bbox 1629 3621 1946 3676; x_wconf 69' lang='lat' dir='ltr'><strong>persecutor</strong></span> <span class='ocrx_word' id='word_1_549' title='bbox 1973 3609 2206 3662; x_wconf 81' lang='lat' dir='ltr'><strong>advene-</strong></span> 
     </span>
    </p>
   </div>
   <div class='ocr_carea' id='block_1_54' title="bbox 606 3703 2208 3774">
    <p class='ocr_par' dir='ltr' id='par_1_54' title="bbox 606 3703 2208 3774">
     <span class='ocr_line' id='line_1_54' title="bbox 606 3703 2208 3774; baseline -0.001 -16"><span class='ocrx_word' id='word_1_550' title='bbox 606 3715 709 3758; x_wconf 82' lang='lat' dir='ltr'><strong>rat.</strong></span> <span class='ocrx_word' id='word_1_551' title='bbox 744 3704 984 3774; x_wconf 77' lang='lat' dir='ltr'><strong>Spiritus</strong></span> <span class='ocrx_word' id='word_1_552' title='bbox 1013 3717 1231 3774; x_wconf 85' lang='lat' dir='ltr'><strong>quoque</strong></span> <span class='ocrx_word' id='word_1_553' title='bbox 1263 3714 1482 3757; x_wconf 79' lang='lat' dir='ltr'><strong>sanctus</strong></span> <span class='ocrx_word' id='word_1_554' title='bbox 1518 3703 1800 3758; x_wconf 78' lang='lat' dir='ltr'><strong>descendit</strong></span> <span class='ocrx_word' id='word_1_555' title='bbox 1831 3745 1845 3769; x_wconf 90' lang='lat'><strong>,</strong></span> <span class='ocrx_word' id='word_1_556' title='bbox 1878 3713 1933 3756; x_wconf 87' lang='lat' dir='ltr'><strong>et</strong></span> <span class='ocrx_word' id='word_1_557' title='bbox 1980 3704 2208 3772; x_wconf 68' lang='lat' dir='ltr'><strong>replevit</strong></span> 
     </span>
    </p>
   </div>
   <div class='ocr_carea' id='block_1_55' title="bbox 604 3795 2207 3868">
    <p class='ocr_par' dir='ltr' id='par_1_55' title="bbox 604 3795 2207 3868">
     <span class='ocr_line' id='line_1_55' title="bbox 604 3795 2207 3868; baseline -0.001 -15"><span class='ocrx_word' id='word_1_558' title='bbox 604 3810 774 3853; x_wconf 83' lang='lat' dir='ltr'><strong>totam</strong></span> <span class='ocrx_word' id='word_1_559' title='bbox 802 3799 1025 3854; x_wconf 88' lang='lat' dir='ltr'><strong>domum</strong></span> <span class='ocrx_word' id='word_1_560' title='bbox 1047 3800 1099 3854; x_wconf 90' lang='lat' dir='ltr'><strong>in</strong></span> <span class='ocrx_word' id='word_1_561' title='bbox 1132 3814 1237 3868; x_wconf 82' lang='lat' dir='ltr'><strong>qua</strong></span> <span class='ocrx_word' id='word_1_562' title='bbox 1263 3806 1417 3853; x_wconf 84' lang='lat' dir='ltr'><strong>erant</strong></span> <span class='ocrx_word' id='word_1_563' title='bbox 1447 3795 1658 3866; x_wconf 91' lang='lat' dir='ltr'><strong>plurimi</strong></span> <span class='ocrx_word' id='word_1_564' title='bbox 1683 3797 1966 3860; x_wconf 85' lang='lat' dir='ltr'><strong>sedentes,</strong></span> <span class='ocrx_word' id='word_1_565' title='bbox 2000 3808 2053 3850; x_wconf 90' lang='lat' dir='ltr'><strong>et</strong></span> <span class='ocrx_word' id='word_1_566' title='bbox 2077 3798 2207 3851; x_wconf 70' lang='lat' dir='ltr'><strong>viste</strong></span> 
     </span>
    </p>
   </div>
   <div class='ocr_carea' id='block_1_56' title="bbox 603 3890 2208 3964">
    <p class='ocr_par' dir='ltr' id='par_1_56' title="bbox 603 3890 2208 3964">
     <span class='ocr_line' id='line_1_56' title="bbox 603 3890 2208 3964; baseline -0.002 -16"><span class='ocrx_word' id='word_1_567' title='bbox 603 3908 726 3948; x_wconf 91' lang='lat' dir='ltr'><strong>sunt</strong></span> <span class='ocrx_word' id='word_1_568' title='bbox 758 3894 1056 3963; x_wconf 66' lang='lat' dir='ltr'><strong>dispertita:</strong></span> <span class='ocrx_word' id='word_1_569' title='bbox 1095 3895 1291 3964; x_wconf 77' lang='lat' dir='ltr'><strong>lingua:</strong></span> <span class='ocrx_word' id='word_1_570' title='bbox 1342 3900 1614 3960; x_wconf 86' lang='lat' dir='ltr'><strong>tamquam</strong></span> <span class='ocrx_word' id='word_1_571' title='bbox 1678 3890 1835 3961; x_wconf 88' lang='lat' dir='ltr'><strong>ignis.</strong></span> <span class='ocrx_word' id='word_1_572' title='bbox 1892 3891 2054 3944; x_wconf 76' lang='lat' dir='ltr'><strong>Bona:</strong></span> <span class='ocrx_word' id='word_1_573' title='bbox 2107 3890 2208 3945; x_wconf 60' lang='lat' dir='ltr'><strong>alat</strong></span> 
     </span>
    </p>
   </div>
   <div class='ocr_carea' id='block_1_57' title="bbox 602 3987 2208 4059">
    <p class='ocr_par' dir='ltr' id='par_1_57' title="bbox 602 3987 2208 4059">
     <span class='ocr_line' id='line_1_57' title="bbox 602 3987 2208 4059; baseline -0.002 -17"><span class='ocrx_word' id='word_1_574' title='bbox 602 3987 906 4053; x_wconf 71' lang='lat' dir='ltr'><strong>charitatis,</strong></span> <span class='ocrx_word' id='word_1_575' title='bbox 933 4003 1076 4043; x_wconf 69' lang='lat' dir='ltr'><strong>verm</strong></span> <span class='ocrx_word' id='word_1_576' title='bbox 1107 3989 1208 4042; x_wconf 65' lang='lat' dir='ltr'><strong>alm</strong></span> <span class='ocrx_word' id='word_1_577' title='bbox 1239 4003 1359 4059; x_wconf 71' lang='lat' dir='ltr'><strong>qua:</strong></span> <span class='ocrx_word' id='word_1_578' title='bbox 1387 3987 1686 4040; x_wconf 88' lang='lat' dir='ltr'><strong>volitabant</strong></span> <span class='ocrx_word' id='word_1_579' title='bbox 1715 3996 1740 4022; x_wconf 75' lang='grc' dir='ltr'><strong>ιι</strong></span> <span class='ocrx_word' id='word_1_580' title='bbox 1773 4002 1868 4056; x_wconf 88' lang='lat' dir='ltr'><strong>per</strong></span> <span class='ocrx_word' id='word_1_581' title='bbox 1891 4001 1984 4041; x_wconf 88' lang='lat' dir='ltr'><strong>ora</strong></span> <span class='ocrx_word' id='word_1_582' title='bbox 2047 4001 2208 4056; x_wconf 88' lang='lat' dir='ltr'><strong>apos-</strong></span> 
     </span>
    </p>
   </div>
   <div class='ocr_carea' id='block_1_58' title="bbox 603 4077 2210 4150">
    <p class='ocr_par' dir='ltr' id='par_1_58' title="bbox 603 4077 2210 4150">
     <span class='ocr_line' id='line_1_58' title="bbox 603 4077 2210 4150; baseline -0.004 -15"><span class='ocrx_word' id='word_1_583' title='bbox 603 4081 863 4145; x_wconf 76' lang='lat' dir='ltr'><strong>tulontttt,</strong></span> <span class='ocrx_word' id='word_1_584' title='bbox 895 4093 949 4136; x_wconf 88' lang='lat' dir='ltr'><strong>et</strong></span> <span class='ocrx_word' id='word_1_585' title='bbox 978 4082 1078 4135; x_wconf 70' lang='lat' dir='ltr'><strong>alae</strong></span> <span class='ocrx_word' id='word_1_586' title='bbox 1107 4081 1246 4150; x_wconf 85' lang='lat' dir='ltr'><strong>ignis</strong></span> <span class='ocrx_word' id='word_1_587' title='bbox 1289 4094 1410 4148; x_wconf 68' lang='lat' dir='ltr'><strong>qum</strong></span> <span class='ocrx_word' id='word_1_588' title='bbox 1446 4088 1730 4150; x_wconf 87' lang='lat' dir='ltr'><strong>purgatum</strong></span> <span class='ocrx_word' id='word_1_589' title='bbox 1785 4093 2096 4134; x_wconf 84' lang='lat' dir='ltr'><strong>sermonem</strong></span> <span class='ocrx_word' id='word_1_590' title='bbox 2129 4077 2210 4130; x_wconf 89' lang='lat' dir='ltr'><strong>lu-</strong></span> 
     </span>
    </p>
   </div>
   <div class='ocr_carea' id='block_1_59' title="bbox 605 4173 2203 4244">
    <p class='ocr_par' dir='ltr' id='par_1_59' title="bbox 605 4173 2203 4244">
     <span class='ocr_line' id='line_1_59' title="bbox 605 4173 2203 4244; baseline -0.001 -18"><span class='ocrx_word' id='word_1_591' title='bbox 605 4177 932 4243; x_wconf 76' lang='lat' dir='ltr'><strong>queliaotur.</strong></span> <span class='ocrx_word' id='word_1_592' title='bbox 965 4175 1059 4228; x_wconf 78' lang='lat' dir='ltr'><strong>llis</strong></span> <span class='ocrx_word' id='word_1_593' title='bbox 1089 4177 1187 4229; x_wconf 88' lang='lat' dir='ltr'><strong>alis</strong></span> <span class='ocrx_word' id='word_1_594' title='bbox 1214 4174 1447 4228; x_wconf 82' lang='lat' dir='ltr'><strong>evolavit</strong></span> <span class='ocrx_word' id='word_1_595' title='bbox 1473 4173 1661 4227; x_wconf 81' lang='lat' dir='ltr'><strong>Enocb</strong></span> <span class='ocrx_word' id='word_1_596' title='bbox 1685 4181 1872 4244; x_wconf 84' lang='lat' dir='ltr'><strong>raptus</strong></span> <span class='ocrx_word' id='word_1_597' title='bbox 1894 4173 1958 4228; x_wconf 77' lang='lat' dir='ltr'><strong>ad</strong></span> <span class='ocrx_word' id='word_1_598' title='bbox 1982 4175 2203 4229; x_wconf 76' lang='lat' dir='ltr'><strong>cmlum.</strong></span> 
     </span>
    </p>
   </div>
   <div class='ocr_carea' id='block_1_60' title="bbox 609 4265 2209 4338">
    <p class='ocr_par' dir='ltr' id='par_1_60' title="bbox 609 4265 2209 4338">
     <span class='ocr_line' id='line_1_60' title="bbox 609 4265 2209 4338; baseline 0.002 -19"><span class='ocrx_word' id='word_1_599' title='bbox 609 4266 704 4320; x_wconf 88' lang='lat' dir='ltr'><strong>llis</strong></span> <span class='ocrx_word' id='word_1_600' title='bbox 743 4265 845 4319; x_wconf 90' lang='lat' dir='ltr'><strong>alis</strong></span> <span class='ocrx_word' id='word_1_601' title='bbox 887 4267 1126 4320; x_wconf 87' lang='lat' dir='ltr'><strong>evolavit</strong></span> <span class='ocrx_word' id='word_1_602' title='bbox 1170 4267 1316 4321; x_wconf 81' lang='lat' dir='ltr'><strong>Elias</strong></span> <span class='ocrx_word' id='word_1_603' title='bbox 1353 4282 1516 4320; x_wconf 87' lang='lat' dir='ltr'><strong>curro</strong></span> <span class='ocrx_word' id='word_1_604' title='bbox 1556 4267 1812 4334; x_wconf 87' lang='lat' dir='ltr'><strong>igneo,et</strong></span> <span class='ocrx_word' id='word_1_605' title='bbox 1853 4270 2006 4337; x_wconf 89' lang='lat' dir='ltr'><strong>equis</strong></span> <span class='ocrx_word' id='word_1_606' title='bbox 2035 4267 2209 4338; x_wconf 83' lang='lat' dir='ltr'><strong>igneis</strong></span> 
     </span>
    </p>
   </div>
   <div class='ocr_carea' id='block_1_61' title="bbox 609 4356 2210 4428">
    <p class='ocr_par' dir='ltr' id='par_1_61' title="bbox 609 4356 2210 4428">
     <span class='ocr_line' id='line_1_61' title="bbox 609 4356 2210 4428; baseline 0.002 -18"><span class='ocrx_word' id='word_1_607' title='bbox 609 4356 675 4411; x_wconf 90' lang='lat' dir='ltr'><strong>ad</strong></span> <span class='ocrx_word' id='word_1_608' title='bbox 700 4372 931 4427; x_wconf 87' lang='lat' dir='ltr'><strong>superna</strong></span> <span class='ocrx_word' id='word_1_609' title='bbox 958 4357 1277 4411; x_wconf 86' lang='lat' dir='ltr'><strong>translatus.</strong></span> <span class='ocrx_word' id='word_1_610' title='bbox 1327 4356 1418 4411; x_wconf 86' lang='lat' dir='ltr'><strong>His</strong></span> <span class='ocrx_word' id='word_1_611' title='bbox 1466 4356 1568 4409; x_wconf 87' lang='lat' dir='ltr'><strong>alis</strong></span> <span class='ocrx_word' id='word_1_612' title='bbox 1618 4357 1882 4410; x_wconf 89' lang='lat' dir='ltr'><strong>Dominus</strong></span> <span class='ocrx_word' id='word_1_613' title='bbox 1938 4359 2081 4413; x_wconf 90' lang='lat' dir='ltr'><strong>Dens</strong></span> <span class='ocrx_word' id='word_1_614' title='bbox 2113 4374 2210 4428; x_wconf 85' lang='lat' dir='ltr'><strong>per</strong></span> 
     </span>
    </p>
   </div>
   <div class='ocr_carea' id='block_1_62' title="bbox 609 4448 2208 4523">
    <p class='ocr_par' dir='ltr' id='par_1_62' title="bbox 609 4448 2208 4523">
     <span class='ocr_line' id='line_1_62' title="bbox 609 4448 2208 4523; baseline -0.001 -17"><span class='ocrx_word' id='word_1_615' title='bbox 609 4452 920 4506; x_wconf 81' lang='lat' dir='ltr'><strong>columnam</strong></span> <span class='ocrx_word' id='word_1_616' title='bbox 943 4451 1082 4518; x_wconf 87' lang='lat' dir='ltr'><strong>ignis</strong></span> <span class='ocrx_word' id='word_1_617' title='bbox 1110 4449 1410 4523; x_wconf 61' lang='lat' dir='ltr'><strong>deducebat</strong></span> <span class='ocrx_word' id='word_1_618' title='bbox 1438 4448 1658 4502; x_wconf 77' lang='lat' dir='ltr'><strong>Patrum</strong></span> <span class='ocrx_word' id='word_1_619' title='bbox 1691 4449 1920 4518; x_wconf 75' lang='lat' dir='ltr'><strong>plebem.</strong></span> <span class='ocrx_word' id='word_1_620' title='bbox 1959 4450 2067 4506; x_wconf 78' lang='lat' dir='ltr'><strong>llas</strong></span> <span class='ocrx_word' id='word_1_621' title='bbox 2094 4451 2208 4504; x_wconf 86' lang='lat' dir='ltr'><strong>alas</strong></span> 
     </span>
    </p>
   </div>
   <div class='ocr_carea' id='block_1_63' title="bbox 613 4541 2208 4614">
    <p class='ocr_par' dir='ltr' id='par_1_63' title="bbox 613 4541 2208 4614">
     <span class='ocr_line' id='line_1_63' title="bbox 613 4541 2208 4614; baseline -0.002 -15"><span class='ocrx_word' id='word_1_622' title='bbox 613 4543 801 4599; x_wconf 83' lang='lat' dir='ltr'><strong>habuit</strong></span> <span class='ocrx_word' id='word_1_623' title='bbox 827 4543 1115 4614; x_wconf 85' lang='lat' dir='ltr'><strong>Seraphim</strong></span> <span class='ocrx_word' id='word_1_624' title='bbox 1150 4584 1162 4606; x_wconf 86' lang='lat'><strong>,</strong></span> <span class='ocrx_word' id='word_1_625' title='bbox 1188 4542 1408 4614; x_wconf 88' lang='lat' dir='ltr'><strong>quando</strong></span> <span class='ocrx_word' id='word_1_626' title='bbox 1453 4541 1686 4611; x_wconf 84' lang='lat' dir='ltr'><strong>sumpsit</strong></span> <span class='ocrx_word' id='word_1_627' title='bbox 1729 4541 2020 4597; x_wconf 88' lang='lat' dir='ltr'><strong>carbonem</strong></span> <span class='ocrx_word' id='word_1_628' title='bbox 2069 4543 2208 4613; x_wconf 84' lang='lat' dir='ltr'><strong>ignis</strong></span> 
     </span>
    </p>
   </div>
   <div class='ocr_carea' id='block_1_64' title="bbox 2315 3331 3902 3403">
    <p class='ocr_par' dir='ltr' id='par_1_64' title="bbox 2315 3331 3902 3403">
     <span class='ocr_line' id='line_1_64' title="bbox 2315 3331 3902 3403; baseline 0 -18"><span class='ocrx_word' id='word_1_629' title='bbox 2315 3333 2791 3402; x_wconf 79' lang='lat' dir='ltr'><strong>ineomparaliilior</strong></span> <span class='ocrx_word' id='word_1_630' title='bbox 2818 3341 2899 3386; x_wconf 75' lang='lat' dir='ltr'><strong>est</strong></span> <span class='ocrx_word' id='word_1_631' title='bbox 2931 3331 3016 3385; x_wconf 83' lang='lat' dir='ltr'><strong>illa</strong></span> <span class='ocrx_word' id='word_1_632' title='bbox 3031 3333 3337 3386; x_wconf 71' lang='lat' dir='ltr'><strong>divinitatis</strong></span> <span class='ocrx_word' id='word_1_633' title='bbox 3364 3333 3566 3403; x_wconf 87' lang='lat' dir='ltr'><strong>gl0ria,</strong></span> <span class='ocrx_word' id='word_1_634' title='bbox 3596 3348 3655 3389; x_wconf 82' lang='lat' dir='ltr'><strong>et</strong></span> <span class='ocrx_word' id='word_1_635' title='bbox 3682 3338 3771 3390; x_wconf 77' lang='lat' dir='ltr'><strong>lux</strong></span> <span class='ocrx_word' id='word_1_636' title='bbox 3798 3339 3836 3389; x_wconf 84' lang='lat' dir='ltr'><strong>in</strong></span> <span class='ocrx_word' id='word_1_637' title='bbox 3855 3353 3902 3385; x_wconf 68' lang='grc' dir='ltr'><strong>ες-</strong></span> 
     </span>
    </p>
   </div>
   <div class='ocr_carea' id='block_1_65' title="bbox 2312 3424 3900 3494">
    <p class='ocr_par' dir='ltr' id='par_1_65' title="bbox 2312 3424 3900 3494">
     <span class='ocr_line' id='line_1_65' title="bbox 2312 3424 3900 3494; baseline -0.001 -14"><span class='ocrx_word' id='word_1_638' title='bbox 2312 3425 2606 3490; x_wconf 63' lang='grc' dir='ltr'><strong>οσιδείιιίιὶδ,</strong></span> <span class='ocrx_word' id='word_1_639' title='bbox 2639 3441 2798 3494; x_wconf 87' lang='lat' dir='ltr'><strong>quam</strong></span> <span class='ocrx_word' id='word_1_640' title='bbox 2828 3426 2869 3478; x_wconf 88' lang='lat' dir='ltr'><strong>si</strong></span> <span class='ocrx_word' id='word_1_641' title='bbox 2904 3425 3020 3493; x_wconf 86' lang='lat' dir='ltr'><strong>quis</strong></span> <span class='ocrx_word' id='word_1_642' title='bbox 3049 3424 3269 3489; x_wconf 83' lang='lat' dir='ltr'><strong>viderit,</strong></span> <span class='ocrx_word' id='word_1_643' title='bbox 3301 3426 3432 3494; x_wconf 88' lang='lat' dir='ltr'><strong>qttid</strong></span> <span class='ocrx_word' id='word_1_644' title='bbox 3464 3427 3622 3480; x_wconf 85' lang='lat' dir='ltr'><strong>aliud</strong></span> <span class='ocrx_word' id='word_1_645' title='bbox 3653 3430 3900 3492; x_wconf 57' lang='lat' dir='ltr'><strong>conreps-</strong></span> 
     </span>
    </p>
   </div>
   <div class='ocr_carea' id='block_1_66' title="bbox 2310 3516 3896 3590">
    <p class='ocr_par' dir='ltr' id='par_1_66' title="bbox 2310 3516 3896 3590">
     <span class='ocr_line' id='line_1_66' title="bbox 2310 3516 3896 3590; baseline -0.002 -19"><span class='ocrx_word' id='word_1_646' title='bbox 2310 3528 2394 3572; x_wconf 83' lang='lat' dir='ltr'><strong>cat</strong></span> <span class='ocrx_word' id='word_1_647' title='bbox 2421 3519 2443 3570; x_wconf 69' lang='grc' dir='ltr'><strong><em>ἲ</em></strong></span> <span class='ocrx_word' id='word_1_648' title='bbox 2474 3517 2586 3571; x_wconf 84' lang='lat' dir='ltr'><strong>Non</strong></span> <span class='ocrx_word' id='word_1_649' title='bbox 2619 3533 2805 3586; x_wconf 71' lang='lat' dir='ltr'><strong>regna,</strong></span> <span class='ocrx_word' id='word_1_650' title='bbox 2843 3533 2946 3570; x_wconf 91' lang='lat' dir='ltr'><strong>uou</strong></span> <span class='ocrx_word' id='word_1_651' title='bbox 2983 3516 3292 3576; x_wconf 60' lang='lat' dir='ltr'><strong>facultates.</strong></span> <span class='ocrx_word' id='word_1_652' title='bbox 3326 3519 3571 3574; x_wconf 67' lang='lat' dir='ltr'><strong>honores</strong></span> <span class='ocrx_word' id='word_1_653' title='bbox 3605 3561 3622 3584; x_wconf 83' lang='grc'><em>,</em></span> <span class='ocrx_word' id='word_1_654' title='bbox 3657 3522 3816 3590; x_wconf 77' lang='lat' dir='ltr'><strong>gloria</strong></span> <span class='ocrx_word' id='word_1_655' title='bbox 3837 3543 3856 3568; x_wconf 78' lang='lat'><strong>.-:</strong></span> <span class='ocrx_word' id='word_1_656' title='bbox 3887 3563 3896 3579; x_wconf 86' lang='grc'><em>,</em></span> 
     </span>
    </p>
   </div>
   <div class='ocr_carea' id='block_1_67' title="bbox 2314 3611 3899 3681">
    <p class='ocr_par' dir='ltr' id='par_1_67' title="bbox 2314 3611 3899 3681">
     <span class='ocr_line' id='line_1_67' title="bbox 2314 3611 3899 3681; baseline 0.001 -19"><span class='ocrx_word' id='word_1_657' title='bbox 2314 3621 2633 3681; x_wconf 74' lang='lat' dir='ltr'><strong>poteStates.</strong></span> <span class='ocrx_word' id='word_1_658' title='bbox 2672 3612 2784 3666; x_wconf 84' lang='lat' dir='ltr'><strong>lilis</strong></span> <span class='ocrx_word' id='word_1_659' title='bbox 2808 3614 2950 3665; x_wconf 89' lang='lat' dir='ltr'><strong>enim</strong></span> <span class='ocrx_word' id='word_1_660' title='bbox 2975 3612 3048 3665; x_wconf 90' lang='lat' dir='ltr'><strong>uti</strong></span> <span class='ocrx_word' id='word_1_661' title='bbox 3094 3611 3225 3664; x_wconf 84' lang='lat' dir='ltr'><strong>nihil</strong></span> <span class='ocrx_word' id='word_1_662' title='bbox 3262 3613 3631 3668; x_wconf 83' lang='lat' dir='ltr'><strong>beatitudinis</strong></span> <span class='ocrx_word' id='word_1_663' title='bbox 3683 3627 3797 3674; x_wconf 60' lang='grc' dir='ltr'><strong>εει,</strong></span> <span class='ocrx_word' id='word_1_664' title='bbox 3827 3615 3899 3665; x_wconf 70' lang='lat' dir='ltr'><strong>huc</strong></span> 
     </span>
    </p>
   </div>
   <div class='ocr_carea' id='block_1_68' title="bbox 2314 3708 3897 3776">
    <p class='ocr_par' dir='ltr' id='par_1_68' title="bbox 2314 3708 3897 3776">
     <span class='ocr_line' id='line_1_68' title="bbox 2314 3708 3897 3776; baseline -0.001 -14"><span class='ocrx_word' id='word_1_665' title='bbox 2314 3711 2388 3763; x_wconf 90' lang='lat' dir='ltr'><strong>uti</strong></span> <span class='ocrx_word' id='word_1_666' title='bbox 2419 3710 2633 3764; x_wconf 83' lang='lat' dir='ltr'><strong>beatum</strong></span> <span class='ocrx_word' id='word_1_667' title='bbox 2663 3717 2776 3773; x_wconf 70' lang='lat' dir='ltr'><strong>est;</strong></span> <span class='ocrx_word' id='word_1_668' title='bbox 2807 3719 2856 3761; x_wconf 92' lang='lat' dir='ltr'><strong>ut</strong></span> <span class='ocrx_word' id='word_1_669' title='bbox 2889 3708 2974 3762; x_wconf 84' lang='lat' dir='ltr'><strong>illa</strong></span> <span class='ocrx_word' id='word_1_670' title='bbox 2996 3708 3331 3776; x_wconf 78' lang='lat' dir='ltr'><strong>deSpieieus,</strong></span> <span class='ocrx_word' id='word_1_671' title='bbox 3360 3709 3427 3762; x_wconf 91' lang='lat' dir='ltr'><strong>ad</strong></span> <span class='ocrx_word' id='word_1_672' title='bbox 3472 3710 3579 3764; x_wconf 88' lang='lat' dir='ltr'><strong>hoc</strong></span> <span class='ocrx_word' id='word_1_673' title='bbox 3638 3725 3897 3765; x_wconf 46' lang='lat' dir='ltr'><strong>conversos</strong></span> 
     </span>
    </p>
   </div>
   <div class='ocr_carea' id='block_1_69' title="bbox 2312 3799 3897 3873">
    <p class='ocr_par' dir='ltr' id='par_1_69' title="bbox 2312 3799 3897 3873">
     <span class='ocr_line' id='line_1_69' title="bbox 2312 3799 3897 3873; baseline -0.003 -19"><span class='ocrx_word' id='word_1_674' title='bbox 2312 3812 2546 3855; x_wconf 79' lang='lat' dir='ltr'><strong>maneat.</strong></span> <span class='ocrx_word' id='word_1_675' title='bbox 2586 3802 2732 3855; x_wconf 89' lang='lat' dir='ltr'><strong>llauc</strong></span> <span class='ocrx_word' id='word_1_676' title='bbox 2758 3802 2919 3869; x_wconf 82' lang='lat' dir='ltr'><strong>igitur</strong></span> <span class='ocrx_word' id='word_1_677' title='bbox 2947 3799 3134 3854; x_wconf 82' lang='lat' dir='ltr'><strong>videns</strong></span> <span class='ocrx_word' id='word_1_678' title='bbox 3169 3801 3459 3868; x_wconf 71' lang='lat' dir='ltr'><strong>pulchram</strong></span> <span class='ocrx_word' id='word_1_679' title='bbox 3497 3804 3787 3873; x_wconf 80' lang='lat' dir='ltr'><strong>imaginem</strong></span> <span class='ocrx_word' id='word_1_680' title='bbox 3837 3803 3897 3852; x_wconf 82' lang='lat' dir='ltr'><strong>in-</strong></span> 
     </span>
    </p>
   </div>
   <div class='ocr_carea' id='block_1_70' title="bbox 2310 3895 3894 3967">
    <p class='ocr_par' dir='ltr' id='par_1_70' title="bbox 2310 3895 3894 3967">
     <span class='ocr_line' id='line_1_70' title="bbox 2310 3895 3894 3967; baseline -0.003 -17"><span class='ocrx_word' id='word_1_681' title='bbox 2310 3895 2590 3966; x_wconf 83' lang='lat' dir='ltr'><strong>grediatur</strong></span> <span class='ocrx_word' id='word_1_682' title='bbox 2613 3896 2778 3959; x_wconf 84' lang='lat' dir='ltr'><strong>intus,</strong></span> <span class='ocrx_word' id='word_1_683' title='bbox 2803 3895 2932 3949; x_wconf 85' lang='lat' dir='ltr'><strong>foris</strong></span> <span class='ocrx_word' id='word_1_684' title='bbox 2955 3895 3225 3963; x_wconf 80' lang='lat' dir='ltr'><strong>relinquat</strong></span> <span class='ocrx_word' id='word_1_685' title='bbox 3258 3898 3470 3950; x_wconf 87' lang='lat' dir='ltr'><strong>vultum</strong></span> <span class='ocrx_word' id='word_1_686' title='bbox 3496 3900 3769 3967; x_wconf 86' lang='lat' dir='ltr'><strong>corpOris.</strong></span> <span class='ocrx_word' id='word_1_687' title='bbox 3795 3897 3894 3948; x_wconf 62' lang='lat' dir='ltr'><strong>Nam</strong></span> 
     </span>
    </p>
   </div>
   <div class='ocr_carea' id='block_1_71' title="bbox 2314 3985 3892 4058">
    <p class='ocr_par' dir='ltr' id='par_1_71' title="bbox 2314 3985 3892 4058">
     <span class='ocr_line' id='line_1_71' title="bbox 2314 3985 3892 4058; baseline 0.003 -19"><span class='ocrx_word' id='word_1_688' title='bbox 2314 3990 2402 4058; x_wconf 89' lang='lat' dir='ltr'><strong>qui</strong></span> <span class='ocrx_word' id='word_1_689' title='bbox 2437 3987 2677 4042; x_wconf 87' lang='lat' dir='ltr'><strong>intuetur</strong></span> <span class='ocrx_word' id='word_1_690' title='bbox 2703 4002 2956 4056; x_wconf 86' lang='lat' dir='ltr'><strong>corpora,</strong></span> <span class='ocrx_word' id='word_1_691' title='bbox 3002 4003 3106 4040; x_wconf 90' lang='lat' dir='ltr'><strong>non</strong></span> <span class='ocrx_word' id='word_1_692' title='bbox 3137 3985 3306 4041; x_wconf 89' lang='lat' dir='ltr'><strong>debet</strong></span> <span class='ocrx_word' id='word_1_693' title='bbox 3337 3989 3642 4043; x_wconf 81' lang='lat' dir='ltr'><strong>introrsum</strong></span> <span class='ocrx_word' id='word_1_694' title='bbox 3681 3988 3892 4043; x_wconf 58' lang='lat' dir='ltr'><strong>intuesi:</strong></span> 
     </span>
    </p>
   </div>
   <div class='ocr_carea' id='block_1_72' title="bbox 2315 4081 3895 4152">
    <p class='ocr_par' dir='ltr' id='par_1_72' title="bbox 2315 4081 3895 4152">
     <span class='ocr_line' id='line_1_72' title="bbox 2315 4081 3895 4152; baseline -0.003 -16"><span class='ocrx_word' id='word_1_695' title='bbox 2315 4098 2556 4136; x_wconf 89' lang='lat' dir='ltr'><strong>nemore</strong></span> <span class='ocrx_word' id='word_1_696' title='bbox 2593 4082 2889 4151; x_wconf 76' lang='lat' dir='ltr'><strong>mergentis</strong></span> <span class='ocrx_word' id='word_1_697' title='bbox 2929 4081 2980 4134; x_wconf 91' lang='lat' dir='ltr'><strong>in</strong></span> <span class='ocrx_word' id='word_1_698' title='bbox 3006 4083 3222 4150; x_wconf 89' lang='lat' dir='ltr'><strong>gurgite</strong></span> <span class='ocrx_word' id='word_1_699' title='bbox 3267 4084 3520 4151; x_wconf 86' lang='lat' dir='ltr'><strong>rapiatur</strong></span> <span class='ocrx_word' id='word_1_700' title='bbox 3542 4095 3705 4152; x_wconf 77' lang='lat' dir='ltr'><strong>atque</strong></span> <span class='ocrx_word' id='word_1_701' title='bbox 3742 4084 3895 4136; x_wconf 79' lang='lat' dir='ltr'><strong>absor-</strong></span> 
     </span>
    </p>
   </div>
   <div class='ocr_carea' id='block_1_73' title="bbox 2314 4174 3894 4244">
    <p class='ocr_par' dir='ltr' id='par_1_73' title="bbox 2314 4174 3894 4244">
     <span class='ocr_line' id='line_1_73' title="bbox 2314 4174 3894 4244; baseline -0.003 -14"><span class='ocrx_word' id='word_1_702' title='bbox 2314 4175 2526 4238; x_wconf 86' lang='lat' dir='ltr'><strong>beatur,</strong></span> <span class='ocrx_word' id='word_1_703' title='bbox 2558 4175 2789 4244; x_wconf 86' lang='lat' dir='ltr'><strong>etquasi</strong></span> <span class='ocrx_word' id='word_1_704' title='bbox 2822 4178 2871 4228; x_wconf 93' lang='lat' dir='ltr'><strong>in</strong></span> <span class='ocrx_word' id='word_1_705' title='bbox 2923 4174 3254 4244; x_wconf 90' lang='lat' dir='ltr'><strong>profumlum</strong></span> <span class='ocrx_word' id='word_1_706' title='bbox 3313 4175 3609 4230; x_wconf 81' lang='lat' dir='ltr'><strong>demersus</strong></span> <span class='ocrx_word' id='word_1_707' title='bbox 3667 4188 3894 4243; x_wconf 77' lang='lat' dir='ltr'><strong>nusquam</strong></span> 
     </span>
    </p>
   </div>
   <div class='ocr_carea' id='block_1_74' title="bbox 2314 4265 3893 4338">
    <p class='ocr_par' dir='ltr' id='par_1_74' title="bbox 2314 4265 3893 4338">
     <span class='ocr_line' id='line_1_74' title="bbox 2314 4265 3893 4338; baseline -0.003 -18"><span class='ocrx_word' id='word_1_708' title='bbox 2314 4277 2592 4338; x_wconf 86' lang='lat' dir='ltr'><strong>appareat.</strong></span> <span class='ocrx_word' id='word_1_709' title='bbox 2625 4267 2919 4337; x_wconf 85' lang='lat' dir='ltr'><strong>Fugiamus</strong></span> <span class='ocrx_word' id='word_1_710' title='bbox 2947 4281 3078 4336; x_wconf 83' lang='lat' dir='ltr'><strong>ergo</strong></span> <span class='ocrx_word' id='word_1_711' title='bbox 3106 4266 3159 4318; x_wconf 92' lang='lat' dir='ltr'><strong>in</strong></span> <span class='ocrx_word' id='word_1_712' title='bbox 3186 4267 3421 4333; x_wconf 84' lang='lat' dir='ltr'><strong>patriam</strong></span> <span class='ocrx_word' id='word_1_713' title='bbox 3456 4268 3809 4322; x_wconf 79' lang='lat' dir='ltr'><strong>verissimam.</strong></span> <span class='ocrx_word' id='word_1_714' title='bbox 3841 4265 3893 4318; x_wconf 84' lang='lat' dir='ltr'><strong>ll-</strong></span> 
     </span>
    </p>
   </div>
   <div class='ocr_carea' id='block_1_75' title="bbox 2315 4357 3892 4429">
    <p class='ocr_par' dir='ltr' id='par_1_75' title="bbox 2315 4357 3892 4429">
     <span class='ocr_line' id='line_1_75' title="bbox 2315 4357 3892 4429; baseline -0.003 -15"><span class='ocrx_word' id='word_1_715' title='bbox 2315 4361 2384 4416; x_wconf 89' lang='lat' dir='ltr'><strong>lie</strong></span> <span class='ocrx_word' id='word_1_716' title='bbox 2417 4361 2584 4428; x_wconf 83' lang='lat' dir='ltr'><strong>patria</strong></span> <span class='ocrx_word' id='word_1_717' title='bbox 2616 4362 2792 4427; x_wconf 87' lang='lat' dir='ltr'><strong>nobis,</strong></span> <span class='ocrx_word' id='word_1_718' title='bbox 2820 4370 2874 4414; x_wconf 90' lang='lat' dir='ltr'><strong>et</strong></span> <span class='ocrx_word' id='word_1_719' title='bbox 2893 4360 3003 4414; x_wconf 89' lang='lat' dir='ltr'><strong>illic</strong></span> <span class='ocrx_word' id='word_1_720' title='bbox 3028 4361 3187 4413; x_wconf 82' lang='lat' dir='ltr'><strong>Pater</strong></span> <span class='ocrx_word' id='word_1_721' title='bbox 3216 4374 3244 4410; x_wconf 91' lang='lat' dir='ltr'><strong>a</strong></span> <span class='ocrx_word' id='word_1_722' title='bbox 3281 4362 3586 4429; x_wconf 88' lang='lat' dir='ltr'><strong>quocreati</strong></span> <span class='ocrx_word' id='word_1_723' title='bbox 3608 4375 3804 4422; x_wconf 71' lang='lat' dir='ltr'><strong>sumus,</strong></span> <span class='ocrx_word' id='word_1_724' title='bbox 3825 4357 3892 4410; x_wconf 84' lang='lat' dir='ltr'><strong>ubi</strong></span> 
     </span>
    </p>
   </div>
   <div class='ocr_carea' id='block_1_76' title="bbox 2313 4452 3757 4520">
    <p class='ocr_par' dir='ltr' id='par_1_76' title="bbox 2313 4452 3757 4520">
     <span class='ocr_line' id='line_1_76' title="bbox 2313 4452 3757 4520; baseline -0.003 -12"><span class='ocrx_word' id='word_1_725' title='bbox 2313 4464 2395 4508; x_wconf 70' lang='lat' dir='ltr'><strong>est</strong></span> <span class='ocrx_word' id='word_1_726' title='bbox 2431 4454 2765 4508; x_wconf 82' lang='lat' dir='ltr'><strong>llierusalem</strong></span> <span class='ocrx_word' id='word_1_727' title='bbox 2798 4452 2989 4508; x_wconf 85' lang='lat' dir='ltr'><strong>civitas</strong></span> <span class='ocrx_word' id='word_1_728' title='bbox 3017 4467 3137 4520; x_wconf 62' lang='lat' dir='ltr'><strong>quae</strong></span> <span class='ocrx_word' id='word_1_729' title='bbox 3165 4461 3246 4506; x_wconf 89' lang='lat' dir='ltr'><strong>est</strong></span> <span class='ocrx_word' id='word_1_730' title='bbox 3285 4463 3467 4507; x_wconf 89' lang='lat' dir='ltr'><strong>mater</strong></span> <span class='ocrx_word' id='word_1_731' title='bbox 3496 4455 3757 4507; x_wconf 82' lang='lat' dir='ltr'><strong>Omnium.</strong></span> 
     </span>
    </p>
   </div>
   <div class='ocr_carea' id='block_1_77' title="bbox 2389 4542 3894 4615">
    <p class='ocr_par' dir='ltr' id='par_1_77' title="bbox 2389 4542 3894 4615">
     <span class='ocr_line' id='line_1_77' title="bbox 2389 4542 3894 4615; baseline -0.001 -18"><span class='ocrx_word' id='word_1_732' title='bbox 2389 4546 2476 4600; x_wconf 84' lang='lat'><strong>79.</strong></span> <span class='ocrx_word' id='word_1_733' title='bbox 2518 4544 2623 4600; x_wconf 79' lang='lat' dir='ltr'><strong>Sed</strong></span> <span class='ocrx_word' id='word_1_734' title='bbox 2673 4559 2794 4615; x_wconf 67' lang='lat' dir='ltr'><strong>qua:</strong></span> <span class='ocrx_word' id='word_1_735' title='bbox 2845 4555 2930 4598; x_wconf 82' lang='lat' dir='ltr'><strong>est</strong></span> <span class='ocrx_word' id='word_1_736' title='bbox 2980 4543 3138 4611; x_wconf 74' lang='lat' dir='ltr'><strong>fuga?</strong></span> <span class='ocrx_word' id='word_1_737' title='bbox 3183 4542 3303 4598; x_wconf 84' lang='lat' dir='ltr'><strong>Non</strong></span> <span class='ocrx_word' id='word_1_738' title='bbox 3358 4545 3548 4615; x_wconf 90' lang='lat' dir='ltr'><strong>utique</strong></span> <span class='ocrx_word' id='word_1_739' title='bbox 3580 4546 3792 4614; x_wconf 88' lang='lat' dir='ltr'><strong>pedum,</strong></span> <span class='ocrx_word' id='word_1_740' title='bbox 3822 4542 3894 4611; x_wconf 88' lang='lat' dir='ltr'><strong>qui</strong></span> 
     </span>
    </p>
   </div>
   <div class='ocr_carea' id='block_1_78' title="bbox 612 4634 3894 4707">
    <p class='ocr_par' dir='ltr' id='par_1_78' title="bbox 612 4634 3894 4707">
     <span class='ocr_line' id='line_1_78' title="bbox 612 4634 3894 4707; baseline -0.002 -13"><span class='ocrx_word' id='word_1_741' title='bbox 612 4639 681 4694; x_wconf 90' lang='lat' dir='ltr'><strong>de</strong></span> <span class='ocrx_word' id='word_1_742' title='bbox 704 4636 862 4692; x_wconf 86' lang='lat' dir='ltr'><strong>altari</strong></span> <span class='ocrx_word' id='word_1_743' title='bbox 883 4647 937 4692; x_wconf 90' lang='lat' dir='ltr'><strong>et</strong></span> <span class='ocrx_word' id='word_1_744' title='bbox 961 4637 1134 4705; x_wconf 79' lang='lat' dir='ltr'><strong>tetigit</strong></span> <span class='ocrx_word' id='word_1_745' title='bbox 1181 4653 1244 4690; x_wconf 92' lang='lat' dir='ltr'><strong>os</strong></span> <span class='ocrx_word' id='word_1_746' title='bbox 1277 4634 1594 4706; x_wconf 68' lang='lat' dir='ltr'><strong>proiihetm,</strong></span> <span class='ocrx_word' id='word_1_747' title='bbox 1629 4644 1683 4690; x_wconf 93' lang='lat' dir='ltr'><strong>et</strong></span> <span class='ocrx_word' id='word_1_748' title='bbox 1735 4636 2044 4703; x_wconf 86' lang='lat' dir='ltr'><strong>iniquitates</strong></span> <span class='ocrx_word' id='word_1_749' title='bbox 2088 4636 2208 4704; x_wconf 82' lang='lat' dir='ltr'><strong>ejus</strong></span> <span class='ocrx_word' id='word_1_750' title='bbox 2237 4639 2292 4699; x_wconf 87' lang='lat' dir='ltr'><strong>D</strong></span> <span class='ocrx_word' id='word_1_751' title='bbox 2316 4647 2440 4691; x_wconf 88' lang='lat' dir='ltr'><strong>sunt</strong></span> <span class='ocrx_word' id='word_1_752' title='bbox 2481 4639 2750 4707; x_wconf 87' lang='lat' dir='ltr'><strong>corporis.</strong></span> <span class='ocrx_word' id='word_1_753' title='bbox 2782 4646 2805 4674; x_wconf 74' lang='grc' dir='ltr'><strong><em>ο</em></strong></span> <span class='ocrx_word' id='word_1_754' title='bbox 2839 4636 2928 4690; x_wconf 78' lang='lat' dir='ltr'><strong>Isti</strong></span> <span class='ocrx_word' id='word_1_755' title='bbox 2980 4636 3126 4690; x_wconf 89' lang='lat' dir='ltr'><strong>enim</strong></span> <span class='ocrx_word' id='word_1_756' title='bbox 3174 4651 3527 4707; x_wconf 86' lang='lat' dir='ltr'><strong>quocumque</strong></span> <span class='ocrx_word' id='word_1_757' title='bbox 3575 4647 3826 4698; x_wconf 88' lang='lat' dir='ltr'><strong>currunt,</strong></span> <span class='ocrx_word' id='word_1_758' title='bbox 3853 4635 3894 4688; x_wconf 88' lang='lat' dir='ltr'><strong>in</strong></span> 
     </span>
    </p>
   </div>
   <div class='ocr_carea' id='block_1_79' title="bbox 611 4727 2206 4801">
    <p class='ocr_par' dir='ltr' id='par_1_79' title="bbox 611 4727 2206 4801">
     <span class='ocr_line' id='line_1_79' title="bbox 611 4727 2206 4801; baseline -0.003 -15"><span class='ocrx_word' id='word_1_759' title='bbox 611 4731 859 4796; x_wconf 86' lang='lat' dir='ltr'><strong>abstulit,</strong></span> <span class='ocrx_word' id='word_1_760' title='bbox 891 4740 944 4785; x_wconf 89' lang='lat' dir='ltr'><strong>et</strong></span> <span class='ocrx_word' id='word_1_761' title='bbox 977 4740 1193 4799; x_wconf 76' lang='lat' dir='ltr'><strong>peccata</strong></span> <span class='ocrx_word' id='word_1_762' title='bbox 1229 4731 1496 4798; x_wconf 85' lang='lat' dir='ltr'><strong>purgavit.</strong></span> <span class='ocrx_word' id='word_1_763' title='bbox 1530 4727 1730 4783; x_wconf 83' lang='lat' dir='ltr'><strong>Harum</strong></span> <span class='ocrx_word' id='word_1_764' title='bbox 1787 4730 1995 4783; x_wconf 86' lang='lat' dir='ltr'><strong>alarum</strong></span> <span class='ocrx_word' id='word_1_765' title='bbox 2040 4729 2206 4801; x_wconf 70' lang='lat'><strong>382</strong></span> 
     </span>
    </p>
   </div>
   <div class='ocr_carea' id='block_1_80' title="bbox 612 4820 2208 4896">
    <p class='ocr_par' dir='ltr' id='par_1_80' title="bbox 612 4820 2208 4896">
     <span class='ocr_line' id='line_1_80' title="bbox 612 4820 2208 4896; baseline -0.002 -18"><span class='ocrx_word' id='word_1_766' title='bbox 612 4825 735 4896; x_wconf 89' lang='lat' dir='ltr'><strong>igne</strong></span> <span class='ocrx_word' id='word_1_767' title='bbox 763 4824 971 4894; x_wconf 83' lang='lat' dir='ltr'><strong>purgati</strong></span> <span class='ocrx_word' id='word_1_768' title='bbox 997 4831 1120 4876; x_wconf 82' lang='lat' dir='ltr'><strong>sunt</strong></span> <span class='ocrx_word' id='word_1_769' title='bbox 1145 4820 1236 4876; x_wconf 82' lang='lat' dir='ltr'><strong>ﬁlii</strong></span> <span class='ocrx_word' id='word_1_770' title='bbox 1270 4821 1420 4888; x_wconf 79' lang='lat' dir='ltr'><strong>Levi,</strong></span> <span class='ocrx_word' id='word_1_771' title='bbox 1451 4831 1505 4876; x_wconf 82' lang='lat' dir='ltr'><strong>et</strong></span> <span class='ocrx_word' id='word_1_772' title='bbox 1531 4822 1868 4890; x_wconf 73' lang='lat' dir='ltr'><strong>baptilautur</strong></span> <span class='ocrx_word' id='word_1_773' title='bbox 1899 4823 2083 4892; x_wconf 87' lang='lat' dir='ltr'><strong>populi</strong></span> <span class='ocrx_word' id='word_1_774' title='bbox 2113 4838 2208 4875; x_wconf 85' lang='lat' dir='ltr'><strong>ua-</strong></span> 
     </span>
    </p>
   </div>
   <div class='ocr_carea' id='block_1_81' title="bbox 612 4917 2205 4983">
    <p class='ocr_par' dir='ltr' id='par_1_81' title="bbox 612 4917 2205 4983">
     <span class='ocr_line' id='line_1_81' title="bbox 612 4917 2205 4983; baseline -0.002 -10"><span class='ocrx_word' id='word_1_775' title='bbox 612 4921 818 4973; x_wconf 89' lang='lat' dir='ltr'><strong>tionum</strong></span> <span class='ocrx_word' id='word_1_776' title='bbox 838 4961 852 4983; x_wconf 92' lang='lat'><strong>,</strong></span> <span class='ocrx_word' id='word_1_777' title='bbox 879 4922 1018 4972; x_wconf 91' lang='lat' dir='ltr'><strong>sicut</strong></span> <span class='ocrx_word' id='word_1_778' title='bbox 1047 4918 1367 4972; x_wconf 82' lang='lat' dir='ltr'><strong>lesulicatur</strong></span> <span class='ocrx_word' id='word_1_779' title='bbox 1413 4917 1650 4971; x_wconf 85' lang='lat' dir='ltr'><strong>Joannes</strong></span> <span class='ocrx_word' id='word_1_780' title='bbox 1674 4960 1687 4981; x_wconf 96' lang='lat'><strong>,</strong></span> <span class='ocrx_word' id='word_1_781' title='bbox 1712 4917 1895 4972; x_wconf 85' lang='lat' dir='ltr'><strong>dicens</strong></span> <span class='ocrx_word' id='word_1_782' title='bbox 1923 4917 1992 4972; x_wconf 88' lang='lat' dir='ltr'><strong>de</strong></span> <span class='ocrx_word' id='word_1_783' title='bbox 2021 4917 2205 4972; x_wconf 86' lang='lat' dir='ltr'><strong>Domi-</strong></span> 
     </span>
    </p>
   </div>
   <div class='ocr_carea' id='block_1_82' title="bbox 613 5008 2204 5083">
    <p class='ocr_par' dir='ltr' id='par_1_82' title="bbox 613 5008 2204 5083">
     <span class='ocr_line' id='line_1_82' title="bbox 613 5008 2204 5083; baseline -0.003 -18"><span class='ocrx_word' id='word_1_784' title='bbox 613 5027 684 5065; x_wconf 90' lang='lat' dir='ltr'><strong>no</strong></span> <span class='ocrx_word' id='word_1_785' title='bbox 709 5008 836 5066; x_wconf 75' lang='lat' dir='ltr'><strong>Iesu</strong></span> <span class='ocrx_word' id='word_1_786' title='bbox 869 5029 882 5066; x_wconf 87' lang='lat'><strong>:</strong></span> <span class='ocrx_word' id='word_1_787' title='bbox 917 5010 1034 5082; x_wconf 82' lang='lat' dir='ltr'><strong>Ipse</strong></span> <span class='ocrx_word' id='word_1_788' title='bbox 1055 5027 1141 5064; x_wconf 83' lang='lat' dir='ltr'><strong>vos</strong></span> <span class='ocrx_word' id='word_1_789' title='bbox 1167 5010 1445 5082; x_wconf 74' lang='lat' dir='ltr'><strong>baptizabit</strong></span> <span class='ocrx_word' id='word_1_790' title='bbox 1470 5011 1524 5064; x_wconf 87' lang='lat' dir='ltr'><strong>in</strong></span> <span class='ocrx_word' id='word_1_791' title='bbox 1567 5010 1757 5078; x_wconf 77' lang='lat' dir='ltr'><strong>spiritu</strong></span> <span class='ocrx_word' id='word_1_792' title='bbox 1787 5021 1832 5064; x_wconf 89' lang='lat' dir='ltr'><strong>et</strong></span> <span class='ocrx_word' id='word_1_793' title='bbox 1862 5011 2016 5083; x_wconf 70' lang='grc' dir='ltr'><strong>ἕρπε(</strong></span> <span class='ocrx_word' id='word_1_794' title='bbox 2050 5009 2204 5063; x_wconf 86' lang='lat' dir='ltr'><strong>Matt.</strong></span> 
     </span>
    </p>
   </div>
   <div class='ocr_carea' id='block_1_83' title="bbox 612 5105 2207 5177">
    <p class='ocr_par' dir='ltr' id='par_1_83' title="bbox 612 5105 2207 5177">
     <span class='ocr_line' id='line_1_83' title="bbox 612 5105 2207 5177; baseline -0.002 -19"><span class='ocrx_word' id='word_1_795' title='bbox 612 5105 827 5177; x_wconf 74' lang='lat'><strong>111,“).</strong></span> <span class='ocrx_word' id='word_1_796' title='bbox 864 5106 1054 5162; x_wconf 79' lang='lat' dir='ltr'><strong>Merito</strong></span> <span class='ocrx_word' id='word_1_797' title='bbox 1077 5105 1156 5160; x_wconf 90' lang='lat' dir='ltr'><strong>uri</strong></span> <span class='ocrx_word' id='word_1_798' title='bbox 1196 5120 1355 5161; x_wconf 88' lang='lat' dir='ltr'><strong>renes</strong></span> <span class='ocrx_word' id='word_1_799' title='bbox 1401 5120 1527 5160; x_wconf 87' lang='lat' dir='ltr'><strong>suos</strong></span> <span class='ocrx_word' id='word_1_800' title='bbox 1557 5105 1770 5159; x_wconf 86' lang='lat' dir='ltr'><strong>volebat</strong></span> <span class='ocrx_word' id='word_1_801' title='bbox 1808 5116 1861 5160; x_wconf 79' lang='lat' dir='ltr'><strong>et.</strong></span> <span class='ocrx_word' id='word_1_802' title='bbox 1904 5119 2000 5158; x_wconf 92' lang='lat' dir='ltr'><strong>cor</strong></span> <span class='ocrx_word' id='word_1_803' title='bbox 2049 5118 2207 5158; x_wconf 88' lang='lat' dir='ltr'><strong>suum</strong></span> 
     </span>
    </p>
   </div>
   <div class='ocr_carea' id='block_1_84' title="bbox 614 5198 2211 5271">
    <p class='ocr_par' dir='ltr' id='par_1_84' title="bbox 614 5198 2211 5271">
     <span class='ocr_line' id='line_1_84' title="bbox 614 5198 2211 5271; baseline 0 -20"><span class='ocrx_word' id='word_1_804' title='bbox 614 5199 815 5268; x_wconf 87' lang='lat' dir='ltr'><strong>David,</strong></span> <span class='ocrx_word' id='word_1_805' title='bbox 855 5202 980 5271; x_wconf 85' lang='lat' dir='ltr'><strong>quia</strong></span> <span class='ocrx_word' id='word_1_806' title='bbox 1019 5201 1132 5254; x_wconf 85' lang='lat' dir='ltr'><strong>alas</strong></span> <span class='ocrx_word' id='word_1_807' title='bbox 1177 5202 1362 5268; x_wconf 77' lang='lat' dir='ltr'><strong>igneas</strong></span> <span class='ocrx_word' id='word_1_808' title='bbox 1383 5198 1664 5253; x_wconf 84' lang='lat' dir='ltr'><strong>charitatis</strong></span> <span class='ocrx_word' id='word_1_809' title='bbox 1700 5198 1906 5253; x_wconf 88' lang='lat' dir='ltr'><strong>sciebat</strong></span> <span class='ocrx_word' id='word_1_810' title='bbox 1953 5212 2058 5253; x_wconf 91' lang='lat' dir='ltr'><strong>non</strong></span> <span class='ocrx_word' id='word_1_811' title='bbox 2087 5211 2211 5252; x_wconf 79' lang='lat' dir='ltr'><strong>esse</strong></span> 
     </span>
    </p>
   </div>
   <div class='ocr_carea' id='block_1_85' title="bbox 613 5290 2210 5361">
    <p class='ocr_par' dir='ltr' id='par_1_85' title="bbox 613 5290 2210 5361">
     <span class='ocr_line' id='line_1_85' title="bbox 613 5290 2210 5361; baseline -0.001 -17"><span class='ocrx_word' id='word_1_812' title='bbox 613 5293 952 5347; x_wconf 79' lang='lat' dir='ltr'><strong>metuendus.</strong></span> <span class='ocrx_word' id='word_1_813' title='bbox 986 5294 1174 5348; x_wconf 81' lang='lat' dir='ltr'><strong>Merito</strong></span> <span class='ocrx_word' id='word_1_814' title='bbox 1203 5291 1413 5346; x_wconf 69' lang='lat' dir='ltr'><strong>Hebraei</strong></span> <span class='ocrx_word' id='word_1_815' title='bbox 1462 5293 1612 5361; x_wconf 85' lang='lat' dir='ltr'><strong>pueri</strong></span> <span class='ocrx_word' id='word_1_816' title='bbox 1641 5292 1694 5344; x_wconf 89' lang='lat' dir='ltr'><strong>in</strong></span> <span class='ocrx_word' id='word_1_817' title='bbox 1723 5290 1944 5345; x_wconf 88' lang='lat' dir='ltr'><strong>fornace</strong></span> <span class='ocrx_word' id='word_1_818' title='bbox 1993 5290 2210 5345; x_wconf 86' lang='lat' dir='ltr'><strong>ardenti</strong></span> 
     </span>
    </p>
   </div>
   <div class='ocr_carea' id='block_1_86' title="bbox 619 5381 2212 5454">
    <p class='ocr_par' dir='ltr' id='par_1_86' title="bbox 619 5381 2212 5454">
     <span class='ocr_line' id='line_1_86' title="bbox 619 5381 2212 5454; baseline 0.004 -22"><span class='ocrx_word' id='word_1_819' title='bbox 619 5397 723 5436; x_wconf 88' lang='lat' dir='ltr'><strong>non</strong></span> <span class='ocrx_word' id='word_1_820' title='bbox 773 5385 1080 5439; x_wconf 84' lang='lat' dir='ltr'><strong>sentiebant</strong></span> <span class='ocrx_word' id='word_1_821' title='bbox 1136 5385 1272 5454; x_wconf 89' lang='lat' dir='ltr'><strong>ignis</strong></span> <span class='ocrx_word' id='word_1_822' title='bbox 1314 5384 1594 5446; x_wconf 87' lang='lat' dir='ltr'><strong>incendia;</strong></span> <span class='ocrx_word' id='word_1_823' title='bbox 1642 5383 1762 5452; x_wconf 88' lang='lat' dir='ltr'><strong>quia</strong></span> <span class='ocrx_word' id='word_1_824' title='bbox 1809 5381 2088 5438; x_wconf 84' lang='lat' dir='ltr'><strong>cliaritatis</strong></span> <span class='ocrx_word' id='word_1_825' title='bbox 2113 5398 2212 5438; x_wconf 92' lang='lat' dir='ltr'><strong>eos</strong></span> 
     </span>
    </p>
   </div>
   <div class='ocr_carea' id='block_1_87' title="bbox 622 5472 2211 5547">
    <p class='ocr_par' dir='ltr' id='par_1_87' title="bbox 622 5472 2211 5547">
     <span class='ocr_line' id='line_1_87' title="bbox 622 5472 2211 5547; baseline 0.005 -23"><span class='ocrx_word' id='word_1_826' title='bbox 622 5472 832 5532; x_wconf 78' lang='lat' dir='ltr'><strong>ﬂamma</strong></span> <span class='ocrx_word' id='word_1_827' title='bbox 884 5479 1258 5547; x_wconf 73' lang='lat' dir='ltr'><strong>refrigerabat.</strong></span> <span class='ocrx_word' id='word_1_828' title='bbox 1311 5477 1380 5532; x_wconf 83' lang='lat' dir='ltr'><strong>Et</strong></span> <span class='ocrx_word' id='word_1_829' title='bbox 1445 5485 1504 5532; x_wconf 91' lang='lat' dir='ltr'><strong>ut</strong></span> <span class='ocrx_word' id='word_1_830' title='bbox 1547 5475 1759 5546; x_wconf 88' lang='lat' dir='ltr'><strong>plenius</strong></span> <span class='ocrx_word' id='word_1_831' title='bbox 1819 5489 2211 5543; x_wconf 65' lang='lat' dir='ltr'><strong>eosnoscamus</strong></span> 
     </span>
    </p>
   </div>
   <div class='ocr_carea' id='block_1_88' title="bbox 699 5638 2212 5713">
    <p class='ocr_par' dir='ltr' id='par_1_88' title="bbox 699 5638 2212 5713">
     <span class='ocr_line' id='line_1_88' title="bbox 699 5638 2212 5713; baseline 0.001 -19"><span class='ocrx_word' id='word_1_832' title='bbox 699 5651 723 5678; x_wconf 75' lang='grc' dir='ltr'>ι</span> <span class='ocrx_word' id='word_1_833' title='bbox 753 5641 880 5695; x_wconf 80' lang='lat' dir='ltr'><strong>Mss.</strong></span> <span class='ocrx_word' id='word_1_834' title='bbox 909 5642 1201 5713; x_wconf 74' lang='lat' dir='ltr'><strong>Tli.,l\ig.,</strong></span> <span class='ocrx_word' id='word_1_835' title='bbox 1234 5643 1429 5704; x_wconf 87' lang='lat' dir='ltr'><strong>Torn..</strong></span> <span class='ocrx_word' id='word_1_836' title='bbox 1465 5640 1619 5698; x_wconf 84' lang='lat' dir='ltr'><strong>Colb.</strong></span> <span class='ocrx_word' id='word_1_837' title='bbox 1675 5651 1729 5694; x_wconf 89' lang='lat' dir='ltr'><strong>et</strong></span> <span class='ocrx_word' id='word_1_838' title='bbox 1775 5638 1982 5694; x_wconf 89' lang='lat' dir='ltr'><strong>Theod.</strong></span> <span class='ocrx_word' id='word_1_839' title='bbox 2041 5643 2212 5712; x_wconf 88' lang='lat' dir='ltr'><strong>prima</strong></span> 
     </span>
    </p>
   </div>
   <div class='ocr_carea' id='block_1_89' title="bbox 635 5719 1405 5788">
    <p class='ocr_par' dir='ltr' id='par_1_89' title="bbox 635 5719 1405 5788">
     <span class='ocr_line' id='line_1_89' title="bbox 635 5719 1405 5788; baseline 0.008 -26"><span class='ocrx_word' id='word_1_840' title='bbox 635 5726 817 5788; x_wconf 63' lang='lat' dir='ltr'><strong>manu,</strong></span> <span class='ocrx_word' id='word_1_841' title='bbox 843 5730 931 5788; x_wconf 67' lang='lat' dir='ltr'><strong>per</strong></span> <span class='ocrx_word' id='word_1_842' title='bbox 960 5733 1050 5767; x_wconf 85' lang='lat' dir='ltr'><strong>ora</strong></span> <span class='ocrx_word' id='word_1_843' title='bbox 1076 5719 1405 5788; x_wconf 85' lang='lat' dir='ltr'><strong>populorum.</strong></span> 
     </span>
    </p>
   </div>
   <div class='ocr_carea' id='block_1_90' title="bbox 705 5777 2222 5840">
    <p class='ocr_par' dir='ltr' id='par_1_90' title="bbox 705 5777 2222 5840">
     <span class='ocr_line' id='line_1_90' title="bbox 705 5777 2222 5840; baseline 0.004 -8"><span class='ocrx_word' id='word_1_844' title='bbox 705 5777 732 5816; x_wconf 66' lang='grc' dir='ltr'>δ</span> <span class='ocrx_word' id='word_1_845' title='bbox 782 5777 918 5836; x_wconf 79' lang='lat' dir='ltr'><strong>Edit.</strong></span> <span class='ocrx_word' id='word_1_846' title='bbox 971 5777 1306 5840; x_wconf 69' lang='lat' dir='ltr'><strong>comest-um</strong></span> <span class='ocrx_word' id='word_1_847' title='bbox 1361 5801 1493 5840; x_wconf 83' lang='lat' dir='ltr'><strong>mss.</strong></span> <span class='ocrx_word' id='word_1_848' title='bbox 1547 5781 1842 5840; x_wconf 85' lang='lat' dir='ltr'><strong>nonnullis,</strong></span> <span class='ocrx_word' id='word_1_849' title='bbox 1868 5783 2222 5838; x_wconf 80' lang='lat' dir='ltr'><strong>subministrat</strong></span> 
     </span>
    </p>
   </div>
   <div class='ocr_carea' id='block_1_91' title="bbox 643 5851 2224 5927">
    <p class='ocr_par' dir='ltr' id='par_1_91' title="bbox 643 5851 2224 5927">
     <span class='ocr_line' id='line_1_91' title="bbox 643 5851 2224 5927; baseline 0.006 -23"><span class='ocrx_word' id='word_1_850' title='bbox 643 5851 927 5908; x_wconf 81' lang='lat' dir='ltr'><strong>universam</strong></span> <span class='ocrx_word' id='word_1_851' title='bbox 952 5859 1306 5912; x_wconf 84' lang='lat' dir='ltr'><strong>substantiam.</strong></span> <span class='ocrx_word' id='word_1_852' title='bbox 1336 5858 1443 5916; x_wconf 80' lang='lat' dir='ltr'><strong>Alii</strong></span> <span class='ocrx_word' id='word_1_853' title='bbox 1472 5869 1605 5914; x_wconf 73' lang='lat' dir='ltr'><strong>mss.</strong></span> <span class='ocrx_word' id='word_1_854' title='bbox 1631 5853 1825 5925; x_wconf 74' lang='lat' dir='ltr'><strong>majori</strong></span> <span class='ocrx_word' id='word_1_855' title='bbox 1850 5867 2074 5913; x_wconf 80' lang='lat' dir='ltr'><strong>numero</strong></span> <span class='ocrx_word' id='word_1_856' title='bbox 2104 5897 2120 5927; x_wconf 89' lang='lat'><strong>,</strong></span> <span class='ocrx_word' id='word_1_857' title='bbox 2143 5866 2224 5914; x_wconf 82' lang='lat' dir='ltr'><strong>at-</strong></span> 
     </span>
    </p>
   </div>
   <div class='ocr_carea' id='block_1_92' title="bbox 2320 4727 3894 4794">
    <p class='ocr_par' dir='ltr' id='par_1_92' title="bbox 2320 4727 3894 4794">
     <span class='ocr_line' id='line_1_92' title="bbox 2320 4727 3894 4794; baseline -0.001 -12"><span class='ocrx_word' id='word_1_858' title='bbox 2320 4739 2460 4784; x_wconf 88' lang='lat' dir='ltr'><strong>terra</strong></span> <span class='ocrx_word' id='word_1_859' title='bbox 2502 4739 2730 4784; x_wconf 89' lang='lat' dir='ltr'><strong>currunt</strong></span> <span class='ocrx_word' id='word_1_860' title='bbox 2757 4772 2771 4794; x_wconf 88' lang='lat'><strong>,</strong></span> <span class='ocrx_word' id='word_1_861' title='bbox 2801 4739 2852 4784; x_wconf 89' lang='lat' dir='ltr'><strong>et</strong></span> <span class='ocrx_word' id='word_1_862' title='bbox 2881 4729 2950 4784; x_wconf 87' lang='lat' dir='ltr'><strong>de</strong></span> <span class='ocrx_word' id='word_1_863' title='bbox 2987 4729 3105 4782; x_wconf 83' lang='lat' dir='ltr'><strong>solo</strong></span> <span class='ocrx_word' id='word_1_864' title='bbox 3135 4731 3202 4781; x_wconf 89' lang='lat' dir='ltr'><strong>ad</strong></span> <span class='ocrx_word' id='word_1_865' title='bbox 3244 4731 3424 4784; x_wconf 91' lang='lat' dir='ltr'><strong>solum</strong></span> <span class='ocrx_word' id='word_1_866' title='bbox 3478 4740 3778 4786; x_wconf 84' lang='lat' dir='ltr'><strong>transeunt.</strong></span> <span class='ocrx_word' id='word_1_867' title='bbox 3807 4727 3894 4782; x_wconf 75' lang='lat' dir='ltr'><strong>Nec</strong></span> 
     </span>
    </p>
   </div>
   <div class='ocr_carea' id='block_1_93' title="bbox 2318 4822 3894 4894">
    <p class='ocr_par' dir='ltr' id='par_1_93' title="bbox 2318 4822 3894 4894">
     <span class='ocr_line' id='line_1_93' title="bbox 2318 4822 3894 4894; baseline -0.001 -18"><span class='ocrx_word' id='word_1_868' title='bbox 2318 4824 2549 4879; x_wconf 88' lang='lat' dir='ltr'><strong>navibus</strong></span> <span class='ocrx_word' id='word_1_869' title='bbox 2581 4824 2870 4894; x_wconf 83' lang='lat' dir='ltr'><strong>lugianius,</strong></span> <span class='ocrx_word' id='word_1_870' title='bbox 2904 4831 2998 4877; x_wconf 88' lang='lat' dir='ltr'><strong>aut</strong></span> <span class='ocrx_word' id='word_1_871' title='bbox 3023 4822 3276 4877; x_wconf 89' lang='lat' dir='ltr'><strong>curribus</strong></span> <span class='ocrx_word' id='word_1_872' title='bbox 3301 4866 3314 4888; x_wconf 92' lang='lat'><strong>,</strong></span> <span class='ocrx_word' id='word_1_873' title='bbox 3342 4834 3435 4877; x_wconf 85' lang='lat' dir='ltr'><strong>aut</strong></span> <span class='ocrx_word' id='word_1_874' title='bbox 3464 4825 3622 4894; x_wconf 83' lang='lat' dir='ltr'><strong>equis</strong></span> <span class='ocrx_word' id='word_1_875' title='bbox 3669 4825 3754 4893; x_wconf 91' lang='lat' dir='ltr'><strong>qui</strong></span> <span class='ocrx_word' id='word_1_876' title='bbox 3783 4823 3894 4875; x_wconf 84' lang='lat' dir='ltr'><strong>obli-</strong></span> 
     </span>
    </p>
   </div>
   <div class='ocr_carea' id='block_1_94' title="bbox 2317 4915 3893 4986">
    <p class='ocr_par' dir='ltr' id='par_1_94' title="bbox 2317 4915 3893 4986">
     <span class='ocr_line' id='line_1_94' title="bbox 2317 4915 3893 4986; baseline 0.001 -21"><span class='ocrx_word' id='word_1_877' title='bbox 2317 4927 2512 4986; x_wconf 83' lang='lat' dir='ltr'><strong>gantur</strong></span> <span class='ocrx_word' id='word_1_878' title='bbox 2537 4929 2591 4970; x_wconf 89' lang='lat' dir='ltr'><strong>et</strong></span> <span class='ocrx_word' id='word_1_879' title='bbox 2611 4918 2810 4972; x_wconf 83' lang='lat' dir='ltr'><strong>cadunt</strong></span> <span class='ocrx_word' id='word_1_880' title='bbox 2845 4936 2856 4972; x_wconf 92' lang='lat'><strong>:</strong></span> <span class='ocrx_word' id='word_1_881' title='bbox 2889 4917 2984 4971; x_wconf 88' lang='lat' dir='ltr'><strong>sed</strong></span> <span class='ocrx_word' id='word_1_882' title='bbox 3008 4915 3280 4986; x_wconf 81' lang='lat' dir='ltr'><strong>fugiamus</strong></span> <span class='ocrx_word' id='word_1_883' title='bbox 3308 4917 3520 4980; x_wconf 86' lang='lat' dir='ltr'><strong>animo,</strong></span> <span class='ocrx_word' id='word_1_884' title='bbox 3546 4927 3601 4971; x_wconf 91' lang='lat' dir='ltr'><strong>et</strong></span> <span class='ocrx_word' id='word_1_885' title='bbox 3622 4917 3893 4982; x_wconf 80' lang='lat' dir='ltr'><strong>oculis,aut</strong></span> 
     </span>
    </p>
   </div>
   <div class='ocr_carea' id='block_1_95' title="bbox 2321 5009 3893 5076">
    <p class='ocr_par' dir='ltr' id='par_1_95' title="bbox 2321 5009 3893 5076">
     <span class='ocr_line' id='line_1_95' title="bbox 2321 5009 3893 5076; baseline -0.001 -16"><span class='ocrx_word' id='word_1_886' title='bbox 2321 5009 2548 5076; x_wconf 81' lang='lat' dir='ltr'><strong>pedibus</strong></span> <span class='ocrx_word' id='word_1_887' title='bbox 2593 5009 2959 5066; x_wconf 76' lang='lat' dir='ltr'><strong>interioribus.</strong></span> <span class='ocrx_word' id='word_1_888' title='bbox 3013 5010 3409 5064; x_wconf 80' lang='lat' dir='ltr'><strong>Assuescamus</strong></span> <span class='ocrx_word' id='word_1_889' title='bbox 3468 5010 3660 5063; x_wconf 85' lang='lat' dir='ltr'><strong>oculos</strong></span> <span class='ocrx_word' id='word_1_890' title='bbox 3712 5017 3893 5062; x_wconf 80' lang='lat' dir='ltr'><strong>nostros</strong></span> 
     </span>
    </p>
   </div>
   <div class='ocr_carea' id='block_1_96' title="bbox 2323 5102 3891 5174">
    <p class='ocr_par' dir='ltr' id='par_1_96' title="bbox 2323 5102 3891 5174">
     <span class='ocr_line' id='line_1_96' title="bbox 2323 5102 3891 5174; baseline -0.002 -17"><span class='ocrx_word' id='word_1_891' title='bbox 2323 5103 2507 5158; x_wconf 80' lang='lat' dir='ltr'><strong>videre</strong></span> <span class='ocrx_word' id='word_1_892' title='bbox 2528 5120 2647 5173; x_wconf 58' lang='lat' dir='ltr'><strong>qua:</strong></span> <span class='ocrx_word' id='word_1_893' title='bbox 2675 5103 2908 5158; x_wconf 87' lang='lat' dir='ltr'><strong>dilucida</strong></span> <span class='ocrx_word' id='word_1_894' title='bbox 2937 5114 2987 5158; x_wconf 91' lang='lat' dir='ltr'><strong>et</strong></span> <span class='ocrx_word' id='word_1_895' title='bbox 3035 5103 3180 5157; x_wconf 89' lang='lat' dir='ltr'><strong>clara</strong></span> <span class='ocrx_word' id='word_1_896' title='bbox 3231 5111 3360 5156; x_wconf 89' lang='lat' dir='ltr'><strong>sunt</strong></span> <span class='ocrx_word' id='word_1_897' title='bbox 3393 5144 3408 5166; x_wconf 90' lang='lat'><strong>,</strong></span> <span class='ocrx_word' id='word_1_898' title='bbox 3436 5113 3690 5174; x_wconf 85' lang='lat' dir='ltr'><strong>spectare</strong></span> <span class='ocrx_word' id='word_1_899' title='bbox 3719 5102 3891 5154; x_wconf 82' lang='lat' dir='ltr'><strong>vultum</strong></span> 
     </span>
    </p>
   </div>
   <div class='ocr_carea' id='block_1_97' title="bbox 2317 5195 3894 5267">
    <p class='ocr_par' dir='ltr' id='par_1_97' title="bbox 2317 5195 3894 5267">
     <span class='ocr_line' id='line_1_97' title="bbox 2317 5195 3894 5267; baseline -0.004 -15"><span class='ocrx_word' id='word_1_900' title='bbox 2317 5197 2668 5254; x_wconf 75' lang='lat' dir='ltr'><strong>continentia:</strong></span> <span class='ocrx_word' id='word_1_901' title='bbox 2699 5208 2754 5254; x_wconf 90' lang='lat' dir='ltr'><strong>et</strong></span> <span class='ocrx_word' id='word_1_902' title='bbox 2778 5197 3167 5266; x_wconf 69' lang='lat' dir='ltr'><strong>temperantiae,</strong></span> <span class='ocrx_word' id='word_1_903' title='bbox 3194 5195 3360 5267; x_wconf 68' lang='lat'><strong>383</strong></span> <span class='ocrx_word' id='word_1_904' title='bbox 3407 5210 3711 5266; x_wconf 73' lang='lat' dir='ltr'><strong>omnesque</strong></span> <span class='ocrx_word' id='word_1_905' title='bbox 3756 5195 3894 5248; x_wconf 82' lang='lat' dir='ltr'><strong>virtu-</strong></span> 
     </span>
    </p>
   </div>
   <div class='ocr_carea' id='block_1_98' title="bbox 2321 5273 3891 5358">
    <p class='ocr_par' dir='ltr' id='par_1_98' title="bbox 2321 5273 3891 5358">
     <span class='ocr_line' id='line_1_98' title="bbox 2321 5273 3891 5358; baseline -0.002 -16"><span class='ocrx_word' id='word_1_906' title='bbox 2321 5297 2423 5352; x_wconf 90' lang='lat' dir='ltr'><strong>tes,</strong></span> <span class='ocrx_word' id='word_1_907' title='bbox 2459 5290 2510 5342; x_wconf 91' lang='lat' dir='ltr'><strong>in</strong></span> <span class='ocrx_word' id='word_1_908' title='bbox 2544 5273 2735 5358; x_wconf 83' lang='lat' dir='ltr'><strong>quibus</strong></span> <span class='ocrx_word' id='word_1_909' title='bbox 2765 5291 2897 5344; x_wconf 89' lang='lat' dir='ltr'><strong>nihil</strong></span> <span class='ocrx_word' id='word_1_910' title='bbox 2920 5288 3196 5355; x_wconf 71' lang='lat' dir='ltr'><strong>SCilbI&#39;UIII,</strong></span> <span class='ocrx_word' id='word_1_911' title='bbox 3229 5290 3363 5342; x_wconf 86' lang='lat' dir='ltr'><strong>mtiil</strong></span> <span class='ocrx_word' id='word_1_912' title='bbox 3393 5289 3691 5344; x_wconf 66' lang='lat' dir='ltr'><strong>obscurum</strong></span> <span class='ocrx_word' id='word_1_913' title='bbox 3731 5299 3780 5342; x_wconf 90' lang='lat' dir='ltr'><strong>et</strong></span> <span class='ocrx_word' id='word_1_914' title='bbox 3805 5298 3891 5342; x_wconf 86' lang='lat' dir='ltr'><strong>tor-</strong></span> 
     </span>
    </p>
   </div>
   <div class='ocr_carea' id='block_1_99' title="bbox 2321 5378 3892 5454">
    <p class='ocr_par' dir='ltr' id='par_1_99' title="bbox 2321 5378 3892 5454">
     <span class='ocr_line' id='line_1_99' title="bbox 2321 5378 3892 5454; baseline -0.002 -18"><span class='ocrx_word' id='word_1_915' title='bbox 2321 5390 2534 5436; x_wconf 89' lang='lat' dir='ltr'><strong>tuosum</strong></span> <span class='ocrx_word' id='word_1_916' title='bbox 2568 5383 2637 5437; x_wconf 90' lang='lat' dir='ltr'><strong>sit</strong></span> <span class='ocrx_word' id='word_1_917' title='bbox 2666 5401 2678 5437; x_wconf 87' lang='lat'>:</span> <span class='ocrx_word' id='word_1_918' title='bbox 2709 5394 2762 5437; x_wconf 88' lang='lat' dir='ltr'><strong>et</strong></span> <span class='ocrx_word' id='word_1_919' title='bbox 2790 5399 2848 5438; x_wconf 87' lang='lat' dir='ltr'><strong>se</strong></span> <span class='ocrx_word' id='word_1_920' title='bbox 2879 5388 3049 5452; x_wconf 86' lang='lat' dir='ltr'><strong>ipsum</strong></span> <span class='ocrx_word' id='word_1_921' title='bbox 3083 5392 3290 5452; x_wconf 81' lang='lat' dir='ltr'><strong>Spectet</strong></span> <span class='ocrx_word' id='word_1_922' title='bbox 3327 5382 3469 5454; x_wconf 87' lang='lat' dir='ltr'><strong>quis,</strong></span> <span class='ocrx_word' id='word_1_923' title='bbox 3506 5378 3534 5418; x_wconf 71' lang='grc' dir='ltr'>ἀ</span> <span class='ocrx_word' id='word_1_924' title='bbox 3562 5393 3617 5438; x_wconf 89' lang='lat' dir='ltr'><strong>et</strong></span> <span class='ocrx_word' id='word_1_925' title='bbox 3645 5380 3892 5442; x_wconf 69' lang='lat' dir='ltr'><strong>conscien-</strong></span> 
     </span>
    </p>
   </div>
   <div class='ocr_carea' id='block_1_100' title="bbox 2323 5473 3890 5546">
    <p class='ocr_par' dir='ltr' id='par_1_100' title="bbox 2323 5473 3890 5546">
     <span class='ocr_line' id='line_1_100' title="bbox 2323 5473 3890 5546; baseline -0.002 -17"><span class='ocrx_word' id='word_1_926' title='bbox 2323 5475 2452 5529; x_wconf 89' lang='lat' dir='ltr'><strong>tiam</strong></span> <span class='ocrx_word' id='word_1_927' title='bbox 2483 5489 2670 5530; x_wconf 88' lang='lat' dir='ltr'><strong>suam:</strong></span> <span class='ocrx_word' id='word_1_928' title='bbox 2706 5477 2858 5531; x_wconf 88' lang='lat' dir='ltr'><strong>illum</strong></span> <span class='ocrx_word' id='word_1_929' title='bbox 2892 5478 3110 5532; x_wconf 90' lang='lat' dir='ltr'><strong>oculum</strong></span> <span class='ocrx_word' id='word_1_930' title='bbox 3139 5473 3385 5540; x_wconf 78' lang='lat' dir='ltr'><strong>inundet,</strong></span> <span class='ocrx_word' id='word_1_931' title='bbox 3423 5491 3491 5530; x_wconf 89' lang='lat' dir='ltr'><strong>ne</strong></span> <span class='ocrx_word' id='word_1_932' title='bbox 3521 5475 3654 5546; x_wconf 84' lang='lat' dir='ltr'><strong>quid</strong></span> <span class='ocrx_word' id='word_1_933' title='bbox 3684 5473 3890 5532; x_wconf 82' lang='lat' dir='ltr'><strong>sordium</strong></span> 
     </span>
    </p>
   </div>
   <div class='ocr_carea' id='block_1_101' title="bbox 2323 5641 3191 5709">
    <p class='ocr_par' dir='ltr' id='par_1_101' title="bbox 2323 5641 3191 5709">
     <span class='ocr_line' id='line_1_101' title="bbox 2323 5641 3191 5709; baseline 0.007 -18"><span class='ocrx_word' id='word_1_934' title='bbox 2323 5653 2426 5709; x_wconf 89' lang='lat' dir='ltr'><strong>que</strong></span> <span class='ocrx_word' id='word_1_935' title='bbox 2456 5641 2804 5708; x_wconf 81' lang='lat' dir='ltr'><strong>auctoritate,</strong></span> <span class='ocrx_word' id='word_1_936' title='bbox 2840 5652 2898 5697; x_wconf 92' lang='lat' dir='ltr'><strong>ut</strong></span> <span class='ocrx_word' id='word_1_937' title='bbox 2936 5643 2987 5697; x_wconf 91' lang='lat' dir='ltr'><strong>in</strong></span> <span class='ocrx_word' id='word_1_938' title='bbox 3022 5652 3191 5697; x_wconf 77' lang='lat' dir='ltr'><strong>textu.</strong></span> 
     </span>
    </p>
   </div>
   <div class='ocr_carea' id='block_1_102' title="bbox 2403 5711 3890 5785">
    <p class='ocr_par' dir='ltr' id='par_1_102' title="bbox 2403 5711 3890 5785">
     <span class='ocr_line' id='line_1_102' title="bbox 2403 5711 3890 5785; baseline 0.007 -26"><span class='ocrx_word' id='word_1_939' title='bbox 2403 5720 2425 5785; x_wconf 70' lang='grc' dir='ltr'><strong>(ξ</strong></span> <span class='ocrx_word' id='word_1_940' title='bbox 2590 5714 2768 5785; x_wconf 60' lang='lat' dir='ltr'><strong>licia,</strong></span> <span class='ocrx_word' id='word_1_941' title='bbox 2821 5713 2946 5767; x_wconf 79' lang='lat' dir='ltr'><strong>Istis</strong></span> <span class='ocrx_word' id='word_1_942' title='bbox 2975 5715 3105 5767; x_wconf 84' lang='lat' dir='ltr'><strong>enim</strong></span> <span class='ocrx_word' id='word_1_943' title='bbox 3156 5718 3468 5785; x_wconf 79' lang='lat' dir='ltr'><strong>quicumque</strong></span> <span class='ocrx_word' id='word_1_944' title='bbox 3523 5728 3772 5784; x_wconf 77' lang='lat' dir='ltr'><strong>currunt,</strong></span> <span class='ocrx_word' id='word_1_945' title='bbox 3802 5727 3890 5771; x_wconf 77' lang='lat' dir='ltr'><strong>etc.</strong></span> 
     </span>
    </p>
   </div>
   <div class='ocr_carea' id='block_1_103' title="bbox 2401 5778 3892 5856">
    <p class='ocr_par' dir='ltr' id='par_1_103' title="bbox 2401 5778 3892 5856">
     <span class='ocr_line' id='line_1_103' title="bbox 2401 5778 3892 5856; baseline 0.009 -26"><span class='ocrx_word' id='word_1_946' title='bbox 2401 5778 2426 5818; x_wconf 71' lang='grc' dir='ltr'>ά</span> <span class='ocrx_word' id='word_1_947' title='bbox 2458 5780 2692 5856; x_wconf 28' lang='lat' dir='ltr'><strong>I‘tntrdit.</strong></span> <span class='ocrx_word' id='word_1_948' title='bbox 2738 5802 2968 5850; x_wconf 71' lang='lat' dir='ltr'><strong>omnes,</strong></span> <span class='ocrx_word' id='word_1_949' title='bbox 2999 5798 3052 5841; x_wconf 86' lang='lat' dir='ltr'><strong>et</strong></span> <span class='ocrx_word' id='word_1_950' title='bbox 3097 5778 3228 5839; x_wconf 65' lang='lat' dir='ltr'><strong>nisis.</strong></span> <span class='ocrx_word' id='word_1_951' title='bbox 3278 5778 3510 5856; x_wconf 83' lang='lat' dir='ltr'><strong>aliquot.</strong></span> <span class='ocrx_word' id='word_1_952' title='bbox 3569 5778 3768 5842; x_wconf 71' lang='lat' dir='ltr'><strong>Vri-oni</strong></span> <span class='ocrx_word' id='word_1_953' title='bbox 3807 5801 3892 5843; x_wconf 77' lang='lat' dir='ltr'><strong>tres</strong></span> 
     </span>
    </p>
   </div>
   <div class='ocr_carea' id='block_1_104' title="bbox 2329 5852 3892 5929">
    <p class='ocr_par' dir='ltr' id='par_1_104' title="bbox 2329 5852 3892 5929">
     <span class='ocr_line' id='line_1_104' title="bbox 2329 5852 3892 5929; baseline 0.006 -22"><span class='ocrx_word' id='word_1_954' title='bbox 2329 5866 2439 5908; x_wconf 89' lang='lat' dir='ltr'><strong>non</strong></span> <span class='ocrx_word' id='word_1_955' title='bbox 2461 5852 2660 5910; x_wconf 69' lang='lat' dir='ltr'><strong>iulium:</strong></span> <span class='ocrx_word' id='word_1_956' title='bbox 2678 5868 2818 5914; x_wconf 73' lang='lat' dir='ltr'><strong>nota:</strong></span> <span class='ocrx_word' id='word_1_957' title='bbox 2843 5856 3065 5929; x_wconf 81' lang='lat' dir='ltr'><strong>habent,</strong></span> <span class='ocrx_word' id='word_1_958' title='bbox 3089 5868 3137 5914; x_wconf 76' lang='lat' dir='ltr'><strong>et</strong></span> <span class='ocrx_word' id='word_1_959' title='bbox 3158 5852 3483 5917; x_wconf 63' lang='lat' dir='ltr'><strong>conscientia</strong></span> <span class='ocrx_word' id='word_1_960' title='bbox 3507 5862 3772 5918; x_wconf 64' lang='lat' dir='ltr'><strong>succidiam</strong></span> <span class='ocrx_word' id='word_1_961' title='bbox 3794 5876 3892 5916; x_wconf 81' lang='lat' dir='ltr'><strong>oat-</strong></span> 
     </span>
    </p>
   </div>
  </div>
