4082 6370
185 322 298 379 555

1084 319 1173 374 DE
1212 317 1392 375 ΒΟΝΟ
1429 317 1684 375 MORTIS
1726 315 1932 376 LIBER
1973 319 2175 378 UNUS.
2220 321 2621 379 ADMONITIO.

3397 329 3504 385 554

189 431 414 487 habeat.
445 429 600 498 Quod
623 431 766 484 enim
793 427 1026 493 videtur,
1056 442 1163 482 non
1195 429 1356 484 debet
1408 429 1692 487 dissonare
1721 431 1790 485 ab
1819 443 1868 504 Α
1897 441 1985 486 tur
2004 433 2188 488 omnia
2217 437 2267 488 in
2294 434 2491 504 ipsum.
2525 435 2584 491 Et
2615 441 2672 490 ut
2693 432 2909 506 plenius
2937 437 3263 497 deﬁniamus
3285 442 3411 512 quid
3443 443 3513 497 sit

189 540 263 580 eo
295 527 383 595 qui
409 525 575 584 videt.
603 526 857 593 quoniam
881 523 1185 576 coulormes
1236 539 1332 576 nos
1359 523 1502 577 Deus
1548 525 1796 593 imaginis

189 620 376 673 voluit
400 634 526 673 esse
559 617 677 672 Filii
709 617 812 672 sui.
837 615 1120 686 Cognitum
1151 617 1309 685 igitur
1345 616 1500 670 uoltis
1522 626 1605 670 est
1663 616 1793 670 illttd

189 710 424 773 bonum,
451 727 553 767 nec
586 714 742 782 longe
788 719 870 764 est
921 710 989 763 ab
1032 724 1357 778 unoquoque
1402 719 1646 763 nostrum
1681 726 1694 762 :
1729 710 1794 763 In

190 804 310 878 ipso
337 807 473 859 enim
500 806 735 866 vivimus,
765 812 812 857 et
835 820 1029 867 sumus,
1058 811 1104 856 et
1147 818 1421 856 movemur.
1462 802 1637 874 Ipsius
1663 803 1798 855 enim

193 907 243 952 et
267 914 429 968 genus
457 914 635 952 sumus
663 898 812 964 (Act.
845 911 974 957 xvn,
1001 894 1128 963 28),
1159 908 1210 948 ut
1250 895 1544 963 Apostolus
1576 906 1600 932 ⁸
1625 897 1800 966 genti-

194 991 284 1047 les
308 994 488 1062 posuit
511 991 838 1062 signiﬁcare.
872 989 1050 1056 Ipsum
1072 999 1153 1044 est
1184 990 1380 1044 bonum
1411 988 1554 1057 quod
1606 990 1800 1057 quaeri-

196 1101 346 1149 mus,
381 1096 432 1139 et
460 1086 636 1139 solum
668 1083 892 1139 bonum.
920 1081 1090 1137 Nemo
1120 1082 1267 1137 enim
1301 1082 1497 1146 bonus,
1528 1082 1628 1136 uisi
1663 1097 1803 1137 unus

198 1177 370 1232 Deus.
404 1176 499 1230 Hic
529 1185 611 1229 est
637 1175 823 1228 oculus
857 1176 949 1244 qui
1008 1191 1258 1244 maguum
1315 1175 1461 1229 illum
1508 1184 1562 1228 et
1615 1189 1800 1228 verum

196 1269 456 1325 decorem
493 1271 753 1324 intuetur.
783 1268 962 1322 Solem
997 1270 1097 1322 nisi
1130 1283 1294 1321 sanus
1317 1278 1370 1321 et
1400 1267 1588 1336 vigens
1613 1271 1804 1323 oculus

196 1377 309 1418 non
362 1363 592 1427 aspicit;
626 1377 722 1416 nec
770 1361 970 1414 bonum
1018 1370 1194 1429 potest
1241 1360 1426 1414 videte
1483 1360 1583 1414 nisi
1626 1361 1804 1415 anima

203 1457 376 1512 bona.
414 1456 532 1512 Fiat
560 1472 691 1527 ergo
719 1457 894 1510 bonus
922 1458 1012 1524 qui
1041 1456 1152 1509 vult
1184 1455 1366 1510 videre
1395 1455 1677 1510 υοιιιὶιιιιιη
1707 1498 1721 1522 ,
1754 1466 1810 1512 et

199 1529 351 1621 quod
385 1560 470 1607 e~t
494 1551 715 1606 bonum.
745 1550 915 1620 Hujus
948 1550 1071 1604 boni
1093 1551 1301 1605 similes
1327 1551 1516 1616 simus,
1542 1561 1597 1605 et
1617 1566 1809 1605 secun-

199 1644 330 1698 dttm
363 1644 414 1699 id
445 1659 734 1712 niteremur
778 1659 900 1713 quae
953 1646 1090 1698 bona
1145 1655 1288 1697 sunt.
1345 1644 1456 1697 lloc
1481 1655 1561 1698 est
1609 1645 1806 1699 bonum

1901 526 2100 579 bonum
2130 545 2142 581 :
2167 544 2290 582 Vt'l'A
2314 542 2392 582 εει
2429 531 2628 584 bonum
2653 573 2667 593 ,
2707 533 2832 602 quia
2864 550 3080 605 semper
3109 547 3328 604 manet,
3374 539 3511 594 dans

1900 619 2084 671 vivere
2110 625 2166 671 et
2193 634 2318 673 esse
2363 621 2647 687 omnibus;
2697 626 2820 692 quia
2856 625 2974 680 lous
3012 638 3095 681 est
3125 628 3366 683 omnium
3402 630 3510 684 \ita

1898 709 2168 778 Chri~tu.-,
2193 713 2263 767 de
2291 729 2396 781 qtto
2427 715 2502 769 ait
2526 717 2786 787 propheta
2815 737 2828 772 :
2856 717 2920 773 In
2950 723 3130 776 umbra
3147 723 3261 794 ejus
3291 725 3515 780 vivemus

1899 802 2117 874 (Thren.
2146 819 2220 870 tv,
2248 805 2320 858 20
2351 809 2390 875 ).
2423 806 2575 861 Nunc
2602 807 2746 863 enim
2773 811 2878 865 vita
2911 825 3090 868 nostra
3115 814 3433 870 abscondita
3458 817 3511 870 in

1901 897 2119 951 Clu-isto
2141 905 2226 951 est
2248 917 2261 952 :
2285 913 2406 952 eum
2437 911 2614 954 autem
2633 907 2943 973 apparuerit
2979 907 3230 964 Christus
3252 909 3360 964 vita
3387 925 3512 964 uos-

1902 998 2005 1051 tra.
2023 1001 2148 1044 tunc
2168 998 2223 1044 et
2255 1006 2352 1044 n0s
2379 1005 2500 1046 cum
2536 994 3030 1066 illoapparetiimus
3059 1000 3112 1054 in
3144 1002 3343 1069 gloria.
3370 1003 3512 1073 Ergo

1903 1101 2010 1138 non
2040 1085 2326 1139 titueamus
2347 1098 2600 1152 mortem;
2625 1091 2876 1158 qucuiant
2902 1092 3215 1161 requiesest
3237 1096 3509 1164 corporis,

1904 1181 2098 1232 animae
2136 1191 2312 1232 autem
2347 1180 2428 1233 vel
2462 1180 2714 1246 libertas,
2749 1183 2831 1237 vel
2865 1184 3155 1238 absolutio.
3190 1186 3298 1242 Nec
3318 1202 3511 1243 verea-

1907 1289 2027 1327 mur
2057 1289 2176 1328 eum
2208 1274 2295 1344 qtti
2325 1282 2500 1342 potest
2531 1290 2751 1330 carnem
2785 1277 3112 1338 interﬁcere.
3147 1281 3380 1335 animam
3417 1298 3513 1336 att-

1909 1378 2016 1422 tem
2060 1383 2166 1422 non
2215 1377 2422 1436 petest;
2469 1370 2591 1434 quia
2625 1386 2732 1423 non
2772 1372 3027 1425 timemus
3057 1375 3296 1444 eumqui
3331 1383 3514 1444 potest

1911 1464 2292 1519 vestimentum
2327 1465 2561 1527 auferre,
2607 1481 2714 1519 non
2768 1470 3019 1520 timemus
3047 1481 3170 1519 eum
3200 1469 3312 1532 qui_
3335 1477 3515 1537 potest

1911 1566 2092 1612 nostra
2127 1557 2310 1613 iurati.
2337 1573 2434 1610 nos
2455 1569 2633 1612 autem
2657 1575 2762 1612 nun
2791 1568 2988 1628 potest.
3012 1554 3118 1612 Nos
3138 1557 3296 1629 igitur
3317 1561 3514 1613 anima:

1910 1666 2120 1716 sumus,
2166 1654 2209 1705 si
2244 1653 2484 1707 volumus
2512 1668 2633 1708 esse
2666 1653 2874 1708 Hebrmi
2900 1653 2968 1707 de
2999 1653 3064 1708 iis
3093 1653 3182 1722 qui
3214 1666 3336 1708 sunt
3377 1655 3513 1709 soi-ii

131 1779 144 1800 ,
200 1739 350 1810 quod
379 1756 541 1809 supra
580 1754 797 1793 omnem
840 1739 1214 1808 operationem
1242 1746 1356 1804 est,
1397 1753 1559 1805 supra
1589 1754 1806 1794 omnem
1912 1745 2101 1811 Jaroli,
2125 1746 2173 1800 id
2197 1755 2298 1806 est,
2323 1748 2621 1802 imitatores
2648 1747 2785 1816 ejus,
2807 1747 2914 1801 Nos
2936 1748 3130 1802 animai,
3149 1763 3354 1813 sumus,
3389 1764 3514 1802 "0;-

199 1849 443 1892 mentem
493 1848 656 1906 atque
692 1835 1026 1890 intellectum
1055 1852 1066 1888 :
1101 1836 1273 1904 ipsum
1304 1847 1383 1889 est
1409 1834 1551 1904 quod
1589 1849 1806 1903 semper
1837 1841 1885 1900 B
1915 1851 1991 1893 tra
2011 1850 2188 1893 autem
2207 1841 2448 1895 membra
2469 1843 2786 1895 vestimenta
2803 1855 2954 1898 Sunt:
2975 1841 3241 1894 servanda
3259 1839 3516 1912 suntqui-

199 1945 408 1997 mauet,
438 1932 505 1985 ad
537 1933 708 1998 ipsum
731 1941 1121 1985 convertuntur
1141 1929 1344 1996 omnia,
1382 1929 1433 1983 in
1458 1945 1566 1998 quo
1596 1918 1804 1983 haliitat
1910 1933 2032 1986 dem
2062 1934 2397 1989 vestimenta.
2426 1949 2491 1988 ne
2511 1935 2844 2000 scindantur,
2870 1953 2937 1991 ne
2966 1937 3394 1993 iuveterascaut:
3420 1933 3516 1988 sed

201 2025 662 2100 plenitudom
681 2024 707 2064 δ
730 2025 1046 2090 divinitatis,
1069 2033 1123 2080 et
1144 2040 1237 2094 per
1260 2025 1432 2095 ipsum
1452 2024 1805 2078 reconcilian-
1910 2024 2002 2080 ille
2025 2027 2214 2095 magis,
2233 2029 2321 2096 qui
2348 2027 2431 2080 his
2449 2028 2634 2093 utitur,
2650 2043 2868 2084 servare
2891 2046 2949 2084 se
2967 2030 3196 2100 debetet
3221 2025 3513 2083 custodire.

204 2165 316 2219 lum
346 2164 578 2216 inundet.
613 2163 880 2232 Quatuor,
931 2162 1294 2215 conscientiam
1353 2178 1498 2215 suam
1543 2176 1630 2227 per
1668 2159 1815 2214 illum

204 2240 414 2292 oculum
441 2237 671 2288 mandet.
709 2235 1142 2296 Ibidem,omues
1170 2234 1300 2287 edit.
1324 2248 1387 2287 ac
1411 2248 1540 2285 mss.
1559 2244 1810 2301 quatuor,

205 2326 270 2363 ne
291 2309 416 2379 quid
439 2308 707 2362 sordidum
739 2306 944 2362 habeat.
973 2305 1079 2361 Alii
1099 2307 1313 2372 melius,
1336 2322 1397 2360 ne
1411 2304 1533 2374 quid
1554 2304 1806 2371 sordium,

206 2391 320 2435 etc.

282 2461 306 2488 ⁸
338 2450 467 2506 Mss.
496 2450 719 2520 aliquot.
747 2459 795 2504 et
826 2448 1035 2521 gentilis
1072 2450 1262 2522 posuit.
1313 2445 1498 2522 Ipsum
1552 2457 1624 2501 est
1659 2448 1810 2522 enim

207 2526 400 2578 bonum
427 2523 562 2592 quod
580 2519 859 2592 qutcrimus
891 2519 1079 2575 solum'
1113 2526 1126 2590 (
1158 2521 1346 2590 aliqui,
1379 2519 1677 2588 summum)
1720 2521 1809 2573 bo-

207 2613 355 2649 num.
387 2594 514 2654 Alii.
545 2597 632 2664 qui
665 2605 715 2650 et
749 2595 991 2648 melioris
1023 2596 1144 2658 mvi,
1181 2608 1280 2664 uec
1305 2609 1411 2646 non
1446 2605 1560 2645 aut.
1591 2593 1724 2646 edit.
1756 2600 1815 2647 ιιι

211 2669 267 2723 in
298 2662 602 2730 contextu;
628 2666 730 2720 nisi
760 2666 906 2737 quod
935 2664 1059 2719 Am.
1095 2681 1156 2718 ac
1188 2662 1315 2719 Gill.
1349 2665 1574 2734 legunt,
1609 2665 1813 2735 signifi-

1919 2163 2046 2214 cari.
2079 2161 2506 2238 Tandeurliom.
2541 2166 2698 2234 edit.,
2729 2169 2943 2238 gentiles
2973 2168 3134 2228 uoluit
3161 2181 3385 2219 monere.
3419 2162 3515 2238 1p:

1919 2250 2033 2287 sum
2055 2247 2146 2299 est,
2179 2247 2283 2289 etc.
2316 2236 2422 2289 Sed
2457 2239 2700 2291 varietati
2733 2236 2881 2293 locus
2915 2258 3019 2292 uou
3058 2238 3399 2306 relinquetur
3431 2279 3445 2300 ,
3473 2237 3519 2290 si

1919 2307 2295 2374 interpreteris
2321 2310 2420 2361 hoc
2442 2310 2602 2362 tuodn
2635 2329 2646 2362 :
2679 2307 2878 2364 Paulus
2912 2312 2962 2364 in
2989 2326 3084 2364 sua
3116 2309 3181 2362 ad
3214 2309 3518 2376 Areopagi-

1920 2387 2002 2452 tas
2021 2381 2269 2434 oratione
2295 2382 2625 2449 posuit,sive
2647 2382 2791 2435 dixit
2810 2384 3046 2452 gentiles
3069 2393 3254 2448 poetas
3277 2379 3327 2434 id
3353 2379 3522 2448 signi-

1919 2450 2134 2514 licasse,
2163 2454 2416 2506 nimirum
2440 2455 2581 2520 ιιυυιΙ
2615 2455 2664 2507 in
2693 2453 2807 2508 Deo
2821 2450 3072 2508 'vivimus
3094 2493 3109 2519 ,
3133 2467 3342 2514 sumus,
3375 2463 3482 2504 etc.

1990 2520 2016 2559 ι’
2045 2522 2142 2574 Ms.
2175 2523 2340 2593 Long.
2371 2569 2384 2586 ,
2417 2525 2700 2578 divinitatis
2747 2527 3084 2597 corporaliter
3110 2566 3125 2590 ,
3157 2534 3202 2579 et
3233 2540 3323 2594 per
3351 2521 3518 2594 ipsum

1916 2603 2284 2649 conuertuntur
2325 2597 2522 2663 omnia,
2546 2609 2654 2652 etc.

217 2809 3517 2861 Ἦ

263 2850 3373 2861 WWW

263 2850 3373 2862 “mw

604 2954 726 3038 IN
780 2955 1239 3037 LIBRUM
1297 2957 1456 3037 DE
1511 2954 1831 3044 BONO
1889 2956 2342 3039 MORTIS
2400 2957 3108 3040 ADMONITIO.

534 3091 634 3151 Ubi
667 3096 940 3167 przecipue
970 3109 1038 3150 DE
1066 3095 1414 3150 uant'racuus
1444 3111 1719 3151 autuauuu
1747 3109 1875 3150 posr
1905 3110 2144 3162 uoureu,
2187 3095 2362 3166 deque
2385 3095 2526 3152 libro
2559 3113 2608 3151 tv
2639 3097 2826 3154 Esdra:
2855 3097 3210 3170 disceptatur.

285 3317 494 3386 Quanta
517 3318 662 3388 libro,
678 3317 748 3373 de
775 3317 927 3372 Bono
949 3318 1138 3373 mortis
1169 3334 1289 3371 cum
1312 3317 1580 3385 superiore
1607 3314 1675 3371 de
1700 3314 1847 3371 Isaac
1877 3323 1933 3370 et
1969 3316 2167 3370 Anima
2191 3315 2430 3386 cognatio
2471 3315 2792 3382 intercedat,
2822 3315 2990 3388 prima
3018 3315 3164 3370 illius
3212 3315 3362 3369 verba
3404 3315 3532 3369 satis

209 3411 478 3466 declarant
512 3428 524 3465 :
555 3427 670 3482 qua:
690 3412 894 3481 quidem
921 3411 966 3464 si
989 3411 1101 3480 quis
1127 3411 1360 3464 strictius
1392 3409 1609 3463 coluerit
1637 3410 1990 3478 inttrpretari,
2043 3412 2176 3479 forte
2199 3426 2302 3464 non
2331 3411 2621 3464 inconsulto
2645 3427 2804 3464 unum
2853 3427 2961 3464 esse
2988 3409 3329 3481 affirmaverit
3359 3409 3531 3479 operis

209 3514 502 3560 contextum
528 3514 575 3559 et
601 3505 750 3574 quasi
777 3519 990 3574 corpus,
1025 3506 1174 3570 cuius
1193 3506 1323 3558 liber
1344 3505 1542 3576 primus
1573 3503 1703 3556 alter
1730 3502 1834 3555 dici
1863 3502 2066 3566 debeat,
2097 3504 2230 3556 alter
2253 3505 2527 3558 secundus.
2561 3503 2768 3568 Ecquid
2808 3505 2945 3558 enim
2971 3504 3115 3557 aliud
3165 3503 3264 3557 sibi
3307 3499 3530 3556 voluisse

208 3602 412 3656 videtur
439 3601 762 3666 Ambrosius,
792 3617 910 3654 cum
939 3611 1049 3670 post
1082 3600 1270 3654 librum
1299 3601 1368 3655 de
1387 3599 1537 3654 Isaac
1563 3599 1765 3670 ﬁnitum
1795 3601 1846 3654 in
1875 3599 2008 3653 hanc
2025 3601 2517 3670 sententiam:Ergo
2547 3619 2652 3656 nou
2690 3607 2980 3658 timeamus
3004 3613 3259 3667 mortem,
3295 3609 3418 3665 etc.,
3449 3613 3531 3654 se-

209 3708 442 3768 quentem
467 3700 764 3768 auspicatur
791 3699 926 3751 hisce
950 3697 1110 3752 verbis
1141 3714 1159 3753 :
1188 3698 1454 3765 Qu0uiam
1484 3698 1764 3761 superiore
1787 3695 1924 3751 libro
1949 3695 2015 3749 de
2049 3698 2226 3751 anima
2263 3712 2567 3752 sermonem
2593 3698 2828 3769 aliquem
2861 3697 3270 3762 eontexuimus,
3310 3695 3528 3751 facilio-

210 3807 324 3847 rem
351 3794 491 3846 viam
515 3803 762 3860 putamus
793 3791 860 3846 de
891 3792 1033 3869 bimo
1061 3793 1251 3844 mortis
1272 3789 1544 3845 conﬁcere
1573 3787 1803 3856 aliquid,
1840 3789 1978 3842 etc.?
2010 3787 2180 3858 Igitur
2208 3791 2346 3859 quod
2396 3792 2452 3844 in
2485 3792 2588 3859 ﬁne
2631 3790 2829 3846 ultima!
2860 3790 3229 3845 lucubrationis
3251 3803 3352 3842 non
3399 3787 3527 3841 satis

213 3891 330 3958 fuse
359 3896 634 3941 tractatum
666 3891 860 3958 fuerat,
887 3887 940 3940 id
966 3888 1019 3940 in
1053 3887 1148 3939 hac
1170 3887 1375 3941 uberius
1391 3897 1544 3955 atque
1565 3890 1857 3943 accuratius
1888 3888 2262 3941 discutiendum
2291 3889 2616 3957 proponitur.

239 3967 245 3972 ⁷
288 3979 387 4032 llic
420 3982 592 4047 itaque
616 3981 836 4034 ostendit
862 3990 1069 4034 sanctus
1100 3979 1291 4033 Doctor
1316 3981 1453 4048 quod
1479 3985 1664 4036 bonum
1691 3983 1777 4048 sit,
1808 3998 1982 4052 quwve
2008 3982 2258 4035 utilitates
2290 3982 2489 4046 mortis,
2523 3997 2774 4051 quantque
2798 3981 2891 4034 illa
2917 3997 3100 4053 parum
3123 3979 3521 4036 extimescenda.

213 4073 547 4140 PrOpositum
574 4084 743 4128 autent
770 4079 865 4128 hoc
886 4090 1035 4126 suum
1062 4074 1186 4126 satis
1213 4085 1455 4126 accurata
1482 4073 1721 4128 methodo
1748 4077 2088 4142 persequitur.
2119 4071 2325 4126 Etenim
2351 4075 2618 4144 prtemissa
2648 4073 2763 4125 vita:
2789 4089 2849 4126 ac
2875 4074 3053 4126 mortis
3099 4072 3399 4141 deﬁnitione
3431 4113 3445 4136 ,
3475 4079 3526 4126 et

211 4168 472 4223 nonnullis
502 4179 681 4222 contra
707 4168 885 4220 mortis
912 4167 1184 4220 utilitatem
1209 4167 1482 4236 oppositis,
1512 4183 1628 4236 qua:
1659 4177 1834 4234 postea
1859 4167 2015 4229 diluit
2040 4206 2054 4229 ,
2085 4166 2341 4234 triplicem
2387 4165 2603 4218 inveniri
2658 4173 2872 4218 mortem
2927 4165 3246 4219 demonstrat
3271 4207 3287 4231 ,
3320 4166 3532 4234 ejusque

212 4263 415 4316 tertium
443 4278 600 4332 genus
617 4259 758 4332 quod
780 4261 833 4314 in
856 4261 1044 4313 aninuv
1071 4271 1223 4330 atque
1252 4263 1484 4329 corporis
1513 4259 1837 4329 separatione
1868 4260 2093 4330 positum
2118 4270 2214 4324 est,
2248 4260 2432 4312 bonum
2475 4275 2583 4314 esse
2613 4275 2672 4312 ac
2705 4258 2968 4327 felicitatis
3001 4259 3202 4327 plenum
3227 4257 3407 4313 evincit
3437 4301 3455 4328 ,
3479 4267 3527 4314 et

209 4356 256 4409 si
274 4356 398 4422 quid
421 4355 676 4410 metuendi
699 4355 777 4409 rel
803 4354 1114 4407 incommodi
1143 4353 1347 4417 habeat,
1381 4354 1436 4406 id
1462 4355 1667 4424 quidem
1688 4370 1789 4407 non
1819 4355 1990 4418 morti,
2015 4354 2106 4407 sed
2128 4362 2316 4407 nostrtc
2340 4354 2565 4423 ipsorum
2612 4353 2904 4423 inﬁrmitati
2941 4353 3322 4418 ascribendum.
3379 4352 3527 4408 Illud

213 4467 352 4516 vero,
382 4450 426 4504 si
457 4451 582 4518 quid
603 4447 770 4507 aliud.
809 4447 919 4501 Viri
943 4449 1106 4501 sancti
1131 4448 1371 4519 pietatem
1397 4448 1648 4509 declarat,
1679 4446 1816 4518 quod
1845 4451 2018 4502 omnia
2043 4449 2200 4512 ferme
2230 4448 2393 4516 ipsius
2422 4456 2725 4517 argumenta
2769 4463 3032 4500 sacrorum
3063 4447 3297 4501 codicum
3348 4459 3529 4501 aucto-

211 4549 362 4599 ritate
391 4546 745 4610 nitantur,aut
767 4542 810 4594 si
831 4541 968 4607 quod
995 4543 1145 4594 etiam
1170 4557 1234 4594 ea:
1255 4541 1482 4595 naturali
1504 4541 1702 4594 ratione
1720 4542 2044 4612 desuntpmm
2067 4539 2333 4603 adhibeat,
2361 4541 2498 4608 quod
2517 4546 2624 4609 iam
2640 4541 2692 4593 in
2715 4539 2873 4592 simili
2900 4555 3059 4592 causa
3088 4539 3315 4593 allatum
3343 4542 3525 4610 fuisset

211 4657 243 4694 a
285 4639 625 4707 philosophis,
655 4637 712 4691 id
735 4653 1010 4704 numquam
1044 4653 1145 4688 non
1172 4634 1349 4688 divino
1373 4635 1619 4704 quopiam
1651 4635 1944 4688 testimonio
1971 4634 2257 4704 conﬁrmet.
2299 4632 2435 4686 Hinc
2462 4649 2645 4687 ansam
2668 4643 2847 4686 nactus
2868 4633 3188 4687 Christianos
3209 4635 3351 4687 docet
3372 4645 3526 4702 quam

215 4751 395 4807 parum
418 4732 537 4787 huic
562 4733 680 4786 vitta
708 4748 856 4785 omne
882 4747 1044 4801 genus
1064 4730 1389 4783 miseriarum
1414 4730 1726 4798 plcnissimw
1756 4729 2130 4783 adhwrendum
2151 4771 2166 4793 ,
2197 4745 2452 4797 quantque
2481 4728 2709 4782 studiose
2731 4728 2923 4781 stt-culo
2941 4767 2955 4791 ,
2989 4729 3258 4782 exstinctis
3281 4726 3528 4796 corporis

214 4827 686 4895 delectationibus,
717 4825 1102 4894 cupiditatibus
1125 4822 1398 4883 omnibus.
1423 4822 1718 4891 mundique
1748 4821 2018 4877 illceeliri~
2045 4821 2064 4892 (
2089 4821 2218 4889 Lup.
2253 4821 2307 4883 5,
2343 4832 2437 4873 etc.
2463 4820 2498 4888 ),
2531 4821 2882 4886 morimdum,
2907 4829 2960 4874 ut
2997 4820 3214 4888 integra!
3242 4827 3532 4886 sanctasque

214 4927 329 4979 uiue
355 4924 596 4996 beneﬂcio
623 4940 760 4978 mors
786 4939 941 4984 quam
973 4928 1239 4989 peccatum
1272 4920 1439 4973 solum
1473 4929 1630 4987 potest
1655 4917 1866 4971 reddere
1895 4915 2298 4986 formidabilem,
2332 4932 2431 4969 non
2455 4918 2716 4969 timeatur.
2741 4914 2856 4969 Hoc
2902 4916 3144 4968 ultimum
3169 4913 3384 4968 subinde
3409 4929 3534 4984 pro-

214 5025 315 5092 bat,
344 5025 669 5091 maximeque
699 5023 816 5077 totis
847 5021 1010 5076 tribus
1039 5019 1197 5092 hujus
1245 5017 1430 5086 apellte
1446 5014 1700 5086 capitibus
1728 5013 1882 5084 (Cap.
1917 5012 1971 5073 5,
2003 5011 2111 5065 δἐι
2140 5011 2216 5081 7).
2260 5009 2340 5064 Ad
2386 5023 2675 5064 extremum
2724 5010 2805 5063 ubi
2857 5010 3044 5062 anima:
3089 5009 3532 5060 imntortalitatent

213 5119 449 5182 asseruit,
477 5118 686 5188 quinam
711 5121 919 5184 futurus
941 5115 1006 5167 sit
1029 5114 1174 5166 illius
1197 5111 1475 5180 acorporis
1500 5107 1836 5162 contubernio
1859 5115 2138 5178 segregata:
2167 5114 2351 5167 status.
2379 5105 2635 5176 explicat;
2675 5121 2737 5157 ac
2767 5102 3057 5173 perorando
3087 5101 3265 5171 ﬁdeles
3281 5102 3533 5155 adhorta-

214 5223 317 5275 tur,
341 5222 396 5264 ut
425 5211 564 5264 omni
593 5209 849 5261 industria
877 5207 987 5261 Deo
1014 5206 1286 5276 conjungi,
1316 5205 1466 5272 eique
1495 5201 1758 5256 indivulso
1781 5201 1953 5254 animo
1980 5200 2245 5254 adhwrere
2265 5211 2540 5271 satagunt,
2573 5216 2677 5270 quo
2708 5209 2818 5268 post
2850 5198 3053 5267 ﬁnitum
3082 5197 3234 5249 istius
3272 5197 3390 5250 uiue
3411 5211 3532 5250 cur—

214 5304 439 5359 riculum
471 5301 731 5372 pervenire
757 5301 1020 5366 contingat
1051 5299 1117 5353 ad
1151 5297 1580 5367 patriarcharum
1599 5295 2243 5356 conetlium,sanctorum
2271 5308 2493 5353 rte-um.
2514 5293 2892 5362 justorumque
2921 5297 3272 5356 Conventum,
3294 5290 3383 5344 ubi
3410 5304 3528 5345 ser-

214 5396 360 5450 vulis
383 5395 494 5448 suis
523 5392 780 5448 Dotuinus
804 5393 960 5446 .lesns
991 5391 1299 5446 mansiones
1324 5401 1550 5461 paravnt,
1584 5396 1643 5442 ut
1669 5388 1755 5440 ttlll
1791 5387 1877 5441 ille
1896 5396 1979 5441 e~t
2000 5395 2055 5440 et
2076 5401 2181 5440 non
2214 5388 2383 5440 simus
2406 5386 2424 5457 (
2450 5386 2578 5454 Cap.
2613 5386 2676 5439 1‘2
2708 5385 2747 5455 ).

289 5487 371 5544 Ea:
393 5487 530 5542 omni
551 5496 717 5538 autem
736 5486 906 5552 operis
929 5487 1085 5556 hujus
1106 5485 1385 5538 teronomia
1398 5497 1703 5552 cognoscere
1725 5489 1798 5535 est
1819 5520 1834 5541 ,
1869 5497 1972 5534 non
1999 5480 2166 5533 solum
2188 5497 2246 5534 eo
2269 5481 2480 5534 nihilad
2501 5495 2698 5530 morum
2726 5478 3060 5550 disciplinain
3087 5476 3534 5544 accommodatiu.

214 5580 452 5639 inveniri.
487 5593 661 5633 verum
677 5579 826 5630 etiam
849 5577 984 5630 illud
1009 5577 1136 5630 libro
1165 5577 1230 5630 de
1263 5577 1410 5632 Isaac
1433 5577 1586 5647 plane
1604 5581 1956 5647 synchronum
1984 5592 2115 5640 esse,
2143 5578 2238 5628 hoc
2263 5587 2358 5637 est,
2383 5576 2574 5628 editum
2602 5590 2738 5626 anno
2759 5574 2963 5627 circiter
2981 5587 3319 5628 cccutxxvn.
3345 5571 3530 5642 Neque

217 5695 330 5734 vero
359 5673 478 5728 hinc
510 5689 712 5743 quoque
739 5673 942 5724 videtur
966 5671 1094 5722 nmle
1120 5671 1310 5736 confici
1338 5671 1472 5725 idem
1503 5671 1636 5723 illud
1667 5680 1904 5723 constare
1923 5672 2273 5736 roncionibus,
2311 5686 2435 5737 quas
2478 5669 2545 5720 ad
2567 5668 2767 5719 eosdem
2796 5684 2923 5735 quos
2965 5667 3254 5730 superiores
3280 5677 3526 5722 tractatus

219 5767 536 5839 spectabant,
561 5763 764 5818 habitas
783 5763 838 5815 in
868 5763 1056 5815 librum
1089 5764 1338 5814 conuertit
1361 5762 1687 5822 Ambrosius.
1717 5762 1885 5814 indita
1907 5762 2241 5830 inscriptionr
2264 5762 2330 5814 de
2359 5761 2508 5814 Bono
2537 5759 2750 5824 mortis,
2780 5761 2871 5812 sub
2913 5775 3013 5828 qua
3033 5773 3132 5811 non
3160 5762 3314 5814 semel
3343 5761 3534 5812 citatur

221 5863 290 5920 alt
311 5860 612 5932 Augustino
641 5861 660 5930 (
687 5855 804 5915 Lib.
832 5864 1090 5922 tv,coutr.
1121 5861 1251 5910 duas
1277 5857 1424 5925 epist.
1459 5854 1667 5925 Pclag.,
1699 5871 1816 5926 cap.
1851 5853 1912 5909 ll
1937 5851 1979 5922 ).
2010 5851 2079 5907 Et
2117 5860 2249 5924 forte
2274 5854 2386 5908 istis
2432 5850 2668 5906 omnibus
2688 5854 2857 5908 causis
2883 5852 3100 5924 factum,
3131 5852 3264 5908 utin
3313 5867 3416 5907 uno
3460 5865 3519 5908 re
