4082 6370
531 255 634 311 θη
1829 249 2076 310 SANCTI
2113 253 2143 308 Α

2299 251 2438 308 0511
3807 249 3911 305 556

528 370 735 440 giorum
783 371 1021 426 codicum
1061 369 1136 424 ita
1193 367 1556 422 inscriberetur
1603 383 1622 421 :
1671 363 1833 422 Liber
1897 365 2090 424 tertius
2147 381 2216 423 ex
2273 365 2412 424 libro
2463 366 2536 424 de
2613 369 2976 434 Patriarchis,
3035 369 3132 442 qui
3195 366 3530 425 iatitulatur
3603 360 3686 418 de
3759 359 3916 418 Bono

532 463 748 523 omnis.

611 557 805 612 Verum
835 572 947 624 quae
975 555 1036 612 S.
1063 553 1259 609 Doctor
1304 552 1368 606 de
1415 554 1709 608 animarum
1751 554 2054 622 corporibus
2103 555 2212 610 suis
2251 565 2526 611 exutarnm
2573 567 2740 624 statu,
2773 558 2932 628 deque
2983 569 3206 614 auctore
3261 576 3300 613 α
3349 573 3460 620 quo
3513 555 3784 609 doctrina
3829 555 3916 606 ilia

536 657 768 724 profecta
797 662 901 716 est,
931 653 1025 706 sub
1064 648 1360 717 scriptionis
1411 651 1626 721 hujusce
1656 649 1812 716 linem
1853 649 2042 713 trudit,
2077 665 2136 702 ea
2165 666 2290 704 sane
2337 667 2428 704 nos
2483 651 2534 704 in
2567 649 2700 704 duas
2747 669 2846 706 non
2875 653 3120 706 minimas
3169 651 3538 716 difﬁcultates
3577 646 3906 719 conjiciunt.

535 747 770 803 Primum
794 747 926 798 enim
955 745 1000 797 si
1045 740 1287 796 Ductoris
1317 743 1476 794 nastri
1508 743 1656 796 verba
1679 743 1856 796 stricte
1881 753 2034 810 atque
2059 758 2124 798 ex
2153 743 2386 814 apicibus
2411 743 2808 810 interpretemur
2831 785 2846 812 ,
2877 761 3122 816 cogemur
3159 747 3376 810 liquido
3409 741 3668 810 cortﬁteri
3705 742 3910 794 artiums

531 843 696 916 ipsius
735 840 941 914 judicio
997 839 1047 892 in
1095 835 1416 906 quilmsdam
1475 835 1797 890 habitaculis
1847 831 2015 905 (Cap.
2061 835 2170 906 10)
2221 837 2494 890 conclusas
2537 839 2772 906 adusque
2817 841 3104 906 generalem
3149 855 3208 892 re
3241 837 3610 890 mres-tionem
3668 837 3908 900 seruari,

533 954 616 992 eas
639 935 706 988 ibi
735 933 1014 988 mercedem
1045 931 1268 986 debitam
1299 931 1538 1004 aperibus
1585 933 1716 998 suis,
1747 932 1835 986 sed
1865 941 1982 986 ante
2031 933 2166 986 diem
2193 933 2432 986 ultimum
2463 935 2672 988 minime
2711 935 3028 989 reddendam
3077 949 3415 1004 exspectare,
3451 931 3686 986 interim
3739 943 3906 984 tamen

531 1031 653 1086 illas
685 1033 766 1087 vel
821 1031 974 1082 bonis
1017 1027 1340 1096 quibusdam
1371 1069 1384 1086 ,
1418 1027 1500 1080 vel
1550 1041 1637 1094 μω
1662 1027 1724 1080 πίε
1765 1025 1906 1080 παῖε-ἰ
1949 1025 2126 1096 (Ibid.
2157 1027 2196 1093 ),
2229 1037 2382 1097 prout
2433 1029 2666 1096 ipsarum
2721 1045 2934 1099 qquue
2975 1029 3076 1100 fuit
3105 1029 3442 1093 commerita,
3477 1037 3776 1099 postremo
3797 1023 3906 1094 ius.

535 1135 708 1181 torum
756 1126 996 1182 la-tiiiun
1041 1142 1137 1192 per
1167 1122 1430 1190 quosdam
1481 1123 1702 1176 ordines
1741 1137 1866 1176 esse
1893 1121 2156 1192 digestum
2187 1119 2358 1194 (Cap.
2393 1124 2452 1178 it
2479 1120 2520 1194 ).

609 1221 802 1275 Mirum
850 1221 1055 1282 quidem
1085 1237 1184 1274 non
1215 1219 1411 1272 esthoc
1441 1215 1596 1269 modo
1641 1216 1706 1268 de
1745 1217 2038 1270 animarum
2079 1226 2216 1270 statu
2263 1217 2532 1280 scripsisse
2575 1217 2932 1282 Ambrosium,
2970 1217 3058 1270 sed
3097 1216 3234 1271 illud
3281 1215 3696 1288 propemodum
3745 1211 3904 1265 iacre-

533 1313 692 1368 dibile
717 1313 880 1366 videri
908 1323 1096 1376 potest,
1127 1327 1280 1374 quum
1325 1310 1376 1362 in
1401 1325 1460 1362 ea
1481 1307 1761 1375 qutustione
1799 1309 1962 1360 sancti
1993 1304 2178 1362 Patres
2219 1307 2281 1362 ab
2325 1309 2452 1376 ipsis
2491 1309 2844 1378 apostolorum
2889 1309 3202 1380 temporibus
3229 1311 3301 1361 ad
3349 1306 3614 1376 Gregorii
3653 1301 3754 1358 ΧΙ
3781 1323 3902 1374 pas-

533 1407 821 1478 tiﬁratum,
875 1404 1334 1466 Florentinum'pte
1379 1405 1689 1466 concilians,
1726 1405 1820 1458 hoc
1863 1415 1936 1458 est
1963 1447 1978 1466 ,
2031 1415 2136 1458 toto
2169 1408 2326 1470 fertile
2371 1407 2756 1474 quatuordecim
2797 1407 3101 1460 san-uiarum
3145 1407 3314 1478 spatio
3338 1447 3352 1470 ,
3381 1405 3582 1459 incerti
3617 1419 3694 1456 ac
3723 1417 3896 1466 parum

533 1509 825 1556 constantes
866 1515 954 1553 exs
981 1499 1176 1552 iterint.
1217 1496 1337 1552 Non
1369 1498 1500 1552 enim
1547 1499 1714 1551 solum
1755 1500 1890 1552 alius
1915 1498 1978 1552 ab
2008 1499 2148 1562 alio,
2181 1509 2236 1551 ut
2267 1499 2319 1552 in
2349 1497 2652 1572 hujusmodi
2678 1497 3048 1567 quastionibus
3095 1501 3316 1553 necdum
3363 1499 3432 1550 ab
3469 1495 3748 1550 Ecclesia
3779 1495 3898 1564 deﬁ-

543 1595 668 1647 nitis
697 1593 992 1660 coutingrre
1025 1601 1163 1646 antat
1190 1634 1204 1655 ,
1234 1593 1542 1646 dissentiunt
1569 1607 1586 1644 :
1628 1608 1800 1646 verum
1846 1592 1996 1645 etiam
2029 1609 2132 1644 non
2163 1593 2288 1646 satis
2319 1591 2574 1646 conterent
2605 1593 2700 1646 sibi
2729 1593 2868 1664 ipsi;
2893 1611 3006 1646 cum
3037 1595 3244 1648 easdem
3273 1595 3485 1647 animas
3521 1594 3686 1645 clara
3717 1591 3896 1642 dirius

539 1698 743 1740 natura:
795 1695 1070 1754 conspectu
1119 1686 1224 1750 frui
1270 1684 1575 1754 quibusdam
1617 1687 1924 1752 scriptorum
1971 1701 2180 1738 suorum
2253 1685 2380 1738 locis
2440 1687 2752 1748 concedere,
2803 1703 2984 1740 rursus
3053 1689 3361 1755 quibusdam
3427 1687 3558 1742 aliis
3615 1687 3682 1738 id
3733 1687 3894 1746 ipsum

539 1793 728 1848 negare
758 1777 1048 1830 videon-'ur.
1088 1775 1258 1850 Hujus
1288 1793 1456 1831 autem
1484 1779 1646 1830 nastri
1673 1779 1894 1832 instituti
1925 1795 2026 1832 non
2057 1789 2128 1833 est
2151 1779 2378 1834 diversas
2410 1781 2528 1834 illas
2551 1783 2881 1850 antiquarum
2899 1779 3116 1836 Patrum
3149 1783 3430 1836 sententias
3453 1783 3546 1834 hic
3577 1796 3892 1848 congerere:

541 1871 627 1924 cui
663 1870 812 1934 plura
849 1871 946 1922 hac
989 1871 1052 1922 de
1080 1885 1135 1922 re
1170 1887 1476 1944 cognoscere
1523 1871 1760 1932 libuerit.
1791 1871 2044 1941 Alphons.
2073 1889 2102 1924 a
2149 1869 2328 1926 Cas-'ro
2359 1873 2510 1946 (Lib.
2545 1891 2602 1930 Ill
2627 1919 2640 1941 ,
2677 1879 2795 1930 adv.
2824 1874 3024 1930 liceres.
3053 1877 3092 1946 ),
3147 1877 3287 1930 Sint.
3325 1877 3454 1932 Sen.
3493 1875 3512 1938 l
3543 1875 3704 1928 Bibl.
3741 1877 3782 1928 l.
3811 1891 3888 1938 τι,

541 1962 737 2018 Annot.
771 1963 876 2018 555
897 1961 938 2034 ).
973 1961 1198 2018 Bellus-in
1254 1962 1392 2031 (Lib.
1421 1979 1437 2018 ι
1469 1966 1530 2018 de
1561 1963 1704 2018 Beat.
1735 1982 1851 2028 cap.
1885 1967 1908 2020 1
1945 1979 1992 2020 et
2021 1965 2188 2040 seq.
2221 1966 2402 2022 Petav.
2437 1971 2456 2039 (
2483 1969 2728 2038 Theolog.
2759 1971 2929 2042 doqm.
2965 1971 3028 2024 de
3071 1971 3199 2026 Deo.
3231 1988 3347 2039 cap.
3379 1973 3451 2028 l5
3475 1983 3528 2026 et
3567 1971 3642 2026 14
3673 1971 3716 2034 ).
3753 1983 3888 2036 atque

543 2055 677 2108 alios
717 2055 953 2108 consulat
1001 2056 1138 2109 licet.
1173 2053 1322 2110 Illud
1351 2065 1550 2110 tantum
1591 2057 1686 2110 hoc
1718 2059 1818 2111 loci
1865 2060 2203 2113 admonemus
2227 2102 2240 2124 ,
2277 2077 2479 2114 onmem
2519 2062 2664 2116 illum
2698 2065 2948 2118 sermonis
2979 2065 3324 2120 diversiutem
3353 2083 3416 2120 ex
3447 2067 3624 2120 rariis
3655 2079 3886 2118 inuitasse

547 2149 820 2221 principiis
845 2191 860 2214 ,
887 2164 1002 2216 quae
1051 2152 1242 2203 sanctis
1287 2149 1390 2204 illis
1437 2151 1560 2204 viris
1606 2167 1868 2204 sacrnram
1923 2154 2232 2226 paginarum
2284 2153 2434 2208 lectio
2481 2157 2868 2226 suppeditabat.
2901 2157 3038 2210 llinc
3063 2168 3139 2210 est
3167 2158 3306 2228 quod
3333 2159 3420 2224 qui
3455 2157 3884 2212 Millenariarum

541 2258 768 2296 errorem
801 2244 1024 2314 tiriipleri
1051 2253 1172 2296 sum
1191 2284 1206 2309 ,
1237 2243 1300 2297 ab
1327 2244 1392 2298 iis
1421 2245 1596 2297 eodem
1623 2256 1924 2316 argumento
1968 2251 2145 2318 t'uturu
2187 2257 2306 2303 ante
2347 2265 2624 2315 corporum
2663 2254 3086 2307 resurrectionem
3119 2255 3354 2313 beatiﬁca
3385 2255 3520 2308 visio
3569 2255 3866 2327 negabatur

543 2333 613 2390 Et
640 2337 869 2407 quanwis
896 2340 984 2404 qui
1015 2341 1173 2392 secuti
1202 2349 1322 2393 sunt
1347 2355 1536 2412 magno
1563 2339 1734 2395 studio
1763 2342 1994 2398 eumdem
2022 2359 2245 2398 errorem
2265 2345 2616 2416 impugnarint
2645 2347 3103 2420 proﬂigarintque,
3131 2357 3298 2402 tamen
3327 2348 3468 2401 circa
3499 2345 3606 2400 Dei
3637 2347 3878 2400 visiones:

546 2429 718 2483 adhuc
748 2429 1038 2500 pendrbanl
1071 2434 1342 2500 ancipites.

621 2521 826 2576 Etenim
872 2539 988 2575 cunt
1032 2524 1100 2575 ad
1137 2521 1331 2578 Christi
1379 2527 1728 2596 precationem
1774 2545 1878 2596 qua
1905 2527 2053 2584 Patri
2097 2531 2358 2600 supplicat
2393 2549 2488 2604 pro
2537 2533 2746 2596 electis,
2791 2541 2850 2588 ut.
2894 2533 3042 2599 sint,
3087 2533 3252 2604 inquit
3295 2531 3518 2600 (Joan..
3559 2549 3719 2596 xvn,
3759 2531 3870 2602 l2},

549 2632 786 2680 meeum,
829 2609 954 2684 etc.;
983 2634 1099 2672 cum
1125 2619 1193 2672 ad
1217 2619 1569 2684 Apostolicum
1599 2621 1734 2676 illud
1767 2639 1779 2676 :
1810 2623 2056 2688 dissolvi,
2091 2633 2145 2678 el
2173 2641 2296 2680 eSsc
2319 2641 2440 2680 CIIII!
2463 2625 2683 2680 Christo
2707 2626 2876 2681 multo
2899 2626 3092 2682 melius
3115 2629 3133 2696 (
3159 2624 3359 2694 Philip.
3386 2643 3400 2680 ι
3423 2669 3438 2690 ,
3469 2627 3544 2682 ‘25
3569 2629 3590 2695 )
3617 2644 3630 2677 :
3681 2625 3872 2680 συνκεῖέ

547 2713 676 2768 istas
701 2729 886 2778 voces,
930 2730 1154 2782 regnum
1202 2717 1498 2784 l'tBlltl‘llm,
1534 2719 1696 2774 vitam
1745 2729 2040 2787 aeternum,
2091 2738 2152 2776 ac
2197 2722 2391 2778 similes
2437 2722 2568 2776 alias
2615 2723 2888 2778 advertunt
2931 2725 3158 2777 animum
3185 2738 3204 2776 :
3231 2723 3323 2776 sed
3359 2737 3470 2793 pra:
3511 2721 3730 2774 cates-is
3771 2735 3868 2772 cum

551 2820 726 2858 eorum
773 2821 992 2870 quorum
1019 2805 1186 2859 obitus
1214 2804 1407 2863 Christi
1431 2813 1850 2865 resurrectionem
1880 2813 2178 2874 antevertit,
2211 2828 2305 2865 nec
2337 2829 2438 2866 non
2484 2829 2666 2866 eorum
2694 2815 2782 2884 qui
2825 2814 2932 2866 illis
2961 2830 3050 2880 per
3075 2814 3336 2867 Christum
3363 2829 3390 2864 e
3414 2812 3580 2865 limbo
3602 2815 3728 2886 jam
3765 2811 3869 2863 hbe-

549 2905 678 2952 rutis
696 2941 710 2960 ,
740 2899 840 2954 vita
881 2909 1166 2966 cesserunt,
1197 2903 1470 2958 discrimen
1497 2907 1792 2960 exaniinant
1816 2947 1830 2972 ,
1863 2917 1969 2960 tum
1999 2922 2116 2960 vero
2137 2907 2346 2960 minime
2373 2906 2612 2960 dubitant
2639 2907 2840 2962 beatum
2861 2907 3010 2962 illum
3039 2919 3366 2974 conspectum
3391 2905 3583 2976 solutis
3605 2905 3862 2960 animabus

549 2990 862 3054 attribuere.
908 2993 1058 3066 idque
1087 2999 1406 3064 potissimum
1455 3001 1540 3054 ubi
1586 3003 1663 3056 vel
1694 3015 1944 3074 martyres
1988 3003 2203 3057 solemni
2217 3043 2234 3067 ,
2288 3003 2370 3057 vel
2417 3003 2548 3058 alios
2588 3012 2886 3072 praestantes
2929 3003 3066 3058 uiros
3115 3003 3316 3074 fuitebri
3349 3000 3658 3055 laudatione
3709 3016 3862 3070 prose-

550 3097 800 3154 quuntur.
827 3086 894 3141 At
923 3105 950 3141 e
991 3093 1249 3146 contrario
1274 3103 1383 3148 tum
1430 3097 1634 3150 demum
1676 3101 1907 3150 eumdem
1935 3112 2256 3166 nequaquam
2302 3097 2536 3150 uidentur
2581 3097 2880 3160 admittere,
2929 3110 3046 3149 cum
3101 3093 3470 3148 similitudines
3525 3093 3860 3146 laborantium

551 3179 608 3233 in
654 3182 828 3246 vinea,
875 3182 1066 3238 Lazari
1088 3229 1102 3250 ,
1135 3184 1357 3250 Divitis.
1390 3207 1450 3244 ac
1491 3191 1637 3244 sinus
1691 3190 1912 3244 Abrahae
1953 3191 2283 3244 considerant
2327 3207 2344 3245 :
2385 3188 2475 3244 sed
2514 3190 2736 3244 maxime
2771 3207 2884 3242 cum
2911 3189 3004 3242 illa
3053 3189 3226 3241 omnia
3263 3186 3622 3255 perpendam,
3669 3202 3786 3256 qua
3819 3185 3860 3238 is

557 3269 844 3344 Scriptus-is
865 3281 1112 3331 docemur
1152 3280 1216 3334 de
1258 3295 1514 3350 postremo
1541 3281 1772 3353 judicio,
1798 3295 1845 3336 et
1871 3285 2146 3338 universali
2191 3283 2563 3338 resurrectione
2587 3325 2600 3346 ,
2629 3285 2812 3353 quibus
2859 3283 2996 3336 velut
3027 3281 3225 3336 duobus
3269 3281 3568 3335 cardinibus
3619 3291 3860 3336 vertuntur

557 3381 732 3422 omnes
777 3371 1168 3427 adhortationes
1225 3378 1696 3443 promissionesque
1741 3375 1934 3430 Christi
1981 3377 2034 3430 in
2080 3377 2189 3430 suis
2238 3376 2533 3447 parabolis,
2577 3375 2931 3444 apostolorum
2984 3373 3036 3426 in
3078 3373 3338 3426 canonicis
3388 3371 3654 3440 epistolis,
3685 3381 3734 3424 et
3775 3387 3856 3424 ΕΞἲο

555 3461 708 3514 verba
733 3501 749 3522 ,
789 3462 1036 3530 Apostolo
1083 3477 1207 3520 teste
1229 3507 1244 3531 ,
1287 3470 1454 3522 omnis
1503 3467 1920 3522 Christianorum
1966 3469 2134 3536 ﬁdes;
2163 3469 2320 3521 immo
2370 3468 2522 3521 etiam
2545 3485 2662 3540 spes
2703 3469 2966 3522 beatm'um
2991 3464 3090 3520 Job
3121 3483 3182 3518 ac
3209 3463 3386 3518 Tobiae
3411 3505 3423 3528 ,
3457 3465 3856 3518 comminatione:

557 3557 960 3626 ρνομιιεεωοτηη.
991 3575 1092 3613 non
1146 3577 1292 3614 secus
1335 3579 1396 3616 ac
1423 3574 1720 3616 sanctorum
1753 3564 2030 3616 orationes.
2069 3563 2206 3627 Quin
2257 3573 2306 3617 et
2338 3565 2568 3632 fatentur
2595 3562 2694 3633 ipsi
2719 3561 3012 3615 scholastici
3045 3560 3232 3614 animae
3265 3559 3488 3630 gloriam
3527 3555 3586 3609 id
3633 3555 3852 3627 temporis

561 3651 704 3706 haud
753 3651 1077 3736 mediocriter
1119 3665 1326 3710 auctum
1352 3657 1454 3722 iri,
1487 3658 1560 3711 ita
1607 3667 1659 3711 ut
1708 3675 1800 3712 nec
1849 3658 2102 3728 defuerint
2149 3657 2238 3728 qui
2285 3657 2451 3728 ipsum
2485 3671 2686 3727 quoque
2727 3655 3018 3710 intuitioam
3059 3651 3158 3708 Dei
3201 3653 3448 3707 uisionem
3495 3651 3664 3704 multo
3707 3653 3852 3704 inten-

559 3745 749 3798 siorrm
776 3746 1228 3820 perfectioremque
1254 3751 1365 3818 fore
1383 3759 1749 3805 asseverarent.
3273 3747 3280 3754 ’

633 3838 752 3892 Non
781 3840 1035 3908 dil'ﬁtetur
1056 3853 1191 3896 certe
1216 3859 1429 3913 magnus
1455 3843 1778 3915 Augustinus
1797 3841 1993 3916 (Serm.
2018 3843 2126 3898 220
2156 3853 2202 3898 et
2229 3843 2358 3909 238,
2387 3843 2440 3898 in
2471 3842 2658 3898 Natali
2691 3843 2878 3910 Mart.;
2910 3841 2976 3896 In
3008 3839 3158 3895 Psal.
3187 3855 3380 3904 xxxvr,
3411 3855 3565 3906 mn,
3591 3854 3749 3904 αγις
3779 3839 3850 3898 lib.

561 3947 636 3989 xu
658 3933 720 3988 de
745 3931 894 3988 Civil.
915 3951 960 3988 c.
988 3937 1054 4000 9;
1080 3935 1169 3990 lib.
1197 3953 1285 4000 xx,
1311 3953 1357 3990 c.
1387 3936 1473 4002 14,
1513 3937 1594 3994 l5.
1625 3936 1724 4001 16;
1751 3935 1814 3990 In
1835 3936 1966 3991 Gen.
1995 3938 2082 3992 lib.
2115 3953 2207 4002 xu,
2236 3953 2354 4005 cap.
2381 3937 2449 3991 δι
2475 3947 2522 3991 et
2545 3937 2708 4008 alibi)
2734 3953 2870 4010 (egre
2897 3935 3177 3989 admodum
3207 3950 3390 4003 capere
3412 3951 3467 3988 se
3487 3949 3709 3998 quonam
3727 3941 3850 4004 parte

563 4023 750 4081 diuinae
769 4037 1040 4090 conspectu
1063 4041 1264 4084 naturce
1283 4030 1436 4102 potiri
1457 4028 1565 4082 ilice
1585 4029 1772 4084 anima:
1791 4039 2008 4100 queant,
2043 4029 2460 4099 quandoquidem
2491 4029 2559 4081 ad
2589 4045 2702 4082 eum
2731 4041 2833 4082 tato
2855 4029 2970 4082 nisu
2997 4037 3146 4097 atque
3167 4029 3360 4098 impetu
3389 4045 3492 4082 non
3526 4033 3774 4099 ferantur,
3798 4024 3852 4077 ad

567 4121 753 4174 bonum
796 4133 1058 4184 creatum,
1101 4126 1331 4197 corporis
1377 4127 1573 4179 scilicet
1621 4126 1918 4179 societatem
1944 4168 1956 4188 ,
2007 4127 2176 4178 adhuc
2229 4125 2661 4194 propensissimae.
2713 4125 2938 4179 Ali-inde
2979 4140 3096 4180 vero
3139 4142 3252 4178 cum
3309 4123 3610 4197 hujusmodi
3655 4137 3850 4192 propen-

569 4216 762 4269 sionem
791 4215 900 4272 Deo
929 4219 1186 4274 subditam
1230 4237 1340 4276 esse
1389 4239 1536 4290 posse
1579 4223 2042 4286 animaduerteret,
2090 4237 2181 4275 nec
2229 4238 2332 4276 non
2374 4223 2484 4291 fore
2532 4222 2682 4275 etiam
2725 4229 2784 4274 ut
2831 4231 2941 4292 post
2989 4221 3410 4275 resurrectionem
3465 4217 3654 4272 eadem
3691 4217 3850 4271 aninur

565 4307 967 4362 administrandi
1017 4314 1249 4380 corporis
1289 4330 1414 4366 cura
1461 4314 1838 4378 distineantur,
1889 4313 2026 4367 hisce
2075 4313 2244 4368 causis
2272 4323 2532 4378 permotus
2561 4324 2673 4382 post
2717 4313 2988 4382 inquisitos
3028 4313 3196 4365 varias
3242 4311 3524 4364 solutiones
3571 4309 3764 4362 tandem
3805 4311 3846 4360 in

567 4400 1040 4456 Retractationibus
1068 4404 1086 4474 (
1117 4403 1230 4457 Lib.
1265 4420 1320 4469 ι,
1355 4421 1470 4474 cap.
1505 4403 1636 4476 M),
1667 4407 1840 4458 animo
1889 4407 2042 4459 etiam
2093 4417 2202 4459 tum
2251 4407 2406 4458 dubio
2444 4414 2488 4457 et
2535 4405 2750 4473 ancipiti
2795 4421 2850 4458 se
2877 4419 2985 4456 esse
3009 4447 3022 4470 ,
3055 4419 3118 4456 ac
3167 4400 3296 4456 nihil
3335 4417 3492 4468 super
3533 4400 3630 4452 hoc
3667 4399 3850 4464 deﬁnire

567 4495 760 4550 audere
805 4513 906 4549 non
952 4497 1264 4552 dissimulat.
1318 4499 1752 4567 Augustinianum
1779 4499 1876 4552 hac
1915 4499 2226 4569 principium
2269 4511 2470 4554 secutus
2513 4496 2818 4552 Bernardus
2864 4495 3080 4566 (Serm.
3126 4495 3162 4550 '5
3201 4505 3246 4548 et
3277 4493 3312 4547 4
3340 4497 3403 4547 de
3431 4491 3624 4546 omnib.
3658 4491 3847 4550 Sanct.;

572 4588 746 4644 Serm.
769 4589 802 4642 4
832 4590 886 4642 in
914 4589 1090 4642 Dedic.
1119 4589 1265 4644 Eccl.
1293 4589 1312 4662 )
1345 4592 1416 4645 ita
1445 4594 1554 4664 ejus
1598 4591 1854 4646 cancellos
1896 4592 2140 4645 transiliit
2163 4633 2178 4657 ,
2209 4603 2263 4646 ut
2282 4594 2546 4664 jnstornm
2563 4608 2572 4614 ·’
2590 4588 2860 4655 spiritibus
2903 4589 3066 4642 solam
3115 4586 3448 4640 humanitatis
3493 4583 3682 4639 Christi
3717 4583 3848 4636 uisio-

569 4699 686 4739 nem
715 4701 805 4738 seu
846 4684 1187 4752 cognitionem
1209 4687 1484 4740 concedere
1507 4689 1742 4740 videatur
1771 4703 1789 4741 :
1823 4687 1893 4740 ad
1919 4703 2066 4757 quem
2095 4685 2193 4740 hac
2217 4688 2270 4741 in
2317 4686 2564 4739 sententia
2596 4683 2810 4755 propius
2855 4683 3094 4735 accedere
3119 4691 3360 4750 putamus
3402 4680 3654 4732 neminem
3677 4718 3691 4744 ,
3718 4691 3848 4744 quam

568 4788 830 4832 auctorem
879 4779 1082 4846 Quest.
1117 4778 1182 4830 ad
1223 4779 1571 4834 Orthodoms
1605 4781 1624 4854 (
1655 4781 1848 4848 Quaést.
1895 4778 2029 4850 75),
2055 4796 2169 4847 qua:
2217 4779 2462 4832 hactenus
2499 4779 2633 4831 inter
2673 4775 2865 4830 Justini
2892 4791 3048 4840 Opera
3073 4773 3282 4844 {uerunt
3317 4773 3490 4826 edite.
3519 4771 3736 4826 Lectoris
3767 4777 3846 4830 est,

569 4869 708 4925 unde
758 4874 990 4942 profecta
1033 4870 1100 4923 sit
1147 4871 1238 4924 illa
1289 4874 1586 4940 consensio,
1626 4874 1869 4945 judicare
1933 4872 2183 4928 Caeterum
2231 4876 2562 4944 proferuntur
2610 4887 2712 4924 non
2755 4885 2916 4937 pauca
2967 4867 3226 4923 Bernardi
3271 4869 3562 4922 testimonia
3611 4865 3764 4939 (Lib.
3801 4879 3845 4928 ι,

570 4964 635 5020 de
663 4965 757 5020 dil.
790 4964 924 5032 Deo;
953 4963 1124 5020 Serm.
1155 4965 1219 5018 de
1259 4963 1320 5020 S.
1355 4965 1606 5031 Matuclr,
1630 4975 1678 5020 et
1718 4967 1781 5021 de
1829 4967 1968 5022 Obit.
2005 4965 2226 5033 Ilnmb.;
2257 4965 2423 5022 Serm.
2460 4980 2478 5019 ι
2527 4965 2580 5018 in
2629 4960 2838 5018 Pentec.
2871 4964 2946 5031 ‘2;
2973 4962 3038 5015 de
3077 4962 3290 5016 Ascens.
3323 4961 3388 5026 6;
3423 4961 3477 5014 in
3521 4959 3668 5014 Cant.
3693 4977 3764 5030 ep.
3789 4957 3847 5012 98

570 5069 616 5113 et
661 5058 788 5125 266,
820 5070 864 5114 et
886 5058 1074 5128 alibi),
1107 5059 1290 5129 quibus
1316 5059 1486 5127 ipsum
1501 5062 1662 5132 jnstis
1683 5062 1961 5115 demortuis
1983 5076 2300 5128 nequaquam
2327 5075 2514 5129 negare
2537 5057 2637 5112 Dei
2667 5058 2906 5110 uisionem
2929 5065 3212 5110 astruatur.

647 5151 776 5216 Quce
813 5167 930 5206 cum
959 5153 1030 5205 ita
1053 5153 1154 5206 sint
1181 5192 1196 5216 ,
1226 5167 1330 5204 non
1373 5163 1500 5204 esset
1541 5168 1630 5204 cur
1651 5154 1924 5208 miraretur
1944 5157 2213 5225 quisquam
2235 5193 2249 5218 ,
2279 5151 2323 5206 si
2351 5154 2573 5207 aliorum
2615 5151 2830 5205 Patrum
2877 5152 3041 5203 instar
3079 5146 3379 5201 Ambrosius
3417 5161 3624 5216 quoque
3663 5143 3846 5198 diversis

573 5248 843 5317 principiis
897 5247 1120 5312 ductus,
1147 5257 1194 5301 a’
1227 5245 1424 5301 sanctis
1469 5244 1638 5299 Deum
1683 5246 1842 5300 videri
1885 5249 2190 5319 quandoque
2235 5245 2568 5307 concederet,
2617 5246 2920 5314 quandoque
2967 5253 3176 5313 negaret
3255 5239 3442 5295 Verum
3491 5257 3606 5293 cum
3641 5240 3766 5293 locus
3799 5239 3844 5289 in

575 5338 671 5394 hac
715 5341 926 5394 materia
977 5341 1152 5394 nullus
1197 5341 1486 5408 reperiatur
1535 5338 1782 5392 celebrior
1825 5351 1916 5391 aut
1964 5339 2218 5409 diﬁicilior
2244 5356 2302 5392 eo
2329 5339 2392 5392 de
2437 5354 2538 5404 quo
2578 5339 2799 5410 agimus,
2842 5336 3074 5388 uidemur
3101 5332 3250 5387 nobis
3287 5348 3526 5387 recusare
3567 5349 3661 5385 non
3685 5345 3841 5401 posse.

577 5433 702 5494 quin
727 5432 958 5486 cumdem
986 5433 1152 5502 magis
1191 5433 1370 5488 sedulo
1415 5433 1771 5486 discutiamus.
1805 5428 1986 5484 Primo
2019 5434 2190 5499 itaque
2219 5443 2365 5486 eastra
2409 5431 2809 5485 controversiam
2858 5441 2930 5484 est
2973 5417 3246 5497 corporeus
3284 5427 3624 5480 habitationes
3655 5427 3728 5478 hic
3759 5438 3843 5476 non

575 5523 794 5591 intelligi
845 5527 909 5577 ab
953 5527 1258 5589 Ambrosio.
1310 5527 1502 5596 quippe
1551 5527 1640 5597 qui
1685 5525 1873 5592 passim
1922 5533 2026 5576 tum
2071 5523 2236 5589 alibi,
2269 5536 2375 5578 tum
2422 5527 2474 5578 in
2519 5523 2616 5578 hoc
2646 5523 2775 5578 libro
2820 5535 3112 5580 constanter
3159 5527 3384 5578 animam
3427 5521 3648 5587 spiritali
3687 5529 3842 5572 natura

579 5631 689 5668 esse
731 5617 1004 5684 praedicet;
1053 5620 1192 5673 unde
1232 5623 1462 5688 sequitur
1507 5636 1619 5674 eam
1665 5614 1925 5686 corporali
1971 5617 2081 5670 loco
2127 5634 2228 5670 non
2272 5619 2521 5686 indigere.
2575 5616 2772 5670 Deinde
2821 5621 3150 5688 reproborum
3202 5618 3402 5671 aninms
3447 5631 3506 5668 ea
3549 5630 3605 5666 re
3656 5611 3841 5681 torqueri

579 5708 760 5768 asserit
783 5748 797 5770 ,
827 5711 962 5776 quod
990 5711 1632 5790 oideanljustis‘qua'dattt
1675 5706 1970 5762 habitacula
1997 5751 2009 5768 ,
2035 5709 2218 5784 quibus
2247 5708 2354 5763 illa:
2401 5717 2516 5780 post
2563 5709 2864 5762 universalis
2881 5709 3075 5777 jndicii
3121 5709 3255 5762 diem
3281 5705 3597 5774 excipienda:
3623 5717 3752 5762 sunt.
3787 5705 3840 5758 ab

569 5799 770 5866 anhelis
791 5805 1054 5860 custodiri.
1083 5803 1151 5861 Ει
1183 5808 1292 5862 haec
1317 5819 1434 5862 sunt
1463 5807 1619 5862 dubio
1657 5807 1836 5874 procul
1864 5803 2042 5872 gloria:
2075 5801 2336 5859 domicilia
2379 5817 2494 5866 aute
2541 5809 2810 5872 propterea
2837 5807 3035 5864 oportet
3079 5817 3328 5870 corporea
3355 5813 3490 5862 esse,
3521 5795 3651 5868 quod
3677 5793 3832 5852 anima-
