4082 6370
159 331 289 390 557
1098 330 1186 385 DE
1230 329 1414 386 BONO
1460 327 1716 386 MORTIS
1753 329 1961 386 LIBER
1999 330 2202 389 UNUS.
2245 329 2640 390 ADMONITIO.
3385 324 3498 384 558'

158 447 360 505 denuo
402 451 514 506 suis
561 452 862 518 corporibus
904 464 1019 519 qua:
1049 450 1218 503 locum
1254 451 1428 520 utique
1458 463 1760 518 corporeum
1788 447 2115 519 implebunt,
2145 449 2246 503 sint
2287 449 2613 519 copulandas.
2648 448 2914 506 Postremo
2940 447 3196 520 signiﬁcat
3237 445 3392 516 (Cap.
3425 441 3494 499 i0

157 551 221 595 et
261 544 355 616 12)
386 546 448 600 de
472 546 654 618 primis
683 545 788 599 illis
818 541 1216 598 habitationibus
1243 559 1273 595 a
1304 540 1507 597 Christo
1533 544 1726 596 dictum
1756 559 1768 594 :
1798 540 1854 596 In
1883 543 2046 596 domo
2078 542 2251 596 Pullis
2289 545 2392 599 mei
2443 546 2753 599 tnunsiunt-s
2781 545 2962 599 multa:
2984 554 3109 598 sunt
3138 540 3343 613 (Joan.,
3376 553 3493 606 XIV,

153 631 201 686 2
230 634 281 706 ).
334 637 462 703 Quis
487 652 659 691 autem
687 638 877 689 nesciat
922 652 1011 706 per
1055 637 1344 689 mansiones
1383 634 1503 687 illas
1551 633 1681 687 nihil
1728 634 1874 687 aliud
1909 633 2204 701 designari,
2244 637 2342 688 nisi
2393 641 2562 691 varios
2604 638 2784 705 glorise
2833 638 3026 710 gradus
3063 652 3188 706 quos
3235 635 3500 690 beatorum

156 727 376 782 auimte
422 732 508 798 qui
560 730 730 782 divino
777 732 1020 798 fruuntur
1064 737 1374 796 conspectu,
1422 729 1475 777 in
1519 726 1656 778 caelis
1677 724 2086 794 adipiscamur?
2119 727 2373 792 Quacirca
2398 727 2452 780 id
2484 729 2692 782 minime
2731 731 3016 782 absurdum
3060 733 3171 800 fore
3212 736 3480 796 putamus,

154 821 214 877 si
265 824 383 892 quis
405 824 620 892 affirmet
648 836 878 876 sanctum
927 820 1244 880 Prtesulem.
1275 836 1390 873 cum
1419 819 1681 872 domicilia
1723 820 1812 872 illa
1858 827 1906 872 et
1935 818 2262 872 distributam
2312 821 2366 873 in
2408 831 2598 888 septem
2627 823 2831 876 ordines
2867 832 3160 877 sanctorum
3206 822 3495 876 beatitutem

159 923 335 970 milia
363 921 519 971 annui
548 919 869 972 contentione
892 919 1134 981 explicat.
1169 917 1341 988 potius
1374 912 1467 968 Dei
1497 930 1738 968 uisionem
1765 913 1820 966 in
1857 914 2005 968 rebus
2046 917 2200 968 certis
2228 931 2416 986 ponere
2442 917 2744 985 habereque,
2774 935 2928 983 quam
2967 919 3197 972 eamdem
3244 918 3492 988 infitiari.

158 1003 409 1073 Nonne,
476 1009 689 1076 amabo,
741 1007 843 1063 huc
879 1010 1029 1062 etiam
1075 1008 1234 1079 facit,
1283 1024 1434 1073 quam
1481 1005 1708 1060 indidem
1753 1007 1928 1073 ducit,
1962 1007 2056 1060 illa
2097 1007 2370 1062 collectio?
2417 1009 2557 1080 Erga
2594 1025 2717 1079 quia
2762 1010 2930 1078 justi,
2978 1014 3139 1084 inquit
3193 1010 3346 1084 (Cap.
3384 1011 3496 1084 11),

163 1097 334 1156 hanc
362 1105 854 1157 remunerationem
887 1102 1116 1164 habent,
1150 1110 1207 1154 ιιι
1261 1100 1475 1155 ridi-ant
1523 1102 1731 1154 laetetur
1760 1101 1888 1164 Dei,
1917 1112 1971 1154 et
2004 1104 2183 1154 lumen
2228 1101 2360 1155 illud
2411 1105 2554 1172 quod
2608 1103 2881 1158 illuminat
2923 1123 3140 1160 tuum-ni
3187 1107 3498 1173 Ιιιιιιιίιιιιιιι,

151 1206 278 1252 etc.
320 1195 429 1251 Nec
456 1198 610 1252 semel
637 1197 734 1252 hoc
763 1198 876 1252 loco
907 1197 1208 1265 pronuntiat
1247 1196 1448 1249 animus
1469 1197 1734 1268 justorum
1779 1209 1900 1248 cum
1951 1195 2170 1249 Christo
2215 1198 2449 1263 iuturus,
2486 1197 2627 1250 haud
2669 1197 2824 1251 dubie
2870 1199 2923 1252 in
2962 1200 3101 1266 filici
3126 1200 3218 1255 illa
3255 1199 3350 1254 Dei
3377 1219 3504 1255 cor:-

155 1293 535 1358 templatione,
567 1309 722 1361 quam
749 1294 942 1362 apertis
966 1290 1129 1344 verbis
1154 1287 1436 1354 Gratiano,
1478 1288 1867 1354 Valentiniano,
1897 1305 1957 1342 ac
1979 1287 2273 1343 Tlteodasio
2313 1288 2582 1362 adjudicat
2617 1290 2801 1360 (Orat.
2833 1290 2898 1345 de
2931 1291 3066 1346 Obit.
3113 1290 3340 1361 Valent.,
3362 1303 3412 1348 et
3437 1292 3502 1348 de

156 1379 253 1436 οὐ
284 1394 327 1436 ι.
358 1383 533 1439 T/tcod
545 1425 556 1438 .
565 1404 586 1456 )

247 1478 412 1545 Quod
458 1480 499 1533 si
544 1496 648 1534 rem
690 1481 912 1551 penitius
961 1480 1420 1550 introspiciamus,
1471 1478 1794 1534 Ambrosium
1846 1479 2159 1552 reperiemus
2216 1495 2572 1543 swpenumero
2616 1479 2827 1536 iterasse
2889 1492 3036 1550 atque
3082 1482 3364 1535 astruxisse
3407 1482 3503 1535 hoc

165 1572 524 1642 principium.
557 1575 744 1628 anima:
781 1576 1051 1644 quominus
1103 1573 1265 1624 Deum
1293 1587 1498 1625 cernere
1523 1582 1711 1639 queat,
1742 1570 1853 1625 sola
1901 1573 2245 1643 carrttptibilis
2291 1575 2518 1644 corporis
2571 1574 2774 1627 vincula
2833 1572 3200 1639 imptdimento
3248 1588 3376 1625 esse.
3435 1570 3502 1624 Id

158 1682 301 1720 cum
335 1670 456 1723 aliis
477 1672 592 1742 ejus
633 1670 688 1722 in
716 1671 957 1736 operibus
999 1674 1287 1740 frequenter
1317 1670 1539 1722 occurrit
1559 1710 1572 1731 ,
1609 1679 1714 1721 tant
1745 1671 1795 1722 in
1827 1667 1923 1722 Itoc
1953 1670 2065 1723 loco
2111 1687 2212 1724 non
2242 1673 2476 1744 ambigue
2500 1671 2795 1724 declaratur
2820 1667 2909 1722 ubi
2938 1669 3011 1721 ait
3039 1684 3057 1722 :
3083 1666 3236 1722 Tunc
3267 1667 3499 1719 revelata

159 1759 326 1818 facie
373 1764 600 1834 gloriam
651 1764 862 1818 Dmnini
896 1764 1164 1832 speculari
1210 1766 1424 1829 liciebit,
1461 1778 1616 1832 quam
1652 1779 1792 1817 nunc
1838 1762 2033 1818 auium:
2083 1763 2331 1833 Corporis
2383 1764 2540 1832 tiujus
2566 1779 2610 1816 ct
2636 1763 2834 1816 ucretis
2876 1763 3172 1815 visi-aribus
3203 1759 3459 1814 invnlutm
3486 1806 3501 1831 ,

160 1865 229 1912 ει
260 1860 590 1928 quibusdam
621 1860 801 1912 carinis
834 1858 994 1926 hujus
1023 1859 1268 1910 maculis.
1315 1898 1328 1911 .
1373 1898 1385 1910 .
1420 1860 1634 1910 sincere
1666 1856 1850 1911 videre
1875 1875 1980 1910 non
2027 1870 2248 1926 passum
2279 1855 2443 1927 (Cap.
2476 1857 2595 1927 11).
2633 1857 2967 1922 Quam-apter
3009 1867 3122 1906 cum
3161 1851 3246 1904 hic
3292 1850 3505 1922 legimus

156 1951 232 2004 ab
294 1951 404 2004 illis
449 1953 942 2005 remunerationem
975 1949 1212 2004 debitum
1240 1953 1256 2017 (
1281 1948 1408 2020 Cap.
1445 1949 1504 2002 ill
1531 1952 1549 2019 )
1599 1949 1904 2019 exspectari,
1933 1950 2115 2017 quidni
2147 1950 2432 2020 intelligere
2450 1951 2593 2003 nobis
2631 1952 2778 2004 liceat
2807 1947 3083 2000 secundant
3113 1962 3226 1999 cum
3254 1949 3361 1999 suis
3391 1959 3507 1998 cor-

159 2047 397 2118 poribus
427 2049 875 2120 conjunctionem,
908 2047 1206 2100 earumdem
1249 2050 1523 2111 corporum
1570 2047 1788 2116 gloriam
1815 2086 1829 2109 ,
1860 2045 2027 2097 ultimi
2064 2045 2256 2112 judicti
2300 2045 2641 2106 sententiam,
2680 2043 2956 2096 electorum
2990 2041 3218 2093 omnium
3265 2053 3507 2092 consum-

162 2145 483 2203 mationem,
517 2144 578 2194 ob
605 2157 784 2211 quam,
820 2151 891 2193 ιιιι
942 2141 1046 2194 alio
1105 2141 1217 2194 loco
1245 2141 1420 2193 scribit
1449 2181 1461 2201 ,
1509 2139 1690 2212 sam-li.
1731 2138 2132 2208 ingemiscant?
2167 2139 2424 2207 Quamvis
2455 2141 2599 2192 enim
2622 2178 2634 2197 ,
2665 2137 2864 2200 inquit,
2905 2138 2974 2189 tle
3022 2150 3120 2188 suo
3157 2134 3351 2187 ιιιυι·ἰῐσι
3397 2133 3508 2188 sint

161 2235 406 2299 securi,
457 2245 634 2289 tamen
681 2238 804 2305 quia
831 2235 1008 2288 adhuc
1050 2236 1225 2288 futura
1254 2246 1334 2286 est
1376 2231 1676 2301 redemptio
1718 2233 1882 2285 totius
1920 2233 2165 2301 corporis
2191 2232 2446 2285 Ecclesia:
2485 2231 2907 2299 compatiuntur.
2951 2227 3083 2279 Cum
3132 2229 3274 2280 enim
3328 2225 3507 2279 adhuc

166 2329 435 2384 metnb-a
486 2331 760 2397 patiuntur
807 2330 1050 2397 corporis
1089 2329 1202 2390 sui,
1253 2326 1523 2398 quomoda
1569 2326 1672 2380 alia
1719 2327 1958 2379 membra
1992 2327 2115 2380 licet
2154 2329 2432 2395 snperinru
2479 2340 2583 2377 nun
2625 2324 3026 2390 compatiuntur
3061 2318 3266 2390 (Epist.
3301 2317 3408 2383 39,
3438 2318 3508 2371 ad

170 2421 377 2476 Orant.
406 2422 450 2488 )?
483 2421 634 2487 Quod
683 2438 838 2494 porro
884 2422 954 2476 de
1001 2437 1100 2476 suo
1131 2422 1320 2475 tus-ritu
1348 2421 1523 2475 scunri
1556 2428 1570 2488 (
1599 2419 1725 2489 Cap.
1759 2420 1819 2473 Η
1850 2419 1868 2490 )
1897 2419 2272 2492 praedicantur,
2317 2418 2570 2488 quomodo
2606 2433 2721 2471 cum
2751 2416 2856 2470 alio
2905 2417 3016 2470 loco
3047 2414 3136 2468 lib.
3186 2428 3224 2468 ιι
3278 2413 3342 2467 de
3377 2411 3508 2467 Cain

167 2528 219 2572 et
267 2518 403 2572 Abel
454 2515 624 2589 (Cap.
657 2520 714 2584 ‘2,
740 2535 884 2571 num.
911 2516 982 2586 9)
1031 2518 1297 2571 conciliari
1325 2526 1495 2584 queat,
1525 2515 1777 2585 intelliges
1807 2531 1870 2569 ex
1899 2528 2022 2568 nota
2044 2516 2187 2582 infra
2208 2514 2274 2568 ad
2295 2531 2408 2581 cap.
2451 2513 2510 2567 Η
2537 2512 2785 2580 subjecta.

254 2608 386 2663 Non
415 2620 488 2664 est
516 2620 684 2663 autem
728 2608 1218 2679 prterermittendam
1261 2608 1396 2661 inter
1422 2609 1695 2679 scriptores
1738 2623 1915 2661 sacros
1963 2607 2230 2660 Ambrosio
2258 2607 2308 2658 in
2335 2607 2612 2660 statuenda
2643 2605 2936 2656 animarum
2968 2600 3303 2665 beatitudine,
3337 2609 3510 2670 peten-

172 2703 370 2770 disque
419 2720 484 2757 επ
528 2704 824 2774 apocrypha
877 2702 1045 2755 Esdra
1097 2704 1430 2765 testimoniis,
1483 2704 1710 2756 omnium
1737 2703 2056 2756 simillimum
2101 2719 2209 2755 esse
2254 2701 2526 2754 Auctorem
2574 2699 2758 2768 Operis
2803 2698 3083 2769 imperfecti
3120 2698 3171 2749 in
3208 2694 3509 2748 Malthaeum

172 2800 328 2870 apud
358 2797 803 2870 Chrysastomum.
837 2799 1102 2853 Judicabit
1129 2801 1285 2852 lector
1314 2816 1433 2851 nam
1475 2798 1591 2851 inde
1629 2798 1750 2851 duci
1781 2798 1941 2868 possit
1981 2797 2180 2866 aliquid
2228 2795 2515 2866 argumenti
2568 2793 2936 2862 conﬁrmandae
2976 2791 3184 2844 illorum
3212 2787 3509 2853 sententiae,

175 2906 211 2942 a
260 2889 451 2958 quibus
499 2894 595 2944 iste
624 2893 675 2942 in
703 2904 971 2944 auctorum
1004 2890 1252 2945 Ecclesite
1281 2889 1480 2943 Latiare
1508 2890 1679 2942 album
1707 2894 1930 2960 refertur
1957 2890 1972 2959 (
2001 2887 2196 2942 Homil.
2227 2888 2296 2941 5-4
2319 2887 2356 2958 ).
3104 2952 3111 2959 ⁸

251 2980 384 3036 Jam
411 2985 713 3036 veniendum
763 2985 831 3036 ad
878 2984 1098 3036 alterum
1145 2993 1333 3048 caput,
1368 2984 1504 3050 quod
1537 2984 1766 3036 videlicet
1789 2983 2085 3036 Ambrosius
2123 2981 2371 3050 quidquid
2396 2979 2480 3033 hic
2520 2980 2580 3033 de
2611 2978 2878 3032 animabus
2922 2993 2952 3029 a
2990 2991 3236 3047 corporea
3270 2976 3513 3029 societate

173 3074 443 3141 expeditis
488 3074 682 3141 tradit,
711 3090 775 3128 ea:
827 3075 958 3129 libro
997 3071 1299 3144 qui-Esdrte
1341 3086 1551 3143 quartus
1601 3073 1936 3138 inscribitur,
1965 3073 2030 3127 sit
2075 3082 2355 3125 mutuatus.
2393 3071 2513 3124 Non
2556 3071 2754 3124 dubitat
2802 3069 3008 3136 quidem
3051 3067 3111 3122 S.
3157 3065 3362 3121 Prwsul
3397 3083 3512 3120 eum

179 3167 387 3220 librant
434 3167 569 3220 inter
617 3167 916 3238 Scripturas
961 3167 1236 3219 canonicos
1288 3180 1582 3222 recensere.
1615 3163 1793 3232 illique
1837 3170 2099 3234 parentem
2139 3161 2395 3215 ascribere
2449 3158 2750 3229 prophetam
2792 3156 3016 3210 Esdram
3043 3196 3057 3216 ,
3089 3172 3238 3225 quem
3265 3156 3513 3209 divinitus

174 3258 450 3329 afﬂatum,
482 3259 732 3327 quidquid
777 3259 873 3313 sibi
918 3275 950 3312 a
976 3257 1183 3328 Spiritu
1231 3266 1408 3311 sancto
1454 3258 1731 3310 revelatum
1777 3262 1944 3319 esset,
1976 3255 2160 3308 litteris
2209 3255 2537 3324 consignasse
2571 3261 2842 3305 memorat.
2895 3247 3130 3312 Denique
3171 3249 3437 3320 profitetur
3467 3259 3516 3303 et

175 3353 366 3403 crebro
396 3349 576 3416 repetit
609 3350 778 3403 divina
802 3349 948 3402 illaut
971 3351 1166 3418 pollere
1191 3351 1516 3411 auctoritate,
1552 3365 1642 3400 nec
1671 3348 1763 3401 ulli
1791 3363 1969 3401 eorum
1996 3347 2083 3417 qui
2111 3347 2298 3400 nostris
2326 3349 2374 3398 in
2405 3343 2588 3399 Bibliis
2611 3346 2952 3408 continentur,
2987 3341 3276 3395 habendum
3299 3342 3514 3412 inferio-

176 3453 315 3491 rem.
351 3437 532 3508 Neque
575 3455 691 3492 vero
723 3440 805 3492 hic
835 3449 1031 3492 tantum
1077 3440 1149 3492 ita
1190 3439 1447 3510 loquitur,
1481 3455 1651 3492 verum
1683 3441 1834 3491 etiam
1864 3439 1917 3492 in
1965 3437 2198 3508 pluribus
2245 3439 2363 3491 aliis
2387 3438 2856 3500 lucubrationibus,
2890 3448 2942 3489 ut
2987 3445 3111 3506 puta
3133 3433 3514 3490 Commentario

177 3527 234 3592 in
266 3527 466 3582 Lucam
494 3529 627 3601 (Lib.
657 3527 748 3599 ιι),
774 3530 997 3583 secundo
1024 3531 1154 3584 libro
1178 3533 1242 3584 de
1273 3531 1476 3600 Spiritu
1501 3539 1678 3585 sancto
1702 3529 1869 3603 (Cap.
1893 3529 1985 3602 7),
2014 3529 2258 3584 Oratione
2288 3531 2352 3585 de
2378 3529 2528 3586 Obitu
2574 3532 2754 3601 fratris
2783 3530 2962 3601 Satyri
2991 3531 3009 3602 (
3032 3530 3182 3584 Circa
3222 3532 3315 3600 ﬁn.
3343 3527 3386 3600 ),
3442 3529 3512 3583 ad

177 3628 470 3672 extremum
506 3621 656 3690 epist.
699 3625 766 3674 ad
809 3620 1152 3675 Orontianum
1203 3620 1331 3695 (Ep.
1363 3621 1478 3694 58),
1521 3639 1667 3694 quem
1714 3632 1768 3676 ut
1815 3622 2052 3695 diligenti
2097 3623 2328 3696 ejusdem
2368 3623 2581 3677 lectione
2628 3625 2966 3678 substantiam
3011 3624 3198 3677 anima:
3221 3622 3511 3694 spiritalem

179 3722 344 3783 atque
371 3714 709 3768 immortalem
738 3731 845 3769 esse
870 3727 1160 3787 cognoscat.
1193 3715 1519 3771 adhortatur.

259 3803 541 3860 Moventur
586 3807 814 3878 plerique
861 3825 1034 3863 omnes
1089 3811 1328 3864 neoterici
1390 3811 1530 3880 quod
1591 3820 1800 3864 sanctus
1843 3807 2037 3865 Doctor
2082 3810 2150 3863 ad
2212 3826 2331 3864 eum
2372 3809 2582 3864 modum
2623 3809 2825 3864 locutus
2878 3812 3036 3881 fuerit
3079 3811 3142 3864 de
3184 3810 3314 3864 libro
3359 3825 3510 3878 quem

181 3900 328 3953 omni
353 3917 418 3953 ex
445 3909 592 3969 parte
612 3902 965 3972 apocryphum
989 3921 1096 3957 esse
1113 3914 1416 3968 autumant,
1443 3903 1496 3955 id
1519 3912 1591 3957 est
1611 3947 1626 3970 ,
1652 3908 1803 3976 cujus
1829 3945 1843 3969 ,
1877 3914 1932 3957 ut
1961 3907 2104 3956 aiunt
2134 3945 2148 3968 ,
2179 3920 2279 3957 non
2310 3913 2507 3957 tantum
2534 3903 2777 3957 obscurus
2807 3916 3008 3973 auctor,
3034 3915 3079 3958 et
3103 3905 3306 3974 Spiritu
3332 3913 3511 3956 sancto

183 3993 418 4046 dictante
465 3994 734 4061 scripsisse
779 4011 880 4048 non
924 3995 1151 4049 creditur
1195 4013 1214 4050 :
1261 3997 1350 4050 sed
1405 3998 1558 4050 etiam
1598 3999 1748 4068 cujus
1791 3995 2006 4049 obscura
2055 3997 2110 4049 in
2138 3994 2374 4049 Ecclesia
2403 4000 2723 4059 auctoritas;
2772 4006 2877 4048 tum
2923 3998 3041 4063 quia
3086 3996 3228 4049 nullo
3267 4012 3509 4064 umquam

184 4103 391 4142 canone
421 4089 500 4141 vel
525 4089 668 4154 apud
692 4086 905 4142 Judteos
936 4090 1013 4144 vel
1055 4091 1108 4143 in
1158 4090 1388 4144 Ecclesia
1435 4101 1640 4158 recepta
1686 4091 1782 4152 sit,
1831 4090 1920 4144 sed
1966 4092 2222 4143 communi
2269 4090 2486 4143 Patrum
2527 4107 2777 4144 consensu
2817 4094 3042 4164 rejecta;
3072 4103 3178 4143 tum
3221 4092 3341 4160 quia
3379 4092 3514 4146 varii

180 4186 238 4239 in
262 4201 322 4238 eo
349 4187 674 4257 reperiantur
697 4202 920 4253 errores,
947 4187 1235 4259 cnjusmodi
1263 4196 1354 4250 est,
1386 4186 1523 4256 quod
1545 4186 1606 4238 de
1629 4185 1916 4238 animarum
1943 4186 2312 4256 promptuariis
2334 4196 2590 4252 narrat,et
2617 4186 2829 4241 similia.
2859 4185 2882 4238 Ι
2892 4187 2946 4239 lli
2973 4187 3177 4255 quidem
3207 4184 3510 4256 Hieronymi

183 4281 550 4334 auctoritatem
567 4283 774 4353 jactant
796 4323 810 4340 .
837 4281 924 4349 qui
943 4281 1186 4335 adversus
1218 4280 1560 4352 Vigilantiam
1588 4281 1881 4351 disputans,
1908 4279 2139 4333 eumdem
2166 4285 2312 4348 quasi
2337 4279 2398 4333 ab
2427 4279 2658 4334 Ecclesia
2685 4281 2895 4334 minime
2932 4292 3187 4352 receptum
3227 4281 3462 4348 repudiat
3492 4324 3507 4344 ,

183 4372 420 4442 quamvis
463 4371 689 4424 nandum
715 4370 813 4425 sibi
854 4372 1041 4426 lectum
1066 4413 1082 4437 ,
1125 4389 1241 4425 cum
1272 4372 1379 4426 haec
1404 4371 1664 4426 scriberet.
1719 4370 1809 4426 Sic
1837 4372 1970 4424 enim
2003 4371 2090 4425 ille
2118 4386 2135 4424 :
2161 4371 2237 4425 Tu
2271 4371 2496 4441 vigilans
2532 4372 2760 4436 dormis,
2789 4381 2841 4425 et
2869 4373 3147 4427 dormiens
3177 4373 3370 4428 scribis
3391 4414 3406 4439 ,
3451 4386 3508 4427 et.

188 4467 450 4534 proponis
499 4465 626 4519 mihi
655 4466 850 4521 librum
894 4466 1262 4538 apucryplnun
1291 4508 1306 4534 ,
1335 4467 1425 4536 qui
1455 4467 1556 4521 sub
1585 4467 1800 4520 nomine
1835 4467 2019 4520 [Csar-.1:
2049 4482 2076 4518 τι
2112 4477 2163 4520 te
2199 4478 2250 4521 et
2282 4482 2310 4519 ιι
2342 4468 2608 4520 similibus
2637 4468 2743 4520 tuis
2776 4468 2988 4537 legitur.
3037 4510 3049 4522 .
3101 4512 3110 4522 .
3159 4508 3171 4520 .
3217 4483 3375 4535 quem
3405 4481 3509 4536 ego

185 4557 383 4614 librum
419 4575 711 4622 numquam
735 4561 877 4632 "legi.
911 4560 1048 4628 Quid
1104 4560 1248 4615 enim
1281 4575 1508 4616 necesse
1533 4562 1584 4614 in
1615 4575 1807 4614 tnuuus
1835 4575 2071 4622 sumere,
2102 4559 2242 4630 quod
2274 4561 2515 4616 Ecclesia
2550 4577 2654 4615 non
2688 4561 2921 4628 recipit?
2953 4561 3134 4614 Adhuc
3163 4560 3510 4615 uehementius

187 4655 293 4709 alio
320 4657 437 4709 loco
467 4655 484 4726 (
519 4654 684 4726 lt'pist.
713 4655 782 4707 ad
812 4653 1094 4709 Domitian.
1123 4666 1168 4708 et
1207 4653 1420 4728 Rogat.)
1449 4672 1551 4708 non
1580 4664 1780 4708 tantum
1825 4656 1874 4706 in
1903 4667 2140 4723 quartum
2168 4651 2422 4707 invehitur
2443 4697 2456 4717 ,
2491 4658 2579 4709 sed
2604 4657 2754 4710 etiam
2783 4657 2836 4709 in
2865 4657 3093 4721 tertium,
3123 4672 3238 4708 cum
3271 4665 3438 4707 tamen
3469 4653 3509 4706 ii

186 4753 275 4820 qui
303 4761 544 4805 sanctum
566 4761 705 4806 nunc
734 4754 786 4806 in
810 4771 869 4809 ea
895 4756 1140 4823 opinione
1168 4755 1348 4808 ducem
1375 4767 1680 4825 sequuntur,
1702 4754 1821 4806 huic
1847 4754 1976 4807 libro
2007 4769 2115 4807 sese
2141 4769 2244 4806 non
2275 4763 2540 4820 tantopere
2560 4757 2785 4823 infensos
2817 4752 3105 4808 exhibeant.
3140 4753 3347 4807 Addunt
3379 4768 3512 4805 nan-

191 4844 320 4895 nulli
351 4861 678 4914 nequaquam
707 4864 950 4918 magnmn
982 4849 1133 4901 illum
1160 4847 1381 4902 Iisdram
1407 4889 1420 4914 ,
1452 4848 1670 4901 scribam
1696 4864 1758 4900 ac
1787 4847 1912 4920 legis
1941 4847 2223 4912 doctorem,
2257 4849 2406 4920 cujus
2437 4849 2641 4902 tertium
2669 4865 2775 4902 esse
2801 4851 3100 4918 apinantur,
3126 4848 3294 4918 quinti
3323 4853 3506 4899 aucto-

190 4952 294 4990 rem
329 4940 514 5005 videri,
545 4942 635 4994 sed
662 4940 824 4994 alium
857 4942 1231 5013 cognominem.

266 5029 386 5084 Non
411 5031 690 5098 defuerunt
724 5044 892 5088 tamen
921 5035 1009 5102 qui
1039 5034 1104 5088 de
1132 5035 1228 5087 hoc
1253 5049 1405 5101 opere
1432 5034 1626 5100 tequius
1646 5033 2014 5106 benigniusque
2025 5035 2343 5104 judicarent.
2370 5033 2570 5089 Etenim
2600 5052 2657 5088 eo
2684 5053 2784 5090 non
2813 5037 2980 5091 solum
3012 5034 3199 5089 erroris
3229 5032 3358 5086 nihil
3383 5048 3508 5087 con-

197 5125 342 5180 tineri
388 5128 779 5192 existimarunt,
811 5129 900 5182 sed
931 5130 1085 5182 etiam
1115 5130 1474 5201 auctoritatem
1518 5128 1627 5192 eius
1675 5127 1992 5194 praecipuam
2024 5145 2129 5182 esse
2171 5129 2221 5181 in
2253 5126 2520 5191 Ecclesia,
2550 5131 2739 5201 quippe
2767 5145 2882 5200 qua:
2919 5118 3320 5181 nonnulla'inde
3351 5124 3507 5195 petita

202 5220 429 5287 precibus
459 5220 564 5272 suis
591 5220 862 5272 inseruerit
894 5218 912 5290 (
940 5220 1005 5274 In
1040 5219 1206 5273 Missa
1231 5220 1329 5287 fer.
1378 5219 1412 5273 5
1440 5216 1729 5271 Pentecost.
1763 5229 1810 5275 et
1836 5218 1889 5270 in
1929 5219 2071 5287 festis
2099 5216 2311 5285 Mart.),
2343 5229 2390 5272 et
2421 5219 2696 5289 quominus
2748 5219 2877 5272 illutl
2905 5219 2972 5270 ad
3000 5220 3192 5270 calcem
3223 5213 3508 5269 Bibliorum

198 5313 530 5365 exe-rideretur
554 5353 566 5375 ,
602 5328 702 5366 non
735 5313 1069 5380 prohibuerit.
1110 5312 1245 5381 Quin
1273 5314 1424 5367 etiam
1451 5317 1681 5366 eumdem
1711 5315 1847 5366 hunc
1877 5311 2060 5366 librum
2086 5314 2220 5367 inter
2250 5313 2525 5366 canonicos
2565 5314 2877 5383 descriptum
2903 5312 2954 5363 in
2982 5309 3285 5380 quilmsdam
3312 5308 3511 5375 antiqui

201 5406 294 5459 teri
319 5421 435 5459 mss.
468 5408 691 5476 reperire
715 5417 815 5465 est.
849 5425 949 5461 non
979 5419 1146 5462 tamen
1189 5410 1241 5462 in
1273 5410 1529 5474 omnibus,
1559 5425 1650 5463 nec
1671 5411 1780 5464 sine
1811 5409 2106 5463 discrimine
2151 5410 2347 5479 aliquo.
2382 5406 2620 5470 Namque
2669 5407 2719 5458 in
2751 5403 2970 5474 quodam
3016 5411 3304 5468 pervetusto
3337 5402 3511 5455 codice

200 5500 285 5568 qui
315 5509 488 5552 nostra
516 5500 568 5552 in
597 5497 913 5553 Bibliotheca
944 5513 1266 5565 asseruntur,
1295 5502 1574 5566 compactis
1600 5502 1653 5554 in
1683 5517 1840 5554 nnttm
1869 5498 2065 5552 duobus
2091 5500 2350 5568 canonicis
2380 5497 2522 5550 libris
2555 5495 2770 5558 Esdrte,
2803 5492 3056 5546 secundus
3083 5508 3113 5542 a
3151 5492 3315 5558 primo
3342 5493 3512 5561 capite

205 5595 413 5666 hujusce
437 5595 602 5662 quarti
631 5594 784 5646 sumit
816 5593 1084 5647 exordium
1109 5635 1121 5654 ,
1150 5593 1290 5647 haud
1315 5595 1467 5649 dubie
1496 5595 1616 5664 quia
1645 5597 1756 5667 ejus
1795 5592 1926 5646 illud
1956 5593 2163 5646 initium
2193 5601 2264 5646 est
2294 5607 2310 5645 :
2342 5590 2506 5644 Lilier
2536 5587 2718 5641 I‘strm
2751 5585 3022 5654 prophetae
3052 5583 3324 5638 secundus
3357 5601 3367 5635 :
3405 5595 3510 5637 tum

206 5703 267 5761 ex
291 5690 400 5759 ejus
429 5699 579 5757 atque
604 5687 740 5747 tertii
770 5686 886 5739 libri
917 5685 1316 5761 capitibns‘iuter
1338 5706 1391 5742 se
1419 5689 1684 5759 permixtis
1709 5697 1929 5756 quatuor
1950 5687 2105 5741 libelli
2124 5682 2839 5752 conﬁciuntur.Doctissimus
2866 5678 3053 5745 Faber,
3086 5678 3334 5732 Ludovici
3353 5678 3404 5733 Χ
3413 5678 3472 5733 ΙΙ
3480 5681 3510 5735 1

201 5755 705 5849 ‘pra’ceptor-(Epist.
732 5778 800 5832 ad
832 5755 987 5831 ear'd.
1008 5755 1250 5849 Horati),
1274 5755 1544 5848 quemdam
1569 5781 1996 5852 eiusdem‘guarti
2028 5780 2146 5851 libri
2177 5797 2272 5839 ms.
2303 5779 2432 5834 adeo
2458 5775 2752 5848 discrepare
2783 5774 2844 5826 ab
2875 5774 3102 5828 editione
3136 5773 3508 5845 deprehendit,

212 5877 262 5919 ut
290 5871 447 5926 varias
471 5872 582 5934 eius
612 5870 852 5926 lectiones
881 5869 1026 5922 card.
1062 5867 1288 5924 Barouio
1317 5873 1734 5926 transmittent/as
1776 5879 1992 5938 putaret.
2026 5870 2155 5935 Qua?
2183 5853 2450 5924 diversitas
2477 5870 2610 5937 forte
2639 5867 2690 5923 in
2722 5881 2876 5920 causa
2907 5874 2978 5918 cst
2999 5907 3012 5932 ,
3045 5882 3137 5920 cur
3177 5864 3426 5924 nonnulla
3447 5867 3512 5922 ab
