4082 6370
597 297 712 354 559
1913 295 2160 356 SANCTI
2197 295 2524 358 AIBROSII
3830 307 3944 362 31H

598 414 876 472 Ambrosio
901 431 964 473 ea:
987 415 1158 472 eodem
1189 413 1320 472 libro
1338 413 1495 472 citata
1521 415 1576 470 in
1601 413 1740 472 edito
1765 415 1973 472 minime
1997 418 2346 488 reperiantur.
2381 417 2628 476 Inventus
2653 431 2728 476 est
2755 421 2975 494 denique
2997 433 3182 481 auctor
3207 427 3430 496 quidam
3459 427 3622 501 hujus
3645 425 3826 489 a-tatis,
3851 431 3946 492 qui

603 507 738 564 duos
767 509 972 564 ultimas
989 507 1232 564 librorum
1259 506 1442 562 Esdrte
1459 509 1734 564 canonicos
1755 525 1816 560 ac
1841 509 2030 564 diuisus
2055 511 2378 566 auctoritatis
2399 529 2508 566 esse
2527 513 2772 580 crederet,
2798 515 3028 585 hancque
3047 535 3200 574 suam
3233 521 3548 590 opinionem
3579 521 3731 572 etiam
3751 521 3944 589 scripto

601 601 815 671 ﬁrmare
843 603 1084 658 niteretur
1113 598 1372 669 (Genebr.
1399 596 1592 656 Chron.
1629 599 1669 656 ι.
1696 617 1755 666 tl,
1787 601 1858 656 ad
1887 619 1976 656 an.
2007 603 2210 658 mundi.
2233 603 2342 658 568
2443 603 2628 659 Verum
2653 608 2904 676 quidquid
2927 611 3042 682 ejus
3066 611 3140 664 rei
3167 613 3258 676 sit,
3287 617 3504 664 constat
3547 623 3654 663 non
3683 611 3844 662 solum
3883 628 3946 664 ετ

601 698 828 766 antiquis
855 694 1100 750 Patribtts
1123 695 1446 750 Ambrosium
1475 695 1550 750 ita
1575 698 1816 750 sensisse.
1847 694 2084 751 Clemens
2113 695 2492 752 Alexandrinus
2525 697 2666 760 (Lib.
2695 715 2752 754 Ill
2777 741 2792 762 ,
2829 699 3026 754 Strata.
3059 701 3078 774 )
3121 701 3352 756 Esdrom
3383 705 3552 756 citato
3601 702 3948 772 quartoiltits

599 786 729 842 libro
759 793 1060 858 praphetam
1083 787 1306 850 salutat,
1341 801 1558 854 eumque
1579 803 1682 840 non
1711 785 1937 842 absimili
1967 785 2118 840 modo
2147 789 2338 842 Auctor
2367 787 2554 856 "peris
2583 791 2708 860 imp.
2739 807 2894 861 super
2921 792 3228 850 llatthatum
3259 795 3452 849 laudat
3479 793 3638 868 (Lac.
3665 811 3782 862 sup.
3805 797 3944 861 τίω,

597 895 659 934 ac
689 881 890 938 densum
919 879 988 934 ad
1013 881 1244 934 eumdem
1273 879 1508 934 alludere
1529 877 1728 932 videtur
1749 878 2044 952 Cyprianus
2075 877 2222 952 (Ad.
2253 877 2535 953 Demetr.).

671 973 1001 1046 Quapropter
1028 975 1324 1044 neutiquam
1353 972 1498 1028 nobis
1526 973 1714 1028 mirum
1745 974 1964 1030 videtur.
1997 977 2136 1044 quod
2157 974 2456 1030 Ambrosius
2503 977 2622 1031 libri
2655 995 2806 1048 quem
2837 981 2970 1036 bona
2999 983 3120 1053 ﬁde,
3147 993 3208 1038 ut
3239 1002 3305 1041 ea:
3331 987 3458 1041 aliis
3481 991 3604 1060 ejus
3633 999 3940 1041 comnmis-

603 1067 824 1122 tionibus
851 1076 1026 1136 patet,
1061 1082 1154 1136 pro
1177 1067 1424 1122 canonico
1471 1068 1722 1134 habebat,
1751 1069 1835 1122 hic
1861 1069 2216 1122 auctoritatem
2248 1071 2676 1126 commendaverlt
2699 1113 2714 1140 ,
2745 1078 3104 1148 extuleritque.
3135 1079 3206 1133 Id
3235 1083 3522 1150 siquidem,
3553 1091 3612 1136 ut
3639 1083 3752 1150 ipse
3783 1085 3936 1154 proﬁ-

599 1171 736 1218 tetur
757 1203 770 1226 ,
801 1179 858 1218 eo
887 1163 1106 1218 consilio
1162 1163 1464 1234 factitabat,
1497 1175 1552 1218 ut
1583 1165 1798 1236 gentiles
1821 1165 1910 1230 qui
1933 1161 2194 1218 Christum
2237 1165 2446 1234 ejusque
2489 1167 2772 1234 discipulos
2813 1181 3034 1241 accrpta
3079 1191 3110 1226 a
3137 1171 3368 1229 Platone
3389 1185 3442 1230 et
3469 1177 3586 1232 illis
3625 1178 3942 1250 philosoniis

599 1272 707 1312 stite
731 1255 982 1312 doctrinas
1011 1257 1405 1322 insimulabant.
1441 1259 1694 1314 mendacii
1721 1267 1979 1328 argueret,
2003 1275 2120 1312 cum
2147 1259 2318 1328 ipsum
2343 1257 2618 1314 Platonem
2649 1264 2822 1329 potius
2851 1265 2916 1318 ab
2963 1264 3136 1320 Esdrn
3162 1311 3176 1334 ,
3207 1270 3434 1341 aliisque
3471 1272 3682 1325 nostris
3725 1275 3936 1325 out-teri-

601 1349 694 1404 bus
721 1359 1010 1404 mutuatum
1047 1351 1302 1420 quidquid
1329 1351 1446 1405 boni
1473 1352 1536 1406 de
1577 1361 1711 1405 statu
1739 1352 2032 1406 animarum
2065 1359 2178 1416 post
2209 1365 2424 1404 mortem
2461 1353 2730 1412 docuerat,
2758 1356 2972 1422 planum
3001 1359 3210 1428 faceret.
3251 1359 3492 1414 Ethnicis
3537 1377 3680 1415 nam
3705 1379 3808 1415 non
3843 1371 3938 1416 ere!

601 1440 902 1510 hujusmocli
931 1442 1244 1496 criminatio.
1273 1439 1454 1498 Celsus
1475 1459 1588 1496 eam
1641 1441 1852 1513 Origeni
1881 1441 1901 1514 (
1927 1441 2072 1516 Orig.
2103 1442 2140 1496 ι.
2167 1457 2260 1502 νη.
2286 1453 2422 1496 cont.
2455 1441 2618 1514 Cels.)
2643 1447 2822 1500 multis
2865 1458 2984 1504 ante
3031 1452 3182 1505 annis
3232 1453 3286 1506 in
3317 1453 3500 1508 eodem
3551 1471 3776 1522 prorsus
3803 1473 3934 1524 argn-

602 1545 774 1588 mento
803 1533 1106 1606 objectarat.
1133 1532 1262 1588 Cum
1293 1545 1462 1590 autent
1479 1533 1734 1588 Ambrosii
1763 1533 2074 1604 temporibus
2102 1534 2276 1588 adhuc
2299 1550 2400 1588 non
2423 1551 2604 1606 parum
2629 1537 2816 1590 valeret
2845 1539 3152 1594 idololatria
3167 1557 3322 1609 quam
3341 1546 3716 1616 Symmachus
3739 1549 3936 1600 auctor}

606 1638 710 1684 tate
739 1643 834 1680 sua
866 1628 1102 1682 tuebatur
1121 1667 1138 1694 ,
1169 1628 1432 1696 potentia;
1459 1627 1672 1682 dubium
1703 1643 1802 1680 non
1831 1637 1905 1680 est
1932 1627 2054 1694 quin
2081 1636 2204 1680 tunc
2245 1625 2424 1682 eadem
2451 1627 2716 1680 calumnia
2745 1641 2988 1684 renouata
3015 1633 3192 1702 fuerit.
3223 1633 3486 1698 Quocirca
3513 1635 3744 1690 minime
3771 1637 3932 1688 sum

604 1717 878 1784 videbitur,
901 1718 946 1772 si
979 1717 1046 1772 ad
1071 1719 1458 1774 convellendum
1487 1718 1832 1784 mendacium,
1863 1718 2003 1788 quod
2028 1718 2265 1788 funditus
2291 1715 2640 1774 Christianam
2669 1720 2820 1787 [idem
2855 1739 3083 1778 eversum
3121 1725 3230 1780 ibat
3255 1767 3270 1788 ,
3299 1726 3364 1784 S.
3397 1727 3614 1783 Doctor
3641 1741 3930 1800 quantopere

603 1811 791 1878 valuit,
817 1813 1085 1878 scriptoris
1112 1813 1267 1881 hujus
1293 1812 1646 1868 auctoritatem
1681 1812 1999 1878 prcedicaoit.
2027 1811 2183 1878 Atqui
2231 1809 2338 1864 alia
2359 1825 2559 1876 quoque
2597 1813 2742 1866 addit
2767 1829 3030 1868 sacrarum
3063 1817 3370 1888 paginarum
3407 1821 3932 1888 testimonia,qli’nl

607 1905 792 1960 inuicte
819 1905 1050 1972 superbis
1091 1905 1196 1960 iliis
1235 1904 1510 1976 gentilibus
1555 1904 1868 1960 demonstret
1915 1901 2186 1958 Platonem
2215 1915 2263 1958 et
2289 1902 2560 1968 Socratem
2605 1922 2755 1960 suum
2802 1923 2864 1962 ex
2896 1909 3010 1962 istis
3035 1909 3416 1978 limpidissimis
3445 1915 3706 1968 ueritatis
3739 1917 3928 1982 {unum

611 1999 776 2054 multa
801 2000 1052 2062 hausisse.
1079 2015 1194 2070 que
1221 2009 1396 2068 postea
1419 1999 1518 2065 ipsi
1541 1998 1710 2052 diluto
1733 1999 1998 2052 uariarum
2019 1995 2312 2067 fabularum
2355 2013 2502 2050 cano
2541 1999 2880 2070 corruperint.
2917 1999 2992 2054 De
3017 1999 3238 2056 Platone
3275 2003 3482 2070 quidem
3529 2005 3680 2058 adeo
3727 2015 3930 2058 const

607 2103 679 2148 est
705 2109 820 2148 eum
843 2093 965 2148 bene
985 2094 1145 2149 multa
1167 2095 1272 2148 sive
1295 2108 1358 2148 ea:
1377 2095 1540 2146 sacris
1561 2091 1850 2156 codicibus,
1881 2101 1938 2146 ut
1961 2090 2044 2144 hic
2065 2090 2210 2144 docet
2235 2089 2556 2154 Ambrosius,
2585 2089 2710 2154 sive,
2741 2101 2793 2142 ut
2821 2091 2996 2146 volunt
3017 2093 3132 2158 alii,
3157 2111 3190 2148 a
3229 2091 3572 2164 Pythagora,
3607 2095 3710 2164 qui
3757 2104 3806 2150 et
3849 2097 3926 2160 ipse

503 2241 512 2253 ,
607 2185 826 2242 thdcuos
865 2188 1119 2257 sapientes
1160 2187 1434 2254 audierat,
1471 2187 1750 2252 didicisse;
1777 2195 1833 2240 ut
1856 2184 2120 2256 uulgatum
2145 2183 2295 2256 fuerit
2317 2183 2381 2236 de
2409 2179 2520 2252 ipso
2544 2181 2674 2236 illud
2709 2179 2956 2238 Numenii
2987 2180 3326 2257 Pythagorici
3355 2186 3560 2240 dictum
3597 2187 3924 2262 ετίγάρὲςτς

613 2279 814 2336 Πλάτων
843 2279 874 2341 ἦ
895 2288 1104 2342 Ηοῦσῆς
1129 2281 1401 2345 ἀττικίζων
1427 2295 1442 2344 ;

975 2523 1990 2687 SANCTI
2195 2525 3580 2692 AMBROSII

1787 2780 2365 2868 MEDIOLANENSIS
2431 2785 2762 2868 EPISCOPI

1367 2965 1644 3110 DE
1741 2961 2316 3114 BONO
2411 2965 3180 3116 MORTIS

1896 3223 2227 3297 LIBER
2285 3225 2625 3301 UNUSa.
2711 3249 2720 3258 '

2681 3381 2842 3409 Ξ

1693 3381 2676 3408 m

1051 3502 1220 3576 389
1254 3497 1484 3556 CAPUT
1523 3497 1566 3554 1.
2249 3489 2647 3568 Αάρρθιιειηε,
2695 3509 2926 3556 mortem
2957 3502 3190 3569 malum;
3237 3501 3328 3558 vel
3359 3503 3454 3560 illa
3503 3503 3614 3560 sibi
3653 3505 3914 3576 priors.et

622 3617 893 3675 Connectit
928 3617 1066 3674 hunc
1116 3618 1303 3672 librum
1345 3631 1462 3671 cum
1508 3609 1851 3686 princedenti;
1895 3615 1944 3664 et
1981 3609 2225 3679 proponit

696 3714 910 3768 dubiant
943 3731 956 3767 :
992 3711 1260 3779 Quomodo
1294 3727 1430 3766 mors
1459 3726 1562 3764 non
1594 3709 1801 3764 dicatur
1829 3705 1989 3768 mala,
2023 3704 2138 3758 licet
2163 3703 2230 3757 sit

698 3807 816 3863 vita!
851 3805 1155 3862 contraria!

701 3923 750 3979 1.
794 3921 1060 3994 Quoniam
1107 3919 1175 3976 de
1210 3919 1384 3974 anima
1427 3917 1710 3988 superiore
1741 3915 1878 3972 libro
1917 3929 2224 3972 sermonem

628 4019 862 4090 aliquem
899 4015 1310 4082 contexnimus,
1371 4013 1668 4068 faciliorem
1698 4013 1838 4066 viam
1875 4017 2120 4080 putamus
2160 4005 2230 4062 de

628 4111 779 4168 Bono
796 4111 986 4166 mortis
1013 4109 1286 4166 COuﬁcere
1316 4107 1542 4176 aliquid.
1569 4105 1702 4174 Quae
1723 4105 1766 4156 si
1791 4103 1986 4158 animae
2015 4107 2227 4167 uocent,

632 4203 832 4258 ntalum
861 4203 1031 4257 videri
1057 4209 1232 4271 potest
1261 4217 1273 4253 :
1306 4201 1349 4255 si
1395 4199 1526 4252 nihil
1554 4207 1732 4252 autem
1767 4195 1970 4252 officiat
2011 4193 2228 4259 animae,

638 4311 706 4349 ne
733 4293 934 4349 malum
978 4293 1216 4364 quidem.
1251 4291 1406 4360 Quod
1435 4299 1614 4345 autem
1659 4289 1857 4342 malum
1886 4303 1989 4343 non
2020 4295 2139 4350 est,
2177 4286 2230 4341 id

637 4389 800 4446 etiam
823 4387 1061 4452 bonum;
1114 4387 1368 4456 quoniam
1400 4383 1541 4452 quod
1572 4381 1855 4446 vitiosum,
1903 4380 1953 4435 id
1983 4380 2181 4434 malum
2214 4397 2228 4434 :

637 4479 779 4552 quod
809 4490 986 4534 autem
1011 4479 1142 4534 vitio
1166 4487 1337 4542 caret,
1371 4476 1422 4532 id
1448 4477 1677 4542 bonum;
1707 4475 1936 4546 ideoque
1965 4473 2102 4530 bona
2128 4488 2234 4526 ma-

630 4573 700 4630 lis
728 4573 1000 4628 conlraria
1028 4583 1154 4628 sunt
1182 4579 1238 4626 et
1266 4573 1402 4627 mala
1431 4570 1609 4628 bouis.
1657 4569 1897 4641 Denique
1929 4567 2231 4623 innocentia

631 4677 737 4732 est,
771 4669 857 4723 ubi
889 4682 996 4722 non
1027 4673 1111 4722 est
1138 4665 1364 4724 nocendi
1395 4665 1683 4730 voluntas;
1711 4674 1765 4720 et
1797 4665 1991 4718 noxius
2013 4662 2229 4730 dicitur,

630 4763 719 4832 qui
751 4775 858 4816 non
884 4761 954 4817 sit
985 4759 1281 4826 innoxius;
1318 4759 1663 4824 miseriCors,
1694 4759 1784 4830 qui
1817 4758 2094 4822 remittat;
2128 4757 2230 4810 im-

619 4855 946 4911 misericors
966 4897 980 4921 ,
1014 4855 1102 4922 qui
1129 4853 1412 4924 ignoscere
1435 4864 1597 4921 atque
1621 4851 1822 4908 inﬂecti
1851 4851 2080 4906 nesciat.

703 4949 759 5004 2.
803 4947 908 5022 Sed
957 4947 1096 5004 forte
1140 4947 1335 5018 aliquis
1383 4957 1591 5003 asserat
1624 4964 1638 5000 :
1668 4946 1804 5010 Quid
1852 4953 1960 5008 tam
2011 4951 2230 4998 contra-

632 5041 797 5107 rium,
826 5056 984 5112 quam
1018 5041 1129 5094 vita
1150 5037 1348 5094 morti?
1401 5040 1456 5096 Si
1478 5055 1607 5110 ergo
1627 5039 1734 5094 vita
1760 5047 1978 5110 putatur
2005 5035 2230 5100 bonum,

638 5137 911 5206 quomodo
956 5151 1100 5190 mors
1134 5147 1240 5189 nan
1273 5143 1356 5188 est
1386 5131 1563 5194 malai
1593 5133 1658 5188 Et
1692 5133 1812 5188 ideo
1839 5133 1966 5204 quid
1999 5131 2070 5186 sit
2100 5129 2230 5200 vita,

635 5227 761 5299 quid
820 5229 980 5282 etiam
1016 5242 1199 5293 mors,
1255 5225 1682 5281 consideremus.
1716 5225 1834 5282 Vita
1881 5235 1965 5281 est.
1992 5225 2230 5295 spirandi

633 5335 858 5375 munere
892 5319 1014 5379 frui.
1049 5335 1194 5373 mors
1226 5319 1450 5394 privari.
1487 5319 1600 5373 Hoc
1628 5329 1806 5372 autem
1844 5318 2083 5389 spirandi
2115 5333 2234 5372 mu-

635 5433 737 5471 nus
766 5415 906 5485 apud
952 5415 1239 5486 plerosque
1275 5415 1328 5469 in
1369 5415 1532 5470 bonis
1559 5413 1794 5468 ducitur.
1841 5411 1950 5466 lloc
1979 5421 2058 5468 est
2107 5427 2235 5478 ergo

637 5512 768 5575 vita,
805 5510 906 5564 frui
933 5511 1089 5565 bonis
1118 5528 1131 5563 :
1167 5524 1311 5563 mors
1339 5521 1528 5564 contra
1559 5527 1571 5562 :
1601 5507 1757 5562 bonis
1779 5507 1924 5560 exui.
1957 5503 2020 5560 Et
2054 5505 2236 5572 Scrip-

639 5613 755 5660 tura
787 5604 921 5660 dicit
951 5623 964 5658 :
999 5604 1131 5659 Ecce
1159 5603 1280 5658 dedi
1309 5614 1427 5658 ante
1457 5604 1644 5673 faciem
1677 5613 1818 5655 tuam
1847 5601 2000 5654 vitam
2031 5611 2074 5653 et
2103 5613 2240 5653 mor-

639 5706 760 5766 tem,
793 5699 978 5754 bonum
1001 5708 1049 5754 et
1069 5701 1264 5753 nmium
1293 5697 1496 5772 (Deut,
1530 5713 1667 5772 xxx,
1702 5695 1816 5768 15),
1847 5703 2010 5751 Vitam
2036 5695 2235 5753 bonum

721 5851 754 5906 ι’
787 5857 1037 5930 Scriptus
1064 5857 1194 5916 circ.
1229 5873 1357 5916 ann.
1387 5857 1514 5916 587.

2333 3591 2448 3646 lucc
2499 3593 2604 3648 sibi
2659 3595 2974 3652 conferens.
3035 3597 3276 3667 Denique
3333 3609 3390 3652 ut
3447 3599 3712 3654 lectionis
3755 3597 3914 3653 dirius

2329 3687 2580 3756 exemplo
2601 3697 2838 3756 utamur,
2855 3694 2908 3744 in
2933 3691 3184 3756 paradiso
3203 3701 3287 3744 est
3309 3691 3524 3759 positus
3547 3693 3738 3756 homo,
3757 3691 3916 3745 nte-de-

2329 3790 2410 3834 ret
2431 3779 2498 3836 de
2527 3782 2672 3850 ligno
2693 3784 2840 3846 vitaz,
2873 3793 2926 3839 et
2948 3787 3166 3841 caeteris
3195 3785 3434 3855 paradisi
3462 3787 3634 3854 lignis
3667 3803 3682 3841 :
3715 3786 3915 3852 deligati

2329 3883 2510 3930 autem
2545 3875 2597 3930 iu
2621 3891 2730 3946 quo
2775 3887 2924 3932 esset
2949 3881 3188 3948 cognitio
3217 3878 3343 3934 boni
3367 3889 3424 3933 et
3455 3881 3588 3936 mali
3616 3921 3634 3948 ,
3681 3897 3788 3936 non
3817 3879 3914 3934 edc-

2331 3977 2413 4022 ret
2441 3985 2456 4022 :
2485 3985 2589 4038 qua
2629 3969 2718 4024 die
2746 3981 2924 4026 autem
2957 3972 3174 4039 ederet,
3211 3983 3386 4027 morte
3418 3985 3740 4031 moreretur
3765 3972 3914 4046 (σει,

2331 4063 2502 4129 11,16
2532 4073 2578 4118 et
2625 4065 2742 4134 t7).
2775 4065 2890 4121 Non
2937 4069 3174 4122 servavit
3225 4077 3607 4138 praeceptum,
3663 4079 3720 4125 et
3773 4067 3920 4122 carsit

2333 4153 2508 4210 fructu
2535 4199 2550 4222 ,
2595 4165 2756 4228 atque
2785 4160 2994 4228 eiectus
3029 4159 3100 4215 de
3128 4159 3384 4229 paradiso
3414 4173 3656 4216 mortem
3683 4163 3914 4233 gustarit.

2329 4249 2528 4305 Malum
2562 4250 2721 4323 igitur
2751 4269 2932 4319 mors,
2983 4269 3104 4325 quas
3147 4255 3323 4323 pretio
3363 4255 3744 4311 damnationis
3783 4253 3920 4310 inierv

2335 4353 2440 4398 tur.

2833 4441 3000 4513 390
3043 4439 3270 4498 CAPUT
3313 4440 3376 4496 ιι.

2339 4543 2615 4607 Prwmissa
2662 4554 2988 4609 distinctione
3027 4555 3090 4609 de
3129 4555 3322 4625 triplici
3367 4541 3556 4629 genere
3601 4559 3819 4620 mortis,
3855 4571 3922 4607 os-

2407 4647 2568 4700 tendit
2595 4647 2801 4700 tertium
2841 4665 3002 4718 genus
3027 4649 3254 4703 medium
3295 4663 3406 4702 esse
3420 4665 3440 4712 ;
3485 4651 3596 4702 imo
3633 4651 3810 4720 potius
3851 4649 3922 4700 bo-

2407 4755 2528 4792 num
2553 4739 2923 4812 judicandum,
2969 4742 3110 4812 quod
3139 4757 3230 4794 nos
3257 4741 3374 4794 vita:
3405 4743 3632 4796 miseriis
3661 4759 3726 4796 ac
3757 4755 3920 4812 pecca-

2307 4833 2316 4844 “
2409 4835 2474 4888 tis
2499 4833 2708 4900 liberet;
2731 4835 2868 4890 idem
2896 4845 3066 4890 tamen
3093 4837 3344 4908 patienter
3363 4837 3795 4903 exspectandum.

2407 4949 2462 5002 '5.
2503 4947 2606 5002 Sed
2645 4949 2835 5004 mortis
2877 4949 2974 5003 tria
3001 4959 3124 5003 sunt
3152 4963 3371 5019 genera.
3397 4945 3514 5002 Una
3545 4963 3702 5002 mors
3734 4945 3920 5018 peccati

2339 5049 2445 5102 est,
2474 5039 2541 5094 de
2573 5057 2674 5108 qua
2703 5043 2960 5110 scriptum
2984 5049 3067 5098 est
3096 5060 3108 5096 τ
3139 5039 3324 5094 Anima
3351 5055 3464 5110 qua:
3490 5051 3671 5111 peccat
3700 5043 3812 5110 ipsa
3833 5055 3922 5091 mc-

2337 5131 2498 5186 rietur
2529 5129 2747 5203 (Eseclt.
2781 5149 2930 5198 XVIII,
2962 5133 3041 5205 4).
3073 5133 3185 5188 Atia
3221 5147 3367 5188 mors
3399 5131 3628 5204 mystica
3651 5176 3664 5196 ,
3727 5129 3922 5201 quando

2339 5227 2460 5296 quis
2493 5235 2716 5296 peccato
2761 5229 3012 5288 moritur,
3038 5235 3088 5280 et
3125 5227 3236 5280 Deo
3266 5225 3419 5286 vivit,
3455 5223 3524 5278 de
3555 5239 3662 5294 qua
3692 5223 3766 5276 ait
3797 5225 3922 5290 Apo-

2338 5321 2511 5374 ειοιυ,
2534 5337 2546 5372 :
2569 5317 2866 5384 Consepulti
2884 5321 3015 5372 enim
3040 5335 3215 5372 sumus
3243 5335 3356 5370 cum
3387 5313 3481 5370 illo
3507 5331 3600 5387 per
3627 5317 3919 5382 baptismum

2339 5415 2392 5466 in
2418 5423 2626 5467 mortem
2673 5413 2850 5485 (liam.
2887 5427 2958 5480 vt,
2989 5411 3070 5485 4).
3129 5411 3306 5466 Tertia
3342 5427 3486 5466 mors
3513 5419 3636 5476 est,
3671 5427 3775 5482 qua
3806 5423 3916 5464 cur-

2337 5525 2454 5564 sum
2486 5513 2611 5566 vita:
2639 5509 2869 5582 liujus‘et
2901 5524 3095 5564 munus
3135 5508 3437 5577 explemus,
3489 5508 3542 5562 id
3572 5517 3690 5572 est,
3743 5508 3916 5558 auium

2340 5605 2694 5674 cci-porisque
2742 5599 3398 5658 secessio.'Advertitnus
3449 5601 3612 5672 igitur
3643 5599 3784 5670 (μιοᾶ
3825 5609 3912 5650 una

2342 5711 2488 5752 mors
2518 5697 2588 5751 sit
2617 5697 2756 5752 mala
2789 5738 2804 5765 ,
2850 5696 2894 5755 si
2939 5707 3160 5768 propter
3189 5703 3405 5767 peceata
3437 5695 3774 5750 moriamur:
3825 5689 3914 5745 alia
