4082 6370
194 335 302 391 5H

1311 333 1397 388 DE
1437 330 1616 388 BONO
1656 329 1912 388 MOBTIS
1952 330 2155 388 LIBER
2195 331 2402 388 UNUS.

3399 330 3508 386 542

193 465 354 508 mors
378 452 519 507 bona
549 453 656 517 sit,
686 467 787 522 qua
819 451 864 506 is
892 451 980 520 qui
1029 449 1190 505 fuerit
1240 458 1509 514 mortuus,
1538 449 1803 517 justiilca-
1829 462 1877 520 Α
1908 453 2003 504 tio.
2037 446 2278 520 Denique
2318 449 2610 506 lestlnabat
2657 450 2820 506 etiam
2861 459 3078 505 sanctus
3110 448 3276 504 David
3305 449 3372 504 de
3406 450 3508 505 hoc

196 553 290 600 tus
334 553 465 600 esta
520 556 786 616 peccato:
820 551 972 599 tertia
1015 559 1164 598 mors
1221 543 1396 597 media
1437 543 1536 607 sit;
1583 555 1706 596 nam
1748 552 1803 596 et

198 640 346 694 bona
375 640 538 710 jnstis
565 640 796 701 videtur,
830 648 882 691 et
905 635 1175 706 plerisque
1197 638 1506 699 metuenda,
1541 651 1657 702 qua-
1679 649 1800 687 cum

211 731 466 786 absolvat
491 747 702 789 omnes.
734 743 932 800 paucos
962 730 1211 783 delectat.
1252 728 1356 784 Sed
1399 743 1501 781 non
1537 729 1638 780 hoc
1660 742 1805 780 mor-

209 823 284 876 tis
317 834 400 877 est
428 823 618 877 vitium
651 864 665 886 ,
695 832 747 875 at
771 830 967 875 nostra:
997 821 1322 873 inﬁrmitatis
1352 861 1366 885 ,
1410 819 1498 888 qui
1529 819 1804 886 voluptate

206 913 483 984 corporis,
516 924 569 968 et
598 915 958 967 delectatione
981 913 1106 965 vitae
1137 911 1289 964 istius
1311 911 1658 982 capimur,‘et
1685 924 1808 963 cur-

204 1023 331 1062 sum
361 1007 502 1061 hunc.
531 1021 911 1060 consummare
934 1005 1285 1074 trepidamus,
1318 1005 1368 1057 in
1393 1019 1496 1072 quo
1519 1005 1637 1073 plus
1659 1019 1808 1056 ama-

204 1104 500 1166 ritudiuis,
543 1119 700 1170 quam
752 1100 1044 1170 voluptatis
1100 1108 1202 1155 cst.
1242 1099 1312 1154 At
1362 1116 1464 1151 non
1515 1100 1684 1152 sancti
1741 1112 1804 1153 ac

203 1198 480 1264 sapientes
500 1195 623 1260 viri,
649 1197 735 1265 qui
757 1196 1152 1264 longzrvitatem
1171 1191 1621 1263 peregrinationis
1652 1191 1810 1262 hujus

207 1288 659 1357 ingemiseehant.
696 1289 941 1354 diSStthi,
990 1300 1045 1344 et
1101 1304 1221 1344 cum
1264 1287 1487 1343 Christo
1543 1302 1664 1342 esse
1697 1288 1813 1358 pul-

209 1380 404 1436 chrius
443 1382 777 1436 aestimantes
813 1399 827 1436 :
859 1381 1093 1451 denique
1130 1382 1272 1436 diem
1303 1381 1673 1451 generationis
1697 1396 1812 1434 sua:

203 1475 663 1539 esSecrabantnr,
695 1482 834 1527 Sicut.
870 1478 990 1544 quis
1019 1473 1093 1528 ait
1127 1492 1140 1529 :
1171 1472 1355 1528 Pereat
1385 1473 1495 1527 dies
1519 1474 1609 1527 illa
1632 1475 1683 1528 in
1711 1491 1814 1546 qua

210 1579 370 1621 natus
401 1584 515 1620 sum
542 1566 680 1637 (Job.
718 1584 800 1634 ιιι,
833 1568 911 1638 2).

287 1661 343 1716 4.
397 1662 534 1730 Quid
581 1663 725 1717 enim
771 1674 852 1717 est
894 1663 1035 1730 quod
1079 1662 1195 1718 hazc
1235 1665 1339 1718 vita
1372 1663 1624 1729 delectet,
1652 1665 1813 1735 p'ena

214 1767 583 1807 terninnarum
615 1767 667 1808 et
695 1754 1158 1809 sollicitudinum?
1187 1756 1240 1810 In
1265 1771 1366 1826 qua
1398 1758 1693 1810 innumerae
1724 1773 1813 1810 ca-

1910 544 2029 597 loco
2063 545 2520 613 peregrinationis
2561 546 2709 599 exire.
2734 587 2748 612 ,
2783 546 2966 599 dicens
3000 561 3011 595 :
3039 543 3247 597 Advena
3273 560 3364 614 ego
3389 559 3504 598 sum

1905 634 2052 702 apud
2083 645 2128 688 te
2168 637 2218 688 in
2251 646 2386 690 terra
2418 646 2468 690 et
2499 639 2822 709 peregrinus,
2856 638 2986 690 sicut
3014 653 3189 689 omnes
3221 646 3386 704 patres
3412 636 3508 689 mei

1907 726 2028 800 (Ps.
2062 743 2300 792 xxxvni,
2333 731 2445 798 15).
2482 731 2544 784 Et
2601 731 2726 784 Ideo
2771 743 3021 800 tanquam
3072 730 3388 798 peregrinus
3435 729 3510 783 ad

1909 820 2055 874 illam
2081 830 2396 874 sanctorum
2440 837 2782 877 communem
2825 821 3064 876 omnium
3096 823 3322 891 patriam
3357 820 3507 876 festi-

1908 911 2092 976 nabat,
2117 920 2308 982 petens
2338 928 2432 980 pro
2455 914 2614 982 hujus
2637 917 3081 973 commorationis
3101 916 3506 982 inquinamento

1909 1008 2109 1062 remitti
2160 1008 2262 1062 sibi
2323 1018 2563 1077 peccata,
2621 1011 2934 1078 priusquam
2967 1011 3272 1066 discederet
3309 1026 3338 1064 e
3373 1009 3502 1062 vita.

1909 1101 2009 1170 Qui
2033 1103 2176 1156 cnltn
2203 1102 2286 1156 hic
2317 1118 2422 1157 non
2452 1107 2718 1174 acceperit
2740 1107 3112 1161 remissionem
3140 1107 3506 1173 peccatorum,

1913 1196 2023 1250 illic
2049 1212 2152 1250 non
2186 1197 2308 1251 erit.
2343 1197 2457 1252 Non
2490 1198 2594 1251 erit
2623 1207 2804 1253 autem
2830 1201 2918 1270 qui
2953 1200 3018 1253 ad
3054 1201 3215 1254 vitam
3247 1212 3503 1255 :rteruam

1915 1305 2017 1344 non
2050 1291 2246 1361 poterit
2274 1290 2578 1359 pervenire,
2607 1292 2729 1357 quia
2754 1293 2858 1347 vita
2886 1305 3083 1347 a-terna
3108 1294 3355 1348 remissio
3387 1307 3513 1362 pec-

1911 1395 2155 1439 catorum
2189 1395 2290 1440 eSt.
2328 1383 2556 1453 Ideoque
2581 1385 2710 1440 dicit
2738 1405 2750 1439 :
2784 1385 3004 1440 Remitte
3033 1387 3179 1449 mihi,
3221 1397 3274 1440 ut
3296 1388 3512 1457 refrige—

1914 1493 2015 1538 rer,
2044 1477 2343 1547 priusquam
2370 1479 2567 1546 abeam,
2601 1491 2646 1534 et
2663 1481 2887 1552 amplius
2905 1497 3005 1534 non
3033 1497 3120 1535 ero
3141 1480 3258 1554 (Ps.
3283 1497 3508 1546 xxxviii,

1919 1570 2029 1634 ll).

1990 1663 2044 1719 6.
2089 1664 2227 1731 Quid
2253 1665 2412 1735 igitur
2436 1673 2720 1736 tantopere
2741 1669 2903 1722 vitam
2933 1668 3088 1723 istam
3112 1668 3508 1736 desideramus,

1913 1756 1970 1810 ‘in
2001 1771 2104 1825 qua
2137 1766 2338 1826 quanto
2374 1756 2578 1813 diutius
2607 1761 2728 1828 quis
2759 1759 2939 1822 fuerit,
2975 1769 3122 1814 tanto
3151 1760 3352 1830 majore
3379 1773 3512 1815 one-

208 1846 465 1913 lututtite,
500 1857 554 1902 et
582 1849 763 1902 inultae
789 1849 1050 1904 molestiae
1074 1890 1086 1909 .
1129 1857 1183 1904 et
1223 1852 1404 1904 multa:
1431 1851 1684 1922 lacryma:
1717 1865 1810 1906 co-
1843 1859 1889 1920 B
1918 1857 2067 1902 ratur
2097 1850 2312 1904 sarcina
2354 1852 2732 1917 pect'atorum?
2767 1854 2882 1920 Ipse
2924 1853 3183 1908 Dominus
3223 1853 3298 1907 ait
3333 1872 3344 1905 :
3383 1852 3514 1920 Suf-

208 1940 806 2003 rumquiaillietantur
858 1943 1162 2009 molesdis,
1223 1955 1276 1998 ct
1326 1962 1433 1998 nou
1488 1954 1606 2013 est,
1638 1947 1812 2015 inquit

207 2032 429 2105 (Thren.
471 2048 509 2098 t,
539 2034 620 2103 2),
656 2036 744 2103 qui
776 2050 870 2089 eos
902 2037 1236 2090 Consolelur.
1261 2035 1328 2089 Et
1353 2037 1474 2090 ideo
1499 2037 1678 2092 laudat
1709 2039 1811 2093 Ec-

205 2125 492 2179 clesiastes
537 2126 808 2198 defunctos
846 2129 1007 2199 magis
1033 2146 1183 2199 quant
1211 2129 1447 2184 virentes.
1479 2129 1544 2184 Et
1566 2133 1810 2200 optimus,

213 2214 412 2285 inquit,
441 2236 602 2286 supra
625 2220 717 2274 hos
739 2221 890 2287 duos,
920 2224 1008 2293 qui
1031 2227 1257 2276 nondum
1287 2235 1438 2279 natus
1467 2235 1560 2290 est,
1593 2227 1681 2296 qui
1711 2243 1814 2280 non

209 2313 340 2366 vidit
364 2313 459 2366 hoc
486 2313 679 2367 malum
702 2313 873 2384 (Eccl.
898 2316 1019 2381 iv,‘2
1041 2327 1085 2370 et
1109 2315 1188 2388 5).
1215 2318 1280 2372 Ει
1304 2319 1432 2373 alibi
1463 2318 1602 2373 idem
1627 2317 1814 2374 Eccle-

211 2405 416 2462 siastes
450 2411 729 2463 meliorem
777 2410 1022 2480 longmvo
1079 2413 1195 2466 viro
1221 2428 1344 2466 cum
1381 2416 1612 2469 asseruit
1643 2415 1807 2486 (lc‘ccl.

212 2514 291 2557 vi.
325 2499 404 2571 5),
436 2515 593 2569 quem
618 2501 810 2556 abortu
833 2503 994 2572 ejecit
1025 2514 1198 2559 mater
1226 2519 1354 2570 sua;
1389 2507 1512 2575 quia
1544 2523 1649 2560 non
1678 2505 1815 2560 vidit

212 2593 332 2647 lia-c
365 2594 505 2647 mala
538 2610 656 2664 qua:
688 2595 822 2650 ﬁunt
859 2599 909 2650 in
945 2596 1045 2651 hoc
1071 2596 1304 2661 mundo,
1331 2614 1430 2653 nec
1456 2599 1507 2653 in
1543 2597 1636 2653 has
1668 2600 1816 2654 venit

209 2687 497 2751 tenebras,
532 2703 631 2742 nec
661 2687 714 2742 in
746 2690 985 2744 vanitate
1008 2692 1304 2744 ambulavit
1334 2693 1554 2758 smculi;
1610 2702 1663 2746 et
1691 2693 1814 2748 ideo

213 2782 453 2851 requiem
473 2783 632 2854 391
653 2787 738 2838 hic
764 2784 930 2854 magis
959 2783 1170 2840 habebit
1196 2786 1281 2855 qui
1303 2787 1350 2840 in
1369 2786 1508 2840 hanc
1526 2787 1687 2842 vitam
1708 2804 1813 2844 non

212 2879 385 2940 venit,
418 2890 578 2944 quam
610 2876 698 2929 ille
724 2877 813 2944 qui
844 2877 1010 2930 venit.
1034 2877 1172 2946 Quid
1201 2878 1346 2932 enim
1381 2879 1506 2933 boni
1534 2893 1615 2934 est
1645 2881 1818 2934 homi-

216 2965 272 3020 ni
307 2967 359 3020 in
391 2966 490 3021 hac
521 2969 650 3033 vita,
676 2970 766 3038 qui
794 2967 846 3020 in
871 2969 1061 3022 umbra
1096 2969 1249 3036 vivit,
1278 2986 1377 3026 nee.
1403 2973 1607 3040 eXpleri
1638 2982 1818 3040 potest

216 3058 612 3125 cupiditatibus
645 3059 796 3114 suis?
833 3060 896 3114 Et
928 3061 972 3115 si
1005 3064 1289 3131 expleatur
1316 3063 1550 3126 divitiis,
1585 3064 1814 3120 fructum

216 3154 415 3221 quietis
439 3153 662 3220 amittit,
694 3162 718 3189 ει
751 3157 874 3223 quia
907 3155 1121 3224 cogitur
1150 3155 1423 3211 custodire
1445 3158 1587 3226 quod
1621 3157 1815 3212 misera

1914 1944 2021 2012 [icit
2049 1943 2146 1996 diei
2177 1944 2377 1997 malitia
2407 1961 2502 1997 sua
2533 1943 2749 2017 (Matth.
2787 1961 2861 2009 vi,
2887 1948 2948 2000 3i
2968 1957 3005 2011 ).
3037 1946 3101 2000 Et
3129 1946 3299 2001 Jacob
3329 1945 3466 2000 dixit
3495 1963 3509 2000 :

1914 2035 2037 2088 Dies
2076 2052 2329 2088 annorum
2375 2037 2492 2090 vita:
2517 2053 2644 2090 metu
2670 2053 2795 2108 quos
2823 2037 2981 2091 habeo
3001 2081 3014 2104 ,
3071 2048 3268 2090 centum
3300 2038 3515 2106 triginta

1915 2129 2112 2181 minimi
2158 2139 2202 2182 et
2234 2129 2355 2181 ntali
2383 2127 2536 2198 (Gen.
2575 2144 2735 2196 XLVII,
2788 2129 2866 2200 9),
2912 2144 3014 2182 non
3047 2130 3168 2196 quia
3213 2130 3328 2184 dies
3361 2130 3511 2194 mali,

1915 2220 2011 2275 sed
2035 2220 2161 2290 quia
2199 2220 2357 2274 nobis
2404 2236 2627 2275 accessu
2669 2221 2878 2275 dierum
2927 2222 3146 2276 malitiae
3179 2221 3514 2277 incrementa

1915 2313 2280 2368 cumulantur.
2329 2310 2518 2367 Nullus
2560 2315 2705 2368 enim
2744 2312 2861 2370 dles
2907 2314 3024 2368 sine
3070 2323 3256 2369 nostro
3295 2323 3516 2386 peccato

1916 2407 2177 2477 praeterit.

1989 2503 2041 2557 1.
2086 2501 2238 2557 Unde
2272 2501 2489 2572 egregie
2520 2503 2813 2572 Apostolus
2845 2501 2921 2558 ait
2952 2522 2965 2556 :
3003 2501 3137 2558 Mihi
3179 2503 3313 2558 enim
3350 2505 3516 2559 vivere

1916 2593 2154 2649 Christus
2184 2604 2276 2658 est,
2303 2604 2348 2648 et
2371 2594 2501 2647 ntori
2524 2594 2724 2648 lucrum
2751 2593 2916 2662 (Phil.
2947 2609 2985 2660 ι,
3012 2594 3129 2664 21),
3157 2595 3301 2649 aliud
3339 2595 3403 2650 ad
3429 2611 3517 2652 ne-

1919 2690 2230 2743 cessilalt'tlt
2264 2688 2386 2742 vita:
2413 2689 2679 2752 referens,
2711 2687 2856 2742 aliud
2889 2687 2952 2742 ad
2989 2689 3178 2743 mortis
3208 2688 3513 2744 utilitatem.

1917 2779 2164 2834 Christus
2177 2780 2319 2834 enim
2340 2780 2496 2834 nobis
2516 2781 2698 2836 vivere
2721 2791 2825 2845 est,
2846 2781 2929 2835 cui
2945 2781 3232 2847 servimus,
3253 2783 3515 2853 cui0por-

1922 2883 1996 2928 tet
2028 2882 2087 2927 ut
2128 2887 2155 2927 a
2188 2875 2393 2927 sanctis
2424 2875 2536 2928 suis
2565 2875 2616 2928 in
2649 2873 2927 2941 Evangelii
2954 2874 3338 2943 praedicatione
3368 2878 3516 2932 dcte-

1921 2979 2072 3020 ratur
2104 2965 2443 3034 obsequium.
2483 2967 2722 3036 Denique
2753 2979 2803 3020 et
2827 2966 3048 3021 Simeon
3081 2968 3169 3038 qui
3203 2969 3276 3022 ait
3307 2986 3320 3022 :
3354 2967 3515 3023 Nunc

1920 3061 2134 3114 dimittis
2163 3078 2360 3115 servum
2392 3073 2534 3115 luunt
2562 3061 2713 3134 (Luc.
2742 3079 2799 3126 ll,
2830 3060 2947 3131 99),
2988 3072 3210 3132 prOpter
3233 3061 3512 3118 Christum

1921 3153 2297 3222 exspectabat.
2322 3152 2571 3207 Christus
2609 3155 2752 3208 enim
2795 3171 2891 3210 rex
2937 3165 3124 3210 noster
3163 3166 3279 3220 est;
3308 3165 3362 3209 et
3393 3153 3515 3209 ideo

215 3245 474 3300 aviditate
503 3247 817 3316 quaesierit;
871 3257 926 3300 ut
957 3247 1209 3302 miserius
1237 3263 1327 3302 eas
1359 3249 1666 3319 possideat,
1726 3251 1810 3304 cui
1839 3247 1884 3310 C
1918 3249 2060 3317 quod
2088 3264 2180 3303 rex
2206 3247 2647 3318 jubet,deserere
2679 3267 2784 3304 non
2803 3265 3088 3320 possumus
3116 3258 3502 3304 etcontcmnc-

217 3336 479 3406 prodesse
509 3356 614 3392 non
636 3347 912 3408 poterunt.
942 3338 1080 3410 Quid
1105 3339 1249 3394 enim
1282 3341 1535 3394 miserius
1564 3355 1725 3408 quam
1751 3351 1812 3397 ut

215 3431 458 3486 custodia
483 3440 763 3500 torqueat,
806 3429 1032 3501 quarum
1060 3433 1391 3486 abundantia
1423 3432 1556 3487 nihil
1589 3436 1761 3502 prosit
1792 3432 1815 3488 i

287 3525 339 3580 5.
383 3526 567 3596 itaque
598 3527 642 3581 si
669 3527 823 3597 plena
851 3528 1036 3582 oneris
1067 3527 1201 3591 vita,
1239 3533 1424 3598 utique
1455 3527 1578 3584 linis
1604 3529 1720 3598 ejus
1743 3527 1818 3584 ai-

217 3619 523 3674 let-an‘iento
571 3631 654 3674 est
695 3637 707 3672 :
757 3607 1175 3676 alleraiueutum
1230 3630 1410 3674 autem
1457 3632 1536 3675 est
1590 3621 1814 3689 bonum,

219 3729 364 3767 inors
408 3723 587 3768 autem
630 3713 801 3770 linis:
847 3731 991 3768 mors
1031 3714 1196 3786 igitur
1245 3719 1442 3769 bonum
1482 3725 1582 3770 est.
1625 3714 1810 3785 Neque

217 3807 365 3861 enim
390 3807 546 3861 aliter
588 3809 805 3877 gavisus
832 3821 915 3864 εει
942 3808 1162 3863 Simeon
1187 3852 1200 3876 ,
1235 3808 1326 3880 qui
1367 3825 1687 3880 responsum
1720 3826 1811 3864 ac-

219 3912 438 3968 ceperat
470 3919 575 3956 non
608 3903 847 3956 visurum
881 3918 938 3958 se
971 3913 1200 3958 mortem
1229 3946 1243 3968 ,
1297 3905 1397 3958 nisi
1432 3905 1579 3974 prius
1608 3904 1820 3960 videret

223 3996 497 4050 Christum
532 3996 745 4050 Domini
775 4013 790 4062 ;
823 4007 876 4052 et
904 4013 1024 4051 cum
1050 4011 1170 4052 eum
1199 4007 1450 4068 parentes
1481 3999 1530 4052 iu
1557 4000 1816 4066 templum

221 4091 566 4151 inducerent,
609 4090 846 4160 suscepit
877 4092 1123 4145 manibus
1148 4092 1283 4155 suis,
1316 4100 1370 4146 et
1395 4092 1531 4147 dixit
1559 4109 1571 4144 :
1603 4090 1631 4130 ι)
1667 4091 1820 4146 Nunc

222 4183 440 4236 dimittis
468 4199 672 4237 servum
711 4195 856 4238 tuum
885 4185 936 4238 in
979 4201 1102 4253 pace
1131 4183 1285 4256 (Luc.
1315 4201 1374 4250 it,
1398 4181 1517 4257 29);
1550 4185 1700 4256 quasi
1727 4202 1822 4240 ne-

220 4275 472 4330 cessitate
501 4277 734 4346 quadam
783 4286 1060 4332 teneretur
1107 4280 1157 4332 in
1193 4278 1290 4331 hac
1314 4281 1442 4346 vita,
1492 4293 1597 4332 non
1631 4277 1821 4332 volun-

224 4379 351 4426 tate.
380 4370 456 4424 lta
489 4371 685 4426 dimitti
721 4374 874 4441 petit,
909 4372 1062 4441 quasi
1088 4388 1118 4426 a
1147 4372 1377 4428 vinculis
1404 4372 1722 4441 quibusdam
1753 4372 1820 4428 ad

223 4461 528 4518 libertatem
561 4462 865 4519 festinaret.
893 4463 1034 4518 Sunt
1067 4465 1210 4519 enim
1243 4465 1388 4520 velut
1419 4464 1631 4520 vincula
1663 4482 1816 4536 quze-
1843 4517 1846 4520 .

225 4554 343 4609 dam
380 4566 401 4592 ο
430 4557 676 4627 coiporis
708 4556 899 4628 hujus,
948 4566 1001 4612 et
1028 4557 1167 4627 quod
1201 4569 1282 4614 est
1313 4559 1562 4629 gravius,
1602 4557 1818 4614 vincula

226 4651 582 4705 tentationum
611 4693 624 4714 ,
678 4668 797 4722 qua!
825 4667 924 4707 nos
951 4653 1204 4724 alligant,
1236 4665 1290 4709 et
1314 4655 1378 4708 ad
1415 4655 1666 4723 injuriatn
1694 4671 1822 4725 cnp—
1849 4647 1904 4710 D

229 4744 453 4799 tivitatis
486 4749 793 4817 astringunt
818 4748 1049 4817 quadam
1091 4750 1208 4818 lege
1230 4750 1458 4820 peccati.
1491 4750 1733 4820 Denique
1760 4751 1813 4807 in

227 4838 369 4893 exitu
397 4839 510 4910 ipso
542 4841 784 4894 videmus
806 4840 1263 4910 quemadmodum
1293 4845 1469 4896 anima
1502 4843 1817 4899 decedentis

226 4933 480 5000 paulatim
505 4935 676 4988 solvat
698 4949 755 4989 se
780 4934 1006 4990 vinculis
1029 4937 1232 5001 carnis,
1262 4949 1316 4990 et
1339 4951 1434 4990 ore
1464 4938 1660 4990 emissa
1691 4951 1820 4992 evo-

230 5022 299 5078 let
331 5034 600 5097 tamquam
634 5042 892 5083 carcereo
922 5029 1170 5098 corporis
1203 5027 1364 5098 hujus
1390 5040 1554 5084 exuta
1585 5044 1818 5101 gurgus-

296 5243 321 5269 δι
347 5233 582 5306 Remig.,
616 5234 749 5301 Quia
768 5251 889 5306 ergo
915 5233 1177 5290 custodire
1198 5252 1299 5289 non
1321 5234 1554 5306 prodest,
1579 5250 1707 5302 quas
1727 5233 1827 5287 mi-

228 5321 340 5358 sera
377 5305 621 5357 ariditate
657 5309 954 5374 qua’sierit,
1001 5323 1203 5362 necesse
1249 5305 1327 5362 est
1368 5318 1420 5359 ut
1464 5306 1700 5361 miserius
1742 5322 1827 5360 eas

231 5375 626 5448 possdeatkcui
650 5379 891 5448 prodesse
915 5393 1014 5430 non
1037 5389 1332 5445 potuerunt.
1367 5378 1505 5444 Quid
1526 5382 1684 5443 enim,
1715 5387 1821 5432 etc.

229 5446 301 5500 ita
325 5448 487 5500 cti.nn
517 5446 752 5511 Τὴν-ὀύ..
785 5448 878 5502 Sed
907 5463 1000 5514 per
1031 5452 1449 5505 correctimiem.

297 5517 323 5557 Ῐ)
359 5517 515 5572 Rom.
554 5520 683 5572 edit.
723 5520 808 5572 hic
838 5527 892 5572 et
919 5519 1090 5584 inira,
1135 5519 1311 5586 Nunc,
1343 5519 1587 5588 Domine,
1628 5520 1828 5575 dimitte

228 5606 447 5654 servum,
487 5599 592 5645 etc.
635 5590 790 5658 Quod
827 5591 1046 5659 quidem
1086 5607 1209 5644 enm
1242 5608 1404 5646 sensu
1431 5607 1492 5644 ac
1530 5593 1820 5647 verborqu

229 5665 366 5717 serie
397 5664 529 5715 satis
558 5663 797 5715 eoineret
831 5680 842 5712 :
878 5670 1115 5714 attamen
1148 5680 1336 5717 omnes
1363 5673 1416 5718 et
1444 5679 1574 5716 mss.
1608 5675 1661 5718 et
1687 5662 1819 5717 edit.

229 5745 336 5787 vet.
369 5753 395 5783 a
434 5735 796 5806 \‘ulgata_nou
835 5730 1194 5798 dissentiunt,
1244 5736 1346 5790 nisi
1371 5735 1510 5806 quod
1544 5725 1627 5789 illi
1654 5736 1822 5788 Omit-

231 5814 346 5859 ttint
377 5820 562 5860 vocem
585 5846 598 5869 ,
634 5802 873 5860 Domine.

303 5891 322 5915 ε
368 5876 574 5950 Eadem
612 5876 774 5935 Rom.
816 5875 947 5934 edit.
993 5877 1225 5946 corporis
1265 5876 1418 5950 hujus
1463 5878 1819 5950 cogitationes.

1923 3356 2000 3395 re.
2030 3341 2269 3408 Quantos
2289 3341 2583 3410 imperator
2607 3353 2762 3396 terra:
2783 3341 2941 3414 hujus
2965 3344 3016 3398 in
3040 3343 3343 3412 peregrinis
3371 3341 3504 3395 locis

1921 3446 2012 3488 aut
2046 3440 2267 3490 honoris
2296 3438 2499 3503 specie,
2531 3447 2621 3490 aut
2661 3440 2900 3492 muneris
2922 3436 3146 3507 alicujus
3164 3450 3323 3491 causa
3351 3435 3508 3505 jubet

1920 3529 2118 3599 degere
2141 3528 2436 3598 lNutnquid
2464 3531 2516 3584 hi
2550 3529 3035 3603 inconsulto392
3065 3529 3514 3600 itnperatorcdis-

1920 3626 2158 3681 cedunt?
2189 3627 2471 3692 iitquanto
2493 3627 2724 3695 amplius
2752 3636 2836 3680 est
2857 3625 3096 3679 "divinis
3123 3640 3335 3694 parcre,
3359 3638 3519 3692 quam

1923 3719 2205 3773 humanis!
2235 3717 2426 3773 Vivere
2458 3735 2586 3787 ergo
2605 3729 2792 3773 saneto
2809 3719 3058 3773 Christus
3091 3729 3172 3772 est
3204 3728 3254 3771 et
3275 3721 3410 3770 mori
3439 3716 3522 3770 iu-

1922 3826 2097 3866 crum.
2132 3809 2286 3866 Unde
2309 3811 2601 3882 Apostolus
2632 3813 3032 3882 qnasiscrvus;
3064 3826 3167 3863 non
3197 3810 3340 3864 enim
3376 3808 3522 3862 relu-

1921 3906 1997 3976 git
2027 3909 2147 3959 vita:
2169 3905 2486 3976 obsequium
2515 3947 2529 3968 ,
2567 3917 2616 3959 et
2651 3907 2802 3976 quasi
2845 3907 3060 3974 sapiens
3089 3905 3296 3958 lucrum
3325 3904 3518 3956 mortis
3601 3885 3613 3890 Ν

1921 3998 2286 4067 amplectitur.
2341 3999 2567 4052 Lucrum
2607 4007 2690 4053 est
2722 3997 2865 4052 enim
2905 3998 3142 4050 evasisse
3187 3997 3520 4050 incrementa

1925 4093 2150 4162 peccati,
2179 4091 2387 4145 lucrum
2409 4091 2606 4160 fugisse
2630 4091 2920 4157 deteriora,
2947 4100 3000 4145 et
3019 4091 3082 4143 ad
3104 4087 3327 4143 meliora
3350 4099 3528 4143 trans-

1927 4186 2052 4238 isse.
2090 4184 2153 4238 El
2205 4183 2412 4238 addidit
2445 4203 2456 4237 ε
2492 4183 2713 4238 Dissolvi
2743 4185 2908 4246 enim,
2960 4193 3002 4237 et
3034 4199 3148 4237 cum
3181 4183 3385 4236 Christo
3414 4198 3523 4236 esse

1925 4278 2088 4332 multo
2118 4279 2300 4332 melius
2333 4293 2350 4332 :
2382 4293 2677 4348 permanere
2703 4287 2873 4331 autem
2903 4278 2953 4330 in
2982 4293 3132 4330 carne
3161 4277 3326 4347 magis
3350 4292 3526 4330 neres-

1925 4374 2118 4428 sarium
2152 4381 2361 4447 propter
2390 4389 2474 4428 vos
2497 4372 2722 4444 (Philip.
2755 4387 2793 4434 ι,
2825 4371 2925 4434 23.
2957 4369 3070 4439 24).
3112 4367 3269 4426 Aliud
3303 4370 3524 4436 melius,

1924 4467 2071 4522 aliud
2129 4465 2523 4522 necessarium.
2581 4465 2958 4521 Necessarium
3018 4476 3242 4535 pr0ptcr
3289 4463 3526 4519 lrneiuin

1925 4561 2145 4635 operis,
2197 4558 2389 4616 melius
2423 4570 2643 4633 propter
2673 4561 2900 4630 gratiam
2945 4568 2998 4613 ct
3022 4559 3267 4630 copulam
3299 4556 3525 4612 Christi.

2538 4696 2767 4758 CAPUT
2821 4697 2909 4754 lli.

1923 4839 2071 4894 Mors
2097 4837 2355 4893 naturalis
2393 4837 2639 4908 definitur
2665 4853 2724 4890 ac
2755 4834 3019 4890 laudatur.
3074 4833 3207 4888 Item
3251 4831 3534 4899 morti/ica-

1998 4933 2085 4996 tio,
2135 4947 2252 5003 qua:
2290 4931 2471 4984 mortis
2507 4930 2746 5001 quwdant
2785 4930 3007 4984 imitatio
3039 4940 3151 4995 est,
3199 4927 3529 4995 explicatur,

1996 5036 2152 5098 atque
2191 5041 2222 5078 a
2259 5024 2537 5095 multiplici
2572 5026 2794 5079 utilitate
2839 5023 3077 5080 similiter
3119 5022 3527 5077 commendatur.

1935 5235 2093 5302 Atqui
2127 5250 2254 5299 vox,
2287 5233 2644 5306 cegitationes,
2675 5246 2848 5301 neque
2877 5229 2931 5284 in
2963 5229 3085 5306 aliis
3116 5229 3246 5284 edit.
3281 5239 3371 5306 aut
3402 5229 3528 5306 ullis

1932 5306 2154 5360 omnino
2207 5302 2690 5370 tnssfinveuitur,
2745 5318 2925 5372 neque
2977 5302 3191 5357 videtur
3235 5302 3527 5358 admodum

1931 5381 2112 5432 sensui
2155 5378 2480 5434 nect'ssaria.

2000 5448 2026 5486 ι¹
2070 5451 2194 5504 Mss.
2222 5451 2446 5518 aliquot,
2471 5447 2659 5500 divinis
2682 5445 2904 5516 placere,
2930 5461 3080 5516 quant
3098 5445 3150 5518 in
3167 5443 3315 5498 terris
3337 5444 3524 5500 vivere.

1932 5519 2072 5591 Ergo
2101 5532 2281 5575 saneto
2309 5523 2544 5575 (.hristus
2574 5530 2856 5591 est‘vtt'cre,
2887 5526 2993 5568 etc.
3023 5517 3126 5569 Alii
3159 5533 3288 5570 mss.
3315 5519 3523 5591 L‘LCtiil.

1928 5583 2036 5647 vet'.
2072 5605 2131 5648 ut
2161 5596 2210 5647 itt
2252 5605 2438 5651 teXIu;
2473 5591 2560 5642 tibi
2608 5589 2737 5641 edit.
2773 5586 2930 5655 Rom.
2969 5602 3086 5655 pro,
3121 5600 3297 5642 sancta
3341 5583 3518 5642 Chris~

1930 5677 2012 5718 tus
2041 5677 2127 5718 est.
2168 5663 2467 5724 substituit,
2514 5675 2659 5711 servo
2691 5655 2788 5708 Dei
2822 5653 3057 5710 Christus
3087 5672 3178 5712 est.
3211 5659 3409 5713 lterum
3433 5676 3526 5714 ro-

1930 5752 2058 5799 ces,
2108 5735 2257 5791 Unde
2306 5731 2616 5805 Apostolus,
2664 5731 2714 5780 in
2753 5730 2965 5805 Cunctis
2991 5731 3121 5805 edit.
3161 5747 3221 5785 ac
3252 5749 3382 5784 mss.
3416 5748 3524 5805 non

1934 5811 2117 5880 patlt'ls
2143 5799 2366 5872 desunt;
2403 5815 2535 5876 quas
2565 5815 2697 5854 mss.
2721 5799 2968 5855 nonnulli
3009 5801 3162 5860 bona:
3187 5816 3327 5862 noue
3358 5803 3519 5859 resti-

1935 5889 2110 5936 tuuut.
