4082 6370
675 282 783 340 545

1999 287 2245 346 SANCTI
2281 290 2606 350 AMBROSII
3849 309 3908 367 iii

745 406 831 462 Ad
860 413 1141 461 extremum
1170 403 1484 480 proponitur
1513 406 1677 463 brevis
1710 415 1865 478 atque
1910 407 2115 481 elegans
2158 407 2274 464 vita:
2299 426 2350 483 Α
2379 417 2521 465 tatur
2549 425 2646 464 nos
2675 409 2738 485 (11
2768 412 2887 480 Cor.
2917 430 2971 470 tv
2990 454 3004 481 ,
3040 415 3160 489 10),
3220 427 3286 471 ιιι
3340 426 3583 472 mortem
3620 417 3736 474 Jesu
3771 421 3812 476 in
3838 439 3912 480 eot-

749 501 1051 574 descriptio.

747 594 802 649 8.
836 595 975 661 Ergo
1003 595 1256 654 quoniam
1287 595 1472 652 docuit
1501 596 1977 671 Apostolus(PIiil.
2001 615 2038 666 ι,
2063 598 2154 667 23,
2175 599 2269 674 21)

679 703 800 743 eum
828 691 918 757 qui
939 690 1166 745 evaserit
1202 704 1266 744 ex
1292 688 1394 745 hoc
1417 706 1668 760 corpore,
1698 695 1741 747 si
1769 693 2026 749 meruerit
2062 703 2266 760 tamen,

676 797 795 837 cum
829 784 1049 838 (Zbri~to
1081 784 1342 850 futurum,
1367 787 1584 856 quidsit
1612 804 1779 852 mors,
1813 787 1940 859 quid
1965 787 2129 842 etiam
2162 786 2268 842 vita

675 874 1101 931 consideremus.
1135 876 1319 947 Itaque
1342 879 1620 949 Scriptura
1643 880 1900 942 docente,
1916 895 2114 949 cognot
2130 881 2268 936 iums

672 970 795 1039 quia
829 985 972 1023 mors
1001 969 1272 1024 absolutio
1297 983 1378 1026 eSt
1402 975 1598 1027 animae
1625 987 1680 1030 et
1704 977 1983 1044 corporis.
2034 985 2090 1031 et
2114 993 2265 1048 quaa-

671 1061 792 1117 dam
829 1064 1064 1119 hominis
1115 1067 1408 1122 seuaratio.
1464 1066 1740 1124 SUIVilllur
1786 1070 1931 1125 enim
1978 1071 2080 1127 hoc
2126 1089 2266 1128 nexu

669 1154 865 1212 animm
897 1167 947 1212 et
976 1161 1258 1227 corporis,
1314 1174 1435 1214 cum
1464 1162 1793 1216 recedimus.
1835 1161 1988 1218 Unde
2013 1176 2063 1219 et
2103 1165 2264 1220 I'arid

668 1249 737 1304 ait
773 1265 788 1303 :
823 1247 1086 1316 Dirupisti
1121 1251 1341 1305 [vincula
1391 1269 1506 1306 mea
1531 1297 1545 1320 ,
1583 1256 1675 1311 tibi
1718 1257 2023 1327 sacriﬁcabo
2049 1257 2267 1312 hostiam

668 1339 841 1395 laudis
872 1341 1046 1412 (Ρωι.
1091 1357 1195 1398 cxv
1223 1384 1238 1406 ,
1274 1343 1386 1416 17),
1425 1343 1647 1400 Vincula
1687 1357 1866 1402 autem
1912 1352 2036 1404 vita:
2080 1351 2261 1420 hujus,

666 1431 720 1488 id
751 1444 834 1488 c~t
860 1475 875 1499 ,
919 1435 1323 1503 cmrjttnt'tiouis
1365 1448 1566 1492 nostra:
1599 1455 1718 1506 quae
1744 1455 1812 1496 ex
1843 1444 2020 1497 anima
2051 1452 2263 1498 Constat

665 1535 722 1580 et
746 1540 1000 1592 Corpore,
1024 1527 1317 1594 signiﬁCari
1346 1528 1507 1584 docet
1533 1534 1780 1598 superior
1808 1535 2099 1588 versiculus
2124 1537 2265 1604 psal-

666 1618 740 1673 mi
773 1618 930 1688 hujus
965 1637 978 1673 :
1016 1619 1254 1675 Pretiosa
1283 1623 1334 1677 in
1379 1634 1653 1695 conspectu
1693 1622 1908 1679 Domini
1939 1644 2076 1680 mors
2115 1645 2265 1682 sanc-

668 1720 835 1766 torum
866 1712 1192 1786 ejus(lbid.,
1233 1715 1340 1788 15).
1385 1719 1446 1771 Et
1488 1718 1608 1773 ideo
1634 1721 1787 1790 quasi
1833 1719 2094 1791 propheta
2123 1739 2264 1795 pra:-

2376 518 2509 574 ροτε
2540 514 2728 560 nostro
2754 505 3229 566 circumferamns.
3260 511 3373 578 Qui
3407 511 3558 565 enim
3586 510 3803 569 habuerit
3824 517 3860 571 in
3879 535 3911 573 se

2375 607 2607 652 mortem
2638 597 2805 660 Jesii.
2847 602 2890 655 is
2930 612 2984 656 et
3032 604 3192 656 vitam
3225 603 3464 657 Domini
3492 601 3624 658 Jesu
3668 606 3715 658 in
3756 621 3911 670 carpare

2371 706 2470 747 Suo
2499 694 2736 749 habt-bit.
2767 696 3035 763 Operetur
3068 697 3232 767 igitur
3267 712 3430 752 mors
3463 698 3517 750 itt
3548 697 3695 752 nobis
3717 740 3731 762 ,
3760 710 3803 752 ut
3832 718 3912 768 ope.

2373 797 2520 839 retur
2551 796 2604 841 et
2634 788 2737 841 vita
2772 787 2925 855 (Vid.
2951 788 3012 842 S.
3039 790 3170 860 Aug.
3205 790 3304 843 lib.
3347 805 3405 843 tv
3453 798 3634 842 contia
3674 794 3786 843 duas
3816 795 3910 862 cpiti.

2373 880 2556 952 Pelag.
2577 925 2590 942 .
2617 898 2665 937 c.
2699 883 2810 953 11).
2842 883 2985 938 Bina
3013 883 3116 938 vita
3152 898 3270 954 post
3312 894 3583 939 mortem.
3608 882 3700 938 hoc
3724 896 3807 946 est,
3829 889 3911 942 bona

2372 986 2478 1028 vna
2514 992 2544 1045 p
2570 985 2634 1029 ast
2666 976 2945 1032 victoriam
2973 1019 2989 1042 ,
3033 977 3168 1031 bona
3212 980 3331 1032 vita
3369 978 3634 1032 abSoIniu
3661 981 3908 1043 certamine;
3959 1012 3961 1023 ι

2372 1078 2428 1124 ut
2451 1070 2562 1140 jaut
2604 1071 2686 1126 lex
2720 1075 2898 1124 carnis
2932 1072 3033 1140 legi
3069 1073 3271 1126 mentis
3305 1087 3629 1142 repugnare
3673 1087 3766 1124 nou
3805 1088 3908 1128 nore-

2370 1165 2474 1228 rit;
2505 1175 2560 1219 ut
2601 1167 2710 1234 jam
2743 1167 2896 1219 nobis
2927 1167 3068 1220 nulla
3101 1168 3172 1222 sit
3208 1182 3345 1222 cum
3380 1183 3524 1238 Corp
3549 1181 3624 1221 ure
3652 1167 3812 1221 mortis
3831 1182 3907 1220 catt-
3957 1142 3959 1238 :

2370 1257 2560 1321 tcutio,
2591 1258 2684 1311 sed
2713 1260 2782 1311 sit
2810 1262 2858 1312 in
2887 1275 3118 1328 corpore
3149 1261 3353 1313 mortis
3381 1260 3634 1313 victoria.
3662 1263 3807 1327 Atque
3825 1262 3905 1315 had

2367 1354 2480 1405 scio
2504 1353 2619 1418 ipse
2649 1367 2716 1405 an
2745 1352 2965 1423 majoris
2996 1353 3212 1408 virtutis
3242 1369 3402 1408 mors
3440 1356 3544 1407 ista
3575 1369 3726 1423 quam
3754 1355 3831 1408 vita
3852 1357 3903 1407 sit.

2367 1441 2526 1497 Certe
2559 1443 2802 1513 Apmtuli
2853 1460 3077 1500 moveor
3120 1447 3471 1501 auctoritate
3527 1445 3749 1500 du-eotis
3786 1447 3903 1516 :hga

2368 1552 2503 1590 mors
2559 1537 2611 1589 in
2641 1539 2783 1591 nobis
2812 1551 3084 1609 operatur,
3112 1540 3216 1593 vita
3258 1550 3445 1592 autem
3492 1541 3548 1592 in
3588 1538 3717 1592 vobis
3752 1538 3802 1606 (ll
3833 1536 3901 1591 Ca.

2367 1644 2452 1692 tv,
2491 1629 2608 1698 12).
2645 1629 2815 1685 Unius
2863 1648 3012 1686 mors
3051 1643 3392 1708 qttant'orum
3453 1634 3760 1701 populorum
3802 1636 3897 1684 vitata

2367 1721 2705 1776 ardilicabat!
2753 1721 2938 1794 Itaque
2975 1723 3138 1779 docet
3179 1735 3234 1779 et
3285 1726 3460 1778 istam
3513 1734 3736 1779 mortem
3775 1727 3814 1776 in
3845 1724 3899 1776 hic

666 1804 856 1860 videns
880 1820 938 1860 Se
967 1822 1086 1862 cum
1128 1814 1360 1875 sanctis,
1411 1822 1461 1866 et
1490 1815 1579 1882 qui
1613 1829 1707 1882 pro
1735 1815 2027 1872 deviitioue
2054 1818 2263 1874 animas
2294 1830 2341 1889 Β
2367 1814 2472 1866 vita
2509 1812 2693 1881 positis
2721 1816 3109 1884 expetendam,
3143 1824 3200 1870 ut
3230 1833 3394 1870 mors
3433 1813 3642 1869 Christi
3673 1816 3719 1869 in
3747 1830 3894 1882 carpat

670 1913 800 1953 suas
847 1900 899 1954 in
948 1901 1170 1956 ϐίη-ἰςιυ
1213 1904 1621 1974 deposuerunt,
1682 1908 1956 1972 futurum.
2012 1912 2258 1980 la-tatur;

668 1991 790 2061 quia
817 2006 864 2044 et
895 1991 1012 2063 ipse
1035 1995 1226 2050 obtulit
1262 2012 1318 2051 se
1347 1999 1576 2055 ﬁdeliter
1609 2018 1702 2069 pro
1731 2001 1824 2056 Dei
1857 2005 2052 2073 populo
2073 2005 2262 2061 adver-

665 2100 759 2141 sus
798 2083 1028 2152 Gotiam,
1072 2103 1193 2142 cum
1235 2093 1492 2162 singulari
1531 2097 1832 2151 certamine
1869 2097 2175 2164 dimicaret,
2209 2109 2266 2154 et

663 2180 816 2236 solus
838 2197 1126 2239 commune
1165 2187 1464 2256 periculum
1489 2199 1542 2242 et
1562 2189 1806 2246 llcuimen
1826 2190 2136 2260 refelleret;
2177 2195 2263 2250 vel

662 2287 783 2328 cum
816 2289 874 2330 se
893 2278 1048 2332 morti
1078 2292 1177 2349 pro
1197 2279 1410 2334 Domini
1435 2283 1697 2349 placanda
1724 2282 2024 2340 offensione
2045 2303 2264 2356 promp-

661 2377 746 2423 tus
765 2371 1054 2441 olijiCeret;
1081 2375 1163 2427 vel
1193 2385 1315 2427 cum
1346 2389 1406 2428 se
1430 2390 1526 2443 pro
1551 2375 1727 2432 salute
1760 2380 1939 2448 populi
1970 2380 2262 2436 laborantis

661 2464 857 2521 divitne
890 2467 1078 2521 ultioni
1113 2476 1338 2536 paratus
1366 2468 1620 2530 .oil'erret.
1651 2470 1871 2527 Sciebat
1897 2474 2041 2528 enim
2065 2476 2263 2544 glorio-

661 2561 776 2614 sius
791 2575 914 2615 es~e
943 2575 1040 2630 pro
1067 2560 1282 2614 Chrism
1307 2563 1466 2627 mori,
1498 2579 1658 2633 quam
1687 2580 1917 2634 regnare
1947 2567 1999 2621 iu
2030 2567 2132 2623 hoc
2161 2583 2264 2623 sa:—

663 2655 809 2710 culo.
839 2655 980 2724 Quid
1013 2657 1156 2711 enim
1188 2658 1531 2725 praestantius
1560 2676 1720 2726 quam
1761 2660 1876 2716 ﬁeri
1907 2660 2104 2718 Christi
2131 2665 2261 2720 hos-

669 2747 839 2803 tiam?
869 2747 1056 2819 Itaque
1088 2764 1210 2804 cum
1240 2748 1555 2822 fieqneuter
1581 2755 1647 2809 ab
1669 2769 1735 2809 eo
1760 2755 2004 2826 legamus
2036 2758 2261 2815 Domino

663 2839 843 2894 oblata
876 2856 999 2895 esse
1027 2843 1292 2897 sacriﬁcia
1318 2883 1334 2910 ,
1371 2843 1470 2896 hm-
1501 2855 1677 2900 tameu
1715 2848 2060 2904 loiroaddiilit
2095 2870 2107 2904 :
2144 2851 2262 2907 Tibi

662 2931 965 3000 sacriﬁcabo
993 2933 1211 2988 hostiam
1255 2933 1427 2991 laudis
1460 2935 1605 3008 (Ibid
1635 2980 1650 3006 ,
1682 2938 1793 3012 17).
1835 2940 1950 2996 Non
1989 2945 2258 3012 sacriﬁco,

663 3023 868 3096 inquit,
915 3027 1010 3082 sed
1050 3029 1390 3098 sacriﬁcabo,
1434 3033 1743 3103 signiﬁcans
1784 3034 1914 3090 illud
1962 3037 2258 3106 perfecutm

665 3131 791 3173 esse
820 3119 1187 3187 sacriﬁcium,
1218 3122 1433 3191 quando
1463 3126 1830 3196 unusquisque
1854 3127 2107 3193 Domino,
2140 3145 2264 3184 cor-

2369 1918 2554 1959 ttostro
2598 1907 2850 1973 eluceat,
2899 1914 2954 1961 et
3004 1907 3147 1962 illam
3198 1908 3425 1962 beatam
3471 1924 3578 1978 qua
3626 1909 3894 1975 covruuipiu:

2366 2001 2634 2060 exterior,
2679 2009 2734 2052 ut
2788 2010 3082 2054 reumetur
3122 2002 3398 2062 int-rior,
3452 2000 3620 2054 homo
3663 2012 3839 2060 ltttsit‘l’,
3866 2008 3891 2050 et

2369 2093 2643 2147 terrestris
2683 2093 2873 2146 domus
2906 2104 3087 2147 nostra
3118 2095 3472 2148 dissolvatur
3515 2104 3572 2148 nt
3628 2093 3890 2146 habitantium

2369 2185 2525 2239 nobis
2552 2186 2775 2241 cmleste
2807 2200 3103 2242 reserrlur.
3143 2188 3403 2242 Imitatur
3436 2187 3606 2257 igitur
3642 2197 3826 2241 mortem
3845 2184 3890 2251 qui

2365 2292 2424 2330 se
2464 2292 2492 2330 a
2533 2279 2915 2334 communione
2953 2281 3132 2334 carnis
3161 2280 3330 2350 hujus
3374 2282 3607 2335 abducit
3631 2322 3647 2345 ,
3671 2292 3803 2348 atque
3832 2279 3886 2329 iliis

2365 2371 2598 2425 vinculis
2626 2372 2807 2436 solvit,
2831 2372 2899 2428 de
2925 2373 3118 2443 quibus
3143 2374 3236 2429 tibi
3265 2375 3410 2428 dicit
3440 2373 3703 2429 Dominus
3729 2386 3802 2440 per
3818 2369 3889 2421 Esi-

2367 2465 2473 2520 iatn
2509 2485 2520 2518 :
2553 2465 2708 2520 Solve
2750 2483 2952 2521 omnem
2983 2468 3374 2539 colligationem
3407 2469 3714 2539 injustitiic,
3751 2466 3884 2518 dimi?!

2365 2557 2698 2628 obligatione:
2728 2559 3069 2614 violentarum
3096 2562 3600 2625 commutationum,
3627 2558 3794 2611 dimitte
3816 2571 3884 2606 tm-

2365 2655 2555 2722 fractos
2591 2653 2644 2705 in
2671 2653 3021 2707 remissionem
3051 2696 3067 2720 ,
3098 2664 3144 2706 et
3177 2671 3392 2708 omnem
3440 2650 3878 2721 circumscriptum

2365 2744 2595 2811 iniquam
2625 2745 2860 2814 dirumpe
2882 2743 3052 2819 (Emi.
3082 2761 3215 2801 LVIII
3239 2791 3248 2808 .
3274 2747 3363 2818 6).

2445 2836 2529 2890 10.
2572 2835 2816 2891 Imitatur
2858 2846 2912 2892 et
2946 2839 3033 2893 ille
3080 2852 3314 2893 mortem
3363 2839 3461 2910 qui
3515 2853 3577 2895 se
3619 2829 3877 2904 voluptatibus

2366 2929 2554 2995 exuit,
2595 2940 2616 2967 ο
2663 2941 2717 2985 et
2761 2932 2982 2986 teteruis
3025 2931 3497 2987 delectationibus
3543 2929 3754 2992 attollit,
3788 2935 3878 2987 aut“

2365 3024 2614 3089 ablevat,
2643 3038 2695 3079 et
2733 3026 2785 3080 iu
2830 3026 2923 3079 illo
2953 3027 3164 3082 cmlesﬁ
3197 3027 3526 3081 habitacula
3566 3025 3722 3082 locat.
3758 3021 3795 3072 in
3820 3027 3874 3083 (1⁸³0

2367 3117 2568 3171 Paulus
2613 3132 2734 3173 cum
2782 3118 2959 3174 adlmc
3007 3123 3251 3185 viveret,
3298 3118 3755 3176 conversabatur;
3789 3109 3874 3161 91"“

660 3216 811 3284 poris
847 3215 1004 3284 hujus
1045 3217 1275 3271 vinculis
1311 3217 1591 3272 absolutus
1616 3221 1934 3284 assisteret.
1965 3231 2018 3276 et
2039 3221 2258 3278 oﬁerret

2370 3210 2509 3264 enim
2549 3224 2652 3264 nou
2697 3212 2902 3265 diceret
2931 3229 2944 3264 :
2978 3209 3177 3265 Nostra
3208 3220 3389 3264 autem
3433 3209 3733 3264 conversatio
3762 3218 3798 3252 tu
3821 3211 3869 3249 (ιι-

662 3321 723 3362 se
757 3309 988 3364 hostium
1020 3310 1229 3377 laudis;
1275 3312 1399 3382 quia
1422 3323 1548 3367 ante
1587 3324 1818 3368 mortem
1855 3316 1997 3369 nulla
2023 3325 2109 3371 est
2140 3332 2260 3385 per-

662 3399 803 3455 fecta
835 3401 1074 3454 laudatio
1110 3425 1124 3456 :
1156 3418 1336 3471 neque
1381 3405 1663 3472 quisquam
1707 3410 1758 3460 in
1811 3407 1912 3460 hac
1947 3407 2050 3461 vita
2084 3416 2262 3474 potest

662 3491 888 3548 deﬁnito
925 3495 1198 3562 praeconio
1222 3496 1526 3562 praedicari,
1560 3511 1683 3551 cum
1719 3500 2016 3566 pOsteriora
2039 3500 2158 3570 ejus
2183 3499 2262 3554 iu-

661 3595 810 3640 certa
837 3586 967 3640 sint.
1000 3587 1143 3641 Mors
1185 3588 1346 3658 igitur
1392 3589 1593 3644 Solutio
1633 3599 1718 3644 est
1763 3592 1955 3646 anima:
1983 3602 2040 3647 et
2068 3609 2262 3663 corpo-

663 3677 761 3735 ris.
791 3678 1035 3748 Deuique
1083 3679 1217 3734 etin
1250 3679 1514 3751 Apostolo
1542 3682 1831 3739 docuimus
1862 3686 2059 3741 lectum
2091 3704 2103 3740 :
2138 3685 2261 3740 Dis.

661 3771 814 3836 solvi,
848 3781 896 3825 et
918 3788 1034 3826 cum
1061 3770 1268 3828 Christo
1286 3791 1397 3829 esse
1425 3775 1584 3831 multo
1611 3779 1794 3832 melius
1821 3777 2048 3852 (Philip.
2079 3796 2118 3845 ι,
2141 3778 2257 3851 25).

661 3862 876 3920 Solutio
903 3876 1082 3920 autem
1115 3867 1214 3921 ista
1235 3869 1363 3939 quid
1395 3870 1541 3925 aliud
1570 3882 1748 3925 autem
1773 3874 1906 3942 agit,
1933 3874 2032 3927 nisi
2065 3884 2119 3927 ut
2143 3890 2263 3928 cor-

662 3975 763 4032 pus
792 3961 1094 4017 resolvatur
1126 3973 1180 4016 et
1207 3964 1454 4033 quiescat
1502 3967 1716 4021 :anima
1753 3978 1931 4023 autem
1972 3979 2260 4025 converta-

661 4063 748 4108 tur
790 4055 842 4108 in
871 4057 1114 4126 requiem
1155 4071 1338 4120 suam,
1368 4069 1422 4112 et
1449 4059 1519 4114 sit
1557 4059 1757 4130 libera,
1809 4077 1931 4133 qua:
1971 4063 2015 4118 si
2050 4061 2132 4133 pia
2153 4072 2259 4129 est,

660 4160 783 4200 cum
814 4147 1036 4202 Christo
1067 4147 1241 4202 futura
1273 4150 1388 4204 sit?

731 4237 894 4309 393
918 4239 970 4294 9.
996 4240 1132 4307 Quid
1163 4243 1324 4312 igitur
1365 4243 1416 4296 in
1452 4242 1553 4298 hac
1583 4245 1691 4300 vita
1719 4245 1863 4301 aliud
1888 4247 2019 4316 justi
2051 4258 2258 4320 agunt,

661 4329 764 4384 nisi
814 4341 868 4384 ut
912 4343 1111 4386 exuant
1155 4322 1214 4389 se
1256 4334 1415 4402 lmjus
1455 4334 1482 4373 δ
1522 4339 1768 4407 corporis
1809 4343 2257 4412 contagionibus,

659 4437 782 4492 qua:
825 4423 972 4484 velut
1001 4426 1210 4481 vincula
1252 4442 1352 4482 nos
1380 4428 1587 4496 ligant;
1619 4441 1669 4485 et
1701 4446 1760 4487 se
1787 4432 1856 4485 ab
1888 4433 1969 4488 his
2000 4435 2264 4492 inolestiis

661 4527 917 4583 separare
964 4521 1334 4585 contendant,
1385 4525 1700 4579 renuntient
1740 4525 2104 4592 voluptatibus
2148 4531 2263 4586 suis

661 4618 824 4678 atque
857 4607 1082 4664 luxuria:
1105 4654 1119 4676 ,
1165 4611 1371 4683 fugiant
1411 4613 1654 4672 ﬂatnmas
1701 4617 2029 4674 libidinum?
2068 4619 2260 4678 Nonne
2287 4631 2342 4690 Β
2368 4614 2483 4668 visu
2505 4655 2519 4678 ,
2549 4622 2604 4668 et
2633 4613 2790 4666 aliter
2832 4627 2992 4679 quam
3024 4623 3181 4674 sunt,
3215 4611 3472 4680 pleraque
3502 4605 3735 4662 videmus.

661 4700 827 4771 igitur
858 4705 1228 4775 unusquisque
1257 4707 1309 4762 in
1344 4709 1441 4762 hac
1469 4710 1574 4764 vita
1605 4713 1811 4781 positus
1843 4713 2080 4781 Speciem
2115 4731 2258 4770 utor-

662 4794 728 4851 tis
760 4795 1033 4863 imitatur,
1065 4803 1151 4870 qui
1183 4811 1364 4873 potest
1393 4801 1462 4856 ita
1487 4819 1547 4860 se
1571 4820 1762 4876 agere;
1794 4815 1853 4860 ut
1882 4807 1934 4862 ei
1963 4809 2260 4863 moriantur

657 4904 848 4946 omnes
879 4895 1125 4962 corporis
1150 4897 1556 4964 delectationes,
1587 4909 1643 4955 et
1670 4899 2061 4971 cupiditatibus
2083 4903 2256 4956 omni-

657 4982 788 5046 bus.
819 4987 1112 5058 mundique
1139 4990 1408 5047 illecebris
1435 4995 1594 5047 etiam
1625 4994 1738 5062 ipse
1771 4993 2067 5060 moriatur,
2096 4995 2253 5049 sicuti

658 5088 907 5136 martuus
933 5093 1049 5136 erat
1079 5083 1279 5138 Paulus
1307 5085 1491 5139 dicens
1519 5105 1531 5140 :
1564 5085 1696 5140 Mihi
1727 5087 1952 5140 mimdus
1977 5087 2256 5156 cruciﬁxus

656 5180 731 5227 est
751 5213 766 5240 ,
797 5183 843 5227 et
870 5190 962 5244 ego
992 5176 1185 5229 mundo
1226 5175 1426 5249 (Galat.
1450 5193 1501 5232 Vl
1523 5221 1536 5241 ,
1567 5177 1710 5250 14)?
1743 5179 1985 5247 Denique
2026 5189 2083 5232 ut
2120 5179 2258 5234 scia-

656 5281 778 5322 mus
808 5269 930 5339 quia
963 5277 1048 5325 cst
1089 5285 1235 5326 mors
1264 5270 1318 5325 in
1348 5270 1447 5328 bac
1478 5271 1580 5326 vita
1604 5313 1618 5336 ,
1649 5281 1706 5327 et
1736 5271 1874 5327 bona
1913 5287 2060 5326 mors
2082 5313 2096 5336 ,
2128 5271 2258 5327 bor-

732 5485 759 5514 ³ι
799 5477 1025 5545 Crimen,
1069 5479 1119 5534 id
1147 5483 1260 5546 est,
1289 5480 1758 5545 criminationem,
1788 5479 2041 5536 nimirnnt
2078 5481 2245 5535 male‘

658 5547 800 5602 dicta
832 5565 893 5601 ae
924 5553 1113 5614 probra
1144 5554 1198 5607 in
1227 5569 1444 5608 omnem
1491 5555 1790 5610 exercitum
1828 5551 2192 5608 Israeliticum
2218 5567 2247 5606 a

661 5621 875 5708 gigaq‘te
901 5621 1117 5708 Goliath
1145 5636 1423 5693 t'Ongesta.
1730 5697 1741 5708 _
1773 5697 1785 5708 ν
2069 5695 2080 5708 .
2164 5696 2175 5708 .

733 5689 762 5728 δ
796 5689 950 5745 Rom.
992 5695 1122 5750 edit.
1164 5689 1284 5751 cum
1331 5715 1462 5752 mss.
1506 5714 1603 5752 nec
1636 5697 1818 5751 multis
1847 5710 1945 5751 nec
1974 5695 2210 5764 antiquis
2233 5737 2250 5764 ,

665 5760 824 5838 hujus
852 5763 1085 5836 corporis
1113 5767 1520 5838 contagionibus.
1550 5769 1681 5824 Aliie
1707 5783 1770 5824 ac
1797 5782 1928 5823 mss.
1954 5760 2129 5836 plures
2158 5760 2254 5838 po;

670 5831 969 5903 iiarcsqtte',
1099 5831 1510 5908 cogitaiionibus.
1546 5841 1661 5896 Non
1695 5841 1854 5894 male.
1883 5831 2078 5906 Quidni
2109 5831 2250 5894 enim

2364 3303 2429 3357 lis
2461 3312 2534 3356 est
2565 3301 2830 3375 (Philipp.
2871 3319 2962 3365 ut,
2995 3302 3088 3374 20)
3108 3344 3122 3367 ,
3152 3307 3295 3374 quod
3339 3305 3552 3374 pariter
3579 3301 3639 3354 ad
3678 3305 3871 3367 prrsumi‘

2365 3397 2568 3452 tionem
2599 3397 2776 3450 meriti
2807 3405 2986 3468 potest
3018 3396 3548 3467 meditationemque
3575 3389 3787 3448 conferri.
3810 3382 3868 3436 illiti

2364 3489 2507 3544 enim
2536 3496 2654 3542 erat
2698 3488 2815 3559 ejus
2863 3491 3180 3556 meditatio,
3223 3490 3333 3544 illic
3377 3491 3579 3572 anima:
3606 3487 3710 3555 ejus
3731 3488 3870 3534 conter-

2363 3582 2533 3646 satio,
2580 3582 2689 3636 illic
2719 3583 2837 3652 ejus
2885 3583 3164 3652 prudentia
3189 3626 3203 3651 ,
3238 3599 3362 3653 quin
3408 3585 3596 3652 utique
3636 3579 3747 3630 intra
3770 3582 3867 3663 tinguo

2364 3673 2497 3727 stias
2525 3673 2706 3728 carnis
2735 3673 2896 3745 hujus
2926 3673 3134 3729 haerere
3159 3691 3264 3728 non
3296 3675 3543 3730 solebat.
3573 3668 3768 3739 Sapiens
3787 3671 3868 3713 etum

2364 3779 2486 3820 cum
2519 3765 2648 3820 illud
2687 3766 2928 3822 divinum
2963 3766 3228 3837 inquirit,
3266 3766 3510 3822 absolvit
3554 3760 3865 3818 animarusww

2365 3875 2628 3928 corpore,
2664 3872 2717 3916 et
2748 3861 2865 3931 ejus
2912 3862 3125 3933 ablegat
3166 3863 3622 3919 cnutubernium.
3651 3867 3750 3910 cum
3783 3846 3865 3900 illam

2365 3954 2479 4009 veri
2525 3964 2718 4009 tractat
2761 3956 3088 4021 scientiam,
3135 3973 3293 4025 quam
3325 3959 3480 4011 Velut
3531 3952 3708 4008 nudam
3741 3939 3811 3996 sibi
3838 3943 3864 4035 tl

2365 4057 2606 4117 apertam
2637 4047 2910 4104 desiderat
2939 4047 3332 4114 demonstrari;
3364 4061 3421 4104 ct
3464 4048 3585 4103 ideo
3614 4041 3779 4098 retibus
3797 4046 3864 4099 tl““

2367 4141 2622 4206 busdam,
2649 4151 2704 4196 et
2735 4142 2946 4197 nebulis
2975 4141 3134 4210 hujus
3164 4144 3414 4211 corporis
3444 4157 3504 4196 se
3532 4134 3862 4225 quwmewfre:

2365 4235 2551 4300 Neque
2579 4236 2724 4291 cnim
2755 4236 3004 4290 manibus
3036 4235 3150 4289 istis
3191 4245 3282 4289 aut
3325 4236 3504 4291 oculis
3543 4243 3691 4300 atque
3723 4219 3864 4276 attribui

2365 4327 2833 4399 comprehendere
2881 4329 3026 4382 illam
3072 4344 3362 4398 supernam
3424 4333 3696 4400 possumus
3738 4314 3861 4365 venta-

2369 4434 2476 4480 tem
2501 4440 2516 4489 ;
2547 4425 2800 4494 quoniam
2828 4437 2948 4493 qua:
2976 4421 3224 4476 videntur
3253 4418 3571 4492 temporalia
3618 4420 3727 4506 sunt
3749 4408 3863 4506 tati“?

2367 4530 2544 4575 autem
2573 4535 2679 4574 non
2711 4518 2992 4583 videntur,
3023 4527 3247 4570 aeterna.
3282 4516 3523 4586 Denique
3554 4523 3683 4578 sape
3709 4499 3865 4590 iam"?

2368 4614 2482 4644 υς...
2550 4622 2597 4644 ι..
2635 4613 2790 4644 om...
2833 4627 2992 4644 ........λ.
3024 4623 3142 4644 cunt
3215 4611 3472 4644 ninr-innn
3502 4605 3735 4644 videamus.
3763 4585 3863 4644 Ftill'

3791 4609 3863 4640 JIII’

2365 4722 2484 4761 mur
2507 4675 2675 4760 etiam
2705 4705 2929 4768 auditu;
2975 4715 3027 4759 et
3079 4703 3200 4758 ideo
3243 4704 3662 4773 cootemplcmur
3689 4675 3861 4786 ..οιιιιιι

2360 4816 2481 4872 qua:
2527 4798 2804 4865 videnlur,
2861 4797 2952 4852 sed
3001 4814 3119 4866 quaa
3169 4813 3272 4852 non
3319 4798 3592 4859 videntur,
3620 4791 3659 4845 si
3700 4779 3858 4838 nolimus

2362 4892 2495 4947 falli.
2527 4889 2692 4964 394
2718 4891 2942 4960 Quando
2969 4890 3130 4960 igitur
3156 4893 3334 4945 anima
3369 4900 3551 4946 nostra
3575 4898 3668 4940 nou
3694 4875 3860 4964 fallitur:

2362 4953 2800 5056 (ιιιειιιιιῖιζιῆἱιιιιι
2841 4983 3083 5039 veritatis
3114 4985 3368 5055 attingit,
3418 4985 3517 5038 nisi
3548 4971 3732 5050 quando

2363 5047 2470 5135 isto
2495 5085 2732 5135 secernit
2773 5095 3004 5150 corpore
3029 5121 3042 5142 .
3074 5094 3247 5148 neque
3276 5079 3342 5131 ab
3369 5078 3482 5147 ipso
3513 5067 3739 5138 decipitur
3755 5065 3793 5110 et
3815 5047 3860 5148 ἰι-

2362 5173 2602 5229 luditur?
2632 5173 2877 5226 Illuditur
2906 5171 3051 5226 enim
3084 5171 3200 5225 visu
3244 5171 3516 5224 oculorum
3542 5209 3555 5226 .
3584 5154 3857 5217 illuditurau'

2364 5270 2476 5324 ditu
2507 5267 2752 5335 aurium;
2782 5277 2836 5324 et
2863 5267 2981 5323 ideo
3011 5266 3281 5337 relinquat
3305 5265 3434 5321 illud
3462 5273 3513 5320 et
3539 5259 3736 5316 deserat.
3759 5232 3857 5296 Uade

2354 5478 2708 5548 cogitationes
2740 5475 3014 5560 reruniad
3057 5477 3300 5570 eprporis
3340 5473 3689 5570 necessitatem
3711 5449 3854 5570 xiixii:

2356 5538 2590 5606 tafbmve
2644 5547 3028 5621 pertinentium
3069 5538 3175 5602 dici
3224 5548 3430 5617 pOSsiut
3475 5538 3688 5612 carparis
3711 5538 3793 5590 008‘

2358 5623 2579 5680 tiones?

2434 5706 2454 5779 ξ
2618 5709 2728 5779 IlI-5.5
2779 5703 2903 5779 oc‘t‘o
2948 5689 3192 5746 melioris
3219 5698 3400 5779 notas.

2358 5747 2803 5822 delectationibus.
2833 5765 3054 5822 Cuncta:
3097 5776 3227 5818 vero
3266 5761 3396 5818 edit.
3427 5773 3472 5817 et
3498 5747 3726 5817 aterrenis
3755 5747 3816 5800 τοι

2360 5837 2651 5891 tationibus.

3699 5657 3848 5736 (errat?!
