4082 6370
632 331 738 402 547

1940 335 2188 396 SANCTI
2227 333 2558 396 AMBROSII

3867 337 3964 394 5-ιὲ

637 471 692 516 et
719 461 872 516 bonis
903 458 1160 514 moribus.
1185 456 1300 512 Non
1329 471 1456 527 ergo
1479 455 1772 510 secundum
1798 455 1992 512 animm
2021 467 2076 512 et
2099 471 2222 512 cor-
2247 463 2298 520 Α
2325 453 2596 524 Scriptum
2627 461 2712 510 est
2755 453 2898 510 enim
2929 471 2940 506 :
2981 453 3162 510 Nolite
3209 455 3406 511 timere
3453 468 3548 508 eos
3589 453 3682 520 qui
3727 453 3964 508 arcularii

633 561 780 626 poris
809 554 1053 624 copulam
1085 554 1219 608 bona
1243 561 1324 606 est
1351 569 1365 606 :
1393 549 1488 606 sed
1518 549 1638 620 quia
1667 565 1764 620 per
1791 551 2046 606 virtutem
2079 551 2222 622 quod

631 655 828 704 malum
867 657 948 702 est
987 663 1140 702 suutn
1185 647 1434 716 repellit;
1469 647 1611 718 quod
1659 655 1842 702 autem
1891 648 2092 702 bonum
2142 657 2226 728 est

632 742 846 805 mortis,
877 739 1228 808 adipiscitur;
1257 749 1316 794 ut
1339 739 1482 810 quod
1511 740 1704 794 animm
1726 751 1840 806 est,
1872 741 2038 810 magis
2063 755 2222 810 quam

629 833 680 888 id
715 833 856 902 quod
889 834 1226 892 contubernii
1257 844 1308 890 et
1337 835 1740 906 conjunctiouis
1763 844 2040 906 ape-retur.
2069 837 2230 904 Quod-

625 925 672 980 si
703 925 806 980 vita
841 927 978 980 bona
1007 967 1020 990 ,
1051 941 1172 996 qua:
1199 927 1400 982 anima:
1419 941 1480 982 se
1505 944 1534 982 ιι
1563 941 1798 997 c0rpore
1819 929 2120 998 separantis
2141 937 2227 984 est

624 1018 906 1086 Speculum
929 1059 944 1084 ,
975 1029 1028 1074 et
1053 1020 1096 1074 si
1125 1023 1306 1074 anima
1336 1019 1476 1074 bona
1507 1035 1628 1088 qute
1655 1037 1712 1074 se
1743 1021 1918 1076 elevat
1942 1031 2103 1090 atque
2131 1022 2226 1076 ab-

623 1113 768 1168 ducit
795 1097 1104 1184 adcorporis
1133 1114 1526 1179 contubernio;
1559 1126 1612 1168 et
1641 1131 1784 1170 mors
1811 1115 1998 1186 utique
2028 1129 2106 1170 est
2131 1116 2226 1170 bo-

625 1222 752 1261 num
774 1247 788 1270 ,
821 1221 941 1277 qua:
969 1209 1206 1262 animant
1235 1223 1266 1262 a
1293 1207 1560 1264 societate
1589 1209 1770 1262 carnis
1797 1209 1958 1278 hujus
1995 1209 2226 1264 absolvit

624 1309 676 1354 et
717 1298 936 1354 liberat.

699 1396 782 1450 15.
825 1393 1184 1450 Dmuil'ariam
1215 1395 1376 1465 igitur
1423 1411 1570 1450 mors
1609 1405 1692 1450 est
1743 1395 1981 1458 Imaum;
2016 1405 2070 1450 et
2099 1397 2224 1468 quia

623 1488 1040 1556 Compugnantia
1073 1487 1300 1552 dividit,
1333 1503 1402 1544 ne
1427 1505 1484 1544 sc
1525 1489 1752 1544 invicem
1785 1490 2136 1560 itnpugna'nt;
2169 1497 2228 1544 et

621 1579 744 1650 quia
781 1587 962 1647 portus
991 1579 1210 1649 quidam
1240 1589 1318 1634 est
1351 1595 1536 1636 eorum
1569 1581 1660 1650 qui
1693 1597 1887 1651 magno
1916 1581 2038 1636 vita:
2071 1581 2226 1636 istius

618 1671 803 1742 jactati
836 1670 949 1726 salo
973 1713 986 1738 ,
1023 1672 1140 1726 [idm
1169 1672 1368 1742 quietis
1399 1675 1688 1728 stationem
1721 1677 2032 1744 requirunt:
2063 1673 2228 1746 396

624 1773 676 1818 et
721 1765 843 1834 quin
875 1765 1202 1819 deteriorem
1253 1775 1456 1820 statum
1489 1781 1594 1820 non
1642 1765 1846 1823 efﬁcit:
1881 1765 1976 1820 sed
2009 1771 2222 1836 qualem

2325 563 2546 618 corpus,
2577 549 2804 604 animum
2837 559 3006 604 autem
3039 559 3160 605 ποτε
3182 559 3416 619 possunt
3447 549 3693 604 occidere
3741 547 3960 618 (Ha-tta.

2327 657 2358 696 ι
2379 685 2394 708 ,
2421 641 2540 714 28).
2577 641 2678 698 Per
2724 652 2952 700 mortem
2985 655 3166 700 autent
3213 646 3384 700 istam
3439 644 3636 698 anima
3671 643 3962 707 liberatur,

2327 735 2454 790 dum
2489 751 2518 788 a
2551 736 2798 806 corporis
2843 737 3206 794 contubernio
3253 735 3628 803 secernitur,
3661 743 3718 790 et
3769 737 3962 790 involu-

2328 827 2432 882 cris
2465 827 2892 898 perturbationis
2919 831 3154 886 exuitur.
3191 830 3356 886 Unde
3387 841 3446 884 ct
3481 846 3592 885 nos
3621 829 3754 884 dum
3787 831 3842 882 in
3863 845 3962 884 cor-

2328 935 2460 991 pore
2487 937 2674 976 sumus
2699 963 2713 986 ,
2747 937 2902 977 usum
2941 925 3132 978 mortis
3160 923 3458 979 imitantes
3493 922 3832 977 ablevmtus
3859 925 3954 976 atti-

2329 1029 2471 1066 ntatn
2504 1025 2744 1086 nostram
2773 1030 2839 1072 ex
2891 1015 3048 1072 istius
3075 1020 3260 1072 carnis
3311 1016 3492 1072 cubili
3523 1059 3542 1082 ,
3585 1025 3648 1070 et
3697 1027 3954 1082 tamquam

2327 1105 2398 1162 de
2429 1108 2532 1164 isto
2551 1123 2904 1180 exsurgamus
2937 1111 3210 1178 sepulcro.
3241 1110 3628 1166 Abdncamus
3655 1124 3762 1164 nos
3789 1125 3816 1160 a
3859 1125 3956 1164 cor-

2329 1208 2478 1276 poris
2505 1223 2644 1262 nexu
2667 1247 2682 1272 ,
2717 1207 3086 1278 relinquamus
3115 1211 3299 1263 omnia
3330 1224 3728 1278 quaecumque
3761 1219 3952 1262 terrena

2329 1309 2492 1364 sunt;
2527 1309 2585 1356 ut
2611 1317 2732 1356 cum
2767 1303 2978 1356 venerit
3007 1302 3394 1368 adversarius,
3427 1303 3576 1356 nihil
3614 1303 3674 1356 in
3709 1303 3866 1354 nobis
3889 1302 3950 1354 ln-

2329 1396 2512 1450 veniat
2539 1411 2718 1450 suum.
2748 1395 3152 1452 Contendamus
3183 1397 3248 1452 ad
3285 1396 3426 1450 illud
3459 1408 3756 1452 internum
3777 1435 3796 1458 ,
3823 1395 3882 1449 ad
3905 1399 3948 1448 iL-
4015 1429 4017 1462 ᾗ

2333 1487 2422 1542 Iud
2453 1489 2694 1542 divinum
2723 1491 2999 1546 evntemus
3027 1495 3218 1559 pennis
3247 1491 3624 1556 dilectionis,
3664 1501 3725 1546 et
3753 1493 3946 1554 remigia

2331 1579 2630 1634 cltat‘itatis.
2664 1579 2962 1650 Surgamus
3005 1581 3130 1636 hinc
3154 1624 3170 1649 ,
3205 1582 3309 1638 hoc
3339 1591 3428 1636 est
3453 1625 3470 1648 ,
3505 1582 3588 1637 de
3621 1584 3944 1637 sateularihss

2331 1681 2492 1742 atque
2525 1673 2834 1728 mundanis.
2871 1674 3010 1730 Dixit
3041 1677 3186 1730 enim
3233 1675 3508 1732 Dutninus
3541 1695 3558 1729 :
3607 1677 3864 1748 Surgite,
3887 1695 3944 1728 es.

2331 1782 2444 1818 mus
2475 1763 2594 1818 hinc
2617 1765 2798 1836 (Jama.
2827 1783 2946 1832 xw,
2977 1767 3102 1838 3i),
3133 1769 3464 1836 praecipiens
3495 1781 3562 1822 ut
3599 1771 3942 1840 unusqni-qur

625 1856 678 1911 in
709 1858 936 1928 singulis
967 1859 1269 1922 invenerit,
1304 1859 1464 1914 talem
1493 1858 1700 1929 judicio
1729 1857 1912 1914 futuro
1945 1867 2184 1914 reserttat
2211 1901 2224 1926 ,
2263 1869 2304 1930 Β
2335 1869 2518 1930 surgat
2545 1859 2616 1915 de
2657 1862 2922 1926 terrenis,
2961 1862 3130 1932 erigat
3169 1863 3410 1916 animum
3449 1864 3620 1917 humi
3667 1863 3938 1934 jac-etatem,

624 1957 887 2020 et-qutete
910 1951 1022 2020 ipsa
1049 1951 1220 2014 fovet,
1245 1963 1294 2006 et
1329 1953 1674 2020 przescntium
1706 1951 1920 2006 lllVlditI‘.
1943 1951 2226 2017 subducit,

623 2055 676 2101 et
727 2046 1026 2100 futurorum
1065 2049 1472 2115 CXs‘chlaliOllc
1523 2049 1822 2118 componit.
1854 2047 2082 2104 Accedit
2121 2063 2225 2112 eo,

2333 1952 2398 2006 ad
2439 1967 2672 2022 superna
2701 1955 2948 2018 attollat,
2979 1954 3178 2010 excitet
3217 1956 3460 2024 aquilam
3507 1969 3722 2020 suam,
3757 1967 3812 2011 et
3839 1959 3940 2010 illam

2333 2046 2564 2114 aquilam
2593 2046 2662 2102 de
2691 2063 2792 2116 qua
2827 2047 3030 2102 dictum
3055 2059 3138 2102 est
3167 2067 3180 2100 :
3217 2047 3590 2102 Renarabitur
3621 2051 3772 2103 sicut
3803 2051 3938 2118 equits

623 2137 766 2208 quod
800 2141 996 2194 frustra
1049 2139 1296 2194 homines
1329 2149 1558 2194 mortem
1594 2141 1830 2206 timent,
1862 2139 2016 2208 quasi
2067 2140 2228 2194 ﬁnem
2321 2139 2570 2208 juventus
2615 2149 2706 2194 tua
2745 2137 2870 2209 (με.
2903 2153 3012 2204 cn,
3045 2136 3128 2209 5).
3162 2139 3244 2194 Ad
3297 2139 3550 2194 animam
3605 2141 3728 2195 hoc
3779 2143 3936 2196 ditium

626 2245 852 2290 naturae.
887 2233 1019 2290 Nam
1053 2235 1099 2290 si
1131 2235 1438 2290 recolanttts
1481 2233 1628 2304 quod
1673 2233 1810 2289 Deus
1857 2242 2086 2288 mortem
2122 2247 2230 2288 uult

627 2327 816 2384 iecerit
848 2345 861 2382 :
894 2328 990 2382 sed
1023 2335 1304 2398 postquam
1337 2326 1500 2380 homo
1527 2327 1712 2394 lapsus
1752 2326 1804 2380 in
1852 2325 2110 2394 ﬂagitium
2147 2335 2232 2380 est

637 2420 1097 2492 prazvaticatiouis
1127 2431 1182 2474 et
1213 2420 1416 2474 fraudis
1441 2461 1458 2488 ,
1501 2418 1772 2474 sententia
1809 2433 1932 2474 eum
1979 2433 2229 2486 ctunpre-

629 2513 916 2580 hcnderit,
942 2525 1000 2568 ut
1027 2514 1078 2568 in
1103 2521 1300 2568 terram
1325 2527 1474 2566 suam
1499 2519 1640 2566 terra
1667 2519 1964 2576 remearet,
1993 2509 2232 2564 invenie-

633 2623 752 2664 mus
781 2618 1012 2662 mortent
1047 2607 1208 2662 ﬁnem
1249 2621 1372 2660 esse
1422 2607 1626 2674 peccati
1672 2603 1827 2673 (Gen.
1867 2618 1960 2667 ιιι,
1993 2599 2118 2673 I9);
2165 2617 2232 2658 ne

627 2717 734 2771 quo
771 2709 916 2756 esset
957 2702 1064 2754 vita
1097 2698 1432 2762 diuturnior,
1465 2713 1530 2750 eo
1563 2698 1716 2751 ﬁeret
1758 2697 1918 2766 culpa
1969 2709 2228 2750 numero-

631 2795 759 2850 sior.
797 2794 991 2847 Passus
1021 2803 1102 2846 est
1138 2791 1303 2862 igitur
1333 2791 1590 2846 Dominus
1621 2791 1932 2846 subintrare
1959 2799 2186 2844 mortem
2213 2825 2228 2854 ,

634 2897 691 2942 ut
718 2887 876 2956 culpa
902 2894 1162 2942 cessaret.
1199 2885 1304 2944 Sed
1337 2901 1404 2938 ne
1448 2886 1640 2940 iterum
1686 2892 1894 2938 naturae
1937 2883 2060 2936 ﬁnis
2088 2891 2232 2936 esset

631 2983 682 3038 in
729 2993 940 3046 morte,
971 2980 1094 3034 data
1123 2988 1208 3036 est
1243 2978 1572 3034 resurrectio
1619 2985 1990 3042 mortuorum;
2039 2989 2094 3030 ut
2135 2990 2232 3046 per

631 3088 862 3134 mortem
891 3075 1048 3146 culpa
1080 3074 1340 3130 deﬁceret
1365 3115 1377 3136 .
1411 3091 1508 3146 per
1551 3077 2004 3130 resurrectionem
2049 3085 2230 3128 autem

633 3181 1047 3242 perpetuaretur
1089 3179 1300 3226 natura.
1343 3167 1576 3238 Ideoque
1623 3183 1771 3224 mors
1811 3166 1930 3222 haec
1975 3166 2232 3220 transitus

2330 2241 2436 2286 est.
2467 2233 2660 2286 Anima
2693 2247 2826 2303 ergo
2849 2233 3010 2305 397
3035 2241 3220 2288 nostra
3251 2235 3392 2289 sicut
3415 2235 3612 2304 aquila
3645 2237 3770 2290 alta
3805 2247 3934 2305 petat,

2332 2340 2492 2393 supra
2543 2327 2716 2380 nubes
2755 2327 2944 2392 volet,
2991 2327 3266 2382 renovatis
3293 2329 3674 2397 splendescat
3723 2331 3934 2390 exuviis.

2331 2416 2476 2472 cutio
2504 2417 2714 2470 volatus
2747 2417 2974 2482 inierat,
3013 2417 3100 2472 ubi
3145 2419 3368 2488 laqueos
3399 2419 3674 2476 incidere
3713 2437 3822 2476 non
3845 2437 3934 2490 psu-

2333 2509 2420 2564 sit.
2461 2509 2590 2566 Avis
2645 2509 2788 2566 enim
2835 2527 2956 2580 qua:
2997 2511 3278 2566 descendit
3305 2529 3372 2567 ex
3397 2513 3514 2568 alto
3543 2555 3560 2576 ,
3605 2519 3702 2570 vel
3757 2531 3868 2586 qua!
3901 2515 3932 2568 ia

2336 2604 2502 2658 altum
2553 2619 2614 2660 se
2669 2605 2930 2660 extollere
2971 2621 3078 2660 non
3119 2613 3332 2675 potest,
3367 2605 3722 2677 frequenter
3771 2621 3854 2664 aut
3885 2609 3934 2662 la-

2333 2699 2486 2770 qncis
2517 2701 2762 2770 capitur,
2804 2711 2896 2754 aut
2925 2702 3072 2755 visco
3103 2699 3326 2766 fallitur,
3377 2713 3470 2755 aut
3521 2705 3932 2774 quibuscumque

2333 2792 2574 2848 irretitur
2605 2793 2838 2850 insidiis.
2869 2794 2960 2851 Sic
2989 2811 3206 2866 quoque
3233 2809 3282 2852 et
3312 2797 3498 2852 ttuima
3543 2811 3754 2852 nostra
3785 2809 3930 2854 careat

2333 2885 2400 2938 ad
2431 2885 2546 2940 haec
2579 2887 2852 2942 mundana
2879 2887 3234 2944 descendere.
3279 2887 3539 2956 Laqueus
3575 2902 3670 2945 est
3721 2893 3780 2946 in
3805 2905 3926 2948 auro.

2335 2983 2516 3036 viscus
2547 2982 2598 3036 iu
2629 2997 2890 3051 argento,
2940 2999 3108 3039 nexus
3143 2987 3194 3040 in
3245 2985 3484 3054 praedio,
3535 2988 3748 3043 clavus
3793 2999 3866 3044 est
3895 2987 3929 3040 lit

2341 3091 2550 3132 amore.
2587 3077 2750 3132 Deum
2793 3093 2983 3132 aurum
3017 3079 3286 3150 pt-titnus,
3338 3082 3772 3150 strangulantur
3795 3101 3808 3136 :
3835 3081 3926 3136 du

2333 3183 2620 3238 argentum
2666 3173 2960 3242 qua-rimus
2984 3175 3100 3239 ,.iu
3131 3175 3279 3228 visco
3319 3174 3440 3242 ejus
3473 3175 3766 3231 ha-remus
3795 3196 3810 3232 :
3837 3177 3926 3230 dus

629 3269 1008 3322 universorum
1051 3274 1154 3322 est.
1197 3263 1346 3334 Opus
1379 3276 1460 3318 est
1507 3273 1560 3318 ιιι
1601 3273 1916 3318 constanter
1963 3269 2226 3316 transeas.
2257 3263 2302 3326 C
2339 3264 2598 3334 pra-dium
2646 3267 2984 3330 invadimus,
3020 3266 3327 3336 alligantur.
3357 3267 3500 3336 Quid
3549 3269 3730 3324 inane
3772 3269 3926 3339 quati-

629 3363 916 3418 Trausitus
948 3371 1128 3416 autem
1155 3377 1183 3414 a
1223 3361 1570 3428 corruptione
1606 3359 1672 3414 ad
1723 3356 2186 3425 incorruptionem
2213 3397 2229 3422 ,

629 3473 662 3511 a
694 3455 1020 3510 mortalitate
1053 3453 1118 3508 ad
1152 3453 1610 3506 immortalitatem
1631 3493 1646 3517 ,
1675 3467 1704 3504 a
1737 3449 2144 3520 perturbatione
2165 3449 2233 3504 ad

631 3541 1096 3616 ti'attquillilutettt.
1121 3545 1236 3600 NOn
1263 3546 1422 3616 igitur
1451 3561 1644 3600 nomen
1673 3555 1722 3598 te
1753 3545 1944 3598 mortis
1965 3542 2230 3610 oll't'ndal,

635 3640 734 3696 sed
765 3639 888 3694 boui
917 3640 1176 3694 transitus
1209 3637 1468 3693 beneﬁcia
1494 3637 1784 3692 delectent.
1813 3635 1953 3704 Quid
1976 3647 2059 3691 est
2089 3636 2233 3691 enim

637 3747 814 3800 mors,
851 3733 952 3788 nisi
985 3733 1258 3802 sepultura
1299 3734 1590 3798 vitiorum,
1623 3731 1878 3786 virtutum
1912 3729 2234 3786 susritatio?

638 3829 792 3888 Unde
818 3841 875 3885 et
907 3830 996 3884 ille
1022 3830 1097 3884 ait
1123 3847 1136 3882 :
1173 3827 1432 3884 Moriatur
1457 3829 1632 3882 animo
1667 3844 1780 3880 mea
1821 3828 1876 3880 in
1906 3826 2092 3880 animis
2112 3828 2233 3898 jus-

631 3935 802 3980 torum
845 3922 1036 3997 (Nam.
1071 3939 1238 3989 unt,
1287 3923 1377 3990 10)
1402 3965 1416 3988 ,
1455 3921 1504 3976 id
1555 3933 1676 3986 est,
1706 3920 2138 3989 eonsepcliatur,
2179 3925 2236 3972 ut

630 4035 728 4076 sua
773 4019 902 4073 vitia
953 4017 1223 4088 deponat,
1265 4018 1532 4086 justorum
1582 4023 1822 4071 assumat
1866 4013 2094 4084 gratiam
2145 4009 2236 4080 qui

633 4113 1108 4170 mortiﬁcationem
1133 4112 1334 4167 Christi
1366 4113 1416 4166 itt
1459 4126 1690 4180 corpore
1715 4125 1816 4164 suo
1853 4115 2018 4178 atque
2055 4105 2238 4160 anima

631 4207 1040 4264 circumferunt.
1085 4205 1424 4260 Met-tilicatio
1469 4215 1648 4258 autent
1694 4200 1940 4266 Christi,
1983 4199 2236 4254 remissio

637 4309 982 4372 peccatorum
1001 4341 1016 4362 ,
1042 4300 1266 4354 abolitio
1293 4299 1580 4354 criminum
1599 4339 1616 4362 ,
1646 4298 1852 4352 erroris
1879 4295 2078 4349 oblivio
2103 4335 2116 4359 ,
2151 4307 2239 4348 as-

637 4395 875 4461 sumptio
913 4395 1206 4463 gratiarum
1251 4401 1354 4446 est.
1383 4390 1522 4458 Quid
1552 4397 1732 4444 autem
1762 4388 1832 4444 de
1878 4388 2020 4442 bono
2047 4386 2238 4442 mortis

641 4487 855 4557 plenius
888 4499 1174 4556 possumus
1201 4484 1415 4550 dicere,
1449 4499 1608 4553 quam
1647 4481 1790 4551 quod
1839 4494 1984 4536 mors
2009 4491 2090 4535 est
2117 4493 2238 4547 quae

641 4579 900 4634 mundum
931 4576 1197 4634 redemit?

1276 4711 1506 4768 CAPUT
1547 4707 1608 4768 ν.

642 4833 898 4892 Hortatur
924 4833 993 4888 ad
1020 4839 1363 4898 contemptum
1391 4831 1592 4896 mortis,
1624 4825 1955 4904 ejusdemque
1981 4839 2158 4888 usum,
2185 4821 2239 4876 id

711 4945 808 5001 est,
829 4932 1298 5002 mortiﬁcationem,
1328 4929 1380 4983 in
1428 4928 1582 4981 hocce
1610 4927 1710 4982 vita
1741 4923 2069 4979 imitandum.
2105 4920 2238 4976 Dein

710 5003 1136 5100 quemadmodum
1169 5023 1344 5076 anima
1371 5021 1440 5075 ad
1479 5021 1868 5076 similitudinem
1911 5017 2005 5072 Dei
2046 5017 2238 5070 exalte-

710 5131 830 5190 tur,
867 5137 899 5174 a
942 5135 1038 5190 quo
1071 5117 1351 5188 pingatur,
1385 5124 1430 5170 et
1476 5111 1824 5180 custodiatur,
1858 5113 2043 5180 aperit.
2104 5109 2236 5164 Tum

711 5215 776 5270 de
801 5218 945 5269 [torto
977 5213 1184 5276 mentis,
1217 5227 1276 5264 ac
1315 5209 1594 5280 fructibus,
1622 5207 1801 5277 quibus
1832 5215 2072 5278 pascatur
2115 5202 2238 5258 Ver-

712 5309 828 5364 bum
849 5351 861 5375 ,
895 5307 1146 5379 disputat.

709 5427 801 5483 t6.
842 5425 948 5482 Sed
1001 5424 1068 5480 de
1120 5422 1391 5478 communi
1443 5418 1683 5475 omnium
1738 5425 1909 5472 morte
1967 5417 2231 5474 dicamus.

637 5517 772 5584 Quid
798 5535 916 5574 eam
945 5519 1232 5574 timeamus
1251 5558 1268 5582 ,
1297 5529 1418 5587 qua:
1445 5513 1642 5568 anitum
1668 5525 1866 5566 nocere
1896 5525 2002 5566 non
2027 5513 2234 5567 soleat?

714 5691 738 5718 ⁸
767 5681 908 5738 Edit.
943 5697 1156 5746 omnes,
1184 5679 1308 5736 dum
1336 5687 1514 5735 tentat.
1561 5675 1684 5734 Mss.
1721 5691 1752 5733 e
1779 5677 2074 5742 contrario,
2109 5679 2234 5732 dum
2275 5677 2278 5680 ’

639 5763 880 5806 tentatur.
925 5753 1151 5822 Intelligi
1201 5763 1378 5808 autem
1427 5753 1513 5806 hic
1565 5761 1738 5820 potest
1785 5747 2232 5822 muiieris‘det'lts

639 5825 720 5878 Vel
754 5823 974 5878 fortnam
1013 5820 1207 5879 tentari
1233 5867 1247 5887 ,
1300 5840 1420 5878 cum
1463 5824 1582 5892 quis
1623 5839 1732 5878 sum
1775 5823 1958 5876 virtuti
2007 5820 2230 5892 nimium

637 5909 896 5966 arrogans
931 5895 1000 5952 ad
1033 5895 1178 5952 illam
1207 5891 1564 5952 incautiusac
1591 5895 1926 5966 frequentius
1971 5891 2234 5950 accedere

2341 3371 2461 3412 ntus
2493 3357 2698 3412 lucrum
2747 3359 2998 3428 pretiosa:
3044 3359 3240 3413 anima:
3283 3359 3678 3416 detrimento?
3731 3363 3924 3432 Exigua

2339 3449 2432 3502 tihi
2477 3463 2556 3504 cst
2601 3460 2745 3504 totus
2792 3451 3022 3506 mundus
3055 3467 3150 3520 pro
3193 3453 3353 3506 unius
3397 3459 3602 3508 animus
3649 3455 3922 3525 dispendii.

2337 3541 2476 3608 Quid
2507 3542 2650 3598 enim
2681 3544 2900 3613 prodest
2947 3547 3152 3601 homini
3199 3547 3244 3603 si
3287 3547 3432 3603 hunc
3481 3550 3756 3605 mundum
3791 3552 3924 3605 lucre-

2339 3644 2454 3700 tur,
2503 3639 2700 3692 animte
2749 3653 2878 3694 vero
2923 3653 3036 3694 sua:
3077 3639 3468 3696 detrimentum
3520 3646 3804 3713 patiatur?
3845 3649 3920 3698 Aul

2341 3747 2498 3802 quant
2521 3735 2998 3790 canumututiouetn
3019 3735 3172 3790 dabis
3201 3751 3296 3804 pro
3317 3737 3500 3790 anima
3529 3740 3660 3792 tua?
3687 3739 3804 3794 Non
3825 3751 3922 3792 auro

2345 3825 2666 3884 redimitur.
2703 3843 2810 3882 non
2841 3838 3096 3898 argento,
3128 3829 3296 3884 immo
3321 3847 3458 3884 auro
3490 3833 3790 3886 amittitur.
3817 3833 3924 3900 Qui:

2341 3919 2506 3973 etiam
2559 3918 2802 3974 mulieris
2843 3919 3048 3984 decus,
3095 3931 3122 3958 "
3169 3923 3296 3978 dum
3349 3931 3634 3988 tentatur,
3682 3925 3922 3992 astringit.

2341 4011 2536 4068 Clavus
2567 4027 2650 4068 est
2683 4014 2878 4080 libido,
2913 4016 3098 4072 clavus
3129 4017 3342 4072 tristitia
3365 4055 3380 4082 ,
3411 4019 3606 4073 clavus
3645 4019 3920 4084 iracundia,

2341 4105 2478 4160 clavi
2508 4115 2632 4162 sunt
2675 4123 2866 4163 omnes
2901 4109 3186 4177 passiones
3206 4151 3220 4172 ,
3249 4107 3277 4148 δ
3317 4126 3440 4178 quae
3473 4111 3627 4166 velut
3661 4129 3790 4167 veru
3815 4125 3921 4181 quo

2341 4199 2464 4252 dant
2489 4199 2722 4254 animam
2753 4207 2990 4256 nostram
3015 4211 3334 4271 penetrant,
3361 4213 3416 4260 et
3439 4204 3680 4275 inﬁgunt
3703 4205 3920 4276 corpori,

2341 4293 2748 4363 visceribusque
2779 4293 2896 4364 ejus
2933 4303 3248 4350 annectunt.

2415 4389 2504 4444 i7.
2565 4388 2855 4459 Fttgianms
2883 4404 3014 4458 ergo
3043 4391 3158 4445 haec
3197 4389 3334 4444 mala
3362 4429 3376 4456 ,
3409 4399 3464 4444 et
3492 4393 3804 4446 exaltemus
3835 4388 3922 4444 atti-

2343 4497 2484 4536 mam
2517 4489 2758 4536 nmtratn
2792 4483 2858 4535 ad
2903 4482 3050 4536 illam
3079 4483 3372 4553 imaginem
3405 4483 3498 4538 Dei
3551 4493 3606 4539 et
3648 4483 3922 4540 similitudi-

2345 4592 2486 4632 nent.
2519 4575 2662 4647 Fuga
2695 4577 2958 4632 malorum
2982 4577 3284 4633 similitudo
3317 4577 3408 4632 Dei
3435 4587 3544 4644 est,
3577 4589 3632 4633 et
3659 4581 3922 4633 virtutiqu

2269 4669 2316 4731 [ι
2347 4668 2524 4740 imago
2555 4669 2646 4722 Dei
2671 4669 2990 4738 acquiritur.
3021 4669 3146 4724 ldco
3173 4670 3264 4739 qui
3299 4681 3400 4724 nos
3431 4671 3608 4739 pinxit
3635 4673 3790 4742 quasi
3817 4685 3920 4722 auc-

2343 4771 2460 4824 tor,
2495 4762 2666 4830 pinxit
2693 4761 2952 4816 virtutum
2979 4763 3294 4818 coloribus:
3331 4761 3467 4816 Ecce
3495 4779 3590 4833 ego
3614 4803 3634 4826 ,
3685 4763 3848 4834 inquit
3869 4758 3920 4814 ad

2345 4853 2706 4918 Hierusalt-m,
2742 4855 2889 4924 pimri
2921 4871 3094 4909 muros
3119 4865 3234 4910 tuos
3258 4853 3428 4928 (Emi.
3455 4869 3578 4910 sunt
3611 4897 3627 4921 ,
3661 4857 3726 4910 tu
3749 4855 3792 4928 ).
3829 4855 3920 4910 Non

2341 4949 2690 5020 detergamus
2749 4950 3003 5018 penicillo
3067 4950 3410 5020 negligentia:
3471 4948 3690 5020 depicta
3755 4949 3919 5002 anime

2345 5051 2542 5098 nostra:
2571 5044 2906 5100 ﬁrmamenta
2939 5043 3185 5098 muralia.
3223 5043 3350 5098 Ideo
3377 5042 3548 5100 dixit:
3571 5039 3916 5113 Hurospiasi,

2343 5137 2542 5207 quibus
2567 5139 2778 5194 hostem
2809 5137 3082 5208 possimus
3113 5146 3379 5194 avertere.

2419 5231 2503 5286 18.
2555 5231 2726 5285 Hahct
2752 5231 2928 5286 anima
2963 5245 3146 5284 muros.
3176 5247 3302 5285 suos
3325 5271 3339 5294 ,
3369 5230 3437 5284 de
3465 5229 3666 5299 quibus
3705 5229 3917 5290 eminet,

2341 5332 2394 5378 ct
2431 5322 2500 5378 de
2539 5321 2736 5392 quibus
2775 5325 2887 5377 ait:
2919 5321 3032 5396 Ego
3057 5323 3233 5378 civitas
3265 5323 3464 5378 munita
3486 5363 3500 5382 .
3528 5339 3622 5396 ego
3661 5324 3834 5377 civitas
3851 5319 3922 5374 ob-

2339 5433 2478 5473 sessa
2507 5415 2678 5489 (Esai.
2711 5433 2886 5480 xxvtt,
2919 5417 3000 5486 3).
3035 5418 3130 5472 llis
3159 5416 3410 5470 munitur.
3431 5421 3624 5484 muris,
3649 5417 3737 5470 his
3761 5415 3920 5470 obses-

2339 5529 2397 5568 sa
2425 5511 2751 5570 defenditur.
2771 5513 2840 5568 Et
2869 5527 2997 5570 vere
3025 5527 3214 5568 murus
3241 5512 3439 5578 anima,
3471 5521 3494 5550 ε
3519 5523 3640 5581 qua:
3665 5505 3920 5582 prati-tulit

2343 5693 2448 5754 non
2483 5677 2822 5754 reformidat.
3230 5747 3242 5754 _
3659 5745 3672 5754 _
3697 5743 3710 5754 ,
3885 5737 3896 5754 ,

2413 5749 2439 5787 ι)
2491 5751 2740 5821 Plerique
2789 5764 2921 5806 mss.
2951 5790 2966 5818 ,
3014 5761 3127 5820 qua:
3165 5747 3298 5802 velut
3345 5761 3536 5801 oet-mes
3581 5743 3790 5816 quidam
3824 5743 3916 5796 atti-

2341 5829 2692 5951 martbitiiies
2721 5895 2851 5951 edit.
2896 5905 3008 5965 qua:
3033 5891 3372 5966 prwtenditur
3397 5890 3450 5944 in
3493 5891 3701 5946 castris.
3745 5885 3916 5946 Omnes
