4082 6370
162 300 272 362 549

1284 297 1374 352 DE
1414 291 1595 351 sono
1633 285 1888 348 MORTIS
1924 285 2129 349 LIBER
2167 272 2370 350 Unus.

3373 275 3480 346 530

164 420 219 473 in
254 417 469 472 castris.
502 415 660 473 Unde
691 423 742 473 et
774 416 886 489 ipsa
919 417 994 472 ait
1021 413 1075 470 in
1101 413 1373 470 Canticis:
1411 412 1525 484 Ego
1557 425 1768 477 muria,
1801 418 1844 474 Α
1882 421 1986 463 teni
2021 412 2122 464 sibi
2154 419 2203 464 et
2238 410 2472 478 Opimam
2503 405 2788 470 invenerit.
2818 414 2872 465 et
2898 409 3070 478 carpit
3095 406 3304 464 fructus
3336 411 3477 477 ejus,

165 511 323 565 ubera
352 528 467 566 mea
493 520 547 566 ut
575 521 740 566 turres
789 510 980 584 (Cant.
1008 523 1104 565 vni
1131 552 1145 577 ,
1179 511 1245 564 10
1269 508 1309 579 ).
1361 507 1540 561 Bonus
1587 520 1773 560 murus

165 621 332 675 quem
377 609 553 674 pinxit
584 606 849 660 Dominus
879 647 893 667 .
933 606 1073 660 sicut
1119 606 1236 673 ipse
1275 603 1348 656 ait
1385 619 1397 656 :
1431 599 1498 654 ln
1543 600 1776 654 manibus

168 699 297 752 meis
329 699 477 768 pinxi
503 713 683 754 muros
711 707 858 763 tuos,
899 699 1022 753 etin
1057 707 1328 767 conspectu
1362 709 1473 749 meo
1501 709 1551 748 es
1576 707 1776 762 semper

173 793 353 865 (Esai.
389 809 538 858 nix,
579 795 691 866 16).
743 794 888 851 Bona
923 797 1100 849 anima
1133 809 1253 864 qua:
1283 791 1441 846 habet
1471 789 1780 862 speculato-

183 908 300 946 rem
335 892 519 957 Deuni,
551 901 602 947 et
628 893 678 946 in
709 891 954 946 manibus
981 890 1100 960 ejus
1129 899 1241 955 est,
1273 889 1412 942 sicut
1439 889 1617 940 anima
1647 883 1780 940 Pro-

182 985 419 1054 pheticu,
455 999 575 1054 qua:
605 985 655 1038 in
681 1000 871 1038 manus
907 981 1115 1038 Domini
1146 980 1558 1036 commendatur
1587 986 1643 1031 ut
1673 977 1782 1047 spi-

189 1077 366 1146 ritus(
394 1075 541 1131 Prol.
571 1091 674 1131 xxx
699 1117 714 1142 ,
744 1076 857 1144 6),
886 1085 939 1131 et
964 1092 1084 1145 qua!
1111 1076 1163 1129 in
1191 1081 1486 1143 conspectu
1533 1071 1624 1126 Dei
1659 1076 1780 1135 est;

181 1166 334 1222 Oculi
363 1171 500 1222 enim
523 1167 730 1222 Domini
753 1183 911 1239 super
925 1171 1099 1238 justas
1127 1165 1250 1240 (Ps.
1275 1176 1467 1226 χχχιιι.
1501 1162 1611 1233 16).
1648 1171 1786 1216 Sicut

177 1271 232 1318 et
270 1265 383 1334 ipse
412 1265 526 1318 ait:
578 1259 692 1333 Ego
737 1277 881 1316 erant
922 1263 974 1315 in
1016 1261 1178 1315 oculis
1219 1263 1331 1325 eius
1359 1271 1620 1330 tamquam
1645 1257 1786 1311 inve-

178 1355 324 1409 niens
353 1371 531 1425 pacem
560 1354 739 1426 (Cant.
773 1371 886 1420 vui,
917 1355 1029 1420 10).
1062 1354 1238 1408 Bonas
1272 1361 1451 1408 turres
1474 1353 1637 1406 habet
1669 1365 1788 1420 qua:

182 1448 346 1502 habet
374 1458 427 1502 et
457 1447 524 1501 de
556 1447 984 1518 intelligibilibns
1012 1449 1234 1503 verbum
1259 1489 1273 1513 ,
1319 1455 1373 1502 et
1401 1445 1470 1501 de
1496 1445 1792 1501 moralibus

182 1539 554 1609 disciplinain.
621 1540 859 1610 Ideoque
909 1539 1026 1594 haec
1080 1543 1258 1593 anima
1316 1539 1521 1594 habens
1561 1539 1789 1610 gratiam

184 1647 414 1687 suorum
465 1634 694 1690 uberum
738 1633 1038 1703 ingreditur
1069 1633 1120 1686 in
1155 1632 1344 1687 hortos
1367 1673 1382 1698 ,
1425 1638 1480 1686 et
1511 1631 1792 1687 inveniens

181 1722 295 1779 illic
341 1740 600 1793 sponsum
649 1726 927 1780 sedentem
953 1733 1010 1780 et
1038 1725 1406 1794 disputantem
1451 1737 1572 1779 cum
1606 1722 1793 1777 amicis

1881 511 2042 574 atque
2074 503 2156 556 his
2187 504 2508 559 deiecratur.
2537 503 2672 559 Cum
2703 515 2883 558 autem
2916 501 3265 557 descenderit
3290 501 3480 555 ini-am

1863 596 1976 651 ~Dei
2011 597 2268 660 Verbum,
2301 596 2629 652 ili-liiinntex
2659 613 2716 650 ea
2748 598 3045 652 salubrium
3071 602 3340 666 unguenta
3365 606 3488 646 ver-

1883 691 2074 744 hormn
2097 730 2110 753 ,
2162 698 2216 742 et
2263 689 2598 744 diversarum
2627 690 2856 760 ﬂagrant
2885 688 3044 759 longe
3086 687 3300 757 lateque
3330 683 3489 740 redo-

1883 783 2046 838 lentia
2078 782 2372 853 gratiarum
2405 784 2722 852 Spiramina.
2888 845 2894 852 _

1954 878 2048 934 ΞΟ.
2096 875 2252 934 Unde
2283 877 2358 931 ait
2383 893 2616 948 Sponsus
2647 878 2902 952 (sponsus
2941 885 3120 935 autem
3166 876 3364 932 anima:
3394 873 3489 930 Dei

1889 967 2124 1026 Verbum
2171 983 2292 1037 est,
2337 971 2426 1026 cui
2454 973 2632 1026 anima
2675 973 2917 1044 legitimo
2967 975 3200 1040 quodam
3234 968 3491 1026 connubii

1890 1064 2096 1121 foedi-re
2132 1065 2468 1138 copulatur):
2520 1063 2796 1139 Ingressus
2836 1085 2948 1121 sum
2990 1069 3043 1120 in
3071 1066 3270 1121 hortum
3289 1079 3490 1130 meum,

1891 1173 2036 1211 soror
2059 1174 2169 1210 mea
2193 1174 2406 1227 sponsa,
2439 1157 2752 1212 vindemiavi
2776 1160 3039 1230 myrrham
3068 1176 3229 1213 meam
3258 1177 3374 1215 cum
3400 1175 3496 1212 un-

1891 1250 2091 1319 guentis
2121 1251 2268 1315 meis,
2295 1250 2602 1303 manducavi
2627 1266 2814 1320 panem
2846 1267 3008 1304 meum
3037 1268 3153 1305 cum
3183 1251 3332 1306 melle
3361 1266 3494 1319 meo,

1894 1341 1993 1394 bibi
2021 1345 2196 1396 viuum
2228 1359 2398 1396 meum
2422 1359 2537 1396 cum
2566 1344 2698 1397 lacte
2727 1360 2856 1398 meo.
2886 1343 3070 1412 Edita,
3115 1345 3341 1415 proximi
3377 1345 3498 1412 mei,

1895 1443 1941 1487 et
1964 1432 2141 1500 bibite,
2172 1444 2218 1488 et
2238 1435 2582 1497 inebrianiini.
2608 1439 2795 1507 fratres
2819 1438 2935 1491 mei.
2971 1436 3082 1511 Ego
3099 1438 3319 1506 dormio,
3344 1449 3388 1493 et
3412 1453 3502 1492 cor

1897 1539 2062 1580 meum
2090 1527 2268 1598 vigilat
2301 1526 2492 1600 (Cant.
2527 1544 2557 1582 ν
2581 1571 2595 1596 ,
2632 1529 2652 1583 1
2689 1540 2735 1584 et
2765 1530 2800 1582 2
2825 1530 2864 1602 ).
2921 1528 3324 1602 Cognoscamus
3367 1544 3506 1601 quos

1899 1619 2106 1675 fructus
2138 1629 2193 1674 et
2221 1622 2370 1676 cibos
2403 1622 2658 1691 epuletur
2693 1621 2853 1688 Deus,
2884 1617 3151 1694 quibusve
3179 1619 3500 1678 delecmtur.

1902 1712 2214 1768 Delectatur
2257 1730 2323 1769 eo
2347 1754 2362 1780 ,
2415 1714 2460 1769 si
2507 1717 2628 1786 quis
2671 1717 2958 1771 mortificet
2987 1726 3269 1788 peceatum
3302 1733 3456 1770 suum
3487 1758 3504 1784 ,

183 1817 298 1870 ait:
352 1816 454 1882 Qui
488 1814 636 1870 sedes
663 1819 717 1869 in
758 1817 920 1868 hortis
952 1857 966 1881 ,
1015 1831 1190 1868 vorem
1236 1826 1378 1868 tuam
1419 1815 1626 1868 insinua
1673 1813 1796 1866 mihi
1829 1825 1874 1887 Β
1905 1807 2184 1864 oblitteret
2213 1811 2426 1880 culpam
2469 1823 2621 1864 suam
2647 1853 2662 1877 ,
2707 1812 2938 1882 sepeliat
2986 1819 3147 1880 atque
3185 1807 3511 1868 abolet-eiut

190 1909 357 1982 (Ibid.
393 1910 523 1964 Ιὸει
560 1909 664 1981 ιι).
700 1892 864 1976 Mihi,
899 1910 1088 1979 inquit,
1114 1925 1221 1964 non
1250 1910 1459 1964 amicis.
1486 1907 1652 1981 Fuge,
1684 1911 1794 1979 fra-

185 2012 260 2056 ter
291 2017 452 2055 metis.
488 2001 747 2055 Hortatur
771 2009 830 2055 ut
855 2006 1022 2072 iugiat
1050 2016 1285 2072 sponsus
1311 2043 1324 2068 ,
1355 2002 1478 2072 quia
1503 2000 1616 2071 jam
1644 2001 1798 2071 sequi

188 2104 369 2166 potest
395 2098 555 2150 etiam
587 2099 699 2166 ipsa
730 2107 944 2151 terrena
989 2095 1304 2167 fugientem.
1352 2097 1490 2152 Dicit
1528 2105 1708 2151 autent
1743 2106 1799 2151 ut

189 2191 381 2245 similis
411 2191 483 2244 sit
511 2190 764 2256 damula,
799 2207 916 2259 qua:
937 2194 1117 2245 evadit
1148 2191 1216 2246 de
1241 2192 1470 2247 retibus.
1494 2191 1802 2267 Vuit398

190 2287 334 2340 enim
357 2296 412 2340 et
437 2285 552 2355 ipsa
585 2288 768 2354 lugere
789 2296 843 2341 et
873 2287 1091 2340 evplare
1115 2301 1277 2356 supra
1310 2286 1590 2340 mundum.

265 2378 350 2434 19.
387 2379 521 2433 llinc
550 2379 766 2433 hortum
795 2379 944 2433 illiilli
975 2379 1077 2433 sibi
1109 2380 1262 2434 Plato
1282 2381 1608 2451 composuit,
1641 2394 1800 2451 quem

192 2475 344 2530 Jovis
371 2475 590 2530 hortum
621 2475 770 2538 alibi,
815 2475 941 2529 alibi
972 2483 998 2510 α
1029 2476 1244 2528 hortum
1270 2476 1467 2529 mentis
1490 2475 1799 2544 appellavit.

194 2565 384 2622 Jovem
410 2568 556 2621 enim
584 2575 640 2620 et
670 2567 829 2620 deum
872 2579 926 2620 et
951 2575 1186 2621 mentem
1231 2568 1400 2622 totius
1432 2567 1619 2621 mundi
1647 2567 1800 2622 dixit.

196 2657 257 2712 In
283 2662 424 2713 hunc
454 2661 709 2713 introisse
737 2662 998 2721 animam,
1024 2675 1186 2729 quam
1211 2659 1481 2714 Venerem
1507 2668 1804 2730 nuncupat,

202 2761 259 2805 ut
286 2769 346 2806 se
371 2752 699 2804 abundantia
725 2761 780 2806 et
809 2750 1017 2806 divitiis
1064 2751 1221 2822 hujus
1267 2751 1409 2806 horti
1440 2753 1672 2822 repleret
1696 2793 1710 2817 ,
1754 2751 1808 2806 in

203 2860 312 2914 quo
339 2845 579 2911 repletus
604 2853 729 2913 potu
756 2842 1006 2913 jaceretb
1039 2861 1224 2913 porus,
1255 2845 1346 2914 qui
1370 2853 1553 2899 nectar
1573 2845 1812 2900 eilunde-

207 2949 309 2993 ret.
358 2937 470 2992 Hoc
500 2939 660 3006 igitur
688 2954 754 2992 ex
787 2938 927 2992 libro
970 2938 1315 2993 Canticorum
1361 2941 1664 3008 composuit
1691 2983 1704 3001 ,
1746 2955 1812 2994 eo

207 3031 346 3100 quod
373 3031 553 3084 anima
583 3030 694 3084 Deo
721 3030 1006 3086 adhaerens
1036 3033 1086 3085 in
1117 3031 1336 3084 hortum
1363 3034 1562 3088 mentis
1607 3034 1813 3103 ingres—

209 3138 269 3179 sa
297 3123 389 3188 ait,
420 3125 473 3177 in
508 3136 617 3193 quo
643 3134 788 3178 esset
819 3123 1146 3178 abundantia
1171 3125 1508 3178 inversarnm
1530 3125 1810 3191 virtutum,

1901 1892 2214 1974 iniquitates
2237 1919 2380 1960 suas.
2413 1905 2625 1978 Myrrha
2651 1907 2796 1961 enim
2828 1913 2912 1962 est
2938 1908 3215 1978 sepultura
3264 1918 3510 1962 mortuo-

1901 2011 2039 2052 rum.
2073 1997 2281 2053 Mortua
2313 2009 2493 2055 autem
2525 2010 2745 2071 peccata
2775 2014 2939 2069 sunt,
2972 2019 3091 2074 qua:
3121 2001 3242 2057 vita:
3275 2003 3514 2057 suavita-

1901 2097 2008 2148 tem
2040 2093 2242 2150 habere
2274 2111 2378 2150 non
2414 2106 2658 2166 possunt.
2694 2095 3100 2152 Perfunduntur
3129 2107 3308 2152 autem
3341 2095 3512 2151 divini

1903 2189 2169 2242 sermonis
2195 2194 2506 2257 unguentis,
2541 2197 2594 2243 et
2620 2189 2849 2246 fortiore
2877 2191 3001 2246 cibo
3049 2190 3199 2246 verbi
3237 2191 3389 2245 velut
3421 2207 3515 2259 pa-

1904 2292 1972 2336 ne
1997 2323 2009 2345 ,
2038 2287 2094 2336 et
2120 2286 2368 2338 suaviore
2394 2299 2648 2339 sermone
2683 2283 2833 2340 velut
2865 2283 3024 2340 melle
3056 2297 3315 2340 curantur
3363 2299 3513 2356 quae.

1906 2379 2028 2432 dam
2081 2379 2298 2432 vulnera
2349 2378 2694 2434 deliciarum.
2749 2379 3072 2434 Sermoiinm
3125 2387 3305 2432 autem
3361 2380 3517 2435 cibos

1907 2483 2033 2525 esse
2061 2469 2222 2524 docet
2249 2479 2302 2524 et
2329 2470 2456 2525 alibi
2484 2471 2742 2527 Salomon
2773 2470 2959 2527 dicens
2986 2489 2998 2526 :
3033 2469 3167 2526 Favi
3192 2472 3382 2536 mellis,
3410 2488 3521 2526 ser-

1911 2580 2084 2617 mones
2114 2563 2234 2617 boni
2264 2563 2284 2637 (
2311 2561 2467 2619 Prov.
2501 2581 2620 2634 xw,
2663 2565 2734 2620 24
2754 2564 2794 2637 ).
2845 2564 2902 2620 ln
2937 2565 3030 2620 illo
3057 2581 3186 2636 ergo
3218 2564 3378 2620 horto
3406 2579 3522 2620 ser-

1912 2671 2101 2712 mones
2135 2655 2260 2711 honi
2293 2664 2417 2712 sunt
2442 2701 2457 2725 ,
2503 2658 2641 2712 alius
2674 2659 2763 2730 qui
2811 2660 3021 2729 culpam
3049 2668 3342 2723 coerceat,
3385 2658 3524 2712 alius

1912 2750 2003 2822 qui
2038 2751 2373 2819 iniquitatem
2405 2751 2688 2822 corripiat,
2715 2752 2852 2807 alius
2880 2753 2969 2822 qui
3005 2745 3141 2806 mori
3173 2751 3338 2806 faciat

1915 2843 2283 2910 insolentiam,
2314 2853 2368 2899 et
2397 2845 2544 2900 velut
2573 2844 2802 2915 sepeliat
2830 2861 2972 2912 eam,
3004 2845 3222 2912 quando
3244 2857 3528 2914 correptus

1917 2938 2112 3006 aliquis
2165 2939 2440 2992 erroribus
2491 2939 2603 2992 suis
2649 2939 2942 2992 renuntiat.
2995 2935 3095 2992 Est
3133 2939 3296 2992 etiam
3345 2950 3528 2991 sermo

1921 3029 2112 3083 fortior
2138 3031 2226 3098 qui
2256 3029 2545 3084 continuat
2576 3045 2668 3084 cor
2699 3029 2936 3085 hominis
2967 3029 3320 3084 validioribus
3345 3029 3530 3099 Scrip-

1922 3127 2056 3176 turze
2087 3121 2323 3176 coelesus
2348 3119 2640 3177 alimentis.
2686 3121 2778 3176 Est
2805 3122 2967 3176 etiam
2997 3137 3175 3178 sei-mo
3206 3119 3486 3176 suasorius
3508 3162 3525 3189 ,

211 3216 480 3287 ﬂoresque
523 3232 855 3272 sermonum.
909 3216 1046 3284 Quis
1093 3227 1274 3274 autem
1321 3217 1533 3288 ignorat
1581 3219 1722 3289 quod
1740 3233 1816 3274 ex
1847 3219 1891 3280 C
1927 3215 2100 3271 dulcis
2133 3215 2320 3270 utmel
2347 3257 2362 3285 ,
2414 3221 2469 3270 ct
2496 3224 2673 3271 tamen
2705 3215 3001 3285 peccatoris
3039 3211 3429 3271 conscieniiam
3478 3213 3532 3270 in

216 3311 463 3380 paradiso
494 3310 608 3374 illo,
635 3325 796 3381 quem
829 3310 1056 3380 legimus
1083 3313 1133 3364 in
1166 3311 1365 3366 Genesi
1397 3309 1680 3367 habentem
1723 3313 1820 3383 lig-

217 3420 342 3457 num
375 3404 495 3458 vita:
517 3445 532 3469 ,
561 3415 615 3458 et
645 3405 848 3474 ligiitltn
875 3404 1117 3460 orientia!
1146 3403 1274 3458 boni
1302 3414 1354 3458 et
1381 3404 1507 3458 mali
1539 3409 1556 3474 (
1580 3403 1707 3459 Gen.
1739 3417 1778 3459 lt
1801 3447 1817 3472 ,

216 3499 297 3566 8),
326 3506 381 3552 et
411 3500 550 3570 ligna
576 3513 772 3555 cratera
796 3542 811 3567 ,
845 3500 1230 3555 abundantiam
1259 3501 1518 3556 virtutum
1553 3504 1822 3572 putaverit

219 3595 673 3663 transferendam,
705 3611 758 3652 ei
787 3599 840 3653 in
867 3597 1026 3653 horto
1057 3603 1253 3654 mentis
1276 3615 1398 3656 esse
1429 3598 1822 3666 plantandum?

220 3691 391 3760 Quem
427 3694 479 3746 in
524 3693 764 3748 Cantieis
794 3696 1132 3750 canticorum
1163 3695 1422 3751 Salomon
1453 3695 1671 3750 hortum
1701 3693 1822 3749 ani-

223 3801 326 3838 ma:
383 3785 744 3855 signiﬁcavit,
808 3787 893 3843 vel
956 3789 1127 3859 ipsam
1187 3789 1443 3843 animam.
1525 3789 1615 3846 Sic
1677 3789 1821 3844 enim

223 3879 485 3946 scriptum
514 3888 596 3932 est
621 3897 633 3930 :
679 3878 873 3934 Hortus
900 3881 1130 3944 clausus,
1155 3897 1302 3934 soror
1325 3898 1439 3935 mea
1460 3899 1680 3954 sponsa,
1707 3883 1828 3935 har-

225 3979 305 4024 tus
333 3969 559 4035 clausus,
579 3975 695 4041 fons
719 3973 972 4043 signatus,
997 3974 1408 4028 transmissiones
1431 3986 1533 4028 tua:
1554 3975 1830 4044 paradisus

228 4059 417 4133 (Cant.
447 4077 518 4123 tv,
557 4062 622 4115 i2
650 4073 698 4116 et
733 4065 796 4118 l5
897 4064 961 4118 Ει
991 4064 1128 4117 infra
1157 4065 1229 4117 ait
1261 4064 1440 4119 anima
1479 4083 1492 4117 :

229 4143 427 4222 aquilo,
459 4165 506 4208 et
535 4156 663 4219 veni,
693 4166 887 4222 auster,
911 4157 1078 4226 per/ia
1098 4159 1301 4210 hortum
1322 4173 1509 4222 meum,
1534 4168 1578 4211 et
1603 4158 1833 4228 deﬂuunt

233 4259 491 4319 unguenta
514 4265 644 4301 mea.
688 4247 978 4302 Descendat
1009 4252 1167 4319 frater
1189 4265 1329 4303 mena
1354 4251 1408 4303 in
1430 4250 1632 4305 hortum
1660 4267 1829 4304 suum.

233 4341 446 4408 Quanto
489 4340 592 4396 hoc
634 4341 911 4410 pulchrius
940 4343 1084 4413 quod
1127 4342 1306 4396 aniina
1353 4352 1541 4398 ornata
1575 4344 1832 4397 virtutum

235 4430 460 4487 ﬂoribus
489 4433 678 4488 hortus
707 4433 813 4504 sit,
841 4434 925 4489 vel
953 4434 1005 4489 in
1037 4448 1096 4489 se
1126 4433 1436 4505 paradisum
1478 4435 1672 4491 habeat
1715 4452 1838 4506 ger-

240 4529 536 4581 minantem
565 4521 756 4600 (lbid.,
788 4529 876 4599 16)
909 4530 924 4584 ι
961 4527 1015 4584 In
1043 4545 1203 4599 quem
1229 4528 1444 4584 hortum
1479 4529 1667 4583 invitat
1697 4527 1834 4584 Ver-

1926 3313 2041 3386 ipsa
2093 3313 2359 3367 suavitate
2405 3328 2794 3384 compungens.
2850 3313 2940 3368 ESI
2990 3313 3153 3368 etiam
3192 3310 3538 3368 lervcnliuris

1925 3407 2148 3476 spiritus
2189 3422 2369 3462 sermo
2389 3448 2402 3472 ,
2430 3407 2519 3476 qui
2552 3403 2786 3461 inebriat
2819 3407 2958 3461 sicut
2983 3407 3166 3461 vinum
3191 3449 3205 3474 ,
3231 3415 3285 3461 et
3312 3420 3407 3460 cor
3433 3407 3536 3460 ho-

1926 3501 2087 3553 minis
2118 3499 2375 3554 lwtilicat.
2429 3498 2525 3554 Est
2554 3501 2717 3554 etiam
2751 3498 2957 3555 lactens
2993 3515 3176 3555 seruio
3201 3541 3214 3563 ,
3270 3513 3434 3570 purus
3483 3505 3540 3554 et

1926 3593 2208 3648 candidus.
2265 3592 2372 3646 llos
2403 3593 2558 3648 cibos
2593 3593 2826 3649 dulcium
2862 3593 3182 3664 utiliumque
3225 3609 3538 3648 sermonum

1928 3679 2222 3760 epulandos
2243 3703 2476 3757 sponsus
2505 3688 2767 3757 proximis
2793 3689 2905 3744 suis
2929 3688 3088 3743 dicit:
3117 3685 3290 3755 Edite,
3315 3689 3540 3760 proximi

1931 3783 2052 3846 mei,
2086 3793 2131 3835 et
2163 3781 2318 3834 bibite
2346 3796 2390 3835 et
2420 3781 2768 3847 inebriamini,
2793 3787 2982 3853 fratres
3013 3784 3110 3837 mei
3137 3781 3319 3856 (Cant.
3355 3801 3384 3836 ν
3405 3825 3420 3851 ,
3457 3786 3536 3852 1).

1934 3873 2170 3930 Proximi
2220 3883 2399 3929 autem
2425 3887 2550 3930 sunt
2577 3878 2668 3947 qui
2699 3893 2822 3931 cum
2853 3890 3155 3949 sequuntur
3177 3919 3193 3947 ,
3243 3890 3298 3933 et
3341 3877 3544 3948 nuptiis

1934 3966 2054 4037 ejus
2087 3970 2371 4022 intersunt.
2403 3966 2524 4034 Quo
2552 3971 2674 4024 cibo
2693 3979 2749 4025 et
2775 3980 2899 4037 potu
2928 3971 3132 4041 repleta
3162 3971 3340 4026 anima
3366 3971 3385 4044 (
3413 3971 3546 4028 bibit

1545 4061 1788 4137 Exsurge
1813 4109 1828 4132 ,
1881 4077 1910 4098 ο
1936 4066 2080 4118 enim
2110 4063 2480 4134 unusquisque
2510 4080 2702 4133 aquam
2731 4067 2798 4120 de
2821 4067 2932 4121 suis
2962 4067 3106 4120 vasis
3131 4107 3147 4132 ,
3177 4078 3230 4122 et
3257 4069 3322 4121 de
3349 4080 3545 4138 puteo-

1937 4172 2055 4211 rum
2078 4172 2298 4212 suorum
2333 4157 2608 4230 iontibus)
2635 4169 2795 4231 atque
2828 4159 3088 4215 inebriato
3121 4201 3138 4228 ,
3176 4161 3376 4216 sarculo
3416 4161 3544 4217 dor-

1938 4254 2158 4315 miebat,
2191 4252 2448 4325 vigilabat
2489 4254 2619 4310 Deo.
2651 4256 2712 4310 Et
2745 4255 2907 4321 ideo,
2938 4256 3077 4311 sicut
3103 4257 3401 4325 posteriora
3443 4255 3547 4312 do-

1938 4356 2085 4412 cent,
2118 4346 2322 4416 aperiri
2344 4345 2450 4403 sibi
2477 4348 2616 4404 Dens
2637 4346 2874 4406 Verbum
2907 4349 3024 4423 ejus
3047 4351 3271 4422 januam
3309 4351 3549 4424 postula-

1942 4439 2053 4507 bat,
2087 4448 2144 4495 ιιι
2173 4457 2291 4496 eam
2324 4459 2424 4497 suo
2456 4442 2696 4512 repleret
2724 4442 2992 4515 ingressu.

2013 4533 2102 4588 21.
2137 4531 2272 4590 Hinc
2295 4551 2425 4607 ergo
2452 4536 2763 4606 epulatores
2793 4539 2868 4594 illi
2894 4538 3179 4610 Platonici,
3216 4539 3339 4595 liinc
3363 4548 3550 4596 nectar

240 4621 367 4674 bum
396 4619 490 4674 Dei
525 4621 856 4676 descendere
880 4663 894 4687 ,
932 4629 989 4676 ut
1014 4623 1190 4677 anima
1221 4624 1308 4676 illa
1340 4621 1498 4677 Verbi
1532 4623 1703 4677 imbre
1733 4638 1837 4680 (εω-
1865 4623 1918 4686 D
1945 4629 2076 4683 illud
2106 4646 2169 4683 ex
2201 4631 2326 4685 vino
2364 4638 2422 4686 et
2469 4631 2629 4687 melle
2660 4633 2980 4704 prophetico
3003 4678 3016 4702 ,
3054 4636 3177 4690 hinc
3208 4651 3431 4692 somnus
3459 4635 3552 4692 ille

243 4716 392 4770 Iestis
417 4758 431 4781 ,
460 4724 514 4770 et
540 4717 656 4786 ejus
682 4718 851 4786 copiis
878 4718 1090 4786 irrigata
1118 4715 1420 4772 lrnctilicet.
1468 4713 1704 4773 Verbum
1744 4734 1839 4772 au-

247 4816 353 4863 tem
387 4809 477 4863 Dei
510 4811 747 4880 pascitur
777 4811 970 4864 anima:
1002 4811 1312 4875 virtutibus,
1338 4807 1553 4880 quoties
1575 4809 1837 4866 obedien-

251 4985 407 5033 inss.,
436 4985 550 5040 qua:
574 4970 844 5040 pra’lt’ndit
868 4969 920 5024 in
957 4971 1159 5026 castris.
1189 4969 1333 5025 Bene
1357 5009 1372 5034 ,
1415 4969 1459 5022 si
1502 4978 1686 5024 mente
1718 4985 1846 5040 sup-

228 5047 418 5114 pleas.
446 5042 852 5110 taberiiiiculuiii,
883 5043 990 5109 vel,
1021 5059 1306 5112 coiiopeuiii
1330 5058 1349 5108 ;
1378 5040 1429 5096 id
1464 5052 1571 5108 est,
1595 5057 1718 5112 quin
1747 5043 1846 5098 de-

250 5117 327 5185 git
355 5114 408 5168 in
437 5116 650 5167 castris.

329 5196 354 5222 ιι
380 5188 560 5238 (Iudex
591 5184 772 5239 Albin.
799 5187 936 5240 alter
956 5225 972 5252 ,
1002 5187 1204 5239 hortum
1235 5185 1419 5238 Martis
1441 5223 1455 5238 .
1487 5226 1500 5238 .
1535 5224 1547 5238 .
1573 5225 1585 5237 .
1621 5194 1667 5238 et
1697 5186 1848 5240 deum

254 5267 302 5312 et
331 5255 568 5311 Mortem.
603 5256 794 5311 Melius
821 5257 1029 5327 Remig.
1058 5300 1070 5318 .
1101 5258 1302 5312 hortum
1345 5258 1530 5311 meritis
1562 5298 1575 5312 .
1611 5294 1626 5310 .
1663 5298 1675 5310 .
1705 5297 1717 5310 .
1754 5257 1850 5311 Jo-

257 5344 370 5383 vem
397 5329 576 5381 etenim
609 5328 780 5391 deum,
811 5337 856 5400 et
881 5341 1094 5381 intentent
1125 5331 1329 5382 homini
1358 5331 1540 5384 mentis
1565 5329 1714 5384 dixit.
1742 5327 1850 5400 Op-

261 5401 393 5454 time
423 5402 636 5468 reliqu‘i.
667 5414 733 5452 ac
761 5399 890 5452 edit.
925 5407 982 5452 ut
1013 5402 1063 5452 in
1093 5412 1257 5455 textu.

333 5470 358 5509 δ
385 5470 511 5524 Mira
538 5473 626 5524 hic
647 5473 700 5523 in
722 5486 849 5523 uias.
868 5479 1026 5538 atque
1049 5470 1245 5525 incdit.
1269 5473 1519 5528 varietas.
1547 5472 1685 5526 Alibi
1708 5471 1852 5527 enim

262 5545 431 5612 legas,
454 5553 602 5609 potus
619 5543 707 5612 qui
727 5552 900 5615 nectar
917 5557 936 5606 ;
953 5541 1100 5606 alibi,
1123 5555 1246 5613 potu
1261 5545 1347 5613 qni
1360 5553 1570 5599 nectar:
1592 5543 1744 5606 alibi,
1759 5560 1857 5615 pu-

265 5633 376 5669 riim
399 5615 486 5684 qui
503 5623 680 5666 nectar
695 5631 714 5678 ;
731 5614 872 5684 alibi
888 5618 1104 5682 propius
1130 5617 1194 5666 ad
1225 5629 1468 5678 sensum,
1492 5617 1650 5669 cadus
1670 5614 1856 5684 parum

262 5688 350 5756 qui
374 5683 569 5740 nectar.
595 5685 701 5742 Sed
730 5683 980 5756 omnibus
1006 5686 1366 5752 anteponendi
1391 5687 1510 5741 Vat.
1532 5697 1584 5740 ιιι
1614 5686 1757 5741 Vale.
1801 5687 1854 5742 in

269 5755 483 5827 quibus,
514 5757 682 5810 Porus
709 5755 796 5825 qui
818 5764 1010 5827 nectar,
1041 5764 1148 5809 etc.
1193 5756 1452 5810 Ile-morat
1470 5759 1614 5812 enim
1641 5763 1858 5812 sani-tus

271 5826 352 5885 vir
378 5845 443 5886 ea
466 5846 586 5900 qua:
616 5847 667 5884 in
699 5826 985 5899 Symposio
1017 5827 1168 5882 Plato
1196 5829 1404 5897 scribit,
1429 5844 1620 5900 nempe
1648 5831 1700 5883 in
1730 5844 1861 5886 con-

1949 4723 2244 4779 translatus
2288 4735 2411 4791 est,
2455 4725 2583 4783 hinc
2613 4727 2716 4782 vita
2747 4729 2836 4784 illa
2875 4742 3169 4800 perpetua,
3216 4749 3372 4801 quam
3419 4731 3552 4787 deos

1946 4829 2075 4870 suos
2102 4815 2235 4870 dixit
2266 4817 2474 4886 epulari
2501 4859 2516 4886 ,
2567 4818 2694 4890 quia
2736 4817 2985 4878 Christus
3015 4822 3119 4878 vita
3151 4830 3253 4878 est.
3313 4821 3551 4893 Ideoque

1952 4974 2098 5027 vivio
2120 4983 2342 5042 propter
2368 4988 2546 5031 natam
2573 4975 2836 5036 Venerem
2864 4980 3142 5037 celebrato
3161 4976 3356 5036 Porum
3381 4979 3551 5036 abun-

1953 5045 2152 5120 daiitiie
2175 5047 2356 5120 deum.
2385 5056 2446 5103 ut
2469 5052 2704 5106 nectaris
2720 5054 2996 5120 crapulam
3013 5053 3398 5117 olliaiaret,'in
3423 5057 3551 5107 lior-

1957 5125 2067 5194 tnm
2090 5117 2239 5172 Jovis
2263 5119 2564 5189 ingreSsum
2591 5117 2953 5184 obdormisse.
3000 5125 3066 5178 ad
3090 5125 3245 5194 cujus
3266 5129 3404 5178 latus
3428 5139 3550 5179 cum

1961 5188 2121 5268 l’enia
2181 5188 2512 5268 paupertatis
2539 5195 2641 5248 dea
2689 5188 3222 5268 seseadmovisse't,
3270 5197 3552 5268 gravidam

1957 5259 2151 5334 faciam
2170 5259 2426 5318 Amorem
2457 5271 2751 5334 peperisse.
2788 5267 2984 5320 Verum
3015 5282 3140 5321 cum
3171 5259 3549 5333 niin'Peni'am,

1959 5341 2017 5386 ut
2047 5333 2202 5388 Rom.
2236 5334 2367 5390 edit.
2397 5333 2664 5404 reposuit,
2692 5338 2785 5393 sed
2826 5336 3094 5404 Venerem,
3122 5337 3316 5396 ιιιιιιιτιε
3339 5354 3554 5404 omnes,

1959 5416 2014 5478 et
2040 5409 2216 5478 cuncti
2251 5421 2381 5461 tnSs.
2415 5411 2650 5472 habent,
2697 5412 2748 5463 in
2784 5410 2998 5463 hortum
3041 5412 3344 5464 introivisse
3369 5410 3554 5478 dicat,

1965 5477 2179 5532 videtur
2209 5483 2411 5533 hancce
2441 5479 2678 5533 fabulam
2706 5497 2776 5536 ex
2807 5481 3066 5533 memoria
3097 5492 3301 5534 tantum
3331 5496 3561 5535 enarra-

1966 5563 2046 5612 re,
2078 5565 2176 5606 nec
2204 5565 2307 5603 non
2342 5554 2455 5615 pori
2490 5552 2708 5606 nomine
2743 5551 3074 5606 intellexisse
3121 5567 3228 5606 non
3270 5553 3431 5608 deum
3461 5551 3562 5608 ali-

1964 5635 2147 5688 quem,
2179 5629 2235 5676 at
2261 5621 2438 5688 potius
2463 5624 2673 5674 alveum
2707 5621 2819 5677 sive
2842 5623 3117 5689 canalem,
3153 5626 3296 5680 unde
3324 5627 3562 5680 nectaris

1966 5693 2114 5749 rivus
2142 5693 2452 5746 dimanahat
2475 5706 2492 5756 ;
2544 5691 2704 5755 πόρος
2733 5691 2882 5747 enim
2908 5704 3006 5762 pro
3033 5696 3190 5752 alveo
3218 5695 3337 5754 sive
3385 5695 3564 5754 canali

1967 5764 2110 5833 apud
2139 5767 2399 5835 probatos
2427 5775 2678 5819 auctores
2708 5764 3000 5820 invenitur.
