4082 6370
658 293 762 352 551

2006 289 2249 349 SANCTI
2287 292 2612 351 AMBROSII

3881 299 3958 354 552

664 411 848 466 talium
877 421 1182 466 sermonum
1213 405 1512 464 seminibus
1540 405 1736 462 animae
1763 406 1881 478 ejus
1910 407 2151 477 repletus
2171 419 2254 464 est
2280 413 2328 471 Α
2358 408 2607 479 quaadam
2633 416 2795 476 sunt;
2849 417 2904 465 et
2946 409 3088 482 quod
3118 411 3282 483 pejus
3315 419 3410 468 est
3436 454 3454 479 ,
3503 425 3654 467 escae
3694 413 3952 474 malarum.

660 515 863 568 venter,
899 515 1056 574 atque
1096 500 1207 571 ipsa
1235 502 1402 555 exivit
1432 503 1482 555 in
1513 499 1711 557 Verbo.
1758 502 1890 570 Qua:
1917 515 2096 556 autent
2139 505 2251 558 exit

657 598 832 652 anima
859 612 887 650 a
917 596 1138 651 servitio
1168 596 1273 652 isto
1299 637 1316 664 ,
1358 605 1412 652 et
1438 596 1612 651 elevat
1647 611 1707 651 se
1737 612 1766 650 a
1794 611 2022 666 corpore
2052 637 2066 662 ,
2115 596 2249 652 Ver-

655 689 781 746 bum
812 687 1073 760 sequitur.

1268 801 1498 860 CAPUT
1541 802 1627 857 Vl.

651 934 752 992 Hic
791 937 965 992 omnia
1007 937 1201 1008 laqueis
1233 939 1616 1012 principatuntn
1645 939 1905 994 aeriornnt
1935 949 1982 994 et
2027 951 2250 1010 potesta-

718 1041 822 1084 tum
835 1030 1015 1084 mundi
1038 1033 1190 1100 plena
1207 1049 1333 1086 esse.
1359 1032 1632 1098 Quomodo
1654 1032 1690 1087 ii
1707 1034 2034 1101 declinandi;
2053 1035 2248 1105 quodve

715 1122 810 1176 iter
838 1121 908 1176 ad
932 1123 1064 1177 illud
1090 1123 1478 1179 insistendum?

715 1235 806 1291 22.
839 1235 947 1292 Sed
969 1245 1095 1292 sunt
1118 1238 1451 1309 principatus
1472 1238 1629 1300 aerii.
1645 1248 1698 1293 et
1723 1247 2014 1309 potestates
2038 1240 2242 1305 tuundi,

643 1331 734 1401 qui
769 1346 868 1385 nos
909 1340 933 1367 α
962 1333 1102 1385 velut
1131 1331 1198 1386 de
1231 1348 1386 1386 nmro
1411 1330 1643 1402 dejicere
1670 1331 1864 1386 anima:
1891 1374 1906 1397 ,
1959 1331 2044 1386 vel
2072 1335 2240 1402 impe-

643 1422 764 1478 dire
797 1435 944 1480 reete
968 1423 1278 1494 gradientes
1305 1464 1319 1488 ,
1354 1426 1435 1479 vel
1466 1425 1531 1478 ad
1561 1424 1753 1479 altiora
1784 1425 2068 1479 tendentes
2096 1442 2246 1496 qna:-

645 1525 774 1570 runt
803 1515 1123 1587 deponere,
1175 1523 1230 1571 et
1268 1515 1334 1570 ad
1390 1527 1607 1572 terrena
1649 1532 1930 1573 revocare.
1989 1517 2096 1573 Sed
2145 1534 2244 1575 nos

647 1608 822 1662 multo
853 1608 1026 1679 magis
1062 1609 1129 1663 ad
1172 1610 1422 1664 sublimia
1473 1620 1707 1666 mentem
1757 1613 2034 1683 erigamus
2060 1653 2075 1679 ,
2109 1611 2243 1668 Ver-

645 1702 774 1768 bum
808 1713 1103 1772 sequentes
1133 1704 1248 1758 Dei.
1283 1703 1364 1758 llli
1390 1705 1726 1775 principatus
1750 1707 2030 1761 s:t-cularia
2063 1707 2240 1761 offun-

643 1799 810 1864 dunt,
845 1800 1045 1870 quibus
1082 1809 1229 1855 tuam
1263 1810 1496 1855 mentem
1525 1799 1808 1856 incurrent
1839 1819 1852 1856 :
1903 1812 2031 1856 tunc
2070 1800 2242 1871 magis

642 1891 712 1947 ad
747 1891 1025 1947 Cltrisutm
1051 1933 1066 1957 ,
1097 1895 1274 1947 anima
1304 1933 1318 1954 ,
1350 1892 1519 1962 dirige
1544 1909 1767 1962 gressus
1794 1903 1936 1949 tuos.
1983 1894 2240 1964 lnjicmnt

642 1983 996 2054 cutiiilitatem
1025 1985 1142 2039 auri
1169 2027 1184 2050 ,
1217 1986 1452 2056 argenti,
1488 1987 1683 2040 vicina:
1713 1986 2080 2056 possessionis
2111 2003 2125 2053 ;
2181 1996 2238 2042 ut

641 2079 988 2153 acquirendae
1015 2079 1133 2148 ejus
1156 2079 1327 2149 gratia
1359 2095 1587 2135 excuses
1621 2090 1675 2137 te
1710 2097 1738 2133 a
1781 2095 1938 2136 caena
1979 2082 2121 2135 illius
2147 2081 2238 2150 qui

638 2173 706 2230 ad
732 2175 946 2241 nuptias
978 2171 1138 2228 Verbi
1182 2183 1235 2228 te
1265 2173 1552 2238 invitavit;
1606 2183 1660 2227 ttt
1687 2187 1816 2227 cave
1857 2190 1923 2228 ne
1967 2190 2234 2242 excuses,

635 2267 730 2323 sed
759 2279 964 2322 veSIem
1011 2277 1062 2321 te
1094 2266 1257 2322 indue
1298 2267 1596 2335 nuptialem
1627 2308 1641 2332 ,
1689 2277 1742 2321 et
1789 2279 1943 2324 utere
1987 2271 2238 2324 convivio

634 2359 859 2422 divitis;
886 2375 956 2416 ne
982 2359 1135 2414 dives
1158 2364 1248 2430 qui
1283 2371 1336 2413 te
1367 2359 1711 2425 invitaverat,
1739 2374 1860 2413 cum
1886 2363 2237 2417 excusaveris

636 2461 709 2518 te,
733 2452 860 2508 dum
891 2467 951 2507 es
978 2453 1333 2506 saecularibus
1354 2461 1674 2520 occupatus,
1703 2451 1841 2505 alios
1873 2453 2084 2517 invitet,
2109 2465 2164 2509 et
2182 2463 2236 2509 tu

633 2545 961 2601 excltnlarts.
1012 2542 1264 2612 lnjiciunt
1293 2545 1456 2598 etiam
1487 2542 1710 2598 honoris
1739 2548 2103 2613 appetentiam
2145 2563 2236 2617 po-

637 2645 862 2694 testates
895 2637 1080 2692 mundi
1106 2653 1121 2700 ;
1157 2649 1210 2691 ut
1245 2647 1297 2692 te
1327 2637 1560 2692 extollas
1591 2639 1731 2692 sicut
1755 2639 1926 2694 Adam
1957 2682 1971 2706 ,
2022 2648 2080 2697 et
2103 2640 2234 2696 dum

634 2732 717 2786 vis
746 2729 1034 2800 adaequare
1061 2729 1229 2784 Deum
1277 2729 1632 2785 similitudine
1686 2735 2004 2801 potestatis.
2048 2733 2233 2789 divina

632 2832 904 2896 praecepta
934 2822 1238 2894 despicias,
1269 2833 1318 2878 et
1359 2839 1478 2894 quae
1512 2823 1751 2878 habebas
1775 2867 1791 2894 ,
1823 2827 2051 2897 incipias
2075 2831 2236 2882 amit-

632 2925 771 2973 tere.
801 2916 902 2986 Qui
931 2917 1076 2973 enim
1121 2933 1229 2972 non
1259 2915 1422 2974 habet
1447 2958 1459 2984 ,
1501 2925 1558 2973 et
1582 2921 1725 2988 quod
1749 2917 1912 2975 habet
1955 2920 2235 2976 auferetur

629 3010 700 3067 ab
727 3028 814 3066 eo.

699 3105 790 3161 25.
841 3104 1066 3174 Quoties
1098 3104 1150 3160 in
1180 3102 1427 3160 oratione
1455 3105 1614 3161 nobis
1636 3146 1651 3172 ,
1697 3121 1800 3175 qtta
1846 3107 2082 3162 maxime
2122 3107 2232 3163 Deo

2352 519 2492 558 εδοξε
2522 505 2900 557 tentatiouttm.
2957 505 3090 559 Dum
3122 508 3488 576 Voluptatem
3522 507 3750 576 quaeris,
3779 508 3956 573 laqueos

2352 595 2606 651 incurris.
2633 595 2661 635 ι’
2692 597 2889 652 Oculos
2919 599 3062 653 enim
3090 599 3442 665 meretricis,
3476 600 3721 669 laqueus
3747 605 3956 656 amators

2352 699 2455 745 est.
2483 689 2686 745 Oculus
2707 706 2838 762 ergo
2858 692 3159 747 meretricis
3185 702 3276 748 est
3304 694 3588 765 laqueus.
3647 692 3878 764 Laqueus
3901 707 3954 747 est

2351 782 2515 839 etiam
2561 798 2741 838 sermo
2784 786 3123 851 meretricis,
3185 788 3282 856 qui
3328 787 3622 841 obdulcat
3671 787 3741 841 ad
3790 796 3954 856 tempus

2351 874 2537 930 fauces
2575 885 2730 941 tuas,
2779 890 2834 931 et
2880 890 3066 946 postea
3121 890 3433 950 exasperat
3482 895 3592 934 eas
3645 883 3953 936 amaritudine

2351 969 2697 1023 conscientiae
2728 971 3063 1039 peccatricis.
3096 972 3360 1044 Laqueus
3389 986 3482 1029 est
3510 975 3709 1028 aliena
3737 979 3953 1042 possessis

2353 1059 2508 1129 plena
2534 1062 2883 1116 amoenitatis.
2937 1063 3108 1120 Omne
3142 1067 3250 1121 iter
3291 1068 3465 1121 istius
3502 1069 3643 1122 vita:
3677 1067 3878 1136 plenum
3900 1072 3948 1122 ιι-

2348 1168 2608 1223 queorum
2631 1165 2731 1210 est.
2769 1154 2918 1211 Unde
2939 1157 3122 1227 justus
3147 1159 3287 1214 dicit
3330 1178 3346 1214 :
3385 1159 3460 1214 In
3497 1162 3591 1213 via
3624 1161 3730 1215 hac
3765 1179 3855 1230 qua
3880 1182 3950 1215 m-

2350 1244 2587 1300 bulabam
2614 1289 2628 1306 .
2661 1247 3038 1304 absconderant
3063 1251 3275 1310 laqueos
3309 1253 3446 1305 mihi
3485 1252 3703 1325 (Psal.
3730 1269 3860 1316 cxu,
3882 1257 3903 1309 4

2349 1337 2417 1394 In
2449 1343 2552 1407 via,
2586 1343 2792 1414 inquit,
2823 1345 2920 1398 hac
2939 1345 3321 1400 absconderant
3348 1365 3369 1413 ;
3401 1347 3549 1402 ideo
3584 1359 3647 1402 tn
3685 1351 3832 1404 illam
3856 1353 3945 1405 vita

2349 1436 2567 1491 ambula
2591 1454 2712 1509 qua:
2739 1438 2866 1494 dicit
2906 1457 2917 1493 :
2968 1439 3081 1513 Ego
3123 1458 3238 1495 sum
3264 1445 3345 1496 via
3375 1485 3391 1509 ,
3436 1455 3495 1498 et
3531 1446 3744 1499 veritas
3769 1487 3786 1508 ,
3829 1448 3946 1498 ctua

2353 1529 2546 1603 (Joan.
2573 1549 2661 1588 xtv
2689 1575 2703 1595 .
2727 1532 2836 1605 6);
2870 1545 2925 1588 ut
2949 1535 3098 1590 dicas
3125 1554 3138 1589 :
3171 1538 3422 1592 Animam
3473 1555 3671 1593 mam
3720 1543 3942 1598 convertit.

2363 1623 2576 1678 deduxit
2609 1641 2688 1678 me
2717 1643 2869 1694 super
2894 1629 3101 1682 semitas
3113 1632 3339 1702 justitiae
3373 1643 3621 1703 propter
3640 1648 3831 1688 nomen
3851 1651 3942 1688 sm

2352 1713 2528 1786 (Paul.
2560 1733 2698 1782 xxtt,
2729 1719 2808 1786 '5).

2417 1805 2510 1861 25.
2561 1808 2824 1864 Moriatur
2857 1810 3017 1882 igitur
3040 1813 3197 1868 nobis
3226 1813 3330 1869 hoc
3360 1817 3662 1872 szrculum
3694 1860 3711 1884 ,
3745 1820 3942 1874 muriam

2345 1901 2502 1955 nobis
2529 1903 2711 1957 carnis
2743 1904 2898 1958 istius
2923 1908 3186 1976 sapientia
3216 1948 3231 1968 ,
3283 1924 3413 1977 qua:
3457 1911 3711 1968 inimica
3742 1923 3824 1967 est
3859 1915 3936 1967 Deo.

2341 1994 2704 2064 Subjiciatnus
2731 1999 2965 2053 animam
3004 2013 3244 2058 nostram
3273 2005 3375 2058 soli
3409 2005 3666 2061 Christo
3693 2049 3710 2071 ,
3767 2019 3822 2064 ut
3847 2010 3938 2064 diei

2342 2095 2710 2162 unusquisque
2755 2110 2769 2146 :
2834 2092 3025 2150 Nonne
3070 2095 3175 2151 Deo
3218 2099 3459 2168 subjecta
3506 2113 3594 2154 est
3651 2105 3832 2158 animo
3870 2123 3935 2157 ea

2343 2183 2363 2256 (
2390 2184 2536 2240 Psal.
2568 2203 2663 2241 LXI
2689 2228 2706 2254 ,
2738 2187 2774 2240 2
2795 2190 2814 2257 )
2836 2187 2858 2241 ?
2884 2188 2999 2244 Non
3041 2191 3247 2246 saeculo
3274 2193 3503 2248 subdita
3534 2237 3552 2261 ,
3597 2212 3718 2252 It0n
3750 2199 3934 2262 munda,

2341 2273 2536 2348 inquit,
2569 2279 2806 2335 subdita.
2837 2281 2950 2336 Non
2985 2291 3161 2352 potest
3191 2285 3294 2340 hoc
3324 2288 3690 2352 pecuniosus
3714 2333 3730 2355 ,
3762 2309 3858 2346 non
3880 2308 3938 2361 po»

2339 2379 2446 2426 test
2471 2389 2666 2428 aVarus
2693 2375 2905 2432 dicere:
2935 2377 3027 2431 sed
3050 2379 3175 2432 dicit
3198 2380 3379 2450 justus
3405 2393 3465 2438 et
3488 2387 3822 2443 continens.
3844 2390 3932 2442 Ara

2339 2480 2432 2519 rus
2466 2475 2644 2520 autent
2677 2469 2810 2523 ilicit
2850 2487 2862 2521 :
2912 2471 3098 2526 Anima
3119 2515 3134 2536 ,
3172 2473 3330 2529 habes
3355 2479 3535 2530 multa
3564 2479 3720 2535 bona
3743 2484 3794 2535 in
3821 2499 3932 2534 anesi

2340 2557 2528 2612 multos
2559 2561 2748 2627 posita,
2778 2563 3058 2633 requiesce,
3092 2568 3374 2628 manduca.
3404 2568 3552 2634 bibe.
3579 2575 3808 2640 epulare
3826 2575 3928 2645 (Lar.

2341 2665 2443 2716 xu,
2476 2652 2565 2724 19)
2591 2670 2606 2717 ;
2635 2655 2758 2722 quia
2788 2657 2935 2709 avari
2968 2659 3144 2710 anima
3175 2659 3396 2715 subdita
3427 2673 3522 2718 est
3572 2665 3816 2721 luxuria:
3850 2684 3929 2721 cur.

2340 2749 2510 2818 porali
2539 2766 2552 2802 :
2594 2749 2720 2820 justi
2753 2761 2934 2807 autem
2967 2754 3146 2808 anima
3178 2760 3352 2811 utitur
3383 2772 3643 2828 corpore
3695 2774 3754 2817 ut
3782 2764 3926 2818 instre-

2339 2851 2522 2895 mento
2553 2854 2644 2896 aut
2674 2857 2879 2913 organo
2902 2886 2916 2908 ,
2971 2861 3090 2914 qua:
3122 2847 3268 2902 velut
3316 2852 3597 2918 praeclara
3646 2856 3836 2911 artifex
3859 2870 3925 2924 qua

2339 2935 2453 2990 vult
2479 2936 2800 3007 obsequium
2846 2939 3090 3010 corporis
3113 2942 3282 3007 ducit,
3307 2953 3365 2998 et
3395 2946 3628 3017 effingit
3660 2951 3732 3004 de
3757 2966 3820 3005 eo
3842 2966 3922 3019 spe

2336 3030 2474 3085 ciem
2504 3046 2665 3100 quam
2699 3033 2946 3102 elegerit.
2977 3043 3033 3089 et
3057 3050 3150 3090 eas
3178 3053 3314 3108 quas
3338 3039 3589 3096 voluerit
3616 3084 3634 3107 ,
3671 3043 3798 3100 facit
3825 3047 3865 3098 iu
3884 3061 3922 3098 ω

2336 3137 2597 3213 resqnare
2624 3125 2888 3188 virtutes,
2922 3143 3161 3198 pztngetts
3196 3147 3340 3186 nunc
3371 3136 3649 3191 modulos
3681 3140 3920 3201 castitatis,

624 3199 1165 3272 apprOjsinqnatuus,
1217 3198 1576 3254 oﬂ'uudmtlur
1622 3215 1684 3254 ea
1734 3217 1855 3268 qttte
1899 3202 2054 3270 plena
2105 3212 2228 3255 sunt

2338 3198 2481 3270 nun'c
2516 3217 2762 3272 modulos
2794 3221 3190 3287 temperantiae.
3220 3224 3548 3282 sobrietatis
3577 3245 3810 3288 carmen
3831 3275 3844 3297 ,
3868 3235 3920 3284 in-

623 3292 906 3365 opprobrii
935 3291 1164 3362 alicujus
1191 3304 1282 3346 aut
1313 3292 1556 3358 sceleris,
1588 3307 1696 3362 quo
1725 3307 1824 3347 nos
1845 3309 1873 3346 a
1899 3294 2077 3347 studio
2101 3309 2223 3362 prce

623 3389 855 3442 caliunts
903 3387 1198 3442 avertant!
1249 3386 1477 3452 Quoties
1527 3386 1779 3439 inimicus
1823 3387 1973 3440 Cordi
2034 3398 2222 3442 uOstro

625 3489 851 3538 conatur
879 3480 1138 3546 inserere,
1168 3496 1276 3551 quo
1301 3496 1399 3534 nos
1424 3480 1668 3536 reflectat
1694 3496 1723 3534 a
1753 3479 2053 3534 sanctitatis
2092 3496 2220 3552 pro-

623 3574 805 3646 ι)οείιο
833 3586 885 3628 et
914 3575 1014 3644 piis
1043 3572 1183 3627 votis
1210 3572 1222 3626 Ξ
1252 3573 1475 3639 Quoties
1497 3588 1576 3626 cm
1595 3587 1787 3639 porcos
1817 3572 2114 3627 inﬂammat
2136 3590 2225 3627 ar-

623 3670 826 3726 dotes!
876 3668 1103 3738 Quoties
1144 3682 1431 3721 occursare.
1457 3665 1623 3738 ωο
1664 3667 1790 3720 facit
1823 3667 2012 3722 oculos
2044 3683 2223 3722 uit-re-

623 3764 828 3827 lt‘iclOs,
849 3760 1047 3834 quibus
1065 3760 1418 3828 casttttujttsti
1449 3771 1620 3815 tentet
1637 3757 1913 3827 aﬂ'eclum,
1945 3771 2000 3812 ut
2023 3765 2224 3830 impro-

619 3860 738 3915 viso
768 3860 969 3914 amoris
1000 3850 1213 3928 spiculo
1241 3853 1396 3910 feriat
1424 3854 1746 3924 imparatum
1773 3857 1786 3908 !
1821 3853 2047 3922 Quoties
2079 3856 2225 3908 iuse-

619 3957 691 4014 rit
717 3959 899 4011 animo
929 3965 1024 4011 tuo
1050 3953 1274 4008 verbum
1317 3951 1596 4018 iniquum.
1631 3960 1683 4006 et
1706 3949 2063 4020 citgitattOnes
2103 3965 2225 4006 cor-

620 4050 702 4107 dis
728 4047 1111 4105 absconditos!
1163 4047 1237 4101 De
1269 4061 1374 4116 quo
1406 4045 1501 4100 tibi
1531 4043 1662 4099 dicit
1687 4045 1772 4100 lcx
1809 4061 1822 4098 :
1856 4044 2074 4099 Attende
2102 4044 2222 4109 tibi,

621 4160 685 4199 ne
735 4143 822 4214 ﬁat
875 4141 1083 4196 verbum
1133 4139 1493 4193 absconditum
1543 4139 1598 4192 in
1649 4140 1803 4192 corde
1857 4149 1944 4194 tuo
1990 4140 2226 4209 ittiquum

624 4233 826 4310 (Deut.
858 4250 928 4289 xv
957 4276 972 4300 ,
998 4235 1056 4304 9)
1080 4275 1094 4298 ,
1124 4242 1178 4288 et
1201 4234 1344 4286 tltcat
1374 4233 1471 4286 tibi
1507 4232 1804 4286 Dominus:
1839 4233 1980 4301 Quid
2014 4235 2225 4305 cogitas
2279 4291 2284 4298 _

622 4329 762 4386 mala
790 4327 841 4381 in
869 4325 1033 4382 corde
1062 4325 1198 4379 tuo?
1245 4324 1392 4380 Neve
1423 4340 1544 4379 cunt
1582 4326 1944 4381 abundaveris
1993 4343 2128 4382 auro
2172 4336 2227 4383 et

620 4429 868 4490 argento,
899 4429 954 4474 et
985 4418 1181 4487 Opimia
1210 4431 1463 4486 agrorum
1497 4416 1785 4484 fructibus,
1816 4420 1899 4472 vel
1934 4419 2226 4476 honoribus

620 4513 808 4570 dicas:
845 4513 1026 4567 Virtus
1053 4527 1171 4566 utea
1217 4511 1360 4565 dedit
1412 4510 1542 4564 mihi
1591 4511 1744 4573 lucc;
1795 4520 1852 4568 et
1891 4514 2226 4572 obliviscaris

622 4604 907 4662 Dominunt
946 4605 1114 4658 Deum
1147 4612 1297 4656 tuum
1323 4601 1502 4675 (Deut.
1535 4619 1646 4667 vtu,
1681 4603 1748 4658 12
1770 4617 1816 4658 et
1839 4605 1993 4677 seq.).

689 4699 780 4755 24.
819 4697 910 4752 llis
936 4711 1067 4767 ergo
1095 4695 1275 4749 anima
1308 4710 1429 4766 qua:
1459 4697 1607 4763 cupit
1633 4701 1872 4762 evolare,
1905 4698 2218 4768 deponitur.

621 4796 726 4856 Sed
753 4807 807 4850 tu
835 4793 1125 4848 obloctare
1149 4791 1301 4862 quasi
1330 4790 1506 4845 bonus
1534 4792 1692 4847 miles
1717 4791 1919 4850 Christi
1950 4793 2079 4852 Jt-su
2109 4839 2123 4863 ,
2164 4805 2220 4852 et

621 4889 875 4947 inferiora
902 4882 1235 4955 despiciens,
1266 4890 1481 4936 terrena
1509 4883 1858 4954 oblivisci-us,
1884 4886 1950 4941 ad
1973 4890 2216 4944 cmlestia

619 4995 673 5042 et
697 4978 906 5039 aeterna
934 4974 1222 5035 Contende.
1275 4976 1475 5030 Attolle
1501 4976 1735 5032 animam
1777 4992 1921 5034 tuam
1948 5021 1964 5049 ,
1997 4998 2064 5037 ne
2093 4997 2214 5037 eam

621 5079 804 5150 illiciat
867 5091 992 5134 esca
1036 5073 1381 5143 laqueorum.
1439 5068 1756 5140 Voluptates
1800 5075 2022 5144 sazculi,
2069 5092 2212 5134 escae

691 5264 718 5292 α
743 5253 874 5310 Μ-ε.
898 5247 1104 5309 aliquot
1129 5285 1146 5308 ,
1173 5241 1254 5297 vel
1281 5241 1344 5296 de
1368 5255 1516 5314 muro
1539 5241 1756 5314 dejicere
1781 5244 1984 5300 animte.
2031 5247 2208 5314 Flor.,

619 5327 682 5381 de
702 5335 871 5379 monte
891 5317 1110 5392 dejicere
1133 5316 1185 5392 in
1206 5315 1331 5368 ima.
1370 5313 1797 5392 Melittsreliqui,
1821 5319 2025 5392 εει-ριιη,
2050 5313 2210 5374 Nalm

619 5413 721 5467 que
751 5383 1085 5467 alltttlit'Cqu
1118 5386 1182 5440 ad
1216 5401 1277 5440 ea
1310 5383 1764 5467 Βᾏβθΐίπίεῇθξξβ·
1795 5385 1990 5467 ’,ηγετς
2031 5406 2208 5445 "mqu

619 5452 788 5522 dnimn
810 5509 823 5526 ,
856 5477 964 5517 tttnt
996 5459 1060 5513 ad
1096 5473 1245 5522 ttrov.
1276 5497 1289 5514 .
1339 5452 1514 5507 Furca
1553 5452 1909 5526 vel‘FurcilIis
1950 5459 2013 5510 de
2060 5479 2208 5516 muro

621 5524 855 5610 dejicere.
903 5531 1054 5602 Quod
1081 5527 1428 5599 proverbium
1460 5525 1598 5610 apud
1630 5524 2208 5610 Grzm-os_h:ttiuosque

621 5601 816 5678 pe'rvag
835 5601 962 5678 itum
993 5614 1254 5678 t-x_tn_nre_
1281 5607 1762 5678 propugnatorum
1783 5601 1942 5678 iit-lii.
1972 5603 2207 5678 obsessa)

622 5669 804 5731 δη,ηῆ
822 5676 991 5730 dum”
1027 5673 1089 5728 Hi
1120 5670 1384 5740 ,iqttitietu
1418 5682 1513 5723 eos
1540 5682 1606 5742 ex
1637 5669 1877 5722 liosttlut~
1905 5674 1994 5742 qui
2027 5691 2206 5730 inuros

622 5748 984 5803 conscendere
1026 5739 1386 5798 moliebantur
1410 5782 1424 5810 ,
1475 5739 1724 5795 solebant
1765 5739 1936 5798 furcis
1969 5743 2208 5816 dejicere

624 5828 785 5892 atque
811 5817 1114 5874 exturbare.

2337 3309 2606 3378 tegritntis
2634 3309 3002 3371 dulcedinem.
3036 3317 3365 3385 virginitatis
3395 3322 3770 3390 suavitatem,
3797 3326 3917 3396 grati-

2326 3407 2489 3455 latetn
2525 3401 2822 3458 viduitatis.
2858 3403 3130 3460 Interdum
3166 3418 3345 3464 tamen
3382 3414 3719 3473 modulator
3742 3435 3920 3488 conqu-

2328 3493 2458 3547 titur
2488 3511 2692 3563 organo
2720 3512 2840 3550 Slltl.
2887 3500 2954 3553 Et
2986 3500 3108 3555 ideo
3139 3499 3370 3558 honesta
3401 3509 3707 3565 inodttlare
3731 3552 3749 3574 .
3795 3522 3842 3564 ut
3876 3512 3922 3562 sil

2326 3585 2555 3642 honesta
2589 3592 2916 3660 eotnpassio.
2967 3593 3101 3648 Nam
3129 3609 3184 3650 et
3219 3597 3308 3653 ille
3337 3601 3429 3668 qui
3473 3603 3635 3658 videt
3664 3649 3681 3672 ,
3728 3607 3921 3661 videndo

2327 3681 2684 3754 plerumque,
2735 3698 2788 3740 et
2819 3688 3044 3742 audiens
3074 3692 3349 3748 audiendo
3388 3699 3665 3753 afficitur.
3722 3701 3788 3756 Et
3831 3701 3921 3756 ideo

2327 3773 2451 3829 dicit
2485 3775 2758 3846 Scriptura
2787 3798 2798 3833 :
2835 3779 2983 3834 Oculi
3012 3785 3086 3836 tui
3113 3795 3253 3838 rccla
3278 3786 3486 3842 uideant
3519 3790 3721 3850 (Prov.
3741 3793 3917 3860 tv,25).

2329 3867 2395 3922 Et
2424 3867 2562 3924 intra
2587 3891 2600 3927 :
2631 3870 2716 3925 Ne
2739 3877 2930 3930 multus
2960 3877 3120 3943 [ueris
3147 3879 3216 3931 ad
3242 3881 3493 3936 alienam.
3537 3883 3673 3940 Noli
3700 3889 3920 3942 intrudere
4011 3867 4013 3956 i

2327 3963 2380 4016 in
2411 3965 2588 4018 oculos
2603 3968 2918 4039 juvenculaz.
2952 3967 3079 4025 Noli
3109 3974 3372 4031 intendere
3397 3981 3453 4032 in
3478 3983 3642 4034 verba
3672 3983 3919 4037 meretridt

2329 4055 2511 4127 (Protv.
2550 4075 2603 4128 v,
2629 4059 2700 4117 ‘20
2723 4072 2772 4116 et
2801 4065 2922 4134 aL).

2828 4206 2989 4284 ἀοι
3029 4210 3264 4270 CAPUT
3306 4215 3420 4273 vu.

2330 4313 2566 4386 anueos
2596 4336 2795 4391 quoque
2839 4323 2984 4378 nobis
3031 4327 3382 4398 circumfusos
3413 4349 3525 4388 esse
3573 4336 3629 4391 in
3679 4356 3916 4398 corpore:

2401 4417 2498 4470 ltoc
2515 4419 2621 4490 regi
2647 4431 2885 4485 oporlere
2909 4422 2971 4474 ab
3000 4424 3198 4489 anima,
3221 4442 3336 4495 qua:
3362 4440 3534 4484 tamen
3559 4433 3668 4505 ipsi
3696 4451 3921 4489 nanum.

2401 4527 2555 4580 quam
2575 4514 2903 4580 contpalitur.
2935 4514 3192 4571 Prwterea
3218 4530 3292 4573 tot
3313 4523 3572 4579 molestiis
3594 4529 3754 4582 vitam
3780 4530 3918 4583 abun-

2250 4631 2306 4691 D
2403 4605 2530 4658 dare
2551 4645 2565 4666 .
2600 4619 2653 4660 ul
2683 4608 2803 4661 odio
2834 4607 3114 4674 habeatur,
3141 4621 3189 4666 et
3220 4631 3358 4669 mors
3386 4618 3513 4672 solis
3546 4621 3726 4692 impiis
3760 4640 3918 4676 amata

2399 4697 2503 4763 sit,
2533 4700 2717 4768 quibus
2740 4710 2909 4755 tamen
2941 4704 3042 4757 vita
3072 4703 3251 4760 debeat
3287 4725 3399 4763 esse
3427 4713 3683 4769 amarior.
3717 4714 3917 4769 Mortem

2398 4791 2558 4862 igitur
2581 4794 2772 4848 malum
2799 4813 2901 4849 non
2923 4813 3052 4852 esse.

2393 4903 2484 4958 96.
2509 4905 2599 4980 ,Ει
2639 4907 2766 4977 quid
2811 4907 2878 4963 de
2905 4911 3181 4966 extraneis
3225 4914 3434 4986 laqueis
3483 4919 3719 4989 loquor?
3748 4922 3914 4978 Nostri

2321 4997 2476 5052 nobis
2503 4999 2678 5071 laquei
2710 5013 2838 5057 sunt
2855 5003 3101 5059 cavendi.
3134 5005 3188 5060 In
3217 5008 3335 5078 ipso
3357 5010 3460 5066 hoc
3480 5028 3718 5084 Corpore
3745 5031 3915 5071 nmmo

2315 5087 2497 5159 laquei
2529 5093 2845 5150 circumfusi
2888 5099 3043 5152 nobis
3074 5111 3195 5154 sunt
3223 5142 3238 5168 ,
3265 5118 3404 5174 quos
3435 5104 3704 5166 debemus
3731 5115 3910 5166 vitare.

2386 5253 2420 5344 ξξ
2447 5257 2694 5328 Plerique
2717 5277 2848 5344 mss.
2891 5262 3127 5344 [sequens
3164 5269 3303 5321 enim
3335 5273 3638 5330 meretricis.
3681 5276 3789 5332 Alii
3817 5319 3831 5344 ,
3858 5291 3912 5330 ac

2315 5327 2446 5416 edit.
2497 5327 2728 5416 milites,
2766 5332 2970 5416 oculis:
3014 5338 3148 5390 enim
3197 5345 3508 5401 meretricis.
3567 5327 3909 5416 Qinii'éiiaiii

2314 5397 2466 5484 illis],
2493 5402 2708 5484 (Ie-Cain
2731 5406 2947 5484 tat-Abel,
2977 5424 3177 5484 (ξηρά.
3206 5422 3262 5465 et
3292 5397 3909 5484 ttlticubitum-liae.seu:

2314 5477 2481 5561 tentia
2510 5473 2707 5557 citatnr
2733 5478 2979 5561 ,“iISllelll-
3005 5473 3182 5561 verbis
3215 5484 3510 5561 exhibetur
3601 5473 3910 5561 videturque

2314 5541 2628 5632 i\tttbt'ttsitt~
2676 5546 2918 5604 iudicare
2968 5551 3080 5603 ltro
3115 5554 3227 5609 ipsa
3257 5572 3288 5608 e
3315 5541 3486 5613 sacris
3515 5541 3722 5617 litteris“

2313 5626 2456 5702 esse.
2507 5620 2754 5672 Attamen
2783 5635 2844 5702 ea
2874 5637 3133 5702 nusquam
3159 5626 3208 5678 itt
3235 5627 3628 5702 illigrrperire
3653 5646 3741 5688 est
3756 5620 3778 5700 ’,
3820 5634 3906 5690 sed

2317 5697 2726 5774 gorttttrseusus
2756 5692 2823 5774 ad
2852 5693 3111 5773 quosdam
3145 5693 3335 5754 versus
3357 5692 3802 5774 ProVerbiorum,
3831 5704 3909 5759 vel

2317 5753 2663 5816 Ecclesiastis
2689 5753 2881 5818 referri
2905 5775 3103 5835 potest.
