4082 6370
153 311 266 368 555

1189 318 1194 323 '
1269 309 1360 366 DE
1400 306 1580 368 ΒΟΝο
1615 309 1872 368 MORTIS
1910 309 2114 370 LIBER
2158 311 2354 371 UNUS.

3355 319 3463 375 554

155 433 290 517 Non
328 431 616 489 credamus
654 443 753 488 nos
801 429 927 486 huic
967 429 1220 500 corpori,
1266 445 1375 486 non
1432 433 1759 489 misceamus
1787 441 1838 501 Α
1865 435 2048 490 oculus
2085 437 2218 505 visu,
2249 452 2341 490 nec
2367 434 2512 491 auris
2549 435 2731 491 auditu
2759 434 2931 510 (Eccl.
2962 452 3017 507 ι,
3045 437 3127 510 8).
3155 436 3259 506 Qui
3285 438 3466 510 diligit

153 542 283 584 cum
311 543 378 584 eo
407 527 643 583 animam
674 535 934 582 nostram.
968 525 1095 580 Cum
1136 525 1334 591 antica,
1371 525 1574 596 inquit,
1607 527 1763 582 misce

155 626 394 680 animum
421 633 586 690 tuum,
615 640 718 679 non
749 640 866 678 cum
890 623 1104 677 inimico
1133 621 1326 695 (Eccli.
1361 637 1440 689 vr,
1463 621 1534 693 1).
1562 621 1763 678 Inimi-

147 735 294 776 cum
317 719 416 777 tibi
441 728 525 776 est
541 734 742 791 corpus
768 727 918 775 tuum
946 717 1092 790 quod
1129 725 1397 790 repugnat
1419 718 1586 774 menti
1615 726 1723 773 tuae
1744 759 1758 784 ,

156 813 319 885 cujus
349 829 516 886 opera
542 812 873 881 inimicitiae,
907 812 1278 869 dissensiones
1301 854 1317 881 ,
1351 813 1479 870 lites
1502 855 1517 881 ,
1551 821 1768 884 pertur-

160 907 526 979 bationesque
541 915 688 963 sunt.
711 905 829 962 Noli
853 920 976 962 cum
993 921 1060 962 eo
1081 904 1316 962 miscere
1332 907 1566 964 animam
1593 914 1762 975 tuam,

160 1018 234 1060 ne
254 1011 546 1074 utrumque
574 1001 898 1058 confundas.
927 1000 1060 1057 Nam
1088 1002 1132 1056 si
1162 1003 1423 1058 miscetur
1445 1042 1462 1069 ,
1492 1017 1764 1074 ergome-

161 1096 270 1152 lior
301 1096 362 1151 tit
400 1111 530 1153 caro
559 1111 678 1169 quae
719 1096 945 1153 inferior
970 1105 1088 1164 est,
1116 1111 1280 1168 quam
1309 1097 1487 1152 anima
1519 1111 1638 1168 quae
1677 1112 1766 1153 su-

160 1190 375 1259 perior;
409 1189 535 1260 quia
557 1189 746 1245 'anima
777 1189 942 1245 vitam
971 1190 1187 1259 corpori
1211 1190 1406 1257 tradit,
1439 1205 1567 1246 caro
1587 1198 1767 1246 autem

159 1292 397 1339 mortem
423 1281 619 1338 anima:
647 1282 996 1339 transfundit.
1029 1283 1393 1340 Confunditur
1413 1299 1545 1355 ergo
1569 1283 1771 1340 utrius-

156 1391 268 1448 que
297 1378 563 1449 operatio,
597 1376 951 1434 confunditur
978 1392 1152 1448 prope
1184 1377 1300 1448 ipsa
1330 1378 1614 1444 utriusque
1642 1377 1770 1433 sub—

159 1469 390 1526 stantia.
421 1470 586 1540 lgitur
625 1469 852 1542 suscipit
888 1469 944 1525 in
977 1484 1038 1526 se
1077 1471 1258 1526 anima
1294 1470 1769 1526 insensibilitatem

161 1560 415 1618 defuncti
443 1565 694 1634 corporis
718 1606 732 1630 ,
767 1570 823 1618 et
863 1577 1060 1633 corpus
1100 1563 1353 1619 omnibus
1379 1563 1574 1618 animae
1601 1563 1771 1618 virtu-

163 1657 313 1713 tibus
345 1655 605 1728 fungitur.
651 1655 732 1711 Ac
771 1672 841 1713 ne
882 1656 1024 1712 forte
1064 1656 1190 1727 quia
1239 1655 1540 1712 infunditur
1585 1656 1769 1712 anima

163 1750 420 1820 corpori,
468 1750 635 1806 etiam
665 1749 929 1805 confundi
969 1756 1221 1820 putetur,
1253 1750 1566 1820 exemplum
1613 1749 1768 1806 nobis

1865 537 2171 599 argentum,
2204 544 2313 586 non
2341 530 2567 586 satiatur
2596 541 2843 602 argento.
2867 530 3058 587 Nullus
3087 530 3212 587 finis
3235 532 3460 598 laboris,

1865 630 1921 676 et
1947 621 2129 677 nullus
2153 629 2238 677 est
2281 623 2488 679 fructus
2517 624 2887 681 abundantiae.
2919 624 3184 697 Cupimus
3220 627 3464 696 quotidie

1865 714 2010 770 scire
2039 729 2210 782 nova;
2244 726 2298 772 et
2321 717 2454 788 quid
2475 727 2559 774 est
2588 719 2700 790 ipsa
2727 720 2953 776 scientia
2977 761 2991 786 ,
3018 719 3123 776 nisi
3155 720 3466 790 quotidiani

1865 807 2073 863 doloris
2117 807 2391 878 adiectio?
2418 811 2611 866 Omnia
2652 827 2774 883 quae
2805 823 2933 868 sunt
2958 813 3071 884 jam
3112 812 3368 881 fuerunt,
3411 822 3470 870 et

1866 900 2004 955 nihil
2025 902 2126 957 sub
2155 901 2271 958 sole
2302 911 2387 958 est
2415 919 2621 960 novum
2640 947 2655 973 ,
2688 906 2786 963 sed
2813 907 2995 962 omnia
3021 909 3250 964 vanitas.
3278 907 3468 964 Totam

1865 996 2024 1050 vitam
2063 996 2184 1051 odio
2228 996 2385 1051 habui
2429 996 2599 1069 (Eccl.
2636 1015 2706 1066 tt,
2737 1001 2866 1072 i7),
2905 1001 3042 1057 dixit
3080 1001 3462 1059 Ecclesiastes.

1865 1085 1969 1154 Qui
2013 1087 2181 1142 vitam
2225 1088 2351 1145 odio
2385 1089 2601 1157 habuit,
2651 1103 2884 1149 mortem
2915 1094 3102 1165 utique
3125 1095 3462 1166 praedicavit.

1868 1179 2114 1253 Denique
2159 1193 2406 1240 mortuos
2466 1183 2708 1240 laudavit
2752 1188 2926 1258 magis
2987 1203 3146 1259 quam
3223 1190 3469 1246 viventes

1869 1273 2040 1345 (Eccl.
2073 1290 2148 1343 tv,
2177 1275 2271 1349 2);
2301 1283 2358 1333 et
2386 1277 2539 1334 illum
2563 1277 2826 1350 judicavit
2852 1280 3092 1351 beatum,
3125 1284 3215 1353 qui
3247 1285 3301 1339 in
3329 1283 3471 1338 hanc

1869 1368 2039 1424 vitam
2066 1385 2172 1426 non
2205 1372 2390 1440 venit,
2424 1388 2526 1430 nec
2571 1375 2791 1431 inanem
2841 1374 2985 1432 hunc
3031 1378 3274 1448 suscepit
3320 1378 3472 1434 labo-

1869 1477 2011 1519 rem.
2046 1463 2322 1534 Circuivit,
2354 1468 2567 1538 inquit,
2609 1485 2697 1524 cor
2723 1485 2916 1536 meum,
2943 1469 2972 1508 ι)
3000 1481 3058 1525 ut
3097 1472 3286 1526 scirem
3320 1473 3476 1543 impii

1869 1557 2103 1612 laetitiam
2121 1601 2135 1625 ,
2158 1567 2206 1614 et
2229 1561 2640 1633 considerarem,
2675 1575 2724 1620 et
2750 1581 3030 1635 quaererem
3072 1567 3404 1638 sapientiam,
3429 1574 3478 1621 et

1868 1667 2158 1720 numerum,
2187 1663 2238 1709 et
2268 1663 2322 1708 ut
2351 1657 2537 1712 scirem
2566 1674 2656 1728 per
2682 1659 2958 1730 imperium
2982 1659 3247 1727 laetitiam,
3281 1668 3330 1714 et
3355 1675 3473 1715 mo-

1871 1745 2098 1815 lestiam,
2129 1757 2177 1801 et
2191 1749 2571 1821 jactationem;
2594 1761 2640 1806 et
2675 1752 2848 1807 inveni
2875 1769 2966 1825 ego
2991 1769 3102 1807 eam
3125 1753 3438 1807 amariorem
3459 1793 3477 1820 ,

163 1845 234 1899 sit
261 1843 423 1914 hujus
461 1843 680 1899 luminis
708 1844 902 1914 gratia.
933 1842 1214 1914 Siquidem
1245 1854 1301 1898 et
1332 1843 1515 1898 lumen
1547 1851 1768 1899 terreno
1798 1839 1846 1900 B
1871 1854 2029 1908 quam
2069 1853 2286 1898 mortem
2333 1843 2517 1915 (Eccl.
2550 1861 2606 1900 vt
2627 1888 2641 1914 ,
2671 1845 2778 1918 26)
2823 1863 2836 1899 :
2880 1862 2988 1903 non
3019 1847 3143 1918 quia
3174 1863 3362 1904 amara
3412 1846 3487 1903 sit

164 1936 291 1992 loco
320 1935 642 2002 infunditur,
664 1951 763 1992 nec
787 1945 965 1992 tamen
997 1934 1367 1991 confunditur.
1401 1935 1519 1991 Non
1547 1935 1771 2007 sitergo

164 2029 394 2086 confusa
416 2031 680 2100 operatio,
709 2043 942 2101 quorum
980 2027 1169 2099 dispar
1197 2028 1502 2084 substantia
1529 2037 1613 2084 est
1637 2046 1649 2082 :
1674 2028 1771 2084 sed

165 2123 240 2180 sit
265 2123 446 2180 anima
489 2124 546 2180 in
583 2139 815 2195 corpore
840 2164 855 2190 ,
886 2131 949 2179 ut
971 2122 1212 2179 vivilicet
1241 2137 1443 2194 corpus
1464 2164 1479 2191 ,
1532 2121 1638 2178 hoc
1675 2137 1775 2193 gu-

172 2221 374 2278 bernet
388 2262 404 2290 ,
436 2220 722 2276 illuminet.

241 2315 336 2372 27.
378 2314 589 2386 Negare
633 2323 812 2371 tamen
857 2314 988 2370 non'
1018 2327 1312 2386 possumus
1360 2311 1508 2384 quod
1552 2324 1774 2381 compa-
1815 2306 1820 2310 ’

169 2407 340 2464 tiatur
365 2409 581 2480 corpori
631 2423 763 2476 suo;
805 2423 931 2463 nam
976 2416 1033 2464 et
1075 2407 1455 2464 contristatur.
1495 2405 1774 2478 Siquidem

167 2501 331 2560 Jesus
361 2503 435 2559 ait
471 2521 485 2557 :
519 2502 707 2559 Tristis
749 2513 824 2559 est
865 2503 1040 2558 anima
1086 2519 1203 2558 mea
1243 2519 1408 2574 usque
1450 2501 1521 2556 ad
1557 2510 1778 2556 mortem

174 2597 391 2670 (Matth.
414 2613 562 2665 xxvi,
587 2597 706 2670 58),
736 2596 989 2653 ah‘ectum
1012 2596 1252 2653 hominis
1280 2596 1334 2651 in
1353 2611 1414 2652 se
1435 2595 1772 2666 exprimens.

172 2689 246 2745 Et
275 2689 404 2745 alibi
437 2706 450 2743 :
485 2689 676 2744 Anima
695 2706 808 2744 mea
830 2689 1040 2744 turbata
1069 2698 1143 2745 est
1168 2688 1318 2744 valde
1347 2687 1535 2762 (Psat.
1568 2704 1623 2743 vr
1642 2729 1657 2755 ,
1687 2687 1777 2756 4).

173 2783 461 2854 Siquidem
491 2791 547 2839 et
570 2783 882 2839 modulator
909 2783 1147 2840 modulis
1178 2784 1326 2847 suis,
1357 2791 1450 2838 aut
1478 2781 1659 2848 tibiae,
1689 2790 1784 2836 aut

175 2877 428 2946 citharae,
457 2887 552 2934 aut
582 2877 802 2949 organi,
833 2892 989 2945 voce,
1020 2886 1201 2948 gestu,
1233 2877 1542 2947 atfectuque
1567 2889 1786 2945 compa-

180 2972 340 3027 titur.
372 2971 432 3025 In
475 2971 721 3027 tristibus
764 2972 916 3027 sonis
953 2971 1182 3036 triStior,
1226 2970 1281 3024 in
1313 2967 1452 3024 laetis
1487 2967 1700 3036 laetior,
1731 2969 1786 3023 in

178 3064 515 3122 acutioribus
542 3063 854 3130 excitatior,
883 3063 939 3118 in
981 3063 1115 3136 ipsis
1151 3062 1457 3118 mitioribus
1487 3061 1672 3116 mitior
1714 3070 1790 3116 at-

182 3174 290 3230 que
321 3157 687 3224 mansuetior;
717 3165 777 3213 ut
802 3171 969 3214 sonos
991 3164 1248 3213 cantuum
1277 3156 1394 3226 ipse
1417 3153 1783 3220 commendet,

1876 1947 2049 2001 mors,
2072 1934 2168 1990 sed
2191 1935 2316 2007 quia
2349 1936 2516 2007 impio
2544 1953 2764 2004 amara;
2797 1946 2852 1995 et
2874 1949 3057 1996 tamen
3083 1941 3323 1996 amarior
3348 1939 3479 2006 vita,

1877 2042 2038 2098 quam
2064 2044 2231 2085 mors.
2261 2029 2494 2087 Gravius
2526 2041 2612 2088 est
2639 2033 2786 2088 enim
2813 2034 2880 2088 ad
2924 2043 3207 2104 peccatum
3252 2033 3438 2090 vivere
3457 2073 3475 2100 ,

1875 2135 2037 2192 quam
2078 2122 2131 2176 in
2172 2133 2399 2194 peccato
2424 2125 2597 2190 mori;
2642 2127 2769 2196 quia
2794 2126 2994 2197 impius
3022 2126 3278 2198 quamdiu
3302 2127 3477 2194 vivit,

1880 2223 2160 2284 peccatum
2187 2227 2351 2288 auget
2384 2235 2399 2274 :
2431 2218 2477 2272 si
2508 2218 2794 2285 moriatur,
2826 2234 3052 2290 peccare
3084 2220 3307 2276 desinit.

1947 2308 2039 2366 29.
2085 2309 2340 2382 Plerique
2389 2313 2676 2368 criminum
2722 2327 2947 2369 suorum
2997 2314 3340 2372 absolutione
3389 2315 3487 2372 lae-

1879 2409 2086 2458 tantur.
2117 2401 2175 2459 Si
2200 2403 2546 2460 emendaturi
2577 2416 2728 2472 sunt,
2760 2415 2911 2463 recte
2945 2424 2958 2460 :
2995 2407 3042 2464 si
3074 2409 3483 2478 perseveraturi

1878 2494 1935 2552 in
1980 2495 2092 2564 eis,
2139 2497 2334 2566 stulte;
2366 2499 2492 2568 quia
2536 2498 2694 2570 longe
2734 2500 2844 2556 illis
2873 2500 2995 2570 plus
3031 2501 3313 2557 damnatio
3360 2517 3488 2572 pro-

1880 2588 2100 2655 fuisset,
2134 2606 2202 2646 ne
2233 2591 2567 2648 incrementa
2596 2592 2840 2649 facerent
2869 2603 3238 2664 peccatorum.
3274 2596 3352 2651 De
3379 2611 3490 2667 quo

1882 2683 2134 2740 sublimis
2166 2695 2251 2741 est
2276 2687 2549 2749 sententia
2594 2688 2842 2758 Apostoli
2884 2689 3153 2757 dicentis,
3190 2690 3338 2761 quod
3376 2705 3490 2745 non

1883 2777 2061 2833 solum
2100 2777 2137 2832 ii
2179 2779 2275 2848 qui
2304 2778 2572 2849 ﬂagitiosa
2605 2789 2803 2851 agunt,
2837 2783 2935 2837 sed
2973 2783 3136 2837 etiam
3175 2781 3269 2852 qui
3304 2797 3366 2837 ea
3394 2796 3493 2851 ap-

1881 2874 2138 2942 probant,
2169 2873 2319 2944 digni
2344 2884 2522 2930 morte
2543 2884 2670 2930 sunt
2691 2875 2872 2947 (Rom.
2907 2892 2957 2943 ι,
2991 2875 3084 2948 52)
3115 2875 3248 2931 :sed
3280 2885 3334 2931 et
3365 2875 3490 2931 illos

1886 2965 1979 3034 qui
2002 2965 2131 3021 talia
2155 2965 2527 3022 condemnant
2553 2967 2606 3022 in
2632 2967 2754 3022 aliis
2775 2969 2959 3037 qualia
2985 2967 3087 3037 ipsi
3115 2976 3306 3039 agunt,
3339 2968 3493 3023 inex-

1887 3058 2160 3114 cusabiles
2183 3058 2406 3127 haberi;
2421 3071 2479 3114 ut
2502 3069 2558 3115 et
2582 3075 2679 3115 sua
2707 3060 2991 3115 damnatos
3013 3061 3286 3116 sententia
3310 3058 3491 3132 (Rom.

1889 3169 1962 3219 ιι,
2009 3151 2085 3224 1).
2115 3151 2250 3208 Cum
2293 3155 2440 3209 enim
2470 3154 2606 3210 alios
2637 3155 3035 3222 condemnant,
3069 3169 3128 3210 se
3167 3155 3317 3226 ipsos
3357 3169 3496 3209 cou-

182 3262 238 3309 et
265 3250 666 3324 quodammodo
709 3250 1023 3307 moduletur
1067 3249 1315 3306 affectus.
1348 3248 1544 3304 Anima
1573 3261 1791 3317 quoque
1816 3233 1860 3295 C
1895 3245 2173 3300 demnant.
2198 3244 2310 3300 Nec
2331 3245 2436 3302 sibi
2462 3261 2558 3302 eos
2578 3246 2810 3303 blandiri
2844 3256 3122 3318 Oportere,
3151 3247 3275 3317 quia
3306 3261 3499 3318 poena-

177 3344 236 3400 in
265 3344 369 3400 hoc
392 3358 627 3414 corpore
655 3353 929 3414 tamquam
963 3343 1016 3397 in
1040 3341 1236 3397 ﬁdibus
1265 3340 1488 3396 musicis
1509 3381 1524 3406 ,
1552 3355 1671 3410 qua:
1699 3353 1789 3394 so-

180 3439 414 3507 briaIest
454 3447 634 3495 tamen
668 3438 896 3494 summis
919 3477 935 3505 ,
975 3446 1035 3492 ut
1065 3437 1138 3492 ita
1167 3436 1380 3504 dicam,
1412 3434 1595 3506 digitis
1641 3434 1790 3490 velut

185 3545 489 3587 nervorum
522 3545 724 3597 sonos,
767 3530 841 3585 ita
867 3530 1044 3598 pulsat
1069 3528 1248 3584 carnis
1272 3528 1428 3583 istius
1465 3527 1749 3598 passiones
1771 3567 1786 3594 ,

183 3631 244 3680 ut
271 3638 572 3680 consonum
601 3621 795 3679 reddat
825 3637 1040 3678 morum
1069 3631 1232 3692 atque
1260 3621 1524 3677 virtutum
1548 3635 1787 3676 consen-

183 3716 521 3789 tientemque
544 3725 868 3773 concentum
891 3732 905 3782 ;
931 3727 991 3771 ut
1015 3715 1068 3771 in
1092 3715 1346 3772 omnibus
1368 3714 1790 3785 cogitationibus

185 3809 332 3876 suis,
383 3810 436 3865 in
469 3807 723 3866 omnibus
752 3809 1011 3880 Operibus
1053 3807 1108 3863 id
1149 3806 1457 3873 custodiat,
1499 3816 1558 3862 ut
1605 3807 1789 3862 omnia

185 3903 414 3958 consilia
437 3909 494 3958 et
522 3901 663 3958 facta
690 3901 794 3957 sibi
816 3899 1126 3956 concinant.
1144 3899 1340 3955 Anima
1361 3908 1446 3954 est
1463 3913 1592 3968 ergo
1616 3906 1643 3934 α
1671 3913 1793 3969 quae

188 3994 383 4062 utitur,
419 4007 621 4064 corpus
648 3993 793 4064 quod
819 3992 939 4047 usui
971 4001 1090 4058 est;
1122 4006 1184 4046 ac
1211 4006 1306 4060 per
1339 3991 1443 4045 hoc
1471 3988 1620 4044 aliud
1645 3988 1793 4059 quod

191 4090 244 4145 in
273 4088 537 4161 imperio,
573 4086 722 4143 aliud
768 4086 914 4158 quod
961 4086 1015 4140 in
1061 4083 1369 4140 ministerio
1402 4100 1416 4136 :
1453 4082 1602 4138 aliud
1648 4081 1795 4152 quod

190 4197 404 4249 sumus,
435 4181 583 4237 aliud
605 4179 751 4252 quod
782 4190 1028 4236 nostrum
1050 4185 1154 4234 est.
1201 4177 1258 4235 Si
1291 4176 1414 4247 quis
1451 4174 1648 4230 animae
1677 4174 1795 4245 pul-

191 4273 554 4331 chritudinem
582 4273 777 4346 diligit,
814 4287 916 4329 nos
947 4270 1126 4342 diligit
1157 4289 1170 4326 :
1197 4270 1244 4326 si
1274 4269 1397 4342 quis
1417 4268 1669 4339 corporis
1699 4266 1798 4324 de-

192 4384 376 4426 corem
422 4368 638 4440 diligit,
667 4383 776 4423 non
804 4367 987 4439 ipsum
1024 4364 1300 4421 hominem
1324 4406 1339 4431 ,
1375 4361 1473 4420 sed
1502 4362 1684 4419 carnis
1713 4361 1800 4417 di-

195 4461 311 4532 ligit
354 4459 848 4533 pulchritudinem,
883 4474 1006 4530 quae
1049 4466 1229 4514 tamen
1271 4457 1382 4513 cito
1427 4455 1715 4512 marcescit
1743 4462 1801 4511 et

197 4555 402 4613 deﬂuit.

1892 3355 2011 3395 rum
2045 3341 2112 3395 ad
2140 3349 2356 3411 tempus
2387 3340 2656 3396 immunes
2684 3340 2971 3407 videntur,
3005 3349 3060 3396 et
3085 3348 3334 3396 exsortes
3369 3355 3496 3396 rea-

1893 3442 2014 3500 tus;
2045 3445 2069 3474 °
2097 3449 2220 3491 cum
2265 3435 2548 3507 graviores
2576 3449 2767 3505 poenas
2811 3433 2950 3488 intra
2981 3447 3042 3489 se
3084 3433 3271 3502 luant,
3305 3443 3359 3489 et
3388 3433 3497 3489 sibi

1892 3529 2143 3597 reisint,
2177 3530 2270 3600 qui
2307 3529 2429 3584 aliis
2469 3545 2579 3585 non
2606 3529 2890 3595 videntur;
2939 3538 3103 3599 atque
3134 3529 3188 3584 in
3227 3543 3288 3585 se
3324 3527 3500 3585 intor-

1893 3632 2095 3692 queant
2125 3623 2430 3694 graviorem
2462 3622 2814 3679 conscientia:
2849 3623 3214 3690 sententiam,
3265 3637 3390 3678 cum
3430 3623 3500 3679 de

1894 3715 2124 3770 aliorum
2151 3715 2384 3784 peccatis
2395 3713 2664 3785 judicant.
2694 3713 2803 3771 Sed
2825 3715 2970 3781 noli,
2997 3716 3174 3787 inquit
3191 3714 3387 3785 (lbid.,
3411 3713 3495 3786 4),

1897 3822 1930 3862 ο
1958 3807 2140 3872 homo,
2167 3807 2364 3862 divinae
2390 3807 2652 3864 bonitatis
2671 3817 2728 3864 et
2755 3810 3030 3878 patientiae
3059 3808 3349 3865 thesauros
3371 3823 3504 3866 con-

1900 3911 2178 3968 temnere;
2209 3901 2425 3958 bonitas
2458 3904 2606 3958 enim
2638 3903 2734 3959 Dei
2765 3903 2832 3958 ad
2863 3905 3241 3973 paenitentiam
3285 3912 3338 3959 te
3378 3919 3505 3974 pro-

1900 4007 2090 4065 vocat,
2138 3997 2205 4053 ad
2234 3997 2630 4054 correctionem
2658 3997 2888 4052 invitat:
2920 3997 3123 4053 duritia
3155 4007 3337 4054 autem
3374 4006 3460 4051 tua
3487 4041 3502 4062 ,

1899 4105 2000 4161 qua
2033 4091 2086 4145 in
2117 4091 2322 4146 erroris
2369 4091 2668 4162 pertinacia
2719 4104 3066 4158 perseveras,
3103 4088 3269 4145 futuri
3307 4088 3504 4159 judicii

1899 4192 2061 4255 auget
2089 4184 2434 4240 severitatem
2460 4226 2475 4252 ,
2506 4191 2567 4239 ut
2590 4183 2807 4255 dignam
2838 4183 3253 4241 retributionem
3284 4192 3500 4240 tuorum

1900 4279 2137 4350 accipias
2161 4277 2506 4334 delictorum.

1974 4374 2062 4429 50.
2107 4373 2222 4429 Non
2253 4374 2417 4447 igitur
2438 4389 2587 4431 mors
2616 4375 2843 4432 malum.
2871 4375 3006 4432 Nam
3036 4386 3211 4448 neque
3241 4375 3384 4447 apud
3420 4376 3505 4432 vi-

1903 4475 2096 4523 ventes
2125 4481 2274 4522 mors
2299 4475 2418 4535 est,
2450 4482 2628 4540 neque
2656 4467 2800 4538 apud
2835 4468 3119 4525 defunctos
3151 4486 3163 4522 :
3198 4468 3340 4540 apud
3362 4469 3502 4525 alios

1905 4560 2050 4617 enim
2081 4575 2192 4616 non
2219 4569 2338 4627 est,
2373 4561 2498 4631 quia
2547 4561 2725 4616 adhuc
2759 4559 2980 4628 vivunt,
3022 4561 3114 4617 alii
3145 4563 3499 4620 transierunt.

197 4671 210 4709 -.
243 4611 359 4704 es.
401 4645 559 4704 Unde
584 4646 663 4703 an
700 4645 944 4714 intende,
973 4643 1042 4701 de
1063 4659 1170 4715 quo
1188 4643 1331 4701 dicit
1356 4641 1666 4713 Propheta:
1694 4641 1800 4710 Qui
1823 4611 1880 4673 Ῑ)
1903 4611 2343 4726 ἰιέᾇᾷξῆξαῖιέιῖ
2371 4611 2512 4726 εἶιῖζιξι
2545 4611 2980 4712 gaianas};
2993 4611 3498 4728 ,‘.;:..".;;;;;ai.:.;;

197 4759 300 4798 non
335 4743 530 4814 accepit
557 4743 611 4796 in
636 4757 825 4797 vanum
851 4739 1080 4795 animam
1111 4754 1261 4793 suam
1287 4736 1472 4809 (Psat.
1512 4739 1667 4802 χχιιι,
1701 4733 1794 4806 4).

200 4836 259 4892 In
290 4851 490 4892 vanum
521 4838 734 4908 accepit
750 4836 989 4893 animam
1014 4849 1167 4890 suam
1190 4834 1285 4908 (ut
1299 4833 1411 4904 jam
1437 4833 1505 4889 de
1527 4832 1686 4903 hujus
1717 4832 1795 4887 vi-

200 4937 270 4986 tae
291 4929 535 4986 dicamus
561 4928 860 5001 molestiis)
887 4928 981 5000 qui
1011 4926 1298 4983 saecularia
1328 4926 1494 4982 struit
1516 4967 1534 4992 ,
1563 4924 1798 4982 aediﬁcat

200 5025 362 5099 M2
386 5027 708 5098 corporalia.
739 5025 990 5094 Quotidie
1018 5025 1086 5080 ad
1108 5021 1382 5081 edendum
1415 5030 1471 5078 et
1496 5021 1795 5079 bibendum

202 5120 490 5191 surgimus,
515 5127 570 5176 et
593 5121 776 5176 nullus
801 5119 1070 5190 expletur,
1091 5126 1153 5174 ut
1174 5132 1286 5175 non
1310 5125 1434 5188 post
1459 5124 1796 5173 momentum

204 5215 409 5272 esuriat
433 5228 498 5270 ac
518 5214 682 5270 sitiat.
710 5213 963 5282 Quotidie
979 5213 1192 5270 lucrum
1209 5212 1526 5286 quaerimus,
1546 5221 1600 5267 et
1618 5211 1798 5268 nullus

205 5306 485 5378 cupiditati
525 5305 722 5362 modus
761 5307 1000 5377 ponitur.
1048 5305 1171 5362 Non
1219 5304 1534 5374 satiabitur,
1577 5303 1789 5376 inquit,

278 5442 523 5518 nCodex
550 5442 674 5500 All).
700 5443 883 5511 alter.,
915 5443 1045 5513 Qua:
1070 5444 1234 5498 utitur
1265 5459 1478 5517 corpore
1501 5445 1555 5501 in
1583 5461 1641 5502 eo
1660 5444 1800 5518 quod

207 5516 324 5573 usui
354 5524 453 5571 est.

275 5587 304 5628 ι’
335 5587 414 5644 Ita
434 5601 626 5644 omnes
647 5600 780 5643 mss.
810 5595 973 5658 atque
999 5587 1128 5644 edit.
1158 5595 1388 5659 excepta
1411 5590 1572 5647 Rom.
1603 5590 1690 5646 ubi
1717 5591 1797 5646 le-

207 5662 347 5734 gitur
371 5702 386 5727 ,
417 5667 476 5714 ut
501 5659 882 5735 considerarent
901 5701 916 5728 ,
956 5670 1013 5735 et
1029 5674 1310 5735 quaererem
1358 5663 1665 5735 sapientiam
1687 5705 1702 5735 ,
1750 5670 1798 5716 et

208 5729 477 5788 nautarum
502 5775 518 5801 ,
546 5741 593 5786 et
621 5731 831 5805 _scire_m_
856 5729 1013 5805 _i_n_tpii
1067 5732 1322 5805 laetitiam.
1370 5729 1522 5800 Quod
1573 5734 1796 5805 quidem

210 5805 432 5877 propius
471 5803 682 5877 accedit
711 5803 782 5877 ad
811 5802 980 5866 LXX,
1008 5817 1039 5858 a
1060 5802 1257 5877 quibus
1279 5814 1458 5877 tamen
1486 5802 1610 5862 cum
1651 5805 1793 5877 aliis,

211 5874 263 5934 et
293 5874 422 5933 mss.
458 5875 731 5946 discrepat
771 5875 823 5930 iu
856 5890 1017 5942 voce,
1059 5874 1327 5943 laetitiam;
1376 5876 1456 5934 sic
1492 5877 1641 5936 enim
1667 5876 1750 5935 illi
1779 5918 1794 5948 ,

727 5957 999 6033 ΡΑνι-ιιοιξ
1035 5967 1212 6030 XIV.

1903 4747 2187 4814 nesciunt,
2231 4746 2336 4802 hoc
2363 4747 2484 4817 ipso
2531 4747 2657 4818 quia
2689 4748 2980 4816 nesciunt;
3030 4764 3207 4820 neque
3236 4749 3376 4820 apud
3404 4763 3502 4805 eos

1898 4842 1990 4913 qui
2013 4841 2122 4912 jam
2145 4850 2201 4898 et
2225 4842 2524 4897 secundum
2547 4857 2748 4913 corpus
2770 4843 2906 4900 nihil
2926 4844 3168 4901 sentiunt
3188 4886 3202 4912 ,
3225 4852 3282 4901 et
3305 4857 3502 4901 secun-

1904 4935 2032 4992 dum
2056 4936 2291 4993 animam
2314 4936 2529 4993 liberati
2558 4947 2706 4993 sunt.

2389 5071 2552 5146 ωδ
2588 5070 2820 5132 CAPUT
2856 5073 2994 5131 vni.

1907 5210 2059 5269 Nihil
2080 5213 2288 5269 terroris
2309 5212 2494 5269 habere
2518 5215 2687 5285 ipsam
2716 5222 2962 5281 mortem,
2994 5211 3084 5268 sed
3106 5211 3400 5283 opinionem
3431 5211 3493 5270 de

1973 5316 2136 5363 morte
2166 5307 2350 5362 terrori
2379 5322 2524 5375 esse;
2555 5322 2668 5377 qua:
2692 5306 2902 5377 quidem
2921 5306 3097 5376 apinio
3125 5305 3195 5362 ad
3228 5307 3384 5360 vitam
3404 5323 3494 5363 re-

1901 5446 1984 5501 καί
2008 5452 2098 5536 τ’ρῦ
2123 5454 2309 5536 ratirati
2333 5446 2556 5536 ataséoig
2595 5447 2920 5536 ἁφροσύιίξιη
2955 5443 3052 5500 sed
3091 5444 3260 5536 ferite.
3280 5443 3473 5536 lect'ur!

1902 5526 2004 5596 est
2012 5519 2079 5573 ab
2111 5514 2409 5596 Ambrosio
2431 5514 2761 5596 ερφροσῦὐην.
2806 5519 2880 5572 De
2919 5516 3136 5572 caeteris
3172 5514 3333 5586 hujus
3377 5514 3485 5574 loc't

1903 5587 2222 5646 dill‘erentiis
2252 5590 2342 5646 adi
2369 5587 2660 5648 Nobilium.

1906 5730 1924 5784 ι
1979 5670 2012 5743 ε.
2035 5659 2288 5717 Nonnulli
2329 5677 2459 5718 mss.
2485 5707 2500 5732 ,
2542 5679 2654 5718 cum
2701 5661 2907 5732 gravior
2945 5675 3033 5715 eos
3063 5675 3214 5731 poena
3265 5659 3401 5716 intra
3445 5677 3500 5718 se

1928 5743 2084 5784 amet.

1928 5743 2084 5786 amet.

1976 5801 2003 5841 ιι
2032 5804 2234 5862 Omnes
2260 5805 2419 5878 edit.,
2451 5807 2594 5880 apud
2614 5824 2700 5862 eos
2727 5806 2866 5859 mula
2897 5815 3004 5874 est;
3032 5819 3224 5862 omnes
3255 5821 3385 5861 mss.
3407 5845 3498 5870 ,...

1905 5892 2085 5932 amara
2110 5887 2203 5934 εει.

2894 5973 2971 6035 18
