4082 6370
669 293 778 368 ᾇόδ

1999 287 2244 346 SANCTI
2283 281 2612 358 AﬂBltOSll

745 409 958 484 ferenda
981 418 1074 472 est.
1099 409 1244 470 Duas
1265 423 1446 464 causas
1475 421 1582 462 esse
1605 421 1694 462 cur
1717 421 1854 462 mors
1884 405 2135 460 habeatur
2157 413 2262 460 ter-
2291 407 2342 468 Α
2371 419 2558 476 pientis
2585 418 2706 460 esse
2739 413 2860 474 post
2901 409 3154 460 mortem.
3217 399 3344 460 Sed
3395 399 3538 472 quid
3585 399 3658 456 ad
3691 409 3926 457 mortem

747 489 950 572 ribilis,
996 503 1177 574 quibus
1220 502 1460 572 refutatis
1486 543 1500 568 ,
1543 517 1680 556 mors
1719 501 1872 556 variis
1921 501 2262 566 testimoniis,

745 601 835 662 sed
860 604 1143 670 prtesertt'ni
1175 597 1238 656 Β.
1271 595 1370 652 Job
1399 598 1704 654 auctoritate
1732 595 2070 670 prtrdicatur.

740 695 828 760 5|.
870 692 1024 764 Quod
1055 692 1100 750 si
1133 691 1394 752 terribilis
1443 691 1584 764 apud
1631 691 1878 746 viventes
1923 689 2266 756 testimattir,

673 804 777 846 non
810 803 958 844 mors
989 789 1100 858 ipsa
1133 787 1390 844 terribilis
1421 795 1542 852 est,
1583 783 1680 842 sed
1711 784 1898 854 opinio
1939 783 2009 840 ile
2051 795 2226 840 morte
2253 825 2266 848 ,

669 897 830 956 quam
859 881 1227 952 unusquisque
1251 895 1350 952 pro
1376 896 1475 936 suo
1497 880 1890 948 interpretatur
1921 876 2148 944 allecto,
2178 884 2270 932 aut

671 992 769 1052 pro
797 991 892 1031 sua
938 974 1270 1032 conscientia
1311 973 1704 1054 perhorrescit.
1738 973 1862 1030 Sua:
1905 971 2068 1044 igitur
2107 985 2270 1028 unus-

668 1069 900 1142 quisque
939 1069 1291 1124 conscientite
1343 1068 1540 1122 vulnus
1603 1076 1824 1122 accuset
1857 1107 1872 1134 ,
1923 1079 2030 1120 non
2081 1065 2270 1122 mortis

667 1163 1046 1224 acerbitatem.
1079 1161 1324 1230 Denique
1345 1159 1508 1232 jttstis
1537 1175 1686 1216 mors
1713 1159 1908 1230 quietis
1931 1167 2012 1214 est
2041 1167 2227 1228 portus
2251 1199 2266 1222 ,

665 1257 989 1326 nocentibus
1017 1256 1354 1328 naufragium
1387 1263 1626 1324 putatur.
1657 1251 1816 1310 Certe
1841 1255 1904 1308 iis
1925 1253 2120 1324 quibus
2151 1269 2272 1326 gra-

665 1351 748 1408 vis
778 1361 863 1418 est
896 1351 1059 1406 timor
1089 1353 1306 1412 mortis.
1349 1365 1460 1406 non
1485 1359 1564 1404 est
1595 1363 1758 1420 grave
1783 1346 1954 1414 mori,
1979 1349 2072 1404 sed
2105 1362 2270 1420 grave

663 1455 749 1502 est
779 1446 962 1514 vivere
1002 1443 1104 1512 sub
1149 1453 1296 1500 metu
1340 1443 1548 1498 tnortis.
1599 1441 1714 1498 Non
1765 1457 1896 1512 ergo
1951 1456 2098 1498 mors
2147 1456 2270 1512 gra-

668 1539 749 1592 vis
773 1580 786 1604 ,
824 1537 918 1596 sed
965 1547 1142 1608 metus
1189 1539 1404 1592 mortis.
1431 1536 1598 1592 Melus
1625 1549 1805 1594 autem
1839 1536 2108 1608 opinionis
2137 1545 2222 1592 est
2255 1553 2267 1588 :

664 1631 852 1702 opinio
926 1646 1055 1688 vero
1125 1639 1326 1686 nostra:
1379 1630 1754 1696 infirmitatis,
1808 1631 2082 1696 contraria
2123 1631 2268 1688 veri--

671 1726 790 1784 tati.
835 1723 964 1794 Nam
1001 1739 1096 1794 per
1129 1724 1410 1780 teritatem
1443 1727 1610 1780 virttis
1634 1765 1650 1790 ,
1701 1739 1798 1792 per
1841 1723 2152 1798 Opinionem
2189 1723 2270 1776 iii-

2371 499 2514 572 quud
2547 509 2668 566 post
2698 507 2928 556 iiiortom
2970 500 3092 556 est?
3123 500 3182 554 Si
3227 509 3436 556 autem
3481 511 3612 567 quae
3641 507 3764 564 post
3797 511 3960 554 morte

2371 603 2520 662 sunt,
2553 593 2857 650 referantur
2883 595 2950 650 ad
2981 605 3218 650 mortem
3239 634 3253 660 ,
3293 593 3514 650 eadem
3547 591 3728 656 etiam
3757 607 3882 662 qua:

2373 688 2536 744 vitam
2575 697 2730 752 sunt,
2783 687 3090 744 referantur
3135 687 3208 746 ad
3239 687 3458 746 vitam.
3509 683 3684 746 Nulla
3715 701 3850 757 ergo
3877 701 3996 742 eius:

2373 783 2635 854 supplicia
2667 798 2788 854 qua:
2814 781 3124 840 referantur
3153 782 3223 840 ad
3249 791 3542 842 mortem.
3577 781 3736 838 Mors
3763 781 3934 844 enim,
3961 795 3992 834 si

2371 891 2534 946 supra
2591 874 2830 932 diximus
2867 875 3028 952 (cap.
3075 880 3112 934 4
3143 877 3190 950 ).
3251 876 3568 942 absolutio
3611 884 3710 936 est
3765 884 3824 932 et
3871 891 3988 948 septi-

2373 969 2511 1024 ratio
2535 971 2734 1026 anima:
2775 980 2830 1026 et
2859 973 3108 1040 corporis
3149 990 3162 1026 :
3191 988 3308 1028 non
3341 979 3678 1038 estantem
3713 967 3854 1024 maia
3887 973 3990 1024 suis

2371 1064 2480 1124 tio;
2511 1065 2632 1130 quia
2664 1064 2886 1120 diSStliVi
2917 1075 2970 1120 et
3002 1081 3126 1142 esse
3157 1083 3286 1148 cum
3327 1065 3590 1122 Christo
3623 1064 3812 1120 multo
3839 1066 3984 1119 uicina

2371 1158 2601 1232 (Philip.
2635 1175 2682 1226 ι,
2709 1160 2828 1230 25).
2857 1159 2974 1218 Non
3001 1161 3162 1232 igitur
3193 1163 3340 1218 mala
3367 1177 3564 1216 mors.
3601 1159 3860 1230 Denique
3883 1177 3982 1216 more

2373 1261 2720 1326 peccatorum
2753 1255 3012 1324 pessima.
3059 1254 3176 1310 Non
3225 1255 3430 1326 utique
3463 1269 3640 1310 mors
3669 1254 3902 1324 pessima
3921 1271 3982 1323 se

2375 1347 2633 1404 neraliter
2657 1365 2672 1400 :
2697 1345 2793 1403 sed
2825 1349 3056 1418 pessima
3083 1349 3414 1418 specialiter
3441 1359 3834 1416 peccatorum
3857 1347 3966 1422 (Pis.

2375 1457 2543 1496 xxxiii
2563 1483 2578 1506 ,
2609 1439 2728 1510 22).
2757 1441 3000 1510 Denique
3029 1442 3261 1513 pretiosa
3283 1443 3624 1512 jus-torum.
3667 1439 3836 1498 Unde
3867 1443 3974 1510 liti-ae

2373 1537 2726 1592 acerbitatem
2751 1553 2858 1592 non
2881 1539 3072 1592 mortis
3085 1552 3232 1602 esse,
3257 1537 3358 1594 sed
3374 1537 3592 1606 culpae
3617 1535 3756 1604 (Ps.
3775 1537 3958 1598 ext-J51

2443 1631 2534 1686 54.
2560 1631 2790 1686 Pali-bro
2815 1643 3000 1688 autem
3025 1632 3200 1686 Cra-ci
3223 1646 3252 1686 a
3283 1632 3394 1686 line
3431 1641 3706 1694 mortem
3729 1628 3968 1700 appeth

2373 1735 2532 1790 runt;
2563 1725 2804 1784 τελευτήν
2833 1725 2978 1780 enim
3003 1735 3234 1780 mortem
3263 1725 3610 1795 appellant,
3639 1740 3716 1780 eo
3741 1723 3878 1792 quod
3899 1723 3966 1776 ire

671 1815 921 1892 firmitas.
952 1813 1152 1886 Opinio
1195 1825 1371 1870 autem
1403 1831 1510 1870 n0n
1543 1819 1736 1872 mortis
1768 1817 1988 1888 utique,
2019 1815 2114 1872 sed
2145 1815 2268 1870 vita:
2299 1813 2346 1874 Β
2373 1817 2531 1874 istius
2569 1821 2694 1872 vita:
2725 1819 2816 1874 sit.
2852 1817 2958 1874 Sed
3011 1818 3176 1874 etiam
3209 1833 3478 1874 somnum
3533 1818 3848 1888 Scriptura
3887 1833 3964 1870 Lit-

667 1919 772 1966 est.
811 1909 948 1980 liti-go
980 1908 1108 1964 illud
1137 1923 1302 1980 grave
1345 1908 1470 1968 vitae
1501 1923 1671 1980 magis
1700 1907 1973 1966 invenitur
2002 1923 2142 1966 esse.
2177 1907 2266 1962 Li-

664 2009 797 2076 quet
825 2001 986 2074 igitur
1015 2005 1136 2074 quia
1183 2000 1371 2056 mortis
1403 2012 1578 2058 metus
1611 2018 1718 2058 non
1747 2004 1814 2058 ad
1863 2013 2096 2070 mortem
2127 2005 2266 2058 refe-

663 2095 865 2164 rendus
894 2103 1010 2162 est.
1041 2093 1132 2148 sed
1165 2093 1232 2150 ad
1264 2101 1447 2149 vitam.
1479 2093 1596 2150 Non
1641 2097 1788 2150 enim
1823 2096 2084 2160 habemus
2121 2095 2264 2168 qttnd

667 2187 721 2242 in
757 2197 932 2243 morte
961 2199 1286 2250 metuamus.
1317 2189 1362 2242 si
1395 2189 1524 2244 nihil
1553 2189 1698 2260 quod
1735 2190 2036 2254 timendum
2063 2189 2136 2254 sit
2155 2191 2262 2244 vita

659 2295 844 2352 nostra
905 2281 1200 2336 commisit.
1256 2279 1470 2336 Etenim
1529 2282 1888 2352 prudentibus
1935 2281 2262 2338 delictorum

657 2371 922 2444 supplicia
956 2375 1150 2428 terrori
1183 2383 1308 2428 sunt
1331 2391 1342 2428 :
1365 2373 1560 2429 delicta
1589 2381 1768 2432 autem
1797 2391 1904 2432 non
1927 2391 2262 2440 mortuorum

658 2475 816 2522 actus
845 2476 1008 2532 sntit,
1038 2466 1134 2522 sed
1169 2467 1498 2522 viventium.
1537 2467 1658 2524 Vita
1711 2468 1874 2538 igitur
1923 2469 1988 2528 ad
2042 2483 2156 2523 uos'
2183 2483 2266 2524 re-

661 2563 856 2628 fertur,
883 2562 1043 2632 cujus
1071 2570 1228 2616 actus
1255 2561 1306 2614 in
1337 2571 1518 2616 nostra
1553 2574 1822 2631 poteState
1844 2574 1926 2616 est
1957 2581 1970 2618 :
1999 2579 2144 2622 mors
2169 2577 2264 2618 au—

663 2665 772 2712 tem
815 2655 946 2710 nihil
977 2654 1042 2710 .ad
1076 2671 1210 2720 nos;
1249 2666 1332 2710 est
1357 2656 1501 2710 enini
1529 2665 1802 2726 separatio
1833 2657 2032 2712 anima:
2061 2667 2116 2714 et
2143 2673 2266 2712 cor-

659 2753 811 2822 poris
846 2765 860 2803 :
888 2748 1068 2804 anima
1095 2749 1416 2816 absolvitur,
1447 2765 1646 2822 corpus
1674 2753 1986 2810 resolvitur.
2013 2753 2142 2819 Qua:
2167 2753 2264 2812 ab-

659 2843 924 2906 Solvitur,
969 2844 1169 2914 gaudet
1201 2861 1214 2896 :
1243 2844 1390 2914 quod
1423 2846 1717 2902 resolvitur
1757 2846 1810 2902 in
1841 2856 2040 2904 terram
2069 2861 2257 2914 suam,

660 2939 800 3000 nihil
826 2936 990 2994 sentit
1024 2957 1038 2992 :
1071 2939 1214 3010 quod
1247 2939 1376 2994 nihil
1406 2942 1590 3004 sentit,
1619 2950 1644 2976 τι
1675 2941 1804 2996 nihil
1832 2941 1902 3000 ad
1935 2957 2052 2996 nos.

731 3031 821 3089 52.
862 3030 1066 3088 Tamen
1099 3031 1144 3086 si
1175 3047 1325 3088 mors
1353 3032 1576 3097 malum,
1607 3034 1880 3102 quomodo
1899 3035 2130 3104 juvenes
2151 3047 2262 3088 non

657 3127 852 3182 timent
877 3124 994 3180 ﬁeri
1021 3139 1204 3188 senes,
1229 3139 1328 3178 nec
1357 3124 1642 3180 finitimam
1673 3126 1832 3180 morti
1855 3138 2109 3190 terentur
2131 3135 2265 3178 aeta-

2371 1921 2534 1976 cupat
2563 1921 2816 1974 mortem,
2841 1912 2980 1966 sicut
3003 1921 3088 1966 est
3111 1911 3246 1966 illud
3274 1929 3286 1964 :
3313 1910 3580 1966 Lazarus
3615 1912 3834 1966 amicus
3857 1923 3962 1962 ιεειεε

2371 2005 2562 2060 dormit
2593 2020 2611 2058 :
2641 2004 2732 2060 sed
2762 2003 2895 2060 vada
2941 2015 2996 2058 iit
3041 2006 3286 2060 suscitant
3335 2021 3460 2062 eum
3497 2004 3726 2076 (Joan.
3767 2021 3852 2066 χι,
3891 2003 3956 2056 Η..

2369 2095 2602 2154 Somnus
2629 2109 2810 2154 autem
2833 2097 3028 2164 bonus,
3060 2099 3318 2168 quoniam
3349 2099 3522 2170 quies
3549 2107 3678 2164 est,
3715 2099 3852 2154 sicut
3873 2098 3954 2152 scri-

2370 2200 2520 2259 ptum
2553 2199 2672 2244 est:
2707 2189 2814 2262 lz'go
2841 2190 3095 2256 dormivi,
3135 2202 3182 2244 et
3211 2191 3486 2260 requievi,
3517 2201 3576 2246 et
3611 2193 3859 2258 surrexi;
3881 2207 3956 2260 qui

2371 2283 2508 2338 niani
2541 2281 2791 2336 Dominus
2813 2283 3040 2354 suscepit
3071 2299 3148 2335 uie
3168 2281 3347 2354 (Prol.
3377 2298 3442 2338 tu
3463 2325 3478 2346 ,
3513 2282 3582 2352 6)
3645 2283 3832 2340 Dulcis
3857 2283 3954 2352 igitr-

2369 2375 2523 2446 quies
2549 2376 2757 2434 mortis.
2793 2375 3032 2446 Denique
3057 2375 3320 2432 Dominus
3346 2375 3606 2432 suscitat
3633 2377 3946 2448 quiescentes

2367 2467 2490 2538 quia
2523 2467 2786 2530 Dotniiius
2808 2478 2892 2524 est
2921 2471 3270 2524 resurrecno.

2438 2559 2527 2614 35$.
2569 2559 2700 2614 lllttd
2740 2576 2954 2632 quoque
2985 2563 3306 2632 egregium,
3351 2561 3508 2632 quod
3541 2562 3634 2618 ait
3677 2561 3942 2632 Scriptura:

2369 2651 2497 2706 Ante
2519 2663 2736 2710 mortem
2763 2670 2864 2710 non
2891 2654 3182 2708 laudaveris
3201 2671 3520 2724 qumtquaiii
3546 2655 3764 2722 (Ea-li.
3795 2673 3856 2712 xi.

2367 2743 2754 2816 Unusquisque
2782 2747 2926 2800 enim
2976 2749 3028 2802 in
3071 2747 3388 2802 novis'sitiiis
3436 2747 3564 2804 sui“
3615 2747 3938 2820 cognoscitur.

2367 2849 2424 2894 et
2453 2838 2504 2892 in
2542 2838 2666 2892 lilits
2697 2839 2812 2894 suis
2841 2839 3176 2905 instituatur,
3221 2840 3264 2894 si
3305 2840 3450 2894 bene
3497 2841 3662 2896 ﬁlios
3693 2857 3820 2896 πως

2369 2932 2490 2998 luit,
2523 2941 2576 2986 et
2605 2933 2910 3004 disciplinis
2929 2935 3370 3006 competentibus
3399 2937 3684 2992 erudivit.
3719 2938 3934 3004 Siquiiiea

2365 3025 2432 3082 ad
2477 3026 2858 3098 negligentiam
2901 3029 3072 3100 patris
3104 3028 3340 3084 refertur
3381 3029 3702 3086 dissolutio
3749 3031 3932 3084 filiorea.

2368 3119 2500 3174 Tum
2527 3119 2650 3190 quia
2685 3122 3080 3190 unusquisque,
3113 3121 3376 3194 quamdiu
3409 3121 3576 3188 vivit,
3615 3123 3932 3184 obnoxiaest

657 3231 800 3286 tem;
862 3218 1264 3292 pudentiusque
1315 3220 1497 3278 detiett
1552 3220 1642 3292 qui
1701 3229 2026 3290 praesumpta
2087 3225 2262 3274 nioite
2291 3209 2336 3274 C
2369 3212 2574 3284 lapsui,
2610 3229 2708 3284 nec
2737 3223 2992 3270 senectus
3021 3215 3278 3274 immunis
3323 3232 3354 3270 a
3383 3217 3680 3284 crimine;
3717 3219 3830 3274 ideo
3853 3215 3930 3284 legis

653 3315 874 3382 deficit,
905 3325 1063 3382 quam
1085 3311 1177 3384 qui
1201 3313 1501 3382 inopinata.
1538 3313 1632 3368 llis
1661 3329 1876 3384 quoque
1903 3313 1996 3386 qui
2027 3321 2254 3368 mortem

657 3409 863 3464 malum
895 3415 1105 3478 putant,
1128 3415 1312 3486 aptum
1346 3421 1668 3476 responsum
1696 3407 1968 3475 arbitror,
2000 3409 2128 3478 quia
2159 3422 2256 3478 per

656 3501 826 3556 vitam
854 3501 922 3554 ad
956 3511 1188 3554 mortem
1217 3511 1298 3566 est
1329 3498 1588 3554 transitus
1621 3515 1634 3552 :
1667 3515 1762 3568 per
1801 3512 2030 3554 mortem
2075 3509 2254 3554 autem

657 3594 726 3652 ad
747 3597 912 3648 vitam
939 3593 1163 3650 reditus.
1189 3591 1370 3662 Neque
1395 3592 1540 3672 enim
1567 3593 1668 3648 nisi
1692 3594 1780 3664 qui
1805 3595 2006 3652 moi-tui
2033 3591 2252 3662 fuerint,

655 3695 885 3758 possunt
915 3700 1215 3756 resurgere.
1249 3684 1572 3754 Insipicntes
1614 3695 1794 3742 autem
1825 3695 2058 3744 mortem
2101 3686 2256 3758 quasi

657 3796 930 3848 summum
984 3782 1248 3838 malorum
1298 3779 1660 3836 reformidant
1709 3797 1728 3836 :
1767 3783 2044 3851 sapientes
2098 3781 2255 3852 quasi

654 3873 898 3948 requiem
929 3883 1048 3944 post
1073 3872 1288 3928 labores
1309 3914 1325 3940 ,
1373 3883 1426 3927 et
1473 3873 1636 3932 linem
1667 3875 1936 3932 malorum
1968 3884 2250 3948 expetunt.

727 3968 815 4026 55.
857 3966 1073 4042 Duabus
1117 3975 1300 4022 autent
1333 3983 1397 4022 cx
1430 3967 1610 4024 causis
1659 3979 1888 4026 mortem
1935 3970 2257 4040 insipientes

655 4075 936 4118 verentur.
971 4061 1114 4130 Una,
1137 4065 1280 4134 quod
1305 4078 1424 4118 eam
1454 4062 1733 4122 inti-ritum
1763 4062 2038 4134 appellant
2069 4080 2081 4116 :
2115 4063 2256 4118 inte-

654 4155 796 4208 ritus
815 4147 992 4210 autem
1018 4155 1252 4218 hominis
1277 4171 1399 4211 esse
1431 4172 1534 4212 non
1563 4165 1764 4226 potest,
1793 4172 1916 4214 cuin
1963 4158 2144 4220 anima
2167 4171 2258 4211 su-

658 4257 870 4318 perstes
895 4264 1108 4318 cci-peri
1138 4249 1230 4314 sit,
1258 4249 1412 4302 salvo
1439 4264 1504 4304 eo
1533 4249 1677 4318 quod
1708 4250 1882 4318 ipsum
1907 4265 2108 4320 corpus
2141 4264 2256 4304 ma-

659 4351 788 4402 neat
819 4346 1169 4400 resurrectio.
1206 4343 1392 4412 Altera
1432 4353 1615 4398 autem
1647 4358 1810 4400 causa
1835 4385 1852 4410 ,
1883 4345 2028 4414 quod
2067 4359 2256 4414 poenas

655 4432 1015 4488 reformident
1035 4476 1050 4500 ,
1081 4445 1362 4506 poetarum
1395 4433 1648 4492 videlicet
1680 4435 1871 4489 fabulis
1897 4437 2092 4502 territi,
2125 4434 2152 4472 1)
2181 4436 2257 4490 la-

661 4533 834 4580 tratus
855 4525 1105 4593 Cerberi,
1127 4537 1182 4581 et
1208 4527 1392 4598 ϐουγιὶ
1424 4525 1664 4582 ﬂuminis
1684 4525 1890 4588 tristem
1915 4528 2250 4598 voraginem,

2359 3313 2488 3378 quia
2517 3307 2774 3370 Abraham
2807 3319 3042 3362 mortuus
3083 3320 3156 3362 est
3199 3310 3254 3364 iii
3292 3319 3566 3372 senectute
3629 3312 3774 3368 bona
3813 3311 3928 3378 (6a.

2361 3415 2493 3464 xxv,
2523 3396 2604 3468 ὅ),
2631 3415 2698 3456 eo
2728 3400 2880 3469 quod
2909 3402 2960 3456 in
2980 3401 3226 3458 bonitate
3247 3405 3520 3472 propositi
3547 3406 3642 3462 sui
3671 3404 3924 3478 pertinuit

2365 3493 2509 3552 Mors
2540 3495 2698 3564 igitur
2741 3495 2864 3552 vita:
2913 3507 2996 3554 est
3046 3497 3441 3556 testiinonium.
3499 3497 3652 3560 Nam
3698 3501 3748 3554 si
3787 3495 3932 3554 lauda;

2363 3599 2490 3644 ante
2515 3592 2844 3660 gubernator
2873 3607 2980 3646 non
3014 3600 3228 3662 potest,
3250 3609 3414 3664 quam
3445 3593 3506 3648 iii
3541 3603 3772 3662 portum
3799 3603 3928 3646 nam

2364 3682 2681 3748 deduxerit,
2714 3684 2988 3754 quomodo
3019 3683 3264 3740 laudabis
3292 3685 3610 3752 liotniuem,
3645 3687 3800 3758 prius
3821 3697 3930 3756 qua

2363 3775 2416 3840 in
2443 3777 2730 3830 stationem
2765 3778 2956 3832 mortis
2986 3779 3345 3834 successerit?
3381 3780 3450 3834 Et
3483 3782 3612 3850 ipse
3643 3781 3734 3836 sui
3763 3788 3838 3834 est
3867 3791 3930 3846 pt-

2363 3868 2666 3938 bernator,
2711 3881 2764 3936 et
2813 3869 2932 3940 ipse
2974 3871 3096 3928 vitio
3147 3871 3310 3942 hujus
3360 3871 3618 3942 jactatur
3681 3871 3926 3946 profitiuiti.

2359 3963 2620 4034 quamdiu
2649 3965 2704 4018 in
2733 3964 2852 4018 salo
2895 3965 3039 4030 isto,
3083 3965 3290 4022 tamdiu
3339 3966 3486 4022 inter
3521 3969 3812 4040 nauiragia
3853 3966 3927 4019 Diti

2359 4057 2476 4128 ipse
2517 4060 2620 4114 nisi
2649 4058 2900 4114 Confecto
2933 4060 3120 4130 praelii)
3173 4077 3280 4114 non
3315 4061 3484 4114 sumit
3541 4061 3827 4126 lauream,
3865 4071 3926 4112 iuit

2361 4152 2518 4206 utiles
2557 4165 2706 4206 arma
2758 4149 3014 4220 deponit,
3067 4165 3170 4208 nec
3211 4151 3474 4222 stipendii
3516 4153 3830 4210 mercedem
3855 4149 3926 4204 atii-

2361 4243 2589 4314 piscitur
2611 4285 2625 4308 ,
2661 4245 2762 4300 nisi
2791 4243 2951 4300 hoste
2979 4253 3262 4314 superato.
3297 4243 3446 4300 Mors
3473 4244 3650 4316 igitur
3677 4243 3926 4318 stipendio-

2363 4353 2482 4392 rum
2509 4336 2788 4408 plenitudo
2807 4380 2820 4406 ,
2851 4353 3064 4394 sumina
3091 4338 3362 4396 mercedis
3381 4379 3398 4406 ,
3432 4349 3454 4376 ο
3485 4343 3674 4412 gratia
3701 4335 3925 4396 missionis

2359 4439 2465 4488 est.

2433 4525 2524 4580 56.
2564 4525 2836 4593 Quantum
2867 4537 3047 4582 autem
3079 4526 3240 4580 morti
3277 4525 3428 4582 dedit
3454 4537 3690 4583 sanctus
3719 4527 3842 4590 Job,
3863 4526 3924 4596 qui

657 4613 986 4672 Cliaroiitein
1020 4618 1312 4676 tristiorem
1342 4661 1356 4686 ,
1391 4618 1674 4674 Furiarum
1701 4619 1912 4692 agmina
1941 4663 1956 4688 ,
1998 4632 2088 4674 aut
2123 4637 2258 4690 prte-
2283 4616 2338 4678 D
2361 4617 2502 4674 dixit
2545 4639 2558 4672 :
2589 4618 2888 4678 Benedictio
2917 4620 3152 4674 morituri
3195 4620 3250 4676 in
3291 4637 3372 4674 me
3401 4623 3576 4680 ueniat
3609 4621 3760 4696 (Job.
3791 4634 3920 4676 nu.

656 4721 812 4782 rUpta
844 4722 1068 4777 tartara,
1103 4713 1157 4766 in
1180 4713 1373 4786 quibus
1392 4713 1568 4784 Hydra
1601 4715 1794 4768 saevior
1814 4713 1998 4768 sedent
2031 4713 2246 4770 habeat.

657 4805 796 4878 Tityi
828 4823 1044 4878 quoque
1083 4808 1293 4863 viscera
1321 4807 1641 4880 reparandis
1672 4807 1900 4864 fecunda
1927 4809 2208 4879 suppliciis
2231 4852 2246 4876 ,

652 4915 773 4970 quae
799 4901 979 4956 vultur
1001 4899 1254 4954 immanis
1279 4903 1396 4956 sine
1415 4901 1529 4956 ullo
1555 4902 1660 4958 line
1690 4902 2021 4974 depascitur.
2055 4901 2250 4958 Ixionii

652 5007 866 5062 quoque
893 4992 1039 5048 orbis
1072 4999 1388 5063 perpetuam
1431 4995 1531 5048 sub
1561 5008 1735 5064 pretia:
1765 4997 2050 5050 atrocitate
2079 4998 2245 5051 verti-

651 5083 872 5152 ginem,
918 5093 1026 5137 tum
1055 5085 1170 5139 saxi
1209 5085 1446 5155 desuper
1475 5083 1813 5142 imminentis
1857 5103 2020 5156 super
2066 5087 2240 5157 ciipita

651 5176 1025 5246 accubantium
1043 5179 1183 5232 inter
1201 5181 1386 5248 CPUI'Ja
1411 5179 1814 5248 impendentem
1831 5182 2064 5234 ruinam.
2081 5179 2248 5266 4104.

652 5269 779 5326 Haec
819 5270 980 5358 plena
1027 5281 1154 5326 sunt
1201 5273 1498 5326 fabularum
1528 5313 1542 5338 ,
1576 5287 1677 5340 nec
1724 5283 1905 5330 tamen
1937 5279 2244 5346 negaret-im

725 5419 746 5446 θ
783 5406 930 5463 Edit.
975 5422 1205 5480 omnes,
1249 5417 1302 5461 et
1345 5421 1474 5460 mss.
1521 5405 1763 5480 aliquot,
1806 5407 1940 5480 nihil
1983 5409 2238 5480 agnoscit.

649 5481 758 5536 Sed
787 5497 976 5534 novem
1005 5481 1144 5532 haud
1171 5479 1368 5532 infinite
1402 5487 1564 5538 none.
1595 5477 1727 5532 nihil
1748 5478 1814 5530 ad
1839 5496 1949 5532 nos.

723 5549 750 5588 ι)
781 5549 982 5606 Omnes
1017 5555 1170 5618 edit.,
1205 5551 1420 5603 latratus
1459 5550 1603 5602 canis
1629 5551 1902 5619 infernalis
1935 5549 2232 5609 Cerberi....

653 5629 698 5672 et
730 5633 937 5694 nautam
965 5624 1151 5694 inferni
1182 5635 1400 5694 gurgitis
1423 5621 1753 5694 Charontem.
1777 5621 1880 5676 Sed
1907 5621 2024 5677 hu'c
2048 5628 2232 5692 verba,

653 5706 794 5762 ratiis
825 5691 1112 5760 infernalis,
1145 5691 1430 5761 etc.,'quec
1457 5693 1780 5748 i'esciditiius
1807 5709 1837 5747 e
1861 5701 2034 5760 textu,
2063 5691 2236 5762 neque

651 5760 706 5814 in
745 5761 1084 5838 \_’at._.neque
1128 5760 1362 5838 inhGall.
1399 5777 1528 5838 mss.
1575 5765 1952 5838 reperiuntur;
1995 5760 2233 5838 satisque

654 5829 932 5902 probabile
961 5829 1044 5887 est
1069 5849 1134 5889 ex
1165 5834 1389 5904 alicujus
1419 5835 1598 5904 glossa
1624 5829 1710 5891 vel
1735 5839 1999 5907 margine,
2025 5837 2115 5896 ubi
2138 5829 2231 5896 ex-

2367 4712 2494 4784 13)?
2523 4712 2654 4766 Nam
2687 4716 2790 4770 etsi
2817 4713 2965 4768 Isaac
3000 4713 3336 4770 benedtxerit
3365 4714 3508 4770 iilios
3541 4729 3678 4770 suos
3707 4713 3922 4773 moriens.

2359 4816 2414 4860 et
2458 4804 2626 4860 Jacob
2671 4805 3013 4862 beticdixerit
3053 4805 3395 4862 Patrinrclias
3421 4826 3438 4860 :
3467 4817 3654 4862 tamen
3707 4804 3922 4862 benedic-

2361 4899 2522 4955 tionis
2555 4900 2696 4955 illins
2723 4901 2896 4970 gratia
2945 4909 3158 4968 peierat
3203 4900 3336 4956 solis
3367 4899 3810 4968 benedicendum
3839 4909 3920 4950 nte-

2330 4994 2470 5052 im.-
2500 4995 2782 5064 deputari,
2829 4995 2914 5050 vel
2961 4993 3148 5064 pietati
3179 5003 3443 5066 patrii-uie.
3490 4993 3590 5050 llic
3637 5009 3768 5050 vero
3807 4989 3920 5046 nulla

2351 5089 2705 5162 praerogativa
2741 5090 3059 5146 meritoriun
3091 5097 3194 5153 est,
3227 5087 3370 5148 nulla
3399 5087 3640 5157 pietatis,
3671 5084 3764 5140 sed
3788 5082 3918 5138 solius

2352 5189 2543 5239 mortis
2573 5183 2920 5254 privilegium
2950 5200 2963 5236 :
2995 5198 3122 5238 cum
3151 5181 3468 5240 benedictio
3497 5181 3764 5254 Cujusquc
3789 5175 3918 5233 iiii-ri-

2355 5277 2460 5332 turi
2496 5287 2704 5332 tantum
2753 5277 2968 5332 virtutis
3016 5275 3246 5343 habeat,
3299 5282 3364 5334 ut
3407 5289 3530 5330 eam
3579 5273 3688 5330 sibi
3735 5279 3915 5328 sanctus

2349 5409 2656 5482 pliciitinnis
2684 5412 2856 5480 gratia
2893 5413 3068 5482 pesita
3093 5411 3326 5474 fuerant,
3347 5412 3398 5466 in
3419 5426 3622 5479 corpus
3644 5409 3908 5480 irrepsisse.

2365 5489 2368 5492 ’
2402 5494 2445 5554 κε
2480 5485 2569 5538 Sic
2599 5500 2790 5538 omnes
2814 5485 2940 5538 edit.
2976 5496 3030 5538 et
3063 5485 3218 5554 pallti
3252 5500 3380 5537 mss.
3415 5482 3472 5538 In
3506 5485 3632 5537 aliis
3661 5488 3910 5538 atuentesl

2345 5553 2521 5624 aliqua
2553 5555 2864 5610 diversitas.
2895 5554 3120 5622 Quidam
3151 5556 3296 5610 enim
3321 5597 3338 5620 ,
3368 5557 3560 5626 gratia,
3587 5557 3806 5616 remissio
3829 5563 3911 5626 εξιῖ

2344 5627 2588 5694 quidam,
2609 5631 2776 5696 gratia
2809 5629 3122 5688 remissionis
3150 5635 3256 5693 est;
3285 5629 3530 5696 quidam.
3557 5629 3730 5696 gratia
3753 5625 3912 5696 admis-

2341 5699 2505 5752 sionis
2533 5695 2637 5764 esti;
2669 5701 2883 5768 quidam
2910 5701 3166 5767 denique,
3197 5695 3366 5769 gratia
3394 5695 3692 5754 (tutissimus
3715 5709 3799 5756 est.
3831 5695 3910 5769 δἐο

2341 5783 2459 5824 rum
2492 5770 2579 5844 Inc
2607 5767 2699 5844 ad
2723 5770 3036 5828 missionem
3060 5786 3180 5844 quae.
3199 5767 3471 5826 militibus
3497 5772 3742 5836 emeritis
3777 5767 3908 5826 daba-

2341 5848 2450 5910 tur,
2476 5839 2646 5900 alludi
2675 5849 2906 5914 constat.
