  <div class='ocr_page' id='page_1' title='image "/cluster/home/n/w/nwhite01/storage/ocr_20150623/14/hvd.32044015471303/284.png"; bbox 0 0 4082 6370; ppageno 0'>
   <div class='ocr_carea' id='block_1_1' title="bbox 165 347 271 403">
    <p class='ocr_par' dir='ltr' id='par_1_1' title="bbox 165 347 271 403">
     <span class='ocr_line' id='line_1_1' title="bbox 165 347 271 403; baseline -0.019 0"><span class='ocrx_word' id='word_1_1' title='bbox 165 347 271 403; x_wconf 77' lang='grc'><strong>557</strong></span> 
     </span>
    </p>
   </div>
   <div class='ocr_carea' id='block_1_2' title="bbox 1274 339 2370 401">
    <p class='ocr_par' dir='ltr' id='par_1_2' title="bbox 1274 339 2370 401">
     <span class='ocr_line' id='line_1_2' title="bbox 1274 339 2370 401; baseline -0.003 -2"><span class='ocrx_word' id='word_1_2' title='bbox 1274 343 1363 400; x_wconf 85' lang='lat' dir='ltr'><strong>DE</strong></span> <span class='ocrx_word' id='word_1_3' title='bbox 1403 341 1587 401; x_wconf 85' lang='grc' dir='ltr'>ΒΟΝΟ</span> <span class='ocrx_word' id='word_1_4' title='bbox 1626 339 1884 398; x_wconf 78' lang='lat' dir='ltr'><strong>MORTIS</strong></span> <span class='ocrx_word' id='word_1_5' title='bbox 1923 340 2128 398; x_wconf 80' lang='lat' dir='ltr'><strong>LIBER</strong></span> <span class='ocrx_word' id='word_1_6' title='bbox 2168 341 2370 401; x_wconf 82' lang='lat' dir='ltr'><strong>UNUS.</strong></span> 
     </span>
    </p>
   </div>
   <div class='ocr_carea' id='block_1_3' title="bbox 3366 336 3479 402">
    <p class='ocr_par' dir='ltr' id='par_1_3' title="bbox 3366 336 3479 402">
     <span class='ocr_line' id='line_1_3' title="bbox 3366 336 3479 402; baseline 0.009 -2"><span class='ocrx_word' id='word_1_7' title='bbox 3366 336 3479 402; x_wconf 73' lang='grc'><strong>558</strong></span> 
     </span>
    </p>
   </div>
   <div class='ocr_carea' id='block_1_4' title="bbox 165 455 3470 537">
    <p class='ocr_par' dir='ltr' id='par_1_4' title="bbox 165 455 3470 537">
     <span class='ocr_line' id='line_1_4' title="bbox 165 455 3470 537; baseline -0.002 -15"><span class='ocrx_word' id='word_1_8' title='bbox 165 465 442 537; x_wconf 83' lang='lat' dir='ltr'><strong>Propheta</strong></span> <span class='ocrx_word' id='word_1_9' title='bbox 486 464 776 536; x_wconf 97' lang='lat' dir='ltr'><strong>optaverit.</strong></span> <span class='ocrx_word' id='word_1_10' title='bbox 809 465 887 522; x_wconf 88' lang='lat' dir='ltr'><strong>Ac</strong></span> <span class='ocrx_word' id='word_1_11' title='bbox 916 478 1011 533; x_wconf 90' lang='lat' dir='ltr'><strong>per</strong></span> <span class='ocrx_word' id='word_1_12' title='bbox 1050 462 1151 517; x_wconf 91' lang='lat' dir='ltr'><strong>hoc</strong></span> <span class='ocrx_word' id='word_1_13' title='bbox 1199 461 1501 533; x_wconf 76' lang='lat' dir='ltr'><strong>cogitemus</strong></span> <span class='ocrx_word' id='word_1_14' title='bbox 1549 472 1766 530; x_wconf 87' lang='lat' dir='ltr'><strong>semper</strong></span> <span class='ocrx_word' id='word_1_15' title='bbox 1800 460 1843 520; x_wconf 72' lang='grc' dir='ltr'>Α</span> <span class='ocrx_word' id='word_1_16' title='bbox 1877 456 2093 512; x_wconf 86' lang='lat' dir='ltr'><strong>Domino</strong></span> <span class='ocrx_word' id='word_1_17' title='bbox 2123 459 2176 511; x_wconf 85' lang='lat' dir='ltr'><strong>in</strong></span> <span class='ocrx_word' id='word_1_18' title='bbox 2213 459 2426 530; x_wconf 79' lang='lat' dir='ltr'><strong>regione</strong></span> <span class='ocrx_word' id='word_1_19' title='bbox 2475 459 2702 512; x_wconf 82' lang='lat' dir='ltr'><strong>vivorum</strong></span> <span class='ocrx_word' id='word_1_20' title='bbox 2735 455 2922 520; x_wconf 83' lang='lat' dir='ltr'><strong>(Ibid.,</strong></span> <span class='ocrx_word' id='word_1_21' title='bbox 2952 455 3031 530; x_wconf 90' lang='lat'><strong>9).</strong></span> <span class='ocrx_word' id='word_1_22' title='bbox 3064 456 3159 514; x_wconf 88' lang='lat' dir='ltr'><strong>Illa</strong></span> <span class='ocrx_word' id='word_1_23' title='bbox 3201 468 3282 514; x_wconf 91' lang='lat' dir='ltr'><strong>est</strong></span> <span class='ocrx_word' id='word_1_24' title='bbox 3325 463 3470 517; x_wconf 89' lang='lat' dir='ltr'><strong>enim</strong></span> 
     </span>
    </p>
   </div>
   <div class='ocr_carea' id='block_1_5' title="bbox 163 556 1298 624">
    <p class='ocr_par' dir='ltr' id='par_1_5' title="bbox 163 556 1298 624">
     <span class='ocr_line' id='line_1_5' title="bbox 163 556 1298 624; baseline -0.002 -11"><span class='ocrx_word' id='word_1_25' title='bbox 163 556 310 613; x_wconf 83' lang='lat' dir='ltr'><strong>hunc</strong></span> <span class='ocrx_word' id='word_1_26' title='bbox 336 559 686 624; x_wconf 85' lang='lat' dir='ltr'><strong>versiculum,</strong></span> <span class='ocrx_word' id='word_1_27' title='bbox 716 566 774 613; x_wconf 90' lang='lat' dir='ltr'><strong>et</strong></span> <span class='ocrx_word' id='word_1_28' title='bbox 801 557 965 613; x_wconf 83' lang='lat' dir='ltr'><strong>corde</strong></span> <span class='ocrx_word' id='word_1_29' title='bbox 997 567 1298 613; x_wconf 86' lang='lat' dir='ltr'><strong>teneamus.</strong></span> 
     </span>
    </p>
   </div>
   <div class='ocr_carea' id='block_1_6' title="bbox 237 649 1761 723">
    <p class='ocr_par' dir='ltr' id='par_1_6' title="bbox 237 649 1761 723">
     <span class='ocr_line' id='line_1_6' title="bbox 237 649 1761 723; baseline -0.003 -17"><span class='ocrx_word' id='word_1_30' title='bbox 237 654 328 709; x_wconf 75' lang='lat'><strong>57.</strong></span> <span class='ocrx_word' id='word_1_31' title='bbox 370 653 429 710; x_wconf 91' lang='lat' dir='ltr'><strong>Si</strong></span> <span class='ocrx_word' id='word_1_32' title='bbox 476 668 634 723; x_wconf 89' lang='lat' dir='ltr'><strong>quem</strong></span> <span class='ocrx_word' id='word_1_33' title='bbox 688 653 987 708; x_wconf 77' lang='lat' dir='ltr'><strong>viderimus</strong></span> <span class='ocrx_word' id='word_1_34' title='bbox 1042 667 1333 723; x_wconf 82' lang='lat' dir='ltr'><strong>pauperem</strong></span> <span class='ocrx_word' id='word_1_35' title='bbox 1403 649 1761 717; x_wconf 88' lang='lat' dir='ltr'><strong>moriturum,</strong></span> 
     </span>
    </p>
   </div>
   <div class='ocr_carea' id='block_1_7' title="bbox 164 749 1761 820">
    <p class='ocr_par' dir='ltr' id='par_1_7' title="bbox 164 749 1761 820">
     <span class='ocr_line' id='line_1_7' title="bbox 164 749 1761 820; baseline -0.001 -16"><span class='ocrx_word' id='word_1_36' title='bbox 164 759 388 819; x_wconf 86' lang='lat' dir='ltr'><strong>sumptu</strong></span> <span class='ocrx_word' id='word_1_37' title='bbox 422 751 710 820; x_wconf 87' lang='lat' dir='ltr'><strong>juvemus;</strong></span> <span class='ocrx_word' id='word_1_38' title='bbox 755 760 811 806; x_wconf 90' lang='lat' dir='ltr'><strong>et</strong></span> <span class='ocrx_word' id='word_1_39' title='bbox 855 750 1000 805; x_wconf 91' lang='lat' dir='ltr'><strong>dicat</strong></span> <span class='ocrx_word' id='word_1_40' title='bbox 1047 749 1419 820; x_wconf 75' lang='lat' dir='ltr'><strong>unusquisque</strong></span> <span class='ocrx_word' id='word_1_41' title='bbox 1470 757 1714 804; x_wconf 89' lang='lat' dir='ltr'><strong>nostrum</strong></span> <span class='ocrx_word' id='word_1_42' title='bbox 1750 767 1761 802; x_wconf 89' lang='lat'><strong>:</strong></span> 
     </span>
    </p>
   </div>
   <div class='ocr_carea' id='block_1_8' title="bbox 163 845 1764 916">
    <p class='ocr_par' dir='ltr' id='par_1_8' title="bbox 163 845 1764 916">
     <span class='ocr_line' id='line_1_8' title="bbox 163 845 1764 916; baseline -0.002 -14"><span class='ocrx_word' id='word_1_43' title='bbox 163 845 465 902; x_wconf 81' lang='lat' dir='ltr'><strong>Benedictio</strong></span> <span class='ocrx_word' id='word_1_44' title='bbox 493 847 734 902; x_wconf 87' lang='lat' dir='ltr'><strong>morituri</strong></span> <span class='ocrx_word' id='word_1_45' title='bbox 776 847 829 900; x_wconf 87' lang='lat' dir='ltr'><strong>in</strong></span> <span class='ocrx_word' id='word_1_46' title='bbox 861 863 939 901; x_wconf 86' lang='lat' dir='ltr'><strong>me</strong></span> <span class='ocrx_word' id='word_1_47' title='bbox 972 847 1158 900; x_wconf 81' lang='lat' dir='ltr'><strong>veniat.</strong></span> <span class='ocrx_word' id='word_1_48' title='bbox 1195 845 1250 901; x_wconf 90' lang='lat' dir='ltr'><strong>Si</strong></span> <span class='ocrx_word' id='word_1_49' title='bbox 1278 861 1438 916; x_wconf 90' lang='lat' dir='ltr'><strong>quem</strong></span> <span class='ocrx_word' id='word_1_50' title='bbox 1470 845 1764 899; x_wconf 83' lang='lat' dir='ltr'><strong>viderimus</strong></span> 
     </span>
    </p>
   </div>
   <div class='ocr_carea' id='block_1_9' title="bbox 163 936 1767 1005">
    <p class='ocr_par' dir='ltr' id='par_1_9' title="bbox 163 936 1767 1005">
     <span class='ocr_line' id='line_1_9' title="bbox 163 936 1767 1005; baseline -0.003 -12"><span class='ocrx_word' id='word_1_51' title='bbox 163 936 426 1004; x_wconf 84' lang='lat' dir='ltr'><strong>debilem,</strong></span> <span class='ocrx_word' id='word_1_52' title='bbox 451 955 556 994; x_wconf 87' lang='lat' dir='ltr'><strong>non</strong></span> <span class='ocrx_word' id='word_1_53' title='bbox 583 939 901 994; x_wconf 85' lang='lat' dir='ltr'><strong>deseramus</strong></span> <span class='ocrx_word' id='word_1_54' title='bbox 933 953 949 992; x_wconf 90' lang='lat'><strong>:</strong></span> <span class='ocrx_word' id='word_1_55' title='bbox 983 939 1026 992; x_wconf 86' lang='lat' dir='ltr'><strong>si</strong></span> <span class='ocrx_word' id='word_1_56' title='bbox 1054 952 1216 1005; x_wconf 90' lang='lat' dir='ltr'><strong>quem</strong></span> <span class='ocrx_word' id='word_1_57' title='bbox 1251 937 1304 991; x_wconf 91' lang='lat' dir='ltr'><strong>in</strong></span> <span class='ocrx_word' id='word_1_58' title='bbox 1333 936 1767 1004; x_wconf 76' lang='lat' dir='ltr'><strong>extremis-posi-</strong></span> 
     </span>
    </p>
   </div>
   <div class='ocr_carea' id='block_1_10' title="bbox 164 1029 1762 1100">
    <p class='ocr_par' dir='ltr' id='par_1_10' title="bbox 164 1029 1762 1100">
     <span class='ocr_line' id='line_1_10' title="bbox 164 1029 1762 1100; baseline -0.001 -16"><span class='ocrx_word' id='word_1_59' title='bbox 164 1039 311 1086; x_wconf 88' lang='lat' dir='ltr'><strong>tum.</strong></span> <span class='ocrx_word' id='word_1_60' title='bbox 345 1047 449 1085; x_wconf 90' lang='lat' dir='ltr'><strong>non</strong></span> <span class='ocrx_word' id='word_1_61' title='bbox 490 1032 856 1100; x_wconf 77' lang='lat' dir='ltr'><strong>relinquamus</strong></span> <span class='ocrx_word' id='word_1_62' title='bbox 889 1049 901 1084; x_wconf 89' lang='lat'>:</span> <span class='ocrx_word' id='word_1_63' title='bbox 945 1037 1198 1085; x_wconf 81' lang='lat' dir='ltr'><strong>occurrat</strong></span> <span class='ocrx_word' id='word_1_64' title='bbox 1234 1038 1290 1084; x_wconf 88' lang='lat' dir='ltr'><strong>et</strong></span> <span class='ocrx_word' id='word_1_65' title='bbox 1342 1029 1499 1083; x_wconf 88' lang='lat' dir='ltr'><strong>nobis</strong></span> <span class='ocrx_word' id='word_1_66' title='bbox 1537 1029 1762 1083; x_wconf 77' lang='lat' dir='ltr'><strong>dicere:</strong></span> 
     </span>
    </p>
   </div>
   <div class='ocr_carea' id='block_1_11' title="bbox 162 1121 1770 1196">
    <p class='ocr_par' dir='ltr' id='par_1_11' title="bbox 162 1121 1770 1196">
     <span class='ocr_line' id='line_1_11' title="bbox 162 1121 1770 1196; baseline 0 -20"><span class='ocrx_word' id='word_1_67' title='bbox 162 1122 330 1196; x_wconf 54' lang='lat'><strong>405</strong></span> <span class='ocrx_word' id='word_1_68' title='bbox 365 1123 660 1180; x_wconf 79' lang='lat' dir='ltr'><strong>Benedictio</strong></span> <span class='ocrx_word' id='word_1_69' title='bbox 688 1124 929 1178; x_wconf 86' lang='lat' dir='ltr'><strong>morituri</strong></span> <span class='ocrx_word' id='word_1_70' title='bbox 968 1124 1022 1177; x_wconf 87' lang='lat' dir='ltr'><strong>in</strong></span> <span class='ocrx_word' id='word_1_71' title='bbox 1062 1138 1145 1177; x_wconf 84' lang='lat' dir='ltr'><strong>me</strong></span> <span class='ocrx_word' id='word_1_72' title='bbox 1171 1123 1360 1176; x_wconf 87' lang='lat' dir='ltr'><strong>veniat.</strong></span> <span class='ocrx_word' id='word_1_73' title='bbox 1399 1121 1603 1176; x_wconf 88' lang='lat' dir='ltr'><strong>Landet</strong></span> <span class='ocrx_word' id='word_1_74' title='bbox 1628 1132 1678 1175; x_wconf 91' lang='lat' dir='ltr'><strong>et</strong></span> <span class='ocrx_word' id='word_1_75' title='bbox 1716 1129 1770 1176; x_wconf 88' lang='lat' dir='ltr'><strong>te</strong></span> 
     </span>
    </p>
   </div>
   <div class='ocr_carea' id='block_1_12' title="bbox 163 1215 1770 1287">
    <p class='ocr_par' dir='ltr' id='par_1_12' title="bbox 163 1215 1770 1287">
     <span class='ocr_line' id='line_1_12' title="bbox 163 1215 1770 1287; baseline -0.002 -15"><span class='ocrx_word' id='word_1_76' title='bbox 163 1220 535 1287; x_wconf 83' lang='lat' dir='ltr'><strong>unusquisque</strong></span> <span class='ocrx_word' id='word_1_77' title='bbox 590 1219 933 1282; x_wconf 85' lang='lat' dir='ltr'><strong>moriturus,</strong></span> <span class='ocrx_word' id='word_1_78' title='bbox 969 1216 1370 1287; x_wconf 51' lang='lat' dir='ltr'><strong>ounusqui~que</strong></span> <span class='ocrx_word' id='word_1_79' title='bbox 1418 1226 1442 1253; x_wconf 77' lang='grc' dir='ltr'><strong>ιι</strong></span> <span class='ocrx_word' id='word_1_80' title='bbox 1487 1215 1770 1284; x_wconf 66' lang='lat' dir='ltr'><strong>depositus</strong></span> 
     </span>
    </p>
   </div>
   <div class='ocr_carea' id='block_1_13' title="bbox 161 1309 1769 1380">
    <p class='ocr_par' dir='ltr' id='par_1_13' title="bbox 161 1309 1769 1380">
     <span class='ocr_line' id='line_1_13' title="bbox 161 1309 1769 1380; baseline -0.001 -17"><span class='ocrx_word' id='word_1_81' title='bbox 161 1323 317 1370; x_wconf 71' lang='lat' dir='ltr'><strong>tcvo,</strong></span> <span class='ocrx_word' id='word_1_82' title='bbox 367 1311 744 1380; x_wconf 83' lang='lat' dir='ltr'><strong>unusquisque</strong></span> <span class='ocrx_word' id='word_1_83' title='bbox 794 1309 1074 1366; x_wconf 85' lang='lat' dir='ltr'><strong>confectus</strong></span> <span class='ocrx_word' id='word_1_84' title='bbox 1119 1309 1343 1363; x_wconf 76' lang='lat' dir='ltr'><strong>vulnere</strong></span> <span class='ocrx_word' id='word_1_85' title='bbox 1385 1309 1572 1378; x_wconf 80' lang='lat' dir='ltr'><strong>gravi,</strong></span> <span class='ocrx_word' id='word_1_86' title='bbox 1607 1323 1769 1362; x_wconf 80' lang='lat' dir='ltr'><strong>unus-</strong></span> 
     </span>
    </p>
   </div>
   <div class='ocr_carea' id='block_1_14' title="bbox 160 1401 1766 1472">
    <p class='ocr_par' dir='ltr' id='par_1_14' title="bbox 160 1401 1766 1472">
     <span class='ocr_line' id='line_1_14' title="bbox 160 1401 1766 1472; baseline -0.001 -16"><span class='ocrx_word' id='word_1_87' title='bbox 160 1402 393 1470; x_wconf 81' lang='lat' dir='ltr'><strong>quisque</strong></span> <span class='ocrx_word' id='word_1_88' title='bbox 423 1406 616 1458; x_wconf 85' lang='lat' dir='ltr'><strong>morbo</strong></span> <span class='ocrx_word' id='word_1_89' title='bbox 646 1403 992 1472; x_wconf 85' lang='lat' dir='ltr'><strong>absumptus,</strong></span> <span class='ocrx_word' id='word_1_90' title='bbox 1028 1412 1082 1456; x_wconf 88' lang='lat' dir='ltr'><strong>et</strong></span> <span class='ocrx_word' id='word_1_91' title='bbox 1119 1401 1228 1470; x_wconf 86' lang='lat' dir='ltr'><strong>jam</strong></span> <span class='ocrx_word' id='word_1_92' title='bbox 1260 1403 1420 1455; x_wconf 91' lang='lat' dir='ltr'><strong>morti</strong></span> <span class='ocrx_word' id='word_1_93' title='bbox 1464 1401 1766 1470; x_wconf 81' lang='lat' dir='ltr'><strong>proximus.</strong></span> 
     </span>
    </p>
   </div>
   <div class='ocr_carea' id='block_1_15' title="bbox 160 1491 1768 1564">
    <p class='ocr_par' dir='ltr' id='par_1_15' title="bbox 160 1491 1768 1564">
     <span class='ocr_line' id='line_1_15' title="bbox 160 1491 1768 1564; baseline -0.003 -15"><span class='ocrx_word' id='word_1_94' title='bbox 160 1492 265 1550; x_wconf 76' lang='lat' dir='ltr'><strong>llic</strong></span> <span class='ocrx_word' id='word_1_95' title='bbox 295 1495 602 1550; x_wconf 88' lang='lat' dir='ltr'><strong>versiculus</strong></span> <span class='ocrx_word' id='word_1_96' title='bbox 629 1503 864 1564; x_wconf 84' lang='lat' dir='ltr'><strong>quantos</strong></span> <span class='ocrx_word' id='word_1_97' title='bbox 899 1494 1150 1551; x_wconf 86' lang='lat' dir='ltr'><strong>benedici</strong></span> <span class='ocrx_word' id='word_1_98' title='bbox 1179 1493 1335 1548; x_wconf 83' lang='lat' dir='ltr'><strong>fecit!</strong></span> <span class='ocrx_word' id='word_1_99' title='bbox 1374 1493 1597 1560; x_wconf 80' lang='lat' dir='ltr'><strong>Quoties</strong></span> <span class='ocrx_word' id='word_1_100' title='bbox 1639 1491 1768 1546; x_wconf 84' lang='lat' dir='ltr'><strong>milii</strong></span> 
     </span>
    </p>
   </div>
   <div class='ocr_carea' id='block_1_16' title="bbox 164 1588 1772 1659">
    <p class='ocr_par' dir='ltr' id='par_1_16' title="bbox 164 1588 1772 1659">
     <span class='ocr_line' id='line_1_16' title="bbox 164 1588 1772 1659; baseline -0.002 -16"><span class='ocrx_word' id='word_1_101' title='bbox 164 1589 429 1659; x_wconf 82' lang='lat' dir='ltr'><strong>pudorem</strong></span> <span class='ocrx_word' id='word_1_102' title='bbox 459 1590 706 1653; x_wconf 79' lang='lat' dir='ltr'><strong>incussit,</strong></span> <span class='ocrx_word' id='word_1_103' title='bbox 733 1591 778 1644; x_wconf 87' lang='lat' dir='ltr'><strong>si</strong></span> <span class='ocrx_word' id='word_1_104' title='bbox 798 1591 1118 1644; x_wconf 90' lang='lat' dir='ltr'><strong>moriturum</strong></span> <span class='ocrx_word' id='word_1_105' title='bbox 1152 1588 1410 1657; x_wconf 74' lang='lat' dir='ltr'><strong>przeterii,</strong></span> <span class='ocrx_word' id='word_1_106' title='bbox 1440 1588 1484 1642; x_wconf 89' lang='lat' dir='ltr'><strong>si</strong></span> <span class='ocrx_word' id='word_1_107' title='bbox 1509 1604 1617 1642; x_wconf 87' lang='lat' dir='ltr'><strong>non</strong></span> <span class='ocrx_word' id='word_1_108' title='bbox 1642 1588 1772 1641; x_wconf 86' lang='lat' dir='ltr'><strong>visi-</strong></span> 
     </span>
    </p>
   </div>
   <div class='ocr_carea' id='block_1_17' title="bbox 163 1681 1766 1754">
    <p class='ocr_par' dir='ltr' id='par_1_17' title="bbox 163 1681 1766 1754">
     <span class='ocr_line' id='line_1_17' title="bbox 163 1681 1766 1754; baseline -0.002 -17"><span class='ocrx_word' id='word_1_109' title='bbox 163 1687 274 1737; x_wconf 88' lang='lat' dir='ltr'><strong>tavi</strong></span> <span class='ocrx_word' id='word_1_110' title='bbox 321 1686 562 1754; x_wconf 73' lang='lat' dir='ltr'><strong>graviter</strong></span> <span class='ocrx_word' id='word_1_111' title='bbox 581 1700 806 1754; x_wconf 63' lang='lat' dir='ltr'><strong>aegrum,</strong></span> <span class='ocrx_word' id='word_1_112' title='bbox 830 1685 874 1738; x_wconf 86' lang='lat' dir='ltr'><strong>si</strong></span> <span class='ocrx_word' id='word_1_113' title='bbox 908 1683 1142 1738; x_wconf 80' lang='lat' dir='ltr'><strong>fastidivi</strong></span> <span class='ocrx_word' id='word_1_114' title='bbox 1163 1684 1400 1750; x_wconf 88' lang='lat' dir='ltr'><strong>inopem,</strong></span> <span class='ocrx_word' id='word_1_115' title='bbox 1429 1681 1476 1736; x_wconf 88' lang='lat' dir='ltr'><strong>si</strong></span> <span class='ocrx_word' id='word_1_116' title='bbox 1498 1681 1766 1747; x_wconf 75' lang='lat' dir='ltr'><strong>captivum</strong></span> 
     </span>
    </p>
   </div>
   <div class='ocr_carea' id='block_1_18' title="bbox 167 1775 1771 1848">
    <p class='ocr_par' dir='ltr' id='par_1_18' title="bbox 167 1775 1771 1848">
     <span class='ocr_line' id='line_1_18' title="bbox 167 1775 1771 1848; baseline -0.002 -17"><span class='ocrx_word' id='word_1_117' title='bbox 167 1792 278 1833; x_wconf 89' lang='lat' dir='ltr'><strong>non</strong></span> <span class='ocrx_word' id='word_1_118' title='bbox 297 1777 587 1844; x_wconf 85' lang='lat' dir='ltr'><strong>redemi,si</strong></span> <span class='ocrx_word' id='word_1_119' title='bbox 603 1794 789 1833; x_wconf 79' lang='lat' dir='ltr'><strong>senem</strong></span> <span class='ocrx_word' id='word_1_120' title='bbox 811 1778 1011 1848; x_wconf 87' lang='lat' dir='ltr'><strong>sprevi!</strong></span> <span class='ocrx_word' id='word_1_121' title='bbox 1033 1777 1114 1833; x_wconf 90' lang='lat' dir='ltr'><strong>Sit</strong></span> <span class='ocrx_word' id='word_1_122' title='bbox 1140 1792 1271 1846; x_wconf 87' lang='lat' dir='ltr'><strong>ergo</strong></span> <span class='ocrx_word' id='word_1_123' title='bbox 1291 1775 1346 1830; x_wconf 90' lang='lat' dir='ltr'><strong>in</strong></span> <span class='ocrx_word' id='word_1_124' title='bbox 1362 1777 1527 1831; x_wconf 86' lang='lat' dir='ltr'><strong>corde</strong></span> <span class='ocrx_word' id='word_1_125' title='bbox 1552 1776 1602 1830; x_wconf 91' lang='lat' dir='ltr'><strong>id</strong></span> <span class='ocrx_word' id='word_1_126' title='bbox 1627 1790 1771 1830; x_wconf 89' lang='lat' dir='ltr'><strong>sem-</strong></span> 
     </span>
    </p>
   </div>
   <div class='ocr_carea' id='block_1_19' title="bbox 1869 551 3470 624">
    <p class='ocr_par' dir='ltr' id='par_1_19' title="bbox 1869 551 3470 624">
     <span class='ocr_line' id='line_1_19' title="bbox 1869 551 3470 624; baseline 0.004 -20"><span class='ocrx_word' id='word_1_127' title='bbox 1869 551 2113 606; x_wconf 84' lang='lat' dir='ltr'><strong>vivorum</strong></span> <span class='ocrx_word' id='word_1_128' title='bbox 2157 553 2328 623; x_wconf 65' lang='lat' dir='ltr'><strong>regio.</strong></span> <span class='ocrx_word' id='word_1_129' title='bbox 2380 553 2624 623; x_wconf 76' lang='lat' dir='ltr'><strong>[lenique</strong></span> <span class='ocrx_word' id='word_1_130' title='bbox 2678 553 2822 608; x_wconf 85' lang='lat' dir='ltr'><strong>illam</strong></span> <span class='ocrx_word' id='word_1_131' title='bbox 2873 553 3174 608; x_wconf 87' lang='lat' dir='ltr'><strong>animarum</strong></span> <span class='ocrx_word' id='word_1_132' title='bbox 3226 556 3470 624; x_wconf 83' lang='lat' dir='ltr'><strong>requiem</strong></span> 
     </span>
    </p>
   </div>
   <div class='ocr_carea' id='block_1_20' title="bbox 1868 645 3474 721">
    <p class='ocr_par' dir='ltr' id='par_1_20' title="bbox 1868 645 3474 721">
     <span class='ocr_line' id='line_1_20' title="bbox 1868 645 3474 721; baseline 0.002 -21"><span class='ocrx_word' id='word_1_133' title='bbox 1868 645 2000 700; x_wconf 90' lang='lat' dir='ltr'><strong>dicit</strong></span> <span class='ocrx_word' id='word_1_134' title='bbox 2052 654 2252 700; x_wconf 89' lang='lat' dir='ltr'><strong>terram</strong></span> <span class='ocrx_word' id='word_1_135' title='bbox 2299 662 2422 703; x_wconf 88' lang='lat' dir='ltr'><strong>esse</strong></span> <span class='ocrx_word' id='word_1_136' title='bbox 2467 648 2760 704; x_wconf 90' lang='lat' dir='ltr'><strong>viventium</strong></span> <span class='ocrx_word' id='word_1_137' title='bbox 2795 645 2934 719; x_wconf 89' lang='lat' dir='ltr'><strong>(Ps.</strong></span> <span class='ocrx_word' id='word_1_138' title='bbox 2970 664 3134 714; x_wconf 74' lang='lat' dir='ltr'><strong>xxvr,</strong></span> <span class='ocrx_word' id='word_1_139' title='bbox 3181 649 3311 714; x_wconf 77' lang='lat' dir='ltr'><strong>l5),</strong></span> <span class='ocrx_word' id='word_1_140' title='bbox 3364 667 3474 721; x_wconf 90' lang='lat' dir='ltr'><strong>quo</strong></span> 
     </span>
    </p>
   </div>
   <div class='ocr_carea' id='block_1_21' title="bbox 1868 741 3471 814">
    <p class='ocr_par' dir='ltr' id='par_1_21' title="bbox 1868 741 3471 814">
     <span class='ocr_line' id='line_1_21' title="bbox 1868 741 3471 814; baseline 0.004 -24"><span class='ocrx_word' id='word_1_141' title='bbox 1868 746 2091 807; x_wconf 86' lang='lat' dir='ltr'><strong>peccata</strong></span> <span class='ocrx_word' id='word_1_142' title='bbox 2144 754 2249 791; x_wconf 93' lang='lat' dir='ltr'><strong>non</strong></span> <span class='ocrx_word' id='word_1_143' title='bbox 2283 750 2598 807; x_wconf 84' lang='lat' dir='ltr'><strong>penetrant,</strong></span> <span class='ocrx_word' id='word_1_144' title='bbox 2654 741 2742 794; x_wconf 90' lang='lat' dir='ltr'><strong>ubi</strong></span> <span class='ocrx_word' id='word_1_145' title='bbox 2783 742 3042 795; x_wconf 84' lang='lat' dir='ltr'><strong>virtutum</strong></span> <span class='ocrx_word' id='word_1_146' title='bbox 3091 742 3223 797; x_wconf 86' lang='lat' dir='ltr'><strong>vivit</strong></span> <span class='ocrx_word' id='word_1_147' title='bbox 3277 743 3471 814; x_wconf 78' lang='lat' dir='ltr'><strong>gloria.</strong></span> 
     </span>
    </p>
   </div>
   <div class='ocr_carea' id='block_1_22' title="bbox 1867 833 3470 906">
    <p class='ocr_par' dir='ltr' id='par_1_22' title="bbox 1867 833 3470 906">
     <span class='ocr_line' id='line_1_22' title="bbox 1867 833 3470 906; baseline 0.003 -18"><span class='ocrx_word' id='word_1_148' title='bbox 1867 833 1972 888; x_wconf 82' lang='lat' dir='ltr'><strong>Ista</strong></span> <span class='ocrx_word' id='word_1_149' title='bbox 2007 842 2192 887; x_wconf 79' lang='lat' dir='ltr'><strong>autem</strong></span> <span class='ocrx_word' id='word_1_150' title='bbox 2240 837 2389 905; x_wconf 83' lang='lat' dir='ltr'><strong>regio</strong></span> <span class='ocrx_word' id='word_1_151' title='bbox 2415 835 2571 906; x_wconf 87' lang='lat' dir='ltr'><strong>plena</strong></span> <span class='ocrx_word' id='word_1_152' title='bbox 2605 846 2688 891; x_wconf 89' lang='lat' dir='ltr'><strong>est</strong></span> <span class='ocrx_word' id='word_1_153' title='bbox 2731 847 3096 900; x_wconf 83' lang='lat' dir='ltr'><strong>mortuorum.</strong></span> <span class='ocrx_word' id='word_1_154' title='bbox 3152 839 3278 906; x_wconf 86' lang='lat' dir='ltr'><strong>quia</strong></span> <span class='ocrx_word' id='word_1_155' title='bbox 3309 840 3470 904; x_wconf 87' lang='lat' dir='ltr'><strong>plena</strong></span> 
     </span>
    </p>
   </div>
   <div class='ocr_carea' id='block_1_23' title="bbox 1869 923 3468 995">
    <p class='ocr_par' dir='ltr' id='par_1_23' title="bbox 1869 923 3468 995">
     <span class='ocr_line' id='line_1_23' title="bbox 1869 923 3468 995; baseline 0.003 -16"><span class='ocrx_word' id='word_1_156' title='bbox 1869 923 2217 983; x_wconf 80' lang='lat' dir='ltr'><strong>delictorum.</strong></span> <span class='ocrx_word' id='word_1_157' title='bbox 2251 927 2554 995; x_wconf 86' lang='lat' dir='ltr'><strong>meritoque</strong></span> <span class='ocrx_word' id='word_1_158' title='bbox 2576 928 2775 982; x_wconf 88' lang='lat' dir='ltr'><strong>dictum</strong></span> <span class='ocrx_word' id='word_1_159' title='bbox 2802 937 2888 984; x_wconf 49' lang='lat' dir='ltr'><strong>est</strong></span> <span class='ocrx_word' id='word_1_160' title='bbox 2922 947 2934 982; x_wconf 86' lang='lat'><strong>:</strong></span> <span class='ocrx_word' id='word_1_161' title='bbox 2983 929 3197 984; x_wconf 81' lang='lat' dir='ltr'><strong>Dimitte</strong></span> <span class='ocrx_word' id='word_1_162' title='bbox 3241 941 3468 988; x_wconf 78' lang='lat' dir='ltr'><strong>mortuas</strong></span> 
     </span>
    </p>
   </div>
   <div class='ocr_carea' id='block_1_24' title="bbox 1869 1019 3474 1098">
    <p class='ocr_par' dir='ltr' id='par_1_24' title="bbox 1869 1019 3474 1098">
     <span class='ocr_line' id='line_1_24' title="bbox 1869 1019 3474 1098; baseline 0.006 -27"><span class='ocrx_word' id='word_1_163' title='bbox 1869 1021 2084 1088; x_wconf 79' lang='lat' dir='ltr'><strong>sepelire</strong></span> <span class='ocrx_word' id='word_1_164' title='bbox 2109 1029 2336 1074; x_wconf 81' lang='lat' dir='ltr'><strong>mortuos</strong></span> <span class='ocrx_word' id='word_1_165' title='bbox 2366 1037 2486 1073; x_wconf 84' lang='lat' dir='ltr'><strong>suos</strong></span> <span class='ocrx_word' id='word_1_166' title='bbox 2517 1019 2693 1092; x_wconf 82' lang='lat' dir='ltr'><strong>(Matt.</strong></span> <span class='ocrx_word' id='word_1_167' title='bbox 2727 1037 2817 1076; x_wconf 87' lang='lat' dir='ltr'><strong>vttt</strong></span> <span class='ocrx_word' id='word_1_168' title='bbox 2839 1064 2855 1086; x_wconf 94' lang='lat'><strong>,</strong></span> <span class='ocrx_word' id='word_1_169' title='bbox 2887 1022 3014 1094; x_wconf 61' lang='grc' dir='ltr'><strong>Ἡ).</strong></span> <span class='ocrx_word' id='word_1_170' title='bbox 3041 1022 3071 1062; x_wconf 69' lang='grc' dir='ltr'>δ</span> <span class='ocrx_word' id='word_1_171' title='bbox 3097 1025 3202 1080; x_wconf 87' lang='lat' dir='ltr'><strong>Sed</strong></span> <span class='ocrx_word' id='word_1_172' title='bbox 3228 1033 3282 1079; x_wconf 71' lang='lat' dir='ltr'><strong>tet</strong></span> <span class='ocrx_word' id='word_1_173' title='bbox 3311 1041 3474 1098; x_wconf 82' lang='lat' dir='ltr'><strong>supra</strong></span> 
     </span>
    </p>
   </div>
   <div class='ocr_carea' id='block_1_25' title="bbox 1871 1115 3471 1185">
    <p class='ocr_par' dir='ltr' id='par_1_25' title="bbox 1871 1115 3471 1185">
     <span class='ocr_line' id='line_1_25' title="bbox 1871 1115 3471 1185; baseline 0.002 -16"><span class='ocrx_word' id='word_1_174' title='bbox 1871 1115 2126 1170; x_wconf 84' lang='lat' dir='ltr'><strong>similiter</strong></span> <span class='ocrx_word' id='word_1_175' title='bbox 2165 1116 2240 1169; x_wconf 85' lang='lat' dir='ltr'><strong>ait</strong></span> <span class='ocrx_word' id='word_1_176' title='bbox 2290 1133 2302 1167; x_wconf 89' lang='lat'>:</span> <span class='ocrx_word' id='word_1_177' title='bbox 2345 1115 2530 1168; x_wconf 79' lang='lat' dir='ltr'><strong>Anima</strong></span> <span class='ocrx_word' id='word_1_178' title='bbox 2581 1117 2692 1185; x_wconf 76' lang='lat' dir='ltr'><strong>ejus</strong></span> <span class='ocrx_word' id='word_1_179' title='bbox 2728 1117 2780 1170; x_wconf 87' lang='lat' dir='ltr'><strong>in</strong></span> <span class='ocrx_word' id='word_1_180' title='bbox 2823 1118 2968 1172; x_wconf 85' lang='lat' dir='ltr'><strong>bonis</strong></span> <span class='ocrx_word' id='word_1_181' title='bbox 3008 1118 3378 1182; x_wconf 83' lang='lat' dir='ltr'><strong>demorabitur,</strong></span> <span class='ocrx_word' id='word_1_182' title='bbox 3422 1127 3471 1175; x_wconf 84' lang='lat' dir='ltr'><strong>et</strong></span> 
     </span>
    </p>
   </div>
   <div class='ocr_carea' id='block_1_26' title="bbox 1871 1208 3470 1282">
    <p class='ocr_par' dir='ltr' id='par_1_26' title="bbox 1871 1208 3470 1282">
     <span class='ocr_line' id='line_1_26' title="bbox 1871 1208 3470 1282; baseline 0.001 -20"><span class='ocrx_word' id='word_1_183' title='bbox 1871 1224 2041 1262; x_wconf 82' lang='lat' dir='ltr'><strong>semen</strong></span> <span class='ocrx_word' id='word_1_184' title='bbox 2068 1211 2176 1268; x_wconf 79' lang='lat' dir='ltr'><strong>eius</strong></span> <span class='ocrx_word' id='word_1_185' title='bbox 2207 1208 2527 1262; x_wconf 72' lang='lat' dir='ltr'><strong>luereditabit</strong></span> <span class='ocrx_word' id='word_1_186' title='bbox 2553 1217 2739 1262; x_wconf 83' lang='lat' dir='ltr'><strong>terram</strong></span> <span class='ocrx_word' id='word_1_187' title='bbox 2776 1209 2894 1281; x_wconf 86' lang='lat' dir='ltr'><strong>(Ps.</strong></span> <span class='ocrx_word' id='word_1_188' title='bbox 2918 1226 3062 1276; x_wconf 80' lang='lat' dir='ltr'><strong>xxrv,</strong></span> <span class='ocrx_word' id='word_1_189' title='bbox 3087 1211 3200 1282; x_wconf 76' lang='grc'><strong>15),</strong></span> <span class='ocrx_word' id='word_1_190' title='bbox 3237 1211 3337 1265; x_wconf 88' lang='lat' dir='ltr'><strong>hoc</strong></span> <span class='ocrx_word' id='word_1_191' title='bbox 3366 1222 3470 1276; x_wconf 91' lang='lat' dir='ltr'><strong>est,</strong></span> 
     </span>
    </p>
   </div>
   <div class='ocr_carea' id='block_1_27' title="bbox 1871 1301 3478 1374">
    <p class='ocr_par' dir='ltr' id='par_1_27' title="bbox 1871 1301 3478 1374">
     <span class='ocr_line' id='line_1_27' title="bbox 1871 1301 3478 1374; baseline 0.002 -20"><span class='ocrx_word' id='word_1_192' title='bbox 1871 1303 2049 1356; x_wconf 84' lang='lat' dir='ltr'><strong>anima</strong></span> <span class='ocrx_word' id='word_1_193' title='bbox 2080 1303 2319 1356; x_wconf 87' lang='lat' dir='ltr'><strong>timentis</strong></span> <span class='ocrx_word' id='word_1_194' title='bbox 2353 1302 2522 1357; x_wconf 89' lang='lat' dir='ltr'><strong>Deum</strong></span> <span class='ocrx_word' id='word_1_195' title='bbox 2551 1301 2808 1357; x_wconf 89' lang='lat' dir='ltr'><strong>habitabit</strong></span> <span class='ocrx_word' id='word_1_196' title='bbox 2840 1303 2891 1358; x_wconf 91' lang='lat' dir='ltr'><strong>in</strong></span> <span class='ocrx_word' id='word_1_197' title='bbox 2922 1303 3100 1366; x_wconf 83' lang='lat' dir='ltr'><strong>bonis.</strong></span> <span class='ocrx_word' id='word_1_198' title='bbox 3159 1313 3218 1358; x_wconf 91' lang='lat' dir='ltr'><strong>ut</strong></span> <span class='ocrx_word' id='word_1_199' title='bbox 3256 1320 3478 1374; x_wconf 83' lang='lat' dir='ltr'><strong>semper</strong></span> 
     </span>
    </p>
   </div>
   <div class='ocr_carea' id='block_1_28' title="bbox 1874 1396 3474 1466">
    <p class='ocr_par' dir='ltr' id='par_1_28' title="bbox 1874 1396 3474 1466">
     <span class='ocr_line' id='line_1_28' title="bbox 1874 1396 3474 1466; baseline 0.003 -17"><span class='ocrx_word' id='word_1_200' title='bbox 1874 1396 1927 1449; x_wconf 88' lang='lat' dir='ltr'><strong>in</strong></span> <span class='ocrx_word' id='word_1_201' title='bbox 1952 1398 2034 1450; x_wconf 90' lang='lat' dir='ltr'><strong>eis</strong></span> <span class='ocrx_word' id='word_1_202' title='bbox 2059 1397 2150 1459; x_wconf 82' lang='lat' dir='ltr'><strong>sit,</strong></span> <span class='ocrx_word' id='word_1_203' title='bbox 2179 1408 2230 1452; x_wconf 90' lang='lat' dir='ltr'><strong>et</strong></span> <span class='ocrx_word' id='word_1_204' title='bbox 2258 1397 2554 1452; x_wconf 88' lang='lat' dir='ltr'><strong>secundum</strong></span> <span class='ocrx_word' id='word_1_205' title='bbox 2580 1412 2663 1451; x_wconf 89' lang='lat' dir='ltr'><strong>ea.</strong></span> <span class='ocrx_word' id='word_1_206' title='bbox 2699 1396 2854 1464; x_wconf 84' lang='lat' dir='ltr'><strong>Quod</strong></span> <span class='ocrx_word' id='word_1_207' title='bbox 2907 1404 3087 1466; x_wconf 84' lang='lat' dir='ltr'><strong>potest</strong></span> <span class='ocrx_word' id='word_1_208' title='bbox 3112 1397 3274 1452; x_wconf 87' lang='lat' dir='ltr'><strong>etiam</strong></span> <span class='ocrx_word' id='word_1_209' title='bbox 3309 1399 3378 1452; x_wconf 89' lang='lat' dir='ltr'><strong>de</strong></span> <span class='ocrx_word' id='word_1_210' title='bbox 3405 1413 3474 1453; x_wconf 88' lang='lat' dir='ltr'><strong>eo</strong></span> 
     </span>
    </p>
   </div>
   <div class='ocr_carea' id='block_1_29' title="bbox 1871 1489 3470 1559">
    <p class='ocr_par' dir='ltr' id='par_1_29' title="bbox 1871 1489 3470 1559">
     <span class='ocr_line' id='line_1_29' title="bbox 1871 1489 3470 1559; baseline 0.001 -16"><span class='ocrx_word' id='word_1_211' title='bbox 1871 1490 2040 1559; x_wconf 79' lang='lat' dir='ltr'><strong>accipi</strong></span> <span class='ocrx_word' id='word_1_212' title='bbox 2068 1490 2160 1558; x_wconf 92' lang='lat' dir='ltr'><strong>qui</strong></span> <span class='ocrx_word' id='word_1_213' title='bbox 2188 1491 2258 1544; x_wconf 89' lang='lat' dir='ltr'><strong>sit</strong></span> <span class='ocrx_word' id='word_1_214' title='bbox 2287 1489 2337 1543; x_wconf 93' lang='lat' dir='ltr'><strong>in</strong></span> <span class='ocrx_word' id='word_1_215' title='bbox 2365 1504 2630 1559; x_wconf 85' lang='lat' dir='ltr'><strong>corpore;</strong></span> <span class='ocrx_word' id='word_1_216' title='bbox 2657 1497 2715 1543; x_wconf 91' lang='lat' dir='ltr'><strong>ut</strong></span> <span class='ocrx_word' id='word_1_217' title='bbox 2753 1499 2807 1543; x_wconf 90' lang='lat' dir='ltr'><strong>et</strong></span> <span class='ocrx_word' id='word_1_218' title='bbox 2831 1490 2946 1558; x_wconf 72' lang='lat' dir='ltr'><strong>ipse</strong></span> <span class='ocrx_word' id='word_1_219' title='bbox 2986 1491 3030 1544; x_wconf 88' lang='lat' dir='ltr'><strong>si</strong></span> <span class='ocrx_word' id='word_1_220' title='bbox 3060 1489 3247 1545; x_wconf 83' lang='lat' dir='ltr'><strong>timeat</strong></span> <span class='ocrx_word' id='word_1_221' title='bbox 3279 1490 3470 1554; x_wconf 90' lang='lat' dir='ltr'><strong>Deum,</strong></span> 
     </span>
    </p>
   </div>
   <div class='ocr_carea' id='block_1_30' title="bbox 1873 1581 3475 1650">
    <p class='ocr_par' dir='ltr' id='par_1_30' title="bbox 1873 1581 3475 1650">
     <span class='ocr_line' id='line_1_30' title="bbox 1873 1581 3475 1650; baseline -0.001 -13"><span class='ocrx_word' id='word_1_222' title='bbox 1873 1583 1925 1637; x_wconf 92' lang='lat' dir='ltr'><strong>in</strong></span> <span class='ocrx_word' id='word_1_223' title='bbox 1961 1583 2116 1636; x_wconf 87' lang='lat' dir='ltr'><strong>bouis</strong></span> <span class='ocrx_word' id='word_1_224' title='bbox 2145 1581 2375 1646; x_wconf 84' lang='lat' dir='ltr'><strong>habitet,</strong></span> <span class='ocrx_word' id='word_1_225' title='bbox 2427 1590 2482 1637; x_wconf 89' lang='lat' dir='ltr'><strong>et</strong></span> <span class='ocrx_word' id='word_1_226' title='bbox 2525 1583 2577 1636; x_wconf 93' lang='lat' dir='ltr'><strong>in</strong></span> <span class='ocrx_word' id='word_1_227' title='bbox 2610 1582 2926 1636; x_wconf 81' lang='lat' dir='ltr'><strong>etelestihus</strong></span> <span class='ocrx_word' id='word_1_228' title='bbox 2966 1583 3056 1646; x_wconf 81' lang='lat' dir='ltr'><strong>sit,</strong></span> <span class='ocrx_word' id='word_1_229' title='bbox 3109 1591 3164 1638; x_wconf 90' lang='lat' dir='ltr'><strong>et</strong></span> <span class='ocrx_word' id='word_1_230' title='bbox 3201 1581 3475 1650; x_wconf 83' lang='lat' dir='ltr'><strong>possideat</strong></span> 
     </span>
    </p>
   </div>
   <div class='ocr_carea' id='block_1_31' title="bbox 1871 1674 3473 1744">
    <p class='ocr_par' dir='ltr' id='par_1_31' title="bbox 1871 1674 3473 1744">
     <span class='ocr_line' id='line_1_31' title="bbox 1871 1674 3473 1744; baseline -0.001 -15"><span class='ocrx_word' id='word_1_231' title='bbox 1871 1689 2070 1744; x_wconf 85' lang='lat' dir='ltr'><strong>corpus</strong></span> <span class='ocrx_word' id='word_1_232' title='bbox 2099 1689 2282 1740; x_wconf 90' lang='lat' dir='ltr'><strong>suum,</strong></span> <span class='ocrx_word' id='word_1_233' title='bbox 2321 1685 2374 1729; x_wconf 89' lang='lat' dir='ltr'><strong>et</strong></span> <span class='ocrx_word' id='word_1_234' title='bbox 2417 1674 2731 1729; x_wconf 87' lang='lat' dir='ltr'><strong>dominetur</strong></span> <span class='ocrx_word' id='word_1_235' title='bbox 2771 1675 2818 1728; x_wconf 86' lang='lat' dir='ltr'><strong>ei</strong></span> <span class='ocrx_word' id='word_1_236' title='bbox 2865 1675 3016 1740; x_wconf 85' lang='lat' dir='ltr'><strong>quasi</strong></span> <span class='ocrx_word' id='word_1_237' title='bbox 3059 1675 3111 1728; x_wconf 88' lang='lat' dir='ltr'><strong>in</strong></span> <span class='ocrx_word' id='word_1_238' title='bbox 3154 1676 3473 1729; x_wconf 85' lang='lat' dir='ltr'><strong>servitutem</strong></span> 
     </span>
    </p>
   </div>
   <div class='ocr_carea' id='block_1_32' title="bbox 1875 1766 3478 1839">
    <p class='ocr_par' dir='ltr' id='par_1_32' title="bbox 1875 1766 3478 1839">
     <span class='ocr_line' id='line_1_32' title="bbox 1875 1766 3478 1839; baseline 0.001 -19"><span class='ocrx_word' id='word_1_239' title='bbox 1875 1766 2120 1832; x_wconf 88' lang='lat' dir='ltr'><strong>redacto,</strong></span> <span class='ocrx_word' id='word_1_240' title='bbox 2149 1775 2203 1822; x_wconf 88' lang='lat' dir='ltr'><strong>et</strong></span> <span class='ocrx_word' id='word_1_241' title='bbox 2248 1767 2523 1834; x_wconf 82' lang='lat' dir='ltr'><strong>possideat</strong></span> <span class='ocrx_word' id='word_1_242' title='bbox 2552 1766 2927 1823; x_wconf 75' lang='lat' dir='ltr'><strong>hzereditatem</strong></span> <span class='ocrx_word' id='word_1_243' title='bbox 2955 1767 3145 1839; x_wconf 67' lang='lat' dir='ltr'><strong>gloriae</strong></span> <span class='ocrx_word' id='word_1_244' title='bbox 3187 1775 3240 1822; x_wconf 89' lang='lat' dir='ltr'><strong>et</strong></span> <span class='ocrx_word' id='word_1_245' title='bbox 3279 1769 3478 1822; x_wconf 69' lang='lat' dir='ltr'><strong>caeles—</strong></span> 
     </span>
    </p>
   </div>
   <div class='ocr_carea' id='block_1_33' title="bbox 165 1859 2461 1941">
    <p class='ocr_par' dir='ltr' id='par_1_33' title="bbox 165 1859 2461 1941">
     <span class='ocr_line' id='line_1_33' title="bbox 165 1859 2461 1941; baseline -0.007 -15"><span class='ocrx_word' id='word_1_246' title='bbox 165 1887 288 1941; x_wconf 85' lang='lat' dir='ltr'><strong>per,</strong></span> <span class='ocrx_word' id='word_1_247' title='bbox 310 1881 370 1927; x_wconf 90' lang='lat' dir='ltr'><strong>ttt</strong></span> <span class='ocrx_word' id='word_1_248' title='bbox 389 1873 628 1928; x_wconf 82' lang='lat' dir='ltr'><strong>stimulet</strong></span> <span class='ocrx_word' id='word_1_249' title='bbox 648 1873 928 1934; x_wconf 86' lang='lat' dir='ltr'><strong>duriores.</strong></span> <span class='ocrx_word' id='word_1_250' title='bbox 962 1884 1018 1926; x_wconf 92' lang='lat' dir='ltr'><strong>ut</strong></span> <span class='ocrx_word' id='word_1_251' title='bbox 1047 1871 1339 1925; x_wconf 84' lang='lat' dir='ltr'><strong>admoneat</strong></span> <span class='ocrx_word' id='word_1_252' title='bbox 1385 1871 1767 1940; x_wconf 76' lang='lat' dir='ltr'><strong>prompti-tres.</strong></span> <span class='ocrx_word' id='word_1_253' title='bbox 1803 1859 1847 1920; x_wconf 86' lang='grc' dir='ltr'>Β</span> <span class='ocrx_word' id='word_1_254' title='bbox 1879 1859 2010 1914; x_wconf 86' lang='lat' dir='ltr'><strong>tium</strong></span> <span class='ocrx_word' id='word_1_255' title='bbox 2039 1860 2461 1931; x_wconf 78' lang='lat' dir='ltr'><strong>promissorum.</strong></span> 
     </span>
    </p>
   </div>
   <div class='ocr_carea' id='block_1_34' title="bbox 160 1964 1774 2037">
    <p class='ocr_par' dir='ltr' id='par_1_34' title="bbox 160 1964 1774 2037">
     <span class='ocr_line' id='line_1_34' title="bbox 160 1964 1774 2037; baseline -0.002 -14"><span class='ocrx_word' id='word_1_256' title='bbox 160 1965 442 2023; x_wconf 74' lang='lat' dir='ltr'><strong>Resonant</strong></span> <span class='ocrx_word' id='word_1_257' title='bbox 476 1978 527 2021; x_wconf 81' lang='lat' dir='ltr'><strong>te</strong></span> <span class='ocrx_word' id='word_1_258' title='bbox 557 1976 826 2037; x_wconf 84' lang='lat' dir='ltr'><strong>postrema</strong></span> <span class='ocrx_word' id='word_1_259' title='bbox 859 1968 1021 2022; x_wconf 89' lang='lat' dir='ltr'><strong>verba</strong></span> <span class='ocrx_word' id='word_1_260' title='bbox 1053 1964 1322 2028; x_wconf 88' lang='lat' dir='ltr'><strong>morituri,</strong></span> <span class='ocrx_word' id='word_1_261' title='bbox 1358 1974 1412 2019; x_wconf 86' lang='lat' dir='ltr'><strong>et</strong></span> <span class='ocrx_word' id='word_1_262' title='bbox 1439 1965 1774 2020; x_wconf 77' lang='lat' dir='ltr'><strong>benedictio-</strong></span> 
     </span>
    </p>
   </div>
   <div class='ocr_carea' id='block_1_35' title="bbox 160 2058 1773 2132">
    <p class='ocr_par' dir='ltr' id='par_1_35' title="bbox 160 2058 1773 2132">
     <span class='ocr_line' id='line_1_35' title="bbox 160 2058 1773 2132; baseline 0.001 -18"><span class='ocrx_word' id='word_1_263' title='bbox 160 2076 288 2115; x_wconf 81' lang='lat' dir='ltr'><strong>nem</strong></span> <span class='ocrx_word' id='word_1_264' title='bbox 313 2061 388 2115; x_wconf 92' lang='lat' dir='ltr'><strong>tui</strong></span> <span class='ocrx_word' id='word_1_265' title='bbox 415 2060 703 2131; x_wconf 87' lang='lat' dir='ltr'><strong>egrediens</strong></span> <span class='ocrx_word' id='word_1_266' title='bbox 719 2075 950 2132; x_wconf 82' lang='lat' dir='ltr'><strong>corpore</strong></span> <span class='ocrx_word' id='word_1_267' title='bbox 980 2060 1156 2115; x_wconf 65' lang='lat' dir='ltr'><strong>animi</strong></span> <span class='ocrx_word' id='word_1_268' title='bbox 1181 2073 1366 2113; x_wconf 87' lang='lat' dir='ltr'><strong>secum</strong></span> <span class='ocrx_word' id='word_1_269' title='bbox 1393 2058 1577 2113; x_wconf 86' lang='lat' dir='ltr'><strong>vehat.</strong></span> <span class='ocrx_word' id='word_1_270' title='bbox 1607 2058 1773 2126; x_wconf 76' lang='lat' dir='ltr'><strong>Eripe</strong></span> 
     </span>
    </p>
   </div>
   <div class='ocr_carea' id='block_1_36' title="bbox 160 2153 1775 2224">
    <p class='ocr_par' dir='ltr' id='par_1_36' title="bbox 160 2153 1775 2224">
     <span class='ocr_line' id='line_1_36' title="bbox 160 2153 1775 2224; baseline -0.001 -16"><span class='ocrx_word' id='word_1_271' title='bbox 160 2154 330 2208; x_wconf 75' lang='lat' dir='ltr'><strong>etiam</strong></span> <span class='ocrx_word' id='word_1_272' title='bbox 378 2170 505 2209; x_wconf 87' lang='lat' dir='ltr'><strong>eum</strong></span> <span class='ocrx_word' id='word_1_273' title='bbox 548 2155 640 2224; x_wconf 90' lang='lat' dir='ltr'><strong>qui</strong></span> <span class='ocrx_word' id='word_1_274' title='bbox 680 2154 748 2208; x_wconf 87' lang='lat' dir='ltr'><strong>ad</strong></span> <span class='ocrx_word' id='word_1_275' title='bbox 783 2163 1013 2208; x_wconf 89' lang='lat' dir='ltr'><strong>mortem</strong></span> <span class='ocrx_word' id='word_1_276' title='bbox 1054 2153 1310 2213; x_wconf 87' lang='lat' dir='ltr'><strong>ducitur,</strong></span> <span class='ocrx_word' id='word_1_277' title='bbox 1358 2153 1450 2222; x_wconf 84' lang='lat' dir='ltr'><strong>qui</strong></span> <span class='ocrx_word' id='word_1_278' title='bbox 1501 2153 1775 2217; x_wconf 75' lang='lat' dir='ltr'><strong>net-iturus</strong></span> 
     </span>
    </p>
   </div>
   <div class='ocr_carea' id='block_1_37' title="bbox 163 2243 1772 2315">
    <p class='ocr_par' dir='ltr' id='par_1_37' title="bbox 163 2243 1772 2315">
     <span class='ocr_line' id='line_1_37' title="bbox 163 2243 1772 2315; baseline -0.001 -15"><span class='ocrx_word' id='word_1_279' title='bbox 163 2255 316 2311; x_wconf 87' lang='lat' dir='ltr'><strong>erat,</strong></span> <span class='ocrx_word' id='word_1_280' title='bbox 344 2247 444 2300; x_wconf 88' lang='lat' dir='ltr'><strong>nisi</strong></span> <span class='ocrx_word' id='word_1_281' title='bbox 473 2255 527 2301; x_wconf 90' lang='lat' dir='ltr'><strong>tu</strong></span> <span class='ocrx_word' id='word_1_282' title='bbox 553 2247 902 2302; x_wconf 87' lang='lat' dir='ltr'><strong>subvenisses</strong></span> <span class='ocrx_word' id='word_1_283' title='bbox 922 2287 940 2314; x_wconf 94' lang='lat'><strong>,</strong></span> <span class='ocrx_word' id='word_1_284' title='bbox 983 2254 1044 2300; x_wconf 92' lang='lat' dir='ltr'><strong>ut</strong></span> <span class='ocrx_word' id='word_1_285' title='bbox 1065 2245 1218 2302; x_wconf 87' lang='lat' dir='ltr'><strong>dicas</strong></span> <span class='ocrx_word' id='word_1_286' title='bbox 1250 2263 1263 2299; x_wconf 91' lang='lat'>:</span> <span class='ocrx_word' id='word_1_287' title='bbox 1299 2243 1604 2301; x_wconf 77' lang='lat' dir='ltr'><strong>Benedictio</strong></span> <span class='ocrx_word' id='word_1_288' title='bbox 1633 2246 1772 2315; x_wconf 85' lang='lat' dir='ltr'><strong>peri-</strong></span> 
     </span>
    </p>
   </div>
   <div class='ocr_carea' id='block_1_38' title="bbox 163 2347 670 2401">
    <p class='ocr_par' dir='ltr' id='par_1_38' title="bbox 163 2347 670 2401">
     <span class='ocr_line' id='line_1_38' title="bbox 163 2347 670 2401; baseline 0 -1"><span class='ocrx_word' id='word_1_289' title='bbox 163 2347 270 2400; x_wconf 88' lang='lat' dir='ltr'><strong>turi</strong></span> <span class='ocrx_word' id='word_1_290' title='bbox 293 2347 464 2401; x_wconf 87' lang='lat' dir='ltr'><strong>veniat</strong></span> <span class='ocrx_word' id='word_1_291' title='bbox 491 2347 545 2400; x_wconf 88' lang='lat' dir='ltr'><strong>in</strong></span> <span class='ocrx_word' id='word_1_292' title='bbox 573 2363 670 2400; x_wconf 87' lang='lat' dir='ltr'><strong>me.</strong></span> 
     </span>
    </p>
   </div>
   <div class='ocr_carea' id='block_1_39' title="bbox 797 2478 1154 2536">
    <p class='ocr_par' dir='ltr' id='par_1_39' title="bbox 797 2478 1154 2536">
     <span class='ocr_line' id='line_1_39' title="bbox 797 2478 1154 2536; baseline -0.006 -1"><span class='ocrx_word' id='word_1_293' title='bbox 797 2478 1026 2536; x_wconf 84' lang='lat' dir='ltr'><strong>CAPUT</strong></span> <span class='ocrx_word' id='word_1_294' title='bbox 1067 2479 1154 2535; x_wconf 82' lang='lat' dir='ltr'><strong>IX.</strong></span> 
     </span>
    </p>
   </div>
   <div class='ocr_carea' id='block_1_40' title="bbox 169 2637 1776 2707">
    <p class='ocr_par' dir='ltr' id='par_1_40' title="bbox 169 2637 1776 2707">
     <span class='ocr_line' id='line_1_40' title="bbox 169 2637 1776 2707; baseline -0.002 -13"><span class='ocrx_word' id='word_1_295' title='bbox 169 2639 510 2694; x_wconf 78' lang='lat' dir='ltr'><strong>Concluditur</strong></span> <span class='ocrx_word' id='word_1_296' title='bbox 538 2641 719 2693; x_wconf 85' lang='lat' dir='ltr'><strong>mortis</strong></span> <span class='ocrx_word' id='word_1_297' title='bbox 746 2639 939 2695; x_wconf 78' lang='lat' dir='ltr'><strong>bonum</strong></span> <span class='ocrx_word' id='word_1_298' title='bbox 968 2655 1030 2694; x_wconf 79' lang='lat' dir='ltr'><strong>ea:</strong></span> <span class='ocrx_word' id='word_1_299' title='bbox 1060 2637 1272 2693; x_wconf 81' lang='lat' dir='ltr'><strong>interitu</strong></span> <span class='ocrx_word' id='word_1_300' title='bbox 1315 2639 1548 2707; x_wconf 85' lang='lat' dir='ltr'><strong>corporis</strong></span> <span class='ocrx_word' id='word_1_301' title='bbox 1594 2648 1640 2691; x_wconf 87' lang='lat' dir='ltr'><strong>et</strong></span> <span class='ocrx_word' id='word_1_302' title='bbox 1677 2637 1776 2692; x_wconf 86' lang='lat' dir='ltr'><strong>im-</strong></span> 
     </span>
    </p>
   </div>
   <div class='ocr_carea' id='block_1_41' title="bbox 179 2731 1776 2800">
    <p class='ocr_par' dir='ltr' id='par_1_41' title="bbox 179 2731 1776 2800">
     <span class='ocr_line' id='line_1_41' title="bbox 179 2731 1776 2800; baseline -0.003 -14"><span class='ocrx_word' id='word_1_303' title='bbox 179 2775 186 2780; x_wconf 84' lang='lat'><strong>.</strong></span> <span class='ocrx_word' id='word_1_304' title='bbox 244 2734 558 2788; x_wconf 74' lang='lat' dir='ltr'><strong>mortalitate</strong></span> <span class='ocrx_word' id='word_1_305' title='bbox 603 2735 790 2788; x_wconf 75' lang='lat' dir='ltr'><strong>anima:</strong></span> <span class='ocrx_word' id='word_1_306' title='bbox 825 2751 838 2786; x_wconf 93' lang='lat'>:</span> <span class='ocrx_word' id='word_1_307' title='bbox 883 2749 997 2796; x_wconf 67' lang='lat' dir='ltr'><strong>quae</strong></span> <span class='ocrx_word' id='word_1_308' title='bbox 1035 2733 1397 2786; x_wconf 74' lang='lat' dir='ltr'><strong>immortalitas</strong></span> <span class='ocrx_word' id='word_1_309' title='bbox 1434 2731 1776 2800; x_wconf 75' lang='lat' dir='ltr'><strong>multifariam</strong></span> 
     </span>
    </p>
   </div>
   <div class='ocr_carea' id='block_1_42' title="bbox 244 2823 1776 2896">
    <p class='ocr_par' dir='ltr' id='par_1_42' title="bbox 244 2823 1776 2896">
     <span class='ocr_line' id='line_1_42' title="bbox 244 2823 1776 2896; baseline -0.002 -17"><span class='ocrx_word' id='word_1_310' title='bbox 244 2826 551 2880; x_wconf 77' lang='lat' dir='ltr'><strong>ostenditur.</strong></span> <span class='ocrx_word' id='word_1_311' title='bbox 578 2823 674 2878; x_wconf 85' lang='lat' dir='ltr'><strong>Cui</strong></span> <span class='ocrx_word' id='word_1_312' title='bbox 693 2824 891 2878; x_wconf 81' lang='lat' dir='ltr'><strong>accedit</strong></span> <span class='ocrx_word' id='word_1_313' title='bbox 907 2825 975 2876; x_wconf 89' lang='lat' dir='ltr'><strong>ad</strong></span> <span class='ocrx_word' id='word_1_314' title='bbox 998 2824 1297 2896; x_wconf 67' lang='lat' dir='ltr'><strong>[agiendam</strong></span> <span class='ocrx_word' id='word_1_315' title='bbox 1335 2825 1565 2895; x_wconf 86' lang='lat' dir='ltr'><strong>corporis</strong></span> <span class='ocrx_word' id='word_1_316' title='bbox 1614 2823 1776 2876; x_wconf 85' lang='lat' dir='ltr'><strong>socie-</strong></span> 
     </span>
    </p>
   </div>
   <div class='ocr_carea' id='block_1_43' title="bbox 252 2918 1778 2990">
    <p class='ocr_par' dir='ltr' id='par_1_43' title="bbox 252 2918 1778 2990">
     <span class='ocr_line' id='line_1_43' title="bbox 252 2918 1778 2990; baseline -0.003 -17"><span class='ocrx_word' id='word_1_317' title='bbox 252 2930 430 2985; x_wconf 84' lang='lat' dir='ltr'><strong>tatem,</strong></span> <span class='ocrx_word' id='word_1_318' title='bbox 479 2927 526 2972; x_wconf 73' lang='lat' dir='ltr'><strong>et</strong></span> <span class='ocrx_word' id='word_1_319' title='bbox 554 2921 963 2989; x_wconf 75' lang='lat' dir='ltr'><strong>prosequendum</strong></span> <span class='ocrx_word' id='word_1_320' title='bbox 994 2919 1182 2972; x_wconf 79' lang='lat' dir='ltr'><strong>sumini</strong></span> <span class='ocrx_word' id='word_1_321' title='bbox 1212 2918 1331 2972; x_wconf 83' lang='lat' dir='ltr'><strong>boui</strong></span> <span class='ocrx_word' id='word_1_322' title='bbox 1362 2919 1778 2990; x_wconf 75' lang='lat' dir='ltr'><strong>coniunctionem</strong></span> 
     </span>
    </p>
   </div>
   <div class='ocr_carea' id='block_1_44' title="bbox 249 3013 565 3068">
    <p class='ocr_par' dir='ltr' id='par_1_44' title="bbox 249 3013 565 3068">
     <span class='ocr_line' id='line_1_44' title="bbox 249 3013 565 3068; baseline -0.013 1"><span class='ocrx_word' id='word_1_323' title='bbox 249 3013 565 3068; x_wconf 69' lang='lat' dir='ltr'><strong>exhortatio.</strong></span> 
     </span>
    </p>
   </div>
   <div class='ocr_carea' id='block_1_45' title="bbox 251 3148 1780 3222">
    <p class='ocr_par' dir='ltr' id='par_1_45' title="bbox 251 3148 1780 3222">
     <span class='ocr_line' id='line_1_45' title="bbox 251 3148 1780 3222; baseline -0.001 -16"><span class='ocrx_word' id='word_1_324' title='bbox 251 3153 340 3210; x_wconf 82' lang='lat'><strong>58.</strong></span> <span class='ocrx_word' id='word_1_325' title='bbox 385 3151 516 3220; x_wconf 90' lang='lat' dir='ltr'><strong>Quis</strong></span> <span class='ocrx_word' id='word_1_326' title='bbox 567 3151 729 3222; x_wconf 90' lang='lat' dir='ltr'><strong>igitur</strong></span> <span class='ocrx_word' id='word_1_327' title='bbox 775 3149 988 3206; x_wconf 90' lang='lat' dir='ltr'><strong>dubitet</strong></span> <span class='ocrx_word' id='word_1_328' title='bbox 1011 3150 1078 3205; x_wconf 86' lang='lat' dir='ltr'><strong>de</strong></span> <span class='ocrx_word' id='word_1_329' title='bbox 1108 3149 1251 3206; x_wconf 90' lang='lat' dir='ltr'><strong>bono</strong></span> <span class='ocrx_word' id='word_1_330' title='bbox 1293 3151 1504 3209; x_wconf 86' lang='lat' dir='ltr'><strong>mortis.</strong></span> <span class='ocrx_word' id='word_1_331' title='bbox 1548 3165 1670 3204; x_wconf 89' lang='lat' dir='ltr'><strong>cum</strong></span> <span class='ocrx_word' id='word_1_332' title='bbox 1729 3148 1780 3204; x_wconf 88' lang='lat' dir='ltr'><strong>id</strong></span> 
     </span>
    </p>
   </div>
   <div class='ocr_carea' id='block_1_46' title="bbox 1947 1951 3479 2024">
    <p class='ocr_par' dir='ltr' id='par_1_46' title="bbox 1947 1951 3479 2024">
     <span class='ocr_line' id='line_1_46' title="bbox 1947 1951 3479 2024; baseline 0.003 -19"><span class='ocrx_word' id='word_1_333' title='bbox 1947 1951 2038 2007; x_wconf 68' lang='lat'><strong>40.</strong></span> <span class='ocrx_word' id='word_1_334' title='bbox 2083 1951 2241 2008; x_wconf 88' lang='lat' dir='ltr'><strong>Unde</strong></span> <span class='ocrx_word' id='word_1_335' title='bbox 2260 1963 2313 2006; x_wconf 84' lang='lat' dir='ltr'><strong>et</strong></span> <span class='ocrx_word' id='word_1_336' title='bbox 2345 1968 2444 2008; x_wconf 87' lang='lat' dir='ltr'><strong>nos</strong></span> <span class='ocrx_word' id='word_1_337' title='bbox 2468 1952 2514 2007; x_wconf 92' lang='lat' dir='ltr'><strong>si</strong></span> <span class='ocrx_word' id='word_1_338' title='bbox 2543 1953 2794 2008; x_wconf 88' lang='lat' dir='ltr'><strong>volumus</strong></span> <span class='ocrx_word' id='word_1_339' title='bbox 2821 1962 2943 2024; x_wconf 89' lang='lat' dir='ltr'><strong>post</strong></span> <span class='ocrx_word' id='word_1_340' title='bbox 2971 1962 3200 2009; x_wconf 78' lang='lat' dir='ltr'><strong>mortem</strong></span> <span class='ocrx_word' id='word_1_341' title='bbox 3228 1955 3479 2023; x_wconf 85' lang='lat' dir='ltr'><strong>corporis</strong></span> 
     </span>
    </p>
   </div>
   <div class='ocr_carea' id='block_1_47' title="bbox 1873 2043 3479 2118">
    <p class='ocr_par' dir='ltr' id='par_1_47' title="bbox 1873 2043 3479 2118">
     <span class='ocr_line' id='line_1_47' title="bbox 1873 2043 3479 2118; baseline 0.003 -21"><span class='ocrx_word' id='word_1_342' title='bbox 1873 2043 2040 2118; x_wconf 72' lang='lat' dir='ltr'><strong>m</strong></span> <span class='ocrx_word' id='word_1_343' title='bbox 2079 2045 2237 2116; x_wconf 89' lang='lat' dir='ltr'><strong>hujus</strong></span> <span class='ocrx_word' id='word_1_344' title='bbox 2263 2048 2312 2100; x_wconf 92' lang='lat' dir='ltr'><strong>in</strong></span> <span class='ocrx_word' id='word_1_345' title='bbox 2343 2046 2504 2101; x_wconf 75' lang='lat' dir='ltr'><strong>bonis</strong></span> <span class='ocrx_word' id='word_1_346' title='bbox 2531 2062 2654 2102; x_wconf 82' lang='lat' dir='ltr'><strong>esse</strong></span> <span class='ocrx_word' id='word_1_347' title='bbox 2672 2089 2684 2107; x_wconf 93' lang='lat'><strong>,</strong></span> <span class='ocrx_word' id='word_1_348' title='bbox 2711 2062 2997 2102; x_wconf 86' lang='lat' dir='ltr'><strong>caveamus</strong></span> <span class='ocrx_word' id='word_1_349' title='bbox 3021 2063 3088 2102; x_wconf 91' lang='lat' dir='ltr'><strong>ne</strong></span> <span class='ocrx_word' id='word_1_350' title='bbox 3110 2048 3479 2118; x_wconf 69' lang='lat' dir='ltr'><strong>agglutinetur</strong></span> 
     </span>
    </p>
   </div>
   <div class='ocr_carea' id='block_1_48' title="bbox 1875 2137 3483 2210">
    <p class='ocr_par' dir='ltr' id='par_1_48' title="bbox 1875 2137 3483 2210">
     <span class='ocr_line' id='line_1_48' title="bbox 1875 2137 3483 2210; baseline 0.005 -20"><span class='ocrx_word' id='word_1_351' title='bbox 1875 2137 2054 2191; x_wconf 88' lang='lat' dir='ltr'><strong>anima</strong></span> <span class='ocrx_word' id='word_1_352' title='bbox 2092 2148 2273 2192; x_wconf 82' lang='lat' dir='ltr'><strong>nostra</strong></span> <span class='ocrx_word' id='word_1_353' title='bbox 2316 2140 2442 2195; x_wconf 90' lang='lat' dir='ltr'><strong>huic</strong></span> <span class='ocrx_word' id='word_1_354' title='bbox 2466 2141 2713 2210; x_wconf 78' lang='lat' dir='ltr'><strong>c0t-pori,</strong></span> <span class='ocrx_word' id='word_1_355' title='bbox 2747 2157 2814 2195; x_wconf 87' lang='lat' dir='ltr'><strong>ne</strong></span> <span class='ocrx_word' id='word_1_356' title='bbox 2838 2141 3277 2206; x_wconf 82' lang='lat' dir='ltr'><strong>cnmmisceatur,</strong></span> <span class='ocrx_word' id='word_1_357' title='bbox 3307 2160 3372 2198; x_wconf 90' lang='lat' dir='ltr'><strong>ne</strong></span> <span class='ocrx_word' id='word_1_358' title='bbox 3403 2144 3483 2198; x_wconf 92' lang='lat' dir='ltr'><strong>in-</strong></span> 
     </span>
    </p>
   </div>
   <div class='ocr_carea' id='block_1_49' title="bbox 1879 2231 3486 2303">
    <p class='ocr_par' dir='ltr' id='par_1_49' title="bbox 1879 2231 3486 2303">
     <span class='ocr_line' id='line_1_49' title="bbox 1879 2231 3486 2303; baseline 0.002 -18"><span class='ocrx_word' id='word_1_359' title='bbox 1879 2231 2102 2295; x_wconf 65' lang='lat' dir='ltr'><strong>haereat.</strong></span> <span class='ocrx_word' id='word_1_360' title='bbox 2121 2248 2187 2285; x_wconf 88' lang='lat' dir='ltr'><strong>nc</strong></span> <span class='ocrx_word' id='word_1_361' title='bbox 2211 2233 2455 2286; x_wconf 83' lang='lat' dir='ltr'><strong>trahatur</strong></span> <span class='ocrx_word' id='word_1_362' title='bbox 2479 2249 2506 2285; x_wconf 87' lang='lat' dir='ltr'><strong>a</strong></span> <span class='ocrx_word' id='word_1_363' title='bbox 2537 2248 2790 2302; x_wconf 84' lang='lat' dir='ltr'><strong>corpore,</strong></span> <span class='ocrx_word' id='word_1_364' title='bbox 2812 2242 2865 2288; x_wconf 87' lang='lat' dir='ltr'><strong>et</strong></span> <span class='ocrx_word' id='word_1_365' title='bbox 2888 2241 3161 2302; x_wconf 83' lang='lat' dir='ltr'><strong>tamquam</strong></span> <span class='ocrx_word' id='word_1_366' title='bbox 3185 2235 3334 2288; x_wconf 87' lang='lat' dir='ltr'><strong>ebria</strong></span> <span class='ocrx_word' id='word_1_367' title='bbox 3360 2251 3486 2303; x_wconf 81' lang='lat' dir='ltr'><strong>per-</strong></span> 
     </span>
    </p>
   </div>
   <div class='ocr_carea' id='block_1_50' title="bbox 1875 2324 3483 2396">
    <p class='ocr_par' dir='ltr' id='par_1_50' title="bbox 1875 2324 3483 2396">
     <span class='ocr_line' id='line_1_50' title="bbox 1875 2324 3483 2396; baseline 0.002 -18"><span class='ocrx_word' id='word_1_368' title='bbox 1875 2324 2275 2382; x_wconf 82' lang='lat' dir='ltr'><strong>turbationibus</strong></span> <span class='ocrx_word' id='word_1_369' title='bbox 2307 2325 2427 2396; x_wconf 87' lang='lat' dir='ltr'><strong>ejus</strong></span> <span class='ocrx_word' id='word_1_370' title='bbox 2459 2326 2682 2381; x_wconf 82' lang='lat' dir='ltr'><strong>vacillet</strong></span> <span class='ocrx_word' id='word_1_371' title='bbox 2700 2336 2754 2381; x_wconf 90' lang='lat' dir='ltr'><strong>et</strong></span> <span class='ocrx_word' id='word_1_372' title='bbox 2784 2325 2953 2382; x_wconf 84' lang='lat' dir='ltr'><strong>ﬂuitet</strong></span> <span class='ocrx_word' id='word_1_373' title='bbox 2977 2368 2990 2392; x_wconf 96' lang='lat'><strong>,</strong></span> <span class='ocrx_word' id='word_1_374' title='bbox 3016 2341 3114 2382; x_wconf 87' lang='lat' dir='ltr'><strong>nec</strong></span> <span class='ocrx_word' id='word_1_375' title='bbox 3141 2342 3202 2381; x_wconf 72' lang='lat' dir='ltr'><strong>se</strong></span> <span class='ocrx_word' id='word_1_376' title='bbox 3219 2328 3268 2382; x_wconf 91' lang='lat' dir='ltr'><strong>ei</strong></span> <span class='ocrx_word' id='word_1_377' title='bbox 3294 2326 3483 2382; x_wconf 86' lang='lat' dir='ltr'><strong>credat</strong></span> 
     </span>
    </p>
   </div>
   <div class='ocr_carea' id='block_1_51' title="bbox 1878 2417 3484 2489">
    <p class='ocr_par' dir='ltr' id='par_1_51' title="bbox 1878 2417 3484 2489">
     <span class='ocr_line' id='line_1_51' title="bbox 1878 2417 3484 2489; baseline 0.001 -18"><span class='ocrx_word' id='word_1_378' title='bbox 1878 2427 2045 2489; x_wconf 86' lang='lat' dir='ltr'><strong>atque</strong></span> <span class='ocrx_word' id='word_1_379' title='bbox 2087 2418 2206 2488; x_wconf 86' lang='lat' dir='ltr'><strong>ejus</strong></span> <span class='ocrx_word' id='word_1_380' title='bbox 2254 2417 2743 2486; x_wconf 86' lang='lat' dir='ltr'><strong>delectationibus,</strong></span> <span class='ocrx_word' id='word_1_381' title='bbox 2803 2427 2862 2473; x_wconf 90' lang='lat' dir='ltr'><strong>ut</strong></span> <span class='ocrx_word' id='word_1_382' title='bbox 2911 2417 3213 2474; x_wconf 82' lang='lat' dir='ltr'><strong>committat</strong></span> <span class='ocrx_word' id='word_1_383' title='bbox 3259 2433 3319 2474; x_wconf 88' lang='lat' dir='ltr'><strong>se</strong></span> <span class='ocrx_word' id='word_1_384' title='bbox 3363 2418 3484 2487; x_wconf 87' lang='lat' dir='ltr'><strong>ejus</strong></span> 
     </span>
    </p>
   </div>
   <div class='ocr_carea' id='block_1_52' title="bbox 1877 2509 3481 2580">
    <p class='ocr_par' dir='ltr' id='par_1_52' title="bbox 1877 2509 3481 2580">
     <span class='ocr_line' id='line_1_52' title="bbox 1877 2509 3481 2580; baseline 0 -16"><span class='ocrx_word' id='word_1_385' title='bbox 1877 2509 2152 2565; x_wconf 83' lang='lat' dir='ltr'><strong>sensibus.</strong></span> <span class='ocrx_word' id='word_1_386' title='bbox 2199 2509 2332 2564; x_wconf 85' lang='lat' dir='ltr'><strong>Nam</strong></span> <span class='ocrx_word' id='word_1_387' title='bbox 2386 2516 2441 2564; x_wconf 89' lang='lat' dir='ltr'><strong>et</strong></span> <span class='ocrx_word' id='word_1_388' title='bbox 2477 2510 2668 2564; x_wconf 88' lang='lat' dir='ltr'><strong>oculus</strong></span> <span class='ocrx_word' id='word_1_389' title='bbox 2713 2509 2832 2580; x_wconf 90' lang='lat' dir='ltr'><strong>ejus</strong></span> <span class='ocrx_word' id='word_1_390' title='bbox 2861 2525 3016 2565; x_wconf 87' lang='lat' dir='ltr'><strong>error</strong></span> <span class='ocrx_word' id='word_1_391' title='bbox 3047 2520 3100 2566; x_wconf 91' lang='lat' dir='ltr'><strong>et</strong></span> <span class='ocrx_word' id='word_1_392' title='bbox 3157 2510 3305 2566; x_wconf 80' lang='lat' dir='ltr'><strong>fraus</strong></span> <span class='ocrx_word' id='word_1_393' title='bbox 3355 2520 3438 2564; x_wconf 90' lang='lat' dir='ltr'><strong>est</strong></span> <span class='ocrx_word' id='word_1_394' title='bbox 3465 2550 3481 2577; x_wconf 93' lang='lat'><strong>,</strong></span> 
     </span>
    </p>
   </div>
   <div class='ocr_carea' id='block_1_53' title="bbox 1877 2604 3484 2687">
    <p class='ocr_par' dir='ltr' id='par_1_53' title="bbox 1877 2604 3484 2687">
     <span class='ocr_line' id='line_1_53' title="bbox 1877 2604 3484 2687; baseline -0.001 -27"><span class='ocrx_word' id='word_1_395' title='bbox 1877 2606 2002 2676; x_wconf 88' lang='lat' dir='ltr'><strong>quia</strong></span> <span class='ocrx_word' id='word_1_396' title='bbox 2035 2605 2241 2660; x_wconf 80' lang='lat' dir='ltr'><strong>fallitur</strong></span> <span class='ocrx_word' id='word_1_397' title='bbox 2264 2606 2444 2660; x_wconf 76' lang='lat' dir='ltr'><strong>visus:</strong></span> <span class='ocrx_word' id='word_1_398' title='bbox 2469 2614 2524 2660; x_wconf 88' lang='lat' dir='ltr'><strong>et</strong></span> <span class='ocrx_word' id='word_1_399' title='bbox 2553 2604 2703 2687; x_wconf 73' lang='lat' dir='ltr'><strong>auris</strong></span> <span class='ocrx_word' id='word_1_400' title='bbox 2739 2605 2860 2673; x_wconf 84' lang='lat' dir='ltr'><strong>ejus</strong></span> <span class='ocrx_word' id='word_1_401' title='bbox 2906 2605 3156 2674; x_wconf 88' lang='lat' dir='ltr'><strong>deceptio</strong></span> <span class='ocrx_word' id='word_1_402' title='bbox 3203 2612 3289 2659; x_wconf 81' lang='lat' dir='ltr'><strong>est</strong></span> <span class='ocrx_word' id='word_1_403' title='bbox 3311 2646 3326 2670; x_wconf 92' lang='lat'><strong>,</strong></span> <span class='ocrx_word' id='word_1_404' title='bbox 3357 2604 3484 2674; x_wconf 88' lang='lat' dir='ltr'><strong>quia</strong></span> 
     </span>
    </p>
   </div>
   <div class='ocr_carea' id='block_1_54' title="bbox 1878 2697 3484 2770">
    <p class='ocr_par' dir='ltr' id='par_1_54' title="bbox 1878 2697 3484 2770">
     <span class='ocr_line' id='line_1_54' title="bbox 1878 2697 3484 2770; baseline -0.003 -17"><span class='ocrx_word' id='word_1_405' title='bbox 1878 2708 1932 2753; x_wconf 86' lang='lat' dir='ltr'><strong>et</strong></span> <span class='ocrx_word' id='word_1_406' title='bbox 1983 2698 2201 2752; x_wconf 88' lang='lat' dir='ltr'><strong>auditus</strong></span> <span class='ocrx_word' id='word_1_407' title='bbox 2255 2697 2502 2758; x_wconf 81' lang='lat' dir='ltr'><strong>illuditur</strong></span> <span class='ocrx_word' id='word_1_408' title='bbox 2558 2717 2573 2753; x_wconf 89' lang='lat'>:</span> <span class='ocrx_word' id='word_1_409' title='bbox 2615 2710 2669 2755; x_wconf 88' lang='lat' dir='ltr'><strong>et</strong></span> <span class='ocrx_word' id='word_1_410' title='bbox 2713 2714 2876 2770; x_wconf 86' lang='lat' dir='ltr'><strong>sapor</strong></span> <span class='ocrx_word' id='word_1_411' title='bbox 2927 2700 3046 2765; x_wconf 91' lang='lat' dir='ltr'><strong>ejus</strong></span> <span class='ocrx_word' id='word_1_412' title='bbox 3082 2697 3330 2766; x_wconf 75' lang='lat' dir='ltr'><strong>deceptio</strong></span> <span class='ocrx_word' id='word_1_413' title='bbox 3379 2704 3484 2750; x_wconf 90' lang='lat' dir='ltr'><strong>est.</strong></span> 
     </span>
    </p>
   </div>
   <div class='ocr_carea' id='block_1_55' title="bbox 1880 2788 3487 2858">
    <p class='ocr_par' dir='ltr' id='par_1_55' title="bbox 1880 2788 3487 2858">
     <span class='ocr_line' id='line_1_55' title="bbox 1880 2788 3487 2858; baseline -0.002 -15"><span class='ocrx_word' id='word_1_414' title='bbox 1880 2788 2126 2858; x_wconf 85' lang='lat' dir='ltr'><strong>Denique</strong></span> <span class='ocrx_word' id='word_1_415' title='bbox 2157 2804 2263 2844; x_wconf 89' lang='lat' dir='ltr'><strong>n0n</strong></span> <span class='ocrx_word' id='word_1_416' title='bbox 2296 2791 2470 2844; x_wconf 84' lang='lat' dir='ltr'><strong>Otiose</strong></span> <span class='ocrx_word' id='word_1_417' title='bbox 2511 2790 2718 2846; x_wconf 89' lang='lat' dir='ltr'><strong>dictum</strong></span> <span class='ocrx_word' id='word_1_418' title='bbox 2745 2803 2829 2845; x_wconf 83' lang='lat' dir='ltr'><strong>est</strong></span> <span class='ocrx_word' id='word_1_419' title='bbox 2861 2809 2876 2845; x_wconf 91' lang='lat'><strong>:</strong></span> <span class='ocrx_word' id='word_1_420' title='bbox 2925 2789 3076 2844; x_wconf 83' lang='lat' dir='ltr'><strong>Oculi</strong></span> <span class='ocrx_word' id='word_1_421' title='bbox 3116 2793 3187 2843; x_wconf 85' lang='lat' dir='ltr'><strong>tui</strong></span> <span class='ocrx_word' id='word_1_422' title='bbox 3223 2801 3364 2843; x_wconf 82' lang='lat' dir='ltr'><strong>recta</strong></span> <span class='ocrx_word' id='word_1_423' title='bbox 3413 2789 3487 2841; x_wconf 86' lang='lat' dir='ltr'><strong>vi-</strong></span> 
     </span>
    </p>
   </div>
   <div class='ocr_carea' id='block_1_56' title="bbox 1880 2879 3488 2953">
    <p class='ocr_par' dir='ltr' id='par_1_56' title="bbox 1880 2879 3488 2953">
     <span class='ocr_line' id='line_1_56' title="bbox 1880 2879 3488 2953; baseline 0.001 -19"><span class='ocrx_word' id='word_1_424' title='bbox 1880 2881 2033 2935; x_wconf 82' lang='lat' dir='ltr'><strong>deant</strong></span> <span class='ocrx_word' id='word_1_425' title='bbox 2060 2879 2249 2952; x_wconf 79' lang='lat' dir='ltr'><strong>(Prov.</strong></span> <span class='ocrx_word' id='word_1_426' title='bbox 2273 2897 2387 2947; x_wconf 80' lang='lat' dir='ltr'><strong>xw,</strong></span> <span class='ocrx_word' id='word_1_427' title='bbox 2421 2883 2537 2953; x_wconf 66' lang='grc'><strong>25).</strong></span> <span class='ocrx_word' id='word_1_428' title='bbox 2588 2883 2656 2937; x_wconf 87' lang='lat' dir='ltr'><strong>Et</strong></span> <span class='ocrx_word' id='word_1_429' title='bbox 2684 2901 2698 2936; x_wconf 84' lang='lat'><strong>:</strong></span> <span class='ocrx_word' id='word_1_430' title='bbox 2742 2884 2920 2953; x_wconf 79' lang='lat' dir='ltr'><strong>lingua</strong></span> <span class='ocrx_word' id='word_1_431' title='bbox 2968 2895 3058 2936; x_wconf 81' lang='lat' dir='ltr'><strong>tua</strong></span> <span class='ocrx_word' id='word_1_432' title='bbox 3093 2898 3194 2936; x_wconf 87' lang='lat' dir='ltr'><strong>non</strong></span> <span class='ocrx_word' id='word_1_433' title='bbox 3246 2883 3488 2953; x_wconf 83' lang='lat' dir='ltr'><strong>loquatur</strong></span> 
     </span>
    </p>
   </div>
   <div class='ocr_carea' id='block_1_57' title="bbox 1881 2971 3483 3043">
    <p class='ocr_par' dir='ltr' id='par_1_57' title="bbox 1881 2971 3483 3043">
     <span class='ocr_line' id='line_1_57' title="bbox 1881 2971 3483 3043; baseline 0.001 -17"><span class='ocrx_word' id='word_1_434' title='bbox 1881 2988 2121 3042; x_wconf 83' lang='lat' dir='ltr'><strong>perversa</strong></span> <span class='ocrx_word' id='word_1_435' title='bbox 2159 2971 2291 3043; x_wconf 83' lang='lat' dir='ltr'><strong>(Ps.</strong></span> <span class='ocrx_word' id='word_1_436' title='bbox 2329 2990 2523 3036; x_wconf 76' lang='lat' dir='ltr'><strong>xxxiii,</strong></span> <span class='ocrx_word' id='word_1_437' title='bbox 2566 2974 2690 3040; x_wconf 74' lang='grc' dir='ltr'><strong>Η).</strong></span> <span class='ocrx_word' id='word_1_438' title='bbox 2723 2975 2876 3042; x_wconf 85' lang='lat' dir='ltr'><strong>Quod</strong></span> <span class='ocrx_word' id='word_1_439' title='bbox 2919 2991 3024 3028; x_wconf 91' lang='lat' dir='ltr'><strong>non</strong></span> <span class='ocrx_word' id='word_1_440' title='bbox 3069 2985 3217 3030; x_wconf 84' lang='lat' dir='ltr'><strong>esset</strong></span> <span class='ocrx_word' id='word_1_441' title='bbox 3256 2977 3483 3042; x_wconf 88' lang='lat' dir='ltr'><strong>dictum,</strong></span> 
     </span>
    </p>
   </div>
   <div class='ocr_carea' id='block_1_58' title="bbox 1883 3065 3492 3136">
    <p class='ocr_par' dir='ltr' id='par_1_58' title="bbox 1883 3065 3492 3136">
     <span class='ocr_line' id='line_1_58' title="bbox 1883 3065 3492 3136; baseline 0.001 -18"><span class='ocrx_word' id='word_1_442' title='bbox 1883 3065 1984 3119; x_wconf 88' lang='lat' dir='ltr'><strong>nisi</strong></span> <span class='ocrx_word' id='word_1_443' title='bbox 2019 3065 2328 3136; x_wconf 81' lang='lat' dir='ltr'><strong>frequenter</strong></span> <span class='ocrx_word' id='word_1_444' title='bbox 2356 3077 2624 3121; x_wconf 87' lang='lat' dir='ltr'><strong>errarent.</strong></span> <span class='ocrx_word' id='word_1_445' title='bbox 2657 3066 2848 3120; x_wconf 83' lang='lat' dir='ltr'><strong>Vidisti</strong></span> <span class='ocrx_word' id='word_1_446' title='bbox 2882 3067 3249 3132; x_wconf 75' lang='lat' dir='ltr'><strong>meretricem,</strong></span> <span class='ocrx_word' id='word_1_447' title='bbox 3299 3079 3492 3136; x_wconf 86' lang='lat' dir='ltr'><strong>captus</strong></span> 
     </span>
    </p>
   </div>
   <div class='ocr_carea' id='block_1_59' title="bbox 1883 3157 3489 3228">
    <p class='ocr_par' dir='ltr' id='par_1_59' title="bbox 1883 3157 3489 3228">
     <span class='ocr_line' id='line_1_59' title="bbox 1883 3157 3489 3228; baseline 0.001 -15"><span class='ocrx_word' id='word_1_448' title='bbox 1883 3173 1942 3213; x_wconf 87' lang='lat' dir='ltr'><strong>es</strong></span> <span class='ocrx_word' id='word_1_449' title='bbox 1973 3159 2120 3212; x_wconf 89' lang='lat' dir='ltr'><strong>vultu</strong></span> <span class='ocrx_word' id='word_1_450' title='bbox 2154 3157 2294 3227; x_wconf 88' lang='lat' dir='ltr'><strong>ejus,</strong></span> <span class='ocrx_word' id='word_1_451' title='bbox 2334 3170 2384 3214; x_wconf 90' lang='lat' dir='ltr'><strong>et</strong></span> <span class='ocrx_word' id='word_1_452' title='bbox 2408 3158 2580 3214; x_wconf 81' lang='lat' dir='ltr'><strong>forma</strong></span> <span class='ocrx_word' id='word_1_453' title='bbox 2609 3159 2860 3214; x_wconf 86' lang='lat' dir='ltr'><strong>decoram</strong></span> <span class='ocrx_word' id='word_1_454' title='bbox 2893 3163 3086 3228; x_wconf 71' lang='lat' dir='ltr'><strong>putasti</strong></span> <span class='ocrx_word' id='word_1_455' title='bbox 3123 3176 3135 3211; x_wconf 92' lang='lat'><strong>:</strong></span> <span class='ocrx_word' id='word_1_456' title='bbox 3167 3167 3489 3214; x_wconf 87' lang='lat' dir='ltr'><strong>erraverunt</strong></span> 
     </span>
    </p>
   </div>
   <div class='ocr_carea' id='block_1_60' title="bbox 173 3241 3485 3321">
    <p class='ocr_par' dir='ltr' id='par_1_60' title="bbox 173 3241 3485 3321">
     <span class='ocr_line' id='line_1_60' title="bbox 173 3241 3485 3321; baseline 0.002 -20"><span class='ocrx_word' id='word_1_457' title='bbox 173 3245 321 3316; x_wconf 85' lang='lat' dir='ltr'><strong>quod</strong></span> <span class='ocrx_word' id='word_1_458' title='bbox 371 3246 695 3316; x_wconf 89' lang='lat' dir='ltr'><strong>inquietum,</strong></span> <span class='ocrx_word' id='word_1_459' title='bbox 746 3244 797 3298; x_wconf 91' lang='lat' dir='ltr'><strong>id</strong></span> <span class='ocrx_word' id='word_1_460' title='bbox 844 3244 986 3314; x_wconf 86' lang='lat' dir='ltr'><strong>quod</strong></span> <span class='ocrx_word' id='word_1_461' title='bbox 1038 3243 1493 3308; x_wconf 83' lang='lat' dir='ltr'><strong>erubescendum,</strong></span> <span class='ocrx_word' id='word_1_462' title='bbox 1546 3243 1598 3298; x_wconf 92' lang='lat' dir='ltr'><strong>id</strong></span> <span class='ocrx_word' id='word_1_463' title='bbox 1637 3241 1779 3312; x_wconf 87' lang='lat' dir='ltr'><strong>quod</strong></span> <span class='ocrx_word' id='word_1_464' title='bbox 1809 3251 1858 3314; x_wconf 67' lang='grc' dir='ltr'>ε</span> <span class='ocrx_word' id='word_1_465' title='bbox 1888 3251 2027 3305; x_wconf 90' lang='lat' dir='ltr'><strong>oculi</strong></span> <span class='ocrx_word' id='word_1_466' title='bbox 2077 3252 2173 3316; x_wconf 87' lang='lat' dir='ltr'><strong>ttti,</strong></span> <span class='ocrx_word' id='word_1_467' title='bbox 2207 3267 2460 3321; x_wconf 80' lang='lat' dir='ltr'><strong>perVersa</strong></span> <span class='ocrx_word' id='word_1_468' title='bbox 2491 3252 2886 3310; x_wconf 85' lang='lat' dir='ltr'><strong>viderunt.a|ia</strong></span> <span class='ocrx_word' id='word_1_469' title='bbox 2921 3255 3326 3309; x_wconf 81' lang='lat' dir='ltr'><strong>nuntiaverunt.</strong></span> <span class='ocrx_word' id='word_1_470' title='bbox 3350 3253 3485 3308; x_wconf 83' lang='lat' dir='ltr'><strong>Nam</strong></span> 
     </span>
    </p>
   </div>
   <div class='ocr_carea' id='block_1_61' title="bbox 172 3336 1778 3407">
    <p class='ocr_par' dir='ltr' id='par_1_61' title="bbox 172 3336 1778 3407">
     <span class='ocr_line' id='line_1_61' title="bbox 172 3336 1778 3407; baseline -0.002 -14"><span class='ocrx_word' id='word_1_471' title='bbox 172 3339 457 3394; x_wconf 76' lang='lat' dir='ltr'><strong>inimicum</strong></span> <span class='ocrx_word' id='word_1_472' title='bbox 519 3337 674 3394; x_wconf 86' lang='lat' dir='ltr'><strong>nobis</strong></span> <span class='ocrx_word' id='word_1_473' title='bbox 720 3347 828 3402; x_wconf 89' lang='lat' dir='ltr'><strong>est,</strong></span> <span class='ocrx_word' id='word_1_474' title='bbox 887 3338 935 3390; x_wconf 90' lang='lat' dir='ltr'><strong>id</strong></span> <span class='ocrx_word' id='word_1_475' title='bbox 974 3336 1115 3406; x_wconf 88' lang='lat' dir='ltr'><strong>quod</strong></span> <span class='ocrx_word' id='word_1_476' title='bbox 1161 3338 1483 3400; x_wconf 84' lang='lat' dir='ltr'><strong>violentum,</strong></span> <span class='ocrx_word' id='word_1_477' title='bbox 1543 3336 1594 3390; x_wconf 91' lang='lat' dir='ltr'><strong>id</strong></span> <span class='ocrx_word' id='word_1_478' title='bbox 1635 3337 1778 3407; x_wconf 90' lang='lat' dir='ltr'><strong>quod</strong></span> 
     </span>
    </p>
   </div>
   <div class='ocr_carea' id='block_1_62' title="bbox 173 3429 1778 3502">
    <p class='ocr_par' dir='ltr' id='par_1_62' title="bbox 173 3429 1778 3502">
     <span class='ocr_line' id='line_1_62' title="bbox 173 3429 1778 3502; baseline 0 -17"><span class='ocrx_word' id='word_1_479' title='bbox 173 3431 566 3502; x_wconf 65' lang='lat' dir='ltr'><strong>procellosum,</strong></span> <span class='ocrx_word' id='word_1_480' title='bbox 619 3442 673 3485; x_wconf 91' lang='lat' dir='ltr'><strong>et</strong></span> <span class='ocrx_word' id='word_1_481' title='bbox 716 3429 781 3483; x_wconf 91' lang='lat' dir='ltr'><strong>ad</strong></span> <span class='ocrx_word' id='word_1_482' title='bbox 837 3430 1017 3484; x_wconf 87' lang='lat' dir='ltr'><strong>omnia</strong></span> <span class='ocrx_word' id='word_1_483' title='bbox 1065 3431 1192 3484; x_wconf 89' lang='lat' dir='ltr'><strong>vitia</strong></span> <span class='ocrx_word' id='word_1_484' title='bbox 1249 3431 1630 3486; x_wconf 85' lang='lat' dir='ltr'><strong>illecebrosum</strong></span> <span class='ocrx_word' id='word_1_485' title='bbox 1673 3439 1778 3496; x_wconf 86' lang='lat' dir='ltr'><strong>est,</strong></span> 
     </span>
    </p>
   </div>
   <div class='ocr_carea' id='block_1_63' title="bbox 174 3525 1778 3597">
    <p class='ocr_par' dir='ltr' id='par_1_63' title="bbox 174 3525 1778 3597">
     <span class='ocr_line' id='line_1_63' title="bbox 174 3525 1778 3597; baseline 0.001 -15"><span class='ocrx_word' id='word_1_486' title='bbox 174 3526 531 3596; x_wconf 56' lang='lat' dir='ltr'><strong>conquiescit</strong></span> <span class='ocrx_word' id='word_1_487' title='bbox 559 3536 611 3580; x_wconf 87' lang='lat' dir='ltr'><strong>et</strong></span> <span class='ocrx_word' id='word_1_488' title='bbox 637 3525 838 3596; x_wconf 84' lang='lat' dir='ltr'><strong>jaceat,</strong></span> <span class='ocrx_word' id='word_1_489' title='bbox 873 3537 919 3579; x_wconf 89' lang='lat' dir='ltr'><strong>et</strong></span> <span class='ocrx_word' id='word_1_490' title='bbox 969 3528 1120 3597; x_wconf 74' lang='lat' dir='ltr'><strong>quasi</strong></span> <span class='ocrx_word' id='word_1_491' title='bbox 1157 3527 1262 3581; x_wconf 77' lang='lat' dir='ltr'><strong>l&#39;era</strong></span> <span class='ocrx_word' id='word_1_492' title='bbox 1304 3528 1586 3582; x_wconf 87' lang='lat' dir='ltr'><strong>claudatur</strong></span> <span class='ocrx_word' id='word_1_493' title='bbox 1615 3544 1778 3582; x_wconf 83' lang='lat' dir='ltr'><strong>cavea</strong></span> 
     </span>
    </p>
   </div>
   <div class='ocr_carea' id='block_1_64' title="bbox 174 3618 1776 3692">
    <p class='ocr_par' dir='ltr' id='par_1_64' title="bbox 174 3618 1776 3692">
     <span class='ocr_line' id='line_1_64' title="bbox 174 3618 1776 3692; baseline -0.001 -15"><span class='ocrx_word' id='word_1_494' title='bbox 174 3621 438 3692; x_wconf 83' lang='lat' dir='ltr'><strong>sepulcri,</strong></span> <span class='ocrx_word' id='word_1_495' title='bbox 467 3618 806 3691; x_wconf 89' lang='lat' dir='ltr'><strong>relinquatur</strong></span> <span class='ocrx_word' id='word_1_496' title='bbox 836 3619 1016 3675; x_wconf 79' lang='lat' dir='ltr'><strong>rabies</strong></span> <span class='ocrx_word' id='word_1_497' title='bbox 1039 3623 1158 3689; x_wconf 87' lang='lat' dir='ltr'><strong>ejus</strong></span> <span class='ocrx_word' id='word_1_498' title='bbox 1189 3620 1476 3688; x_wconf 74' lang='lat' dir='ltr'><strong>exanimis,</strong></span> <span class='ocrx_word' id='word_1_499' title='bbox 1508 3630 1563 3675; x_wconf 90' lang='lat' dir='ltr'><strong>et</strong></span> <span class='ocrx_word' id='word_1_500' title='bbox 1595 3637 1776 3676; x_wconf 86' lang='lat' dir='ltr'><strong>cmor-</strong></span> 
     </span>
    </p>
   </div>
   <div class='ocr_carea' id='block_1_65' title="bbox 177 3714 1782 3786">
    <p class='ocr_par' dir='ltr' id='par_1_65' title="bbox 177 3714 1782 3786">
     <span class='ocr_line' id='line_1_65' title="bbox 177 3714 1782 3786; baseline 0 -16"><span class='ocrx_word' id='word_1_501' title='bbox 177 3725 268 3770; x_wconf 88' lang='lat' dir='ltr'><strong>tua</strong></span> <span class='ocrx_word' id='word_1_502' title='bbox 300 3731 564 3786; x_wconf 77' lang='lat' dir='ltr'><strong>compago</strong></span> <span class='ocrx_word' id='word_1_503' title='bbox 595 3715 866 3776; x_wconf 84' lang='lat' dir='ltr'><strong>viscerum</strong></span> <span class='ocrx_word' id='word_1_504' title='bbox 902 3714 952 3766; x_wconf 91' lang='lat' dir='ltr'><strong>in</strong></span> <span class='ocrx_word' id='word_1_505' title='bbox 995 3722 1196 3768; x_wconf 86' lang='lat' dir='ltr'><strong>terram</strong></span> <span class='ocrx_word' id='word_1_506' title='bbox 1221 3716 1523 3770; x_wconf 84' lang='lat' dir='ltr'><strong>resolvatur</strong></span> <span class='ocrx_word' id='word_1_507' title='bbox 1557 3733 1568 3768; x_wconf 92' lang='lat'>:</span> <span class='ocrx_word' id='word_1_508' title='bbox 1606 3715 1654 3768; x_wconf 90' lang='lat' dir='ltr'><strong>id</strong></span> <span class='ocrx_word' id='word_1_509' title='bbox 1686 3731 1782 3770; x_wconf 89' lang='lat' dir='ltr'><strong>au-</strong></span> 
     </span>
    </p>
   </div>
   <div class='ocr_carea' id='block_1_66' title="bbox 179 3807 1779 3878">
    <p class='ocr_par' dir='ltr' id='par_1_66' title="bbox 179 3807 1779 3878">
     <span class='ocr_line' id='line_1_66' title="bbox 179 3807 1779 3878; baseline -0.001 -14"><span class='ocrx_word' id='word_1_510' title='bbox 179 3819 286 3864; x_wconf 88' lang='lat' dir='ltr'><strong>tem</strong></span> <span class='ocrx_word' id='word_1_511' title='bbox 318 3808 462 3878; x_wconf 90' lang='lat' dir='ltr'><strong>quod</strong></span> <span class='ocrx_word' id='word_1_512' title='bbox 499 3807 764 3862; x_wconf 81' lang='lat' dir='ltr'><strong>familiare</strong></span> <span class='ocrx_word' id='word_1_513' title='bbox 811 3807 1126 3872; x_wconf 67' lang='lat' dir='ltr'><strong>virtutibus,</strong></span> <span class='ocrx_word' id='word_1_514' title='bbox 1175 3808 1407 3862; x_wconf 88' lang='lat' dir='ltr'><strong>amicum</strong></span> <span class='ocrx_word' id='word_1_515' title='bbox 1453 3808 1779 3878; x_wconf 87' lang='lat' dir='ltr'><strong>disciplinis,</strong></span> 
     </span>
    </p>
   </div>
   <div class='ocr_carea' id='block_1_67' title="bbox 179 3901 1779 3972">
    <p class='ocr_par' dir='ltr' id='par_1_67' title="bbox 179 3901 1779 3972">
     <span class='ocr_line' id='line_1_67' title="bbox 179 3901 1779 3972; baseline -0.002 -14"><span class='ocrx_word' id='word_1_516' title='bbox 179 3903 485 3959; x_wconf 88' lang='lat' dir='ltr'><strong>studiosum</strong></span> <span class='ocrx_word' id='word_1_517' title='bbox 533 3906 738 3972; x_wconf 63' lang='lat' dir='ltr'><strong>gloria},</strong></span> <span class='ocrx_word' id='word_1_518' title='bbox 786 3917 989 3972; x_wconf 77' lang='lat' dir='ltr'><strong>sequax</strong></span> <span class='ocrx_word' id='word_1_519' title='bbox 1035 3901 1195 3968; x_wconf 89' lang='lat' dir='ltr'><strong>boni,</strong></span> <span class='ocrx_word' id='word_1_520' title='bbox 1231 3902 1645 3958; x_wconf 79' lang='lat' dir='ltr'><strong>Deo-subditum</strong></span> <span class='ocrx_word' id='word_1_521' title='bbox 1677 3910 1779 3966; x_wconf 85' lang='lat' dir='ltr'><strong>est,</strong></span> 
     </span>
    </p>
   </div>
   <div class='ocr_carea' id='block_1_68' title="bbox 180 3995 1781 4076">
    <p class='ocr_par' dir='ltr' id='par_1_68' title="bbox 180 3995 1781 4076">
     <span class='ocr_line' id='line_1_68' title="bbox 180 3995 1781 4076; baseline -0.001 -24"><span class='ocrx_word' id='word_1_522' title='bbox 180 3999 247 4076; x_wconf 78' lang='lat' dir='ltr'><strong>ad</strong></span> <span class='ocrx_word' id='word_1_523' title='bbox 272 3997 402 4051; x_wconf 86' lang='lat' dir='ltr'><strong>illud</strong></span> <span class='ocrx_word' id='word_1_524' title='bbox 426 3997 657 4050; x_wconf 89' lang='lat' dir='ltr'><strong>sublime</strong></span> <span class='ocrx_word' id='word_1_525' title='bbox 688 3995 907 4058; x_wconf 82' lang='lat' dir='ltr'><strong>evolet;</strong></span> <span class='ocrx_word' id='word_1_526' title='bbox 950 4009 1006 4050; x_wconf 90' lang='lat' dir='ltr'><strong>et</strong></span> <span class='ocrx_word' id='word_1_527' title='bbox 1049 4011 1172 4049; x_wconf 91' lang='lat' dir='ltr'><strong>cum</strong></span> <span class='ocrx_word' id='word_1_528' title='bbox 1203 3995 1300 4050; x_wconf 93' lang='lat' dir='ltr'><strong>illo</strong></span> <span class='ocrx_word' id='word_1_529' title='bbox 1327 4011 1463 4067; x_wconf 90' lang='lat' dir='ltr'><strong>puro</strong></span> <span class='ocrx_word' id='word_1_530' title='bbox 1503 4006 1557 4050; x_wconf 91' lang='lat' dir='ltr'><strong>et</strong></span> <span class='ocrx_word' id='word_1_531' title='bbox 1588 4011 1781 4066; x_wconf 81' lang='lat' dir='ltr'><strong>perpe-</strong></span> 
     </span>
    </p>
   </div>
   <div class='ocr_carea' id='block_1_69' title="bbox 183 4088 1782 4160">
    <p class='ocr_par' dir='ltr' id='par_1_69' title="bbox 183 4088 1782 4160">
     <span class='ocr_line' id='line_1_69' title="bbox 183 4088 1782 4160; baseline -0.001 -15"><span class='ocrx_word' id='word_1_532' title='bbox 183 4101 278 4147; x_wconf 80' lang='lat' dir='ltr'><strong>tuo</strong></span> <span class='ocrx_word' id='word_1_533' title='bbox 308 4090 451 4146; x_wconf 90' lang='lat' dir='ltr'><strong>bono</strong></span> <span class='ocrx_word' id='word_1_534' title='bbox 501 4099 660 4160; x_wconf 89' lang='lat' dir='ltr'><strong>atque</strong></span> <span class='ocrx_word' id='word_1_535' title='bbox 692 4089 988 4144; x_wconf 88' lang='lat' dir='ltr'><strong>immortali</strong></span> <span class='ocrx_word' id='word_1_536' title='bbox 1042 4099 1280 4150; x_wconf 86' lang='lat' dir='ltr'><strong>maneat,</strong></span> <span class='ocrx_word' id='word_1_537' title='bbox 1333 4091 1433 4158; x_wconf 82' lang='lat' dir='ltr'><strong>ipsi</strong></span> <span class='ocrx_word' id='word_1_538' title='bbox 1476 4088 1782 4154; x_wconf 68' lang='lat' dir='ltr'><strong>adhaereat;</strong></span> 
     </span>
    </p>
   </div>
   <div class='ocr_carea' id='block_1_70' title="bbox 183 4183 1783 4255">
    <p class='ocr_par' dir='ltr' id='par_1_70' title="bbox 183 4183 1783 4255">
     <span class='ocr_line' id='line_1_70' title="bbox 183 4183 1783 4255; baseline -0.005 -10"><span class='ocrx_word' id='word_1_539' title='bbox 183 4197 237 4245; x_wconf 87' lang='lat' dir='ltr'><strong>et</strong></span> <span class='ocrx_word' id='word_1_540' title='bbox 259 4206 380 4243; x_wconf 92' lang='lat' dir='ltr'><strong>cum</strong></span> <span class='ocrx_word' id='word_1_541' title='bbox 405 4187 526 4254; x_wconf 75' lang='lat' dir='ltr'><strong>ipso</strong></span> <span class='ocrx_word' id='word_1_542' title='bbox 550 4190 622 4241; x_wconf 83' lang='lat' dir='ltr'><strong>sit</strong></span> <span class='ocrx_word' id='word_1_543' title='bbox 649 4186 717 4240; x_wconf 87' lang='lat' dir='ltr'><strong>de</strong></span> <span class='ocrx_word' id='word_1_544' title='bbox 746 4201 852 4254; x_wconf 91' lang='lat' dir='ltr'><strong>quo</strong></span> <span class='ocrx_word' id='word_1_545' title='bbox 879 4187 1256 4255; x_wconf 87' lang='lat' dir='ltr'><strong>cognationem</strong></span> <span class='ocrx_word' id='word_1_546' title='bbox 1281 4183 1447 4250; x_wconf 89' lang='lat' dir='ltr'><strong>ducit,</strong></span> <span class='ocrx_word' id='word_1_547' title='bbox 1483 4194 1538 4238; x_wconf 91' lang='lat' dir='ltr'><strong>ut</strong></span> <span class='ocrx_word' id='word_1_548' title='bbox 1564 4184 1783 4254; x_wconf 79' lang='lat' dir='ltr'><strong>quidam</strong></span> 
     </span>
    </p>
   </div>
   <div class='ocr_carea' id='block_1_71' title="bbox 183 4278 1779 4353">
    <p class='ocr_par' dir='ltr' id='par_1_71' title="bbox 183 4278 1779 4353">
     <span class='ocr_line' id='line_1_71' title="bbox 183 4278 1779 4353; baseline -0.001 -18"><span class='ocrx_word' id='word_1_549' title='bbox 183 4283 258 4336; x_wconf 87' lang='lat' dir='ltr'><strong>ait</strong></span> <span class='ocrx_word' id='word_1_550' title='bbox 291 4299 302 4333; x_wconf 93' lang='lat'>:</span> <span class='ocrx_word' id='word_1_551' title='bbox 337 4279 499 4352; x_wconf 80' lang='lat' dir='ltr'><strong>Cujus</strong></span> <span class='ocrx_word' id='word_1_552' title='bbox 551 4291 598 4334; x_wconf 90' lang='lat' dir='ltr'><strong>et</strong></span> <span class='ocrx_word' id='word_1_553' title='bbox 649 4296 812 4353; x_wconf 84' lang='lat' dir='ltr'><strong>genus</strong></span> <span class='ocrx_word' id='word_1_554' title='bbox 861 4295 1038 4332; x_wconf 80' lang='lat' dir='ltr'><strong>sumus</strong></span> <span class='ocrx_word' id='word_1_555' title='bbox 1085 4278 1232 4350; x_wconf 76' lang='lat' dir='ltr'><strong>(Act.</strong></span> <span class='ocrx_word' id='word_1_556' title='bbox 1264 4295 1405 4344; x_wconf 78' lang='lat' dir='ltr'><strong>xvu,</strong></span> <span class='ocrx_word' id='word_1_557' title='bbox 1457 4278 1608 4349; x_wconf 69' lang='lat'><strong>28)?</strong></span> <span class='ocrx_word' id='word_1_558' title='bbox 1663 4278 1779 4334; x_wconf 72' lang='lat' dir='ltr'><strong>Non</strong></span> 
     </span>
    </p>
   </div>
   <div class='ocr_carea' id='block_1_72' title="bbox 185 4370 1780 4451">
    <p class='ocr_par' dir='ltr' id='par_1_72' title="bbox 185 4370 1780 4451">
     <span class='ocr_line' id='line_1_72' title="bbox 185 4370 1780 4451; baseline -0.004 -22"><span class='ocrx_word' id='word_1_559' title='bbox 185 4375 327 4451; x_wconf 79' lang='lat' dir='ltr'><strong>enim</strong></span> <span class='ocrx_word' id='word_1_560' title='bbox 363 4373 500 4428; x_wconf 91' lang='lat' dir='ltr'><strong>mori</strong></span> <span class='ocrx_word' id='word_1_561' title='bbox 551 4373 784 4426; x_wconf 87' lang='lat' dir='ltr'><strong>animam</strong></span> <span class='ocrx_word' id='word_1_562' title='bbox 822 4387 943 4426; x_wconf 89' lang='lat' dir='ltr'><strong>cum</strong></span> <span class='ocrx_word' id='word_1_563' title='bbox 992 4386 1221 4438; x_wconf 78' lang='lat' dir='ltr'><strong>corpore</strong></span> <span class='ocrx_word' id='word_1_564' title='bbox 1271 4370 1612 4425; x_wconf 81' lang='lat' dir='ltr'><strong>manifestum</strong></span> <span class='ocrx_word' id='word_1_565' title='bbox 1659 4379 1780 4435; x_wconf 90' lang='lat' dir='ltr'><strong>est,</strong></span> 
     </span>
    </p>
   </div>
   <div class='ocr_carea' id='block_1_73' title="bbox 187 4462 1784 4536">
    <p class='ocr_par' dir='ltr' id='par_1_73' title="bbox 187 4462 1784 4536">
     <span class='ocr_line' id='line_1_73' title="bbox 187 4462 1784 4536; baseline 0.001 -18"><span class='ocrx_word' id='word_1_566' title='bbox 187 4468 310 4536; x_wconf 90' lang='lat' dir='ltr'><strong>quia</strong></span> <span class='ocrx_word' id='word_1_567' title='bbox 344 4482 452 4521; x_wconf 88' lang='lat' dir='ltr'><strong>non</strong></span> <span class='ocrx_word' id='word_1_568' title='bbox 483 4465 657 4520; x_wconf 88' lang='lat' dir='ltr'><strong>estde</strong></span> <span class='ocrx_word' id='word_1_569' title='bbox 703 4479 948 4535; x_wconf 88' lang='lat' dir='ltr'><strong>corpore.</strong></span> <span class='ocrx_word' id='word_1_570' title='bbox 1004 4463 1122 4519; x_wconf 75' lang='lat' dir='ltr'><strong>Non</strong></span> <span class='ocrx_word' id='word_1_571' title='bbox 1168 4479 1291 4519; x_wconf 84' lang='lat' dir='ltr'><strong>esse</strong></span> <span class='ocrx_word' id='word_1_572' title='bbox 1332 4474 1510 4518; x_wconf 89' lang='lat' dir='ltr'><strong>autem</strong></span> <span class='ocrx_word' id='word_1_573' title='bbox 1557 4479 1676 4516; x_wconf 83' lang='lat' dir='ltr'><strong>eam</strong></span> <span class='ocrx_word' id='word_1_574' title='bbox 1718 4462 1784 4519; x_wconf 87' lang='lat' dir='ltr'><strong>de</strong></span> 
     </span>
    </p>
   </div>
   <div class='ocr_carea' id='block_1_74' title="bbox 187 4543 1786 4630">
    <p class='ocr_par' dir='ltr' id='par_1_74' title="bbox 187 4543 1786 4630">
     <span class='ocr_line' id='line_1_74' title="bbox 187 4543 1786 4630; baseline -0.001 -15"><span class='ocrx_word' id='word_1_575' title='bbox 187 4575 419 4630; x_wconf 86' lang='lat' dir='ltr'><strong>corpore</strong></span> <span class='ocrx_word' id='word_1_576' title='bbox 475 4543 751 4626; x_wconf 76' lang='lat' dir='ltr'><strong>Scriptura</strong></span> <span class='ocrx_word' id='word_1_577' title='bbox 821 4558 1006 4616; x_wconf 91' lang='lat' dir='ltr'><strong>multis</strong></span> <span class='ocrx_word' id='word_1_578' title='bbox 1052 4558 1229 4613; x_wconf 89' lang='lat' dir='ltr'><strong>modis</strong></span> <span class='ocrx_word' id='word_1_579' title='bbox 1273 4558 1485 4612; x_wconf 81' lang='lat' dir='ltr'><strong>edocet.</strong></span> <span class='ocrx_word' id='word_1_580' title='bbox 1543 4557 1675 4613; x_wconf 87' lang='lat' dir='ltr'><strong>Nam</strong></span> <span class='ocrx_word' id='word_1_581' title='bbox 1731 4569 1786 4613; x_wconf 92' lang='lat' dir='ltr'><strong>et</strong></span> 
     </span>
    </p>
   </div>
   <div class='ocr_carea' id='block_1_75' title="bbox 1884 3345 3490 3417">
    <p class='ocr_par' dir='ltr' id='par_1_75' title="bbox 1884 3345 3490 3417">
     <span class='ocr_line' id='line_1_75' title="bbox 1884 3345 3490 3417; baseline 0.002 -18"><span class='ocrx_word' id='word_1_582' title='bbox 1884 3345 1926 3399; x_wconf 89' lang='lat' dir='ltr'><strong>si</strong></span> <span class='ocrx_word' id='word_1_583' title='bbox 1959 3360 2085 3400; x_wconf 88' lang='lat' dir='ltr'><strong>vere</strong></span> <span class='ocrx_word' id='word_1_584' title='bbox 2106 3345 2386 3417; x_wconf 78' lang='lat' dir='ltr'><strong>vidissent,</strong></span> <span class='ocrx_word' id='word_1_585' title='bbox 2407 3345 2671 3401; x_wconf 82' lang='lat' dir='ltr'><strong>vidissent</strong></span> <span class='ocrx_word' id='word_1_586' title='bbox 2692 3345 2990 3401; x_wconf 74' lang='lat' dir='ltr'><strong>deformi-nt</strong></span> <span class='ocrx_word' id='word_1_587' title='bbox 3012 3348 3308 3401; x_wconf 71' lang='lat' dir='ltr'><strong>meri-tricis</strong></span> <span class='ocrx_word' id='word_1_588' title='bbox 3327 3346 3490 3402; x_wconf 70' lang='lat' dir='ltr'><strong>allec-</strong></span> 
     </span>
    </p>
   </div>
   <div class='ocr_carea' id='block_1_76' title="bbox 1886 3439 3489 3510">
    <p class='ocr_par' dir='ltr' id='par_1_76' title="bbox 1886 3439 3489 3510">
     <span class='ocr_line' id='line_1_76' title="bbox 1886 3439 3489 3510; baseline 0 -16"><span class='ocrx_word' id='word_1_589' title='bbox 1886 3447 2021 3505; x_wconf 87' lang='lat' dir='ltr'><strong>tum,</strong></span> <span class='ocrx_word' id='word_1_590' title='bbox 2050 3439 2424 3494; x_wconf 86' lang='lat' dir='ltr'><strong>ittltorrentcm</strong></span> <span class='ocrx_word' id='word_1_591' title='bbox 2461 3441 2794 3508; x_wconf 83' lang='lat' dir='ltr'><strong>procaciam,</strong></span> <span class='ocrx_word' id='word_1_592' title='bbox 2831 3440 3168 3495; x_wconf 87' lang='lat' dir='ltr'><strong>indecentem</strong></span> <span class='ocrx_word' id='word_1_593' title='bbox 3205 3440 3489 3510; x_wconf 82' lang='lat' dir='ltr'><strong>impudici-</strong></span> 
     </span>
    </p>
   </div>
   <div class='ocr_carea' id='block_1_77' title="bbox 1885 3532 3490 3600">
    <p class='ocr_par' dir='ltr' id='par_1_77' title="bbox 1885 3532 3490 3600">
     <span class='ocr_line' id='line_1_77' title="bbox 1885 3532 3490 3600; baseline 0 -13"><span class='ocrx_word' id='word_1_594' title='bbox 1885 3533 2034 3592; x_wconf 85' lang='lat' dir='ltr'><strong>tiam.</strong></span> <span class='ocrx_word' id='word_1_595' title='bbox 2052 3541 2356 3587; x_wconf 87' lang='lat' dir='ltr'><strong>marcentes</strong></span> <span class='ocrx_word' id='word_1_596' title='bbox 2379 3532 2650 3598; x_wconf 88' lang='lat' dir='ltr'><strong>libidines,</strong></span> <span class='ocrx_word' id='word_1_597' title='bbox 2673 3543 2864 3588; x_wconf 82' lang='lat' dir='ltr'><strong>tetram</strong></span> <span class='ocrx_word' id='word_1_598' title='bbox 2885 3533 3271 3600; x_wconf 73' lang='lat' dir='ltr'><strong>colluvionem,</strong></span> <span class='ocrx_word' id='word_1_599' title='bbox 3295 3534 3490 3588; x_wconf 71' lang='lat' dir='ltr'><strong>anima:</strong></span> 
     </span>
    </p>
   </div>
   <div class='ocr_carea' id='block_1_78' title="bbox 1882 3625 3488 3697">
    <p class='ocr_par' dir='ltr' id='par_1_78' title="bbox 1882 3625 3488 3697">
     <span class='ocr_line' id='line_1_78' title="bbox 1882 3625 3488 3697; baseline 0.001 -19"><span class='ocrx_word' id='word_1_600' title='bbox 1882 3629 2132 3690; x_wconf 87' lang='lat' dir='ltr'><strong>vulnera,</strong></span> <span class='ocrx_word' id='word_1_601' title='bbox 2163 3625 2510 3681; x_wconf 77' lang='lat' dir='ltr'><strong>conscientia:</strong></span> <span class='ocrx_word' id='word_1_602' title='bbox 2536 3628 2844 3682; x_wconf 88' lang='lat' dir='ltr'><strong>cicatrices.</strong></span> <span class='ocrx_word' id='word_1_603' title='bbox 2889 3627 2992 3694; x_wconf 81' lang='lat' dir='ltr'><strong>Qui</strong></span> <span class='ocrx_word' id='word_1_604' title='bbox 3038 3626 3243 3692; x_wconf 88' lang='lat' dir='ltr'><strong>viderit,</strong></span> <span class='ocrx_word' id='word_1_605' title='bbox 3295 3627 3488 3697; x_wconf 90' lang='lat' dir='ltr'><strong>inquit,</strong></span> 
     </span>
    </p>
   </div>
   <div class='ocr_carea' id='block_1_79' title="bbox 1884 3719 3487 3794">
    <p class='ocr_par' dir='ltr' id='par_1_79' title="bbox 1884 3719 3487 3794">
     <span class='ocr_line' id='line_1_79' title="bbox 1884 3719 3487 3794; baseline 0.002 -22"><span class='ocrx_word' id='word_1_606' title='bbox 1884 3721 2150 3774; x_wconf 85' lang='lat' dir='ltr'><strong>mulierem</strong></span> <span class='ocrx_word' id='word_1_607' title='bbox 2190 3719 2257 3775; x_wconf 87' lang='lat' dir='ltr'><strong>ad</strong></span> <span class='ocrx_word' id='word_1_608' title='bbox 2295 3722 2766 3794; x_wconf 83' lang='lat' dir='ltr'><strong>concupiscendum</strong></span> <span class='ocrx_word' id='word_1_609' title='bbox 2798 3733 2819 3761; x_wconf 79' lang='grc' dir='ltr'><strong>ο</strong></span> <span class='ocrx_word' id='word_1_610' title='bbox 2845 3739 2963 3776; x_wconf 88' lang='lat' dir='ltr'><strong>eam</strong></span> <span class='ocrx_word' id='word_1_611' title='bbox 3005 3721 3237 3793; x_wconf 81' lang='lat' dir='ltr'><strong>(Matth.</strong></span> <span class='ocrx_word' id='word_1_612' title='bbox 3271 3737 3326 3787; x_wconf 78' lang='grc' dir='ltr'><strong>ν,</strong></span> <span class='ocrx_word' id='word_1_613' title='bbox 3354 3720 3487 3792; x_wconf 68' lang='lat'><strong>28).</strong></span> 
     </span>
    </p>
   </div>
   <div class='ocr_carea' id='block_1_80' title="bbox 1883 3811 3488 3884">
    <p class='ocr_par' dir='ltr' id='par_1_80' title="bbox 1883 3811 3488 3884">
     <span class='ocr_line' id='line_1_80' title="bbox 1883 3811 3488 3884; baseline -0.001 -17"><span class='ocrx_word' id='word_1_614' title='bbox 1883 3811 2050 3867; x_wconf 84' lang='lat' dir='ltr'><strong>Vides</strong></span> <span class='ocrx_word' id='word_1_615' title='bbox 2078 3813 2219 3884; x_wconf 87' lang='lat' dir='ltr'><strong>quod</strong></span> <span class='ocrx_word' id='word_1_616' title='bbox 2253 3814 2354 3867; x_wconf 87' lang='lat' dir='ltr'><strong>iste</strong></span> <span class='ocrx_word' id='word_1_617' title='bbox 2385 3814 2576 3867; x_wconf 77' lang='lat' dir='ltr'><strong>falsum</strong></span> <span class='ocrx_word' id='word_1_618' title='bbox 2610 3815 2880 3884; x_wconf 70' lang='lat' dir='ltr'><strong>quaesivit,</strong></span> <span class='ocrx_word' id='word_1_619' title='bbox 2914 3814 3008 3884; x_wconf 82' lang='lat' dir='ltr'><strong>qui</strong></span> <span class='ocrx_word' id='word_1_620' title='bbox 3038 3830 3141 3867; x_wconf 91' lang='lat' dir='ltr'><strong>non</strong></span> <span class='ocrx_word' id='word_1_621' title='bbox 3176 3817 3488 3880; x_wconf 82' lang='lat' dir='ltr'><strong>veritatem,</strong></span> 
     </span>
    </p>
   </div>
   <div class='ocr_carea' id='block_1_81' title="bbox 1884 3905 3494 3976">
    <p class='ocr_par' dir='ltr' id='par_1_81' title="bbox 1884 3905 3494 3976">
     <span class='ocr_line' id='line_1_81' title="bbox 1884 3905 3494 3976; baseline 0 -16"><span class='ocrx_word' id='word_1_622' title='bbox 1884 3905 1977 3960; x_wconf 87' lang='lat' dir='ltr'><strong>sed</strong></span> <span class='ocrx_word' id='word_1_623' title='bbox 2023 3905 2348 3960; x_wconf 66' lang='lat' dir='ltr'><strong>adulterium</strong></span> <span class='ocrx_word' id='word_1_624' title='bbox 2388 3907 2691 3976; x_wconf 88' lang='lat' dir='ltr'><strong>requisivit.</strong></span> <span class='ocrx_word' id='word_1_625' title='bbox 2725 3906 2926 3961; x_wconf 85' lang='lat' dir='ltr'><strong>Videre</strong></span> <span class='ocrx_word' id='word_1_626' title='bbox 2969 3907 3112 3960; x_wconf 88' lang='lat' dir='ltr'><strong>enim</strong></span> <span class='ocrx_word' id='word_1_627' title='bbox 3154 3906 3406 3975; x_wconf 85' lang='lat' dir='ltr'><strong>qua-sivit</strong></span> <span class='ocrx_word' id='word_1_628' title='bbox 3435 3916 3494 3960; x_wconf 89' lang='lat' dir='ltr'><strong>ut</strong></span> 
     </span>
    </p>
   </div>
   <div class='ocr_carea' id='block_1_82' title="bbox 1885 3997 3497 4066">
    <p class='ocr_par' dir='ltr' id='par_1_82' title="bbox 1885 3997 3497 4066">
     <span class='ocr_line' id='line_1_82' title="bbox 1885 3997 3497 4066; baseline 0.001 -15"><span class='ocrx_word' id='word_1_629' title='bbox 1885 3997 2318 4065; x_wconf 80' lang='lat' dir='ltr'><strong>concupisceret,</strong></span> <span class='ocrx_word' id='word_1_630' title='bbox 2371 4014 2478 4051; x_wconf 87' lang='lat' dir='ltr'><strong>non</strong></span> <span class='ocrx_word' id='word_1_631' title='bbox 2541 4007 2600 4050; x_wconf 93' lang='lat' dir='ltr'><strong>ut</strong></span> <span class='ocrx_word' id='word_1_632' title='bbox 2651 4013 2838 4051; x_wconf 90' lang='lat' dir='ltr'><strong>verum</strong></span> <span class='ocrx_word' id='word_1_633' title='bbox 2895 4009 3275 4066; x_wconf 53' lang='lat' dir='ltr'><strong>cognosceret.</strong></span> <span class='ocrx_word' id='word_1_634' title='bbox 3338 3999 3497 4052; x_wconf 83' lang='lat' dir='ltr'><strong>Errat</strong></span> 
     </span>
    </p>
   </div>
   <div class='ocr_carea' id='block_1_83' title="bbox 1888 4090 3492 4162">
    <p class='ocr_par' dir='ltr' id='par_1_83' title="bbox 1888 4090 3492 4162">
     <span class='ocr_line' id='line_1_83' title="bbox 1888 4090 3492 4162; baseline 0.002 -18"><span class='ocrx_word' id='word_1_635' title='bbox 1888 4090 2052 4158; x_wconf 72' lang='lat' dir='ltr'><strong>igitur</strong></span> <span class='ocrx_word' id='word_1_636' title='bbox 2082 4091 2289 4152; x_wconf 85' lang='lat' dir='ltr'><strong>oculus,</strong></span> <span class='ocrx_word' id='word_1_637' title='bbox 2338 4091 2425 4145; x_wconf 91' lang='lat' dir='ltr'><strong>ubi</strong></span> <span class='ocrx_word' id='word_1_638' title='bbox 2464 4101 2610 4145; x_wconf 87' lang='lat' dir='ltr'><strong>errat</strong></span> <span class='ocrx_word' id='word_1_639' title='bbox 2650 4090 2899 4145; x_wconf 59' lang='lat' dir='ltr'><strong>allectus.</strong></span> <span class='ocrx_word' id='word_1_640' title='bbox 2943 4091 3184 4146; x_wconf 76' lang='lat' dir='ltr'><strong>Allectus</strong></span> <span class='ocrx_word' id='word_1_641' title='bbox 3236 4107 3365 4162; x_wconf 82' lang='lat' dir='ltr'><strong>ergo</strong></span> <span class='ocrx_word' id='word_1_642' title='bbox 3399 4092 3492 4148; x_wconf 83' lang='lat' dir='ltr'><strong>de-</strong></span> 
     </span>
    </p>
   </div>
   <div class='ocr_carea' id='block_1_84' title="bbox 1888 4182 3491 4258">
    <p class='ocr_par' dir='ltr' id='par_1_84' title="bbox 1888 4182 3491 4258">
     <span class='ocr_line' id='line_1_84' title="bbox 1888 4182 3491 4258; baseline 0.001 -21"><span class='ocrx_word' id='word_1_643' title='bbox 1888 4185 2069 4252; x_wconf 78' lang='lat' dir='ltr'><strong>cepzio</strong></span> <span class='ocrx_word' id='word_1_644' title='bbox 2101 4191 2207 4248; x_wconf 90' lang='lat' dir='ltr'><strong>est,</strong></span> <span class='ocrx_word' id='word_1_645' title='bbox 2235 4182 2488 4250; x_wconf 88' lang='lat' dir='ltr'><strong>deceplio</strong></span> <span class='ocrx_word' id='word_1_646' title='bbox 2518 4183 2686 4238; x_wconf 63' lang='lat' dir='ltr'><strong>\&#39;i.~llS.</strong></span> <span class='ocrx_word' id='word_1_647' title='bbox 2742 4182 2804 4258; x_wconf 83' lang='lat' dir='ltr'><strong>Et</strong></span> <span class='ocrx_word' id='word_1_648' title='bbox 2840 4183 2964 4238; x_wconf 88' lang='lat' dir='ltr'><strong>ideo</strong></span> <span class='ocrx_word' id='word_1_649' title='bbox 3012 4183 3104 4240; x_wconf 87' lang='lat' dir='ltr'><strong>tibi</strong></span> <span class='ocrx_word' id='word_1_650' title='bbox 3136 4184 3376 4239; x_wconf 89' lang='lat' dir='ltr'><strong>dicitur:</strong></span> <span class='ocrx_word' id='word_1_651' title='bbox 3407 4184 3491 4239; x_wconf 85' lang='lat' dir='ltr'><strong>Ne</strong></span> 
     </span>
    </p>
   </div>
   <div class='ocr_carea' id='block_1_85' title="bbox 1887 4273 3497 4345">
    <p class='ocr_par' dir='ltr' id='par_1_85' title="bbox 1887 4273 3497 4345">
     <span class='ocr_line' id='line_1_85' title="bbox 1887 4273 3497 4345; baseline 0.001 -16"><span class='ocrx_word' id='word_1_652' title='bbox 1887 4275 2116 4344; x_wconf 82' lang='lat' dir='ltr'><strong>capiaris</strong></span> <span class='ocrx_word' id='word_1_653' title='bbox 2144 4276 2307 4330; x_wconf 83' lang='lat' dir='ltr'><strong>oculis</strong></span> <span class='ocrx_word' id='word_1_654' title='bbox 2333 4276 2434 4328; x_wconf 83' lang='lat' dir='ltr'><strong>tuis</strong></span> <span class='ocrx_word' id='word_1_655' title='bbox 2465 4273 2650 4344; x_wconf 87' lang='lat' dir='ltr'><strong>(Prov.</strong></span> <span class='ocrx_word' id='word_1_656' title='bbox 2682 4291 2765 4339; x_wconf 89' lang='lat' dir='ltr'><strong>vt,</strong></span> <span class='ocrx_word' id='word_1_657' title='bbox 2795 4273 2923 4345; x_wconf 66' lang='lat'><strong>9.5),</strong></span> <span class='ocrx_word' id='word_1_658' title='bbox 2957 4274 3007 4329; x_wconf 91' lang='lat' dir='ltr'><strong>id</strong></span> <span class='ocrx_word' id='word_1_659' title='bbox 3035 4285 3144 4339; x_wconf 86' lang='lat' dir='ltr'><strong>est,</strong></span> <span class='ocrx_word' id='word_1_660' title='bbox 3175 4290 3279 4329; x_wconf 89' lang='lat' dir='ltr'><strong>non</strong></span> <span class='ocrx_word' id='word_1_661' title='bbox 3312 4275 3497 4345; x_wconf 83' lang='lat' dir='ltr'><strong>capia-</strong></span> 
     </span>
    </p>
   </div>
   <div class='ocr_carea' id='block_1_86' title="bbox 1889 4369 3495 4442">
    <p class='ocr_par' dir='ltr' id='par_1_86' title="bbox 1889 4369 3495 4442">
     <span class='ocr_line' id='line_1_86' title="bbox 1889 4369 3495 4442; baseline 0.001 -16"><span class='ocrx_word' id='word_1_662' title='bbox 1889 4379 1977 4426; x_wconf 80' lang='lat' dir='ltr'><strong>tur</strong></span> <span class='ocrx_word' id='word_1_663' title='bbox 2007 4373 2184 4425; x_wconf 89' lang='lat' dir='ltr'><strong>anima</strong></span> <span class='ocrx_word' id='word_1_664' title='bbox 2218 4383 2328 4425; x_wconf 90' lang='lat' dir='ltr'><strong>tua.</strong></span> <span class='ocrx_word' id='word_1_665' title='bbox 2360 4369 2557 4425; x_wconf 82' lang='lat' dir='ltr'><strong>Mulier</strong></span> <span class='ocrx_word' id='word_1_666' title='bbox 2584 4374 2717 4426; x_wconf 84' lang='lat' dir='ltr'><strong>enim</strong></span> <span class='ocrx_word' id='word_1_667' title='bbox 2754 4373 2985 4426; x_wconf 86' lang='lat' dir='ltr'><strong>virorum</strong></span> <span class='ocrx_word' id='word_1_668' title='bbox 3017 4373 3266 4442; x_wconf 82' lang='lat' dir='ltr'><strong>pretiosas</strong></span> <span class='ocrx_word' id='word_1_669' title='bbox 3293 4374 3495 4428; x_wconf 81' lang='lat' dir='ltr'><strong>animas</strong></span> 
     </span>
    </p>
   </div>
   <div class='ocr_carea' id='block_1_87' title="bbox 1889 4462 3495 4538">
    <p class='ocr_par' dir='ltr' id='par_1_87' title="bbox 1889 4462 3495 4538">
     <span class='ocr_line' id='line_1_87' title="bbox 1889 4462 3495 4538; baseline 0.001 -20"><span class='ocrx_word' id='word_1_670' title='bbox 1889 4465 2027 4536; x_wconf 86' lang='lat' dir='ltr'><strong>capit</strong></span> <span class='ocrx_word' id='word_1_671' title='bbox 2060 4462 2222 4535; x_wconf 85' lang='lat' dir='ltr'><strong>(Ibid.</strong></span> <span class='ocrx_word' id='word_1_672' title='bbox 2247 4464 2362 4534; x_wconf 63' lang='lat'><strong>96).</strong></span> <span class='ocrx_word' id='word_1_673' title='bbox 2395 4464 2652 4536; x_wconf 82' lang='lat' dir='ltr'><strong>Deceptio</strong></span> <span class='ocrx_word' id='word_1_674' title='bbox 2688 4475 2771 4520; x_wconf 89' lang='lat' dir='ltr'><strong>est</strong></span> <span class='ocrx_word' id='word_1_675' title='bbox 2798 4465 3037 4520; x_wconf 89' lang='lat' dir='ltr'><strong>auditus.</strong></span> <span class='ocrx_word' id='word_1_676' title='bbox 3072 4467 3312 4538; x_wconf 85' lang='lat' dir='ltr'><strong>Denique</strong></span> <span class='ocrx_word' id='word_1_677' title='bbox 3341 4467 3495 4521; x_wconf 88' lang='lat' dir='ltr'><strong>blatt-</strong></span> 
     </span>
    </p>
   </div>
   <div class='ocr_carea' id='block_1_88' title="bbox 1889 4557 3494 4631">
    <p class='ocr_par' dir='ltr' id='par_1_88' title="bbox 1889 4557 3494 4631">
     <span class='ocr_line' id='line_1_88' title="bbox 1889 4557 3494 4631; baseline 0.002 -19"><span class='ocrx_word' id='word_1_678' title='bbox 1889 4557 2132 4612; x_wconf 72' lang='lat' dir='ltr'><strong>dimcnta</strong></span> <span class='ocrx_word' id='word_1_679' title='bbox 2166 4560 2336 4612; x_wconf 90' lang='lat' dir='ltr'><strong>multo</strong></span> <span class='ocrx_word' id='word_1_680' title='bbox 2363 4558 2632 4613; x_wconf 70' lang='lat' dir='ltr'><strong>sermonis</strong></span> <span class='ocrx_word' id='word_1_681' title='bbox 2674 4558 2868 4613; x_wconf 87' lang='lat' dir='ltr'><strong>mulier</strong></span> <span class='ocrx_word' id='word_1_682' title='bbox 2909 4560 3196 4615; x_wconf 81' lang='lat' dir='ltr'><strong>fornicaria</strong></span> <span class='ocrx_word' id='word_1_683' title='bbox 3236 4576 3380 4630; x_wconf 78' lang='lat' dir='ltr'><strong>Sa-pe</strong></span> <span class='ocrx_word' id='word_1_684' title='bbox 3404 4560 3494 4631; x_wconf 86' lang='lat' dir='ltr'><strong>ju-</strong></span> 
     </span>
    </p>
   </div>
   <div class='ocr_carea' id='block_1_89' title="bbox 188 4649 3386 4725">
    <p class='ocr_par' dir='ltr' id='par_1_89' title="bbox 188 4649 3386 4725">
     <span class='ocr_line' id='line_1_89' title="bbox 188 4649 3386 4725; baseline 0.001 -19"><span class='ocrx_word' id='word_1_685' title='bbox 188 4651 358 4708; x_wconf 81' lang='lat' dir='ltr'><strong>Adam</strong></span> <span class='ocrx_word' id='word_1_686' title='bbox 385 4669 416 4708; x_wconf 91' lang='lat' dir='ltr'><strong>a</strong></span> <span class='ocrx_word' id='word_1_687' title='bbox 448 4651 676 4706; x_wconf 87' lang='lat' dir='ltr'><strong>Domino</strong></span> <span class='ocrx_word' id='word_1_688' title='bbox 709 4652 817 4706; x_wconf 84' lang='lat' dir='ltr'><strong>Deo</strong></span> <span class='ocrx_word' id='word_1_689' title='bbox 845 4661 1033 4706; x_wconf 91' lang='lat' dir='ltr'><strong>nostro</strong></span> <span class='ocrx_word' id='word_1_690' title='bbox 1074 4651 1282 4720; x_wconf 81' lang='lat' dir='ltr'><strong>accepit</strong></span> <span class='ocrx_word' id='word_1_691' title='bbox 1324 4651 1574 4720; x_wconf 83' lang='lat' dir='ltr'><strong>Spiritum</strong></span> <span class='ocrx_word' id='word_1_692' title='bbox 1622 4651 1781 4716; x_wconf 83' lang='lat' dir='ltr'><strong>vit-.e,</strong></span> <span class='ocrx_word' id='word_1_693' title='bbox 1811 4649 1862 4710; x_wconf 87' lang='lat'><strong>1)</strong></span> <span class='ocrx_word' id='word_1_694' title='bbox 1892 4652 2041 4706; x_wconf 87' lang='lat' dir='ltr'><strong>venis</strong></span> <span class='ocrx_word' id='word_1_695' title='bbox 2081 4667 2173 4705; x_wconf 91' lang='lat' dir='ltr'><strong>cor</strong></span> <span class='ocrx_word' id='word_1_696' title='bbox 2203 4652 2438 4718; x_wconf 83' lang='lat' dir='ltr'><strong>seduxit,</strong></span> <span class='ocrx_word' id='word_1_697' title='bbox 2469 4652 2704 4723; x_wconf 91' lang='lat' dir='ltr'><strong>decepit,</strong></span> <span class='ocrx_word' id='word_1_698' title='bbox 2735 4653 2906 4707; x_wconf 57' lang='lat' dir='ltr'><strong>illusit</strong></span> <span class='ocrx_word' id='word_1_699' title='bbox 2934 4653 3112 4722; x_wconf 84' lang='lat' dir='ltr'><strong>(I’rov.</strong></span> <span class='ocrx_word' id='word_1_700' title='bbox 3143 4671 3240 4717; x_wconf 86' lang='lat' dir='ltr'><strong>vn.</strong></span> <span class='ocrx_word' id='word_1_701' title='bbox 3269 4655 3386 4725; x_wconf 70' lang='lat' dir='ltr'><strong>2i).</strong></span> 
     </span>
    </p>
   </div>
   <div class='ocr_carea' id='block_1_90' title="bbox 188 4744 1787 4817">
    <p class='ocr_par' dir='ltr' id='par_1_90' title="bbox 188 4744 1787 4817">
     <span class='ocr_line' id='line_1_90' title="bbox 188 4744 1787 4817; baseline -0.001 -16"><span class='ocrx_word' id='word_1_702' title='bbox 188 4759 242 4801; x_wconf 89' lang='lat' dir='ltr'><strong>et</strong></span> <span class='ocrx_word' id='word_1_703' title='bbox 290 4747 465 4801; x_wconf 80' lang='lat' dir='ltr'><strong>factus</strong></span> <span class='ocrx_word' id='word_1_704' title='bbox 510 4756 594 4801; x_wconf 89' lang='lat' dir='ltr'><strong>est</strong></span> <span class='ocrx_word' id='word_1_705' title='bbox 651 4749 814 4801; x_wconf 87' lang='lat' dir='ltr'><strong>homo</strong></span> <span class='ocrx_word' id='word_1_706' title='bbox 879 4747 930 4801; x_wconf 93' lang='lat' dir='ltr'><strong>in</strong></span> <span class='ocrx_word' id='word_1_707' title='bbox 1003 4746 1238 4800; x_wconf 81' lang='lat' dir='ltr'><strong>animum</strong></span> <span class='ocrx_word' id='word_1_708' title='bbox 1293 4747 1564 4801; x_wconf 86' lang='lat' dir='ltr'><strong>viventem</strong></span> <span class='ocrx_word' id='word_1_709' title='bbox 1616 4744 1787 4817; x_wconf 78' lang='lat' dir='ltr'><strong>(Gen.</strong></span> 
     </span>
    </p>
   </div>
   <div class='ocr_carea' id='block_1_91' title="bbox 188 4839 1791 4918">
    <p class='ocr_par' dir='ltr' id='par_1_91' title="bbox 188 4839 1791 4918">
     <span class='ocr_line' id='line_1_91' title="bbox 188 4839 1791 4918; baseline -0.001 -25"><span class='ocrx_word' id='word_1_710' title='bbox 188 4855 263 4918; x_wconf 77' lang='lat' dir='ltr'><strong>tt,</strong></span> <span class='ocrx_word' id='word_1_711' title='bbox 292 4840 375 4912; x_wconf 85' lang='lat'><strong>7).</strong></span> <span class='ocrx_word' id='word_1_712' title='bbox 413 4840 476 4894; x_wconf 81' lang='lat' dir='ltr'><strong>Et</strong></span> <span class='ocrx_word' id='word_1_713' title='bbox 513 4839 683 4894; x_wconf 79' lang='lat' dir='ltr'><strong>David</strong></span> <span class='ocrx_word' id='word_1_714' title='bbox 733 4841 807 4894; x_wconf 91' lang='lat' dir='ltr'><strong>ait</strong></span> <span class='ocrx_word' id='word_1_715' title='bbox 836 4859 848 4894; x_wconf 91' lang='lat'><strong>:</strong></span> <span class='ocrx_word' id='word_1_716' title='bbox 885 4840 1207 4903; x_wconf 82' lang='lat' dir='ltr'><strong>Convertere,</strong></span> <span class='ocrx_word' id='word_1_717' title='bbox 1239 4841 1417 4893; x_wconf 87' lang='lat' dir='ltr'><strong>anima</strong></span> <span class='ocrx_word' id='word_1_718' title='bbox 1446 4857 1578 4902; x_wconf 83' lang='lat' dir='ltr'><strong>utea,</strong></span> <span class='ocrx_word' id='word_1_719' title='bbox 1611 4841 1663 4893; x_wconf 87' lang='lat' dir='ltr'><strong>in</strong></span> <span class='ocrx_word' id='word_1_720' title='bbox 1710 4856 1791 4893; x_wconf 83' lang='lat' dir='ltr'><strong>re-</strong></span> 
     </span>
    </p>
   </div>
   <div class='ocr_carea' id='block_1_92' title="bbox 190 4930 1786 5004">
    <p class='ocr_par' dir='ltr' id='par_1_92' title="bbox 190 4930 1786 5004">
     <span class='ocr_line' id='line_1_92' title="bbox 190 4930 1786 5004; baseline 0.003 -21"><span class='ocrx_word' id='word_1_721' title='bbox 190 4933 358 5004; x_wconf 70' lang='lat' dir='ltr'><strong>quiem</strong></span> <span class='ocrx_word' id='word_1_722' title='bbox 386 4941 523 4986; x_wconf 86' lang='lat' dir='ltr'><strong>tuam</strong></span> <span class='ocrx_word' id='word_1_723' title='bbox 547 4951 564 5000; x_wconf 89' lang='lat'><strong><em>;</em></strong></span> <span class='ocrx_word' id='word_1_724' title='bbox 585 4934 706 5004; x_wconf 86' lang='lat' dir='ltr'><strong>quia</strong></span> <span class='ocrx_word' id='word_1_725' title='bbox 722 4930 977 4987; x_wconf 86' lang='lat' dir='ltr'><strong>Dominus</strong></span> <span class='ocrx_word' id='word_1_726' title='bbox 1003 4933 1246 5000; x_wconf 78' lang='lat' dir='ltr'><strong>benefecit</strong></span> <span class='ocrx_word' id='word_1_727' title='bbox 1261 4932 1387 4985; x_wconf 86' lang='lat' dir='ltr'><strong>mihi</strong></span> <span class='ocrx_word' id='word_1_728' title='bbox 1406 4931 1690 5004; x_wconf 52' lang='lat' dir='ltr'><strong>(Pacuv,</strong></span> <span class='ocrx_word' id='word_1_729' title='bbox 1708 4932 1786 5003; x_wconf 80' lang='lat'><strong>7).</strong></span> 
     </span>
    </p>
   </div>
   <div class='ocr_carea' id='block_1_93' title="bbox 193 5025 1790 5096">
    <p class='ocr_par' dir='ltr' id='par_1_93' title="bbox 193 5025 1790 5096">
     <span class='ocr_line' id='line_1_93' title="bbox 193 5025 1790 5096; baseline -0.001 -15"><span class='ocrx_word' id='word_1_730' title='bbox 193 5026 259 5081; x_wconf 84' lang='lat' dir='ltr'><strong>Et</strong></span> <span class='ocrx_word' id='word_1_731' title='bbox 289 5025 477 5094; x_wconf 86' lang='lat' dir='ltr'><strong>inquo</strong></span> <span class='ocrx_word' id='word_1_732' title='bbox 517 5025 868 5092; x_wconf 80' lang='lat' dir='ltr'><strong>benelecerit,</strong></span> <span class='ocrx_word' id='word_1_733' title='bbox 909 5025 1032 5080; x_wconf 90' lang='lat' dir='ltr'><strong>audi</strong></span> <span class='ocrx_word' id='word_1_734' title='bbox 1068 5043 1081 5079; x_wconf 88' lang='lat'><strong>:</strong></span> <span class='ocrx_word' id='word_1_735' title='bbox 1130 5025 1264 5094; x_wconf 83' lang='lat' dir='ltr'><strong>Quia</strong></span> <span class='ocrx_word' id='word_1_736' title='bbox 1303 5025 1556 5087; x_wconf 80' lang='lat' dir='ltr'><strong>liberavit,</strong></span> <span class='ocrx_word' id='word_1_737' title='bbox 1597 5027 1790 5096; x_wconf 89' lang='lat' dir='ltr'><strong>inquit,</strong></span> 
     </span>
    </p>
   </div>
   <div class='ocr_carea' id='block_1_94' title="bbox 193 5117 1788 5189">
    <p class='ocr_par' dir='ltr' id='par_1_94' title="bbox 193 5117 1788 5189">
     <span class='ocr_line' id='line_1_94' title="bbox 193 5117 1788 5189; baseline 0.001 -16"><span class='ocrx_word' id='word_1_738' title='bbox 193 5120 344 5189; x_wconf 79' lang='lat' dir='ltr'><strong>pedes</strong></span> <span class='ocrx_word' id='word_1_739' title='bbox 371 5136 506 5173; x_wconf 84' lang='lat' dir='ltr'><strong>meos</strong></span> <span class='ocrx_word' id='word_1_740' title='bbox 542 5137 572 5172; x_wconf 90' lang='lat' dir='ltr'><strong>a</strong></span> <span class='ocrx_word' id='word_1_741' title='bbox 612 5119 764 5188; x_wconf 83' lang='lat' dir='ltr'><strong>lapsu</strong></span> <span class='ocrx_word' id='word_1_742' title='bbox 798 5117 1008 5189; x_wconf 86' lang='lat' dir='ltr'><strong>(Ibid.,</strong></span> <span class='ocrx_word' id='word_1_743' title='bbox 1039 5117 1129 5187; x_wconf 87' lang='lat'><strong>8).</strong></span> <span class='ocrx_word' id='word_1_744' title='bbox 1168 5117 1330 5172; x_wconf 83' lang='lat' dir='ltr'><strong>Vides</strong></span> <span class='ocrx_word' id='word_1_745' title='bbox 1368 5117 1631 5187; x_wconf 85' lang='lat' dir='ltr'><strong>gratulari</strong></span> <span class='ocrx_word' id='word_1_746' title='bbox 1665 5135 1788 5174; x_wconf 88' lang='lat' dir='ltr'><strong>eum</strong></span> 
     </span>
    </p>
   </div>
   <div class='ocr_carea' id='block_1_95' title="bbox 191 5210 1790 5283">
    <p class='ocr_par' dir='ltr' id='par_1_95' title="bbox 191 5210 1790 5283">
     <span class='ocr_line' id='line_1_95' title="bbox 191 5210 1790 5283; baseline 0.001 -16"><span class='ocrx_word' id='word_1_747' title='bbox 191 5211 385 5267; x_wconf 90' lang='lat' dir='ltr'><strong>mortis</strong></span> <span class='ocrx_word' id='word_1_748' title='bbox 414 5211 576 5282; x_wconf 91' lang='lat' dir='ltr'><strong>bujus</strong></span> <span class='ocrx_word' id='word_1_749' title='bbox 607 5212 872 5278; x_wconf 84' lang='lat' dir='ltr'><strong>remedio,</strong></span> <span class='ocrx_word' id='word_1_750' title='bbox 900 5214 1021 5283; x_wconf 89' lang='lat' dir='ltr'><strong>quia</strong></span> <span class='ocrx_word' id='word_1_751' title='bbox 1062 5210 1184 5267; x_wconf 86' lang='lat' dir='ltr'><strong>ﬁnis</strong></span> <span class='ocrx_word' id='word_1_752' title='bbox 1218 5210 1404 5268; x_wconf 80' lang='lat' dir='ltr'><strong>factus.</strong></span> <span class='ocrx_word' id='word_1_753' title='bbox 1446 5220 1534 5267; x_wconf 87' lang='lat' dir='ltr'><strong>est</strong></span> <span class='ocrx_word' id='word_1_754' title='bbox 1563 5214 1790 5281; x_wconf 87' lang='lat' dir='ltr'><strong>erroris,</strong></span> 
     </span>
    </p>
   </div>
   <div class='ocr_carea' id='block_1_96' title="bbox 192 5304 1141 5377">
    <p class='ocr_par' dir='ltr' id='par_1_96' title="bbox 192 5304 1141 5377">
     <span class='ocr_line' id='line_1_96' title="bbox 192 5304 1141 5377; baseline -0.003 -17"><span class='ocrx_word' id='word_1_755' title='bbox 192 5307 315 5377; x_wconf 85' lang='lat' dir='ltr'><strong>quia</strong></span> <span class='ocrx_word' id='word_1_756' title='bbox 345 5307 524 5372; x_wconf 84' lang='lat' dir='ltr'><strong>culpa,</strong></span> <span class='ocrx_word' id='word_1_757' title='bbox 561 5319 663 5358; x_wconf 90' lang='lat' dir='ltr'><strong>non</strong></span> <span class='ocrx_word' id='word_1_758' title='bbox 699 5317 888 5358; x_wconf 87' lang='lat' dir='ltr'><strong>natura</strong></span> <span class='ocrx_word' id='word_1_759' title='bbox 921 5304 1141 5360; x_wconf 81' lang='lat' dir='ltr'><strong>defecit.</strong></span> 
     </span>
    </p>
   </div>
   <div class='ocr_carea' id='block_1_97' title="bbox 263 5393 1790 5466">
    <p class='ocr_par' dir='ltr' id='par_1_97' title="bbox 263 5393 1790 5466">
     <span class='ocr_line' id='line_1_97' title="bbox 263 5393 1790 5466; baseline 0.001 -14"><span class='ocrx_word' id='word_1_760' title='bbox 263 5395 356 5452; x_wconf 80' lang='lat'><strong>59.</strong></span> <span class='ocrx_word' id='word_1_761' title='bbox 400 5393 641 5466; x_wconf 87' lang='lat' dir='ltr'><strong>Denique</strong></span> <span class='ocrx_word' id='word_1_762' title='bbox 671 5395 825 5466; x_wconf 86' lang='lat' dir='ltr'><strong>quasi</strong></span> <span class='ocrx_word' id='word_1_763' title='bbox 853 5407 1054 5452; x_wconf 78' lang='lat' dir='ltr'><strong>exutus</strong></span> <span class='ocrx_word' id='word_1_764' title='bbox 1085 5407 1138 5450; x_wconf 89' lang='lat' dir='ltr'><strong>et</strong></span> <span class='ocrx_word' id='word_1_765' title='bbox 1171 5396 1336 5462; x_wconf 88' lang='lat' dir='ltr'><strong>liber,</strong></span> <span class='ocrx_word' id='word_1_766' title='bbox 1369 5396 1502 5452; x_wconf 88' lang='lat' dir='ltr'><strong>dicit</strong></span> <span class='ocrx_word' id='word_1_767' title='bbox 1528 5415 1540 5451; x_wconf 92' lang='lat'><strong>:</strong></span> <span class='ocrx_word' id='word_1_768' title='bbox 1567 5395 1790 5453; x_wconf 81' lang='lat' dir='ltr'><strong>Placebo</strong></span> 
     </span>
    </p>
   </div>
   <div class='ocr_carea' id='block_1_98' title="bbox 267 5510 1783 5568">
    <p class='ocr_par' dir='ltr' id='par_1_98' title="bbox 267 5510 1783 5568">
     <span class='ocr_line' id='line_1_98' title="bbox 267 5510 1783 5568; baseline -0.003 -2"><span class='ocrx_word' id='word_1_769' title='bbox 267 5525 291 5550; x_wconf 74' lang='grc' dir='ltr'><em>υ</em></span> <span class='ocrx_word' id='word_1_770' title='bbox 318 5512 392 5567; x_wconf 82' lang='lat' dir='ltr'><strong>De</strong></span> <span class='ocrx_word' id='word_1_771' title='bbox 416 5512 515 5566; x_wconf 87' lang='lat' dir='ltr'><strong>hac</strong></span> <span class='ocrx_word' id='word_1_772' title='bbox 532 5527 664 5566; x_wconf 83' lang='lat' dir='ltr'><strong>voce</strong></span> <span class='ocrx_word' id='word_1_773' title='bbox 689 5511 1039 5564; x_wconf 71' lang='lat' dir='ltr'><strong>vitlesislib.v</strong></span> <span class='ocrx_word' id='word_1_774' title='bbox 1066 5510 1318 5565; x_wconf 80' lang='lat' dir='ltr'><strong>llcxaem.</strong></span> <span class='ocrx_word' id='word_1_775' title='bbox 1345 5528 1395 5568; x_wconf 91' lang='lat' dir='ltr'><strong>c.</strong></span> <span class='ocrx_word' id='word_1_776' title='bbox 1425 5511 1509 5568; x_wconf 82' lang='lat' dir='ltr'><strong>l5.</strong></span> <span class='ocrx_word' id='word_1_777' title='bbox 1531 5528 1676 5565; x_wconf 88' lang='lat' dir='ltr'><strong>num.</strong></span> <span class='ocrx_word' id='word_1_778' title='bbox 1695 5510 1783 5565; x_wconf 87' lang='grc'><strong>55.</strong></span> 
     </span>
    </p>
   </div>
   <div class='ocr_carea' id='block_1_99' title="bbox 265 5581 1791 5646">
    <p class='ocr_par' dir='ltr' id='par_1_99' title="bbox 265 5581 1791 5646">
     <span class='ocr_line' id='line_1_99' title="bbox 265 5581 1791 5646; baseline -0.002 -7"><span class='ocrx_word' id='word_1_779' title='bbox 265 5585 292 5623; x_wconf 68' lang='lat' dir='ltr'><strong>b</strong></span> <span class='ocrx_word' id='word_1_780' title='bbox 322 5584 479 5639; x_wconf 67' lang='lat' dir='ltr'><strong>Ilotii.</strong></span> <span class='ocrx_word' id='word_1_781' title='bbox 523 5585 678 5646; x_wconf 48' lang='lat' dir='ltr'><strong>edit...</strong></span> <span class='ocrx_word' id='word_1_782' title='bbox 713 5583 816 5639; x_wconf 79' lang='lat' dir='ltr'><strong>Sed</strong></span> <span class='ocrx_word' id='word_1_783' title='bbox 846 5593 890 5636; x_wconf 79' lang='lat' dir='ltr'><strong>et</strong></span> <span class='ocrx_word' id='word_1_784' title='bbox 934 5581 1097 5636; x_wconf 85' lang='lat' dir='ltr'><strong>David</strong></span> <span class='ocrx_word' id='word_1_785' title='bbox 1118 5585 1257 5636; x_wconf 79' lang='lat' dir='ltr'><strong>alibi.</strong></span> <span class='ocrx_word' id='word_1_786' title='bbox 1285 5583 1420 5637; x_wconf 67' lang='lat' dir='ltr'><strong>Alia:</strong></span> <span class='ocrx_word' id='word_1_787' title='bbox 1451 5600 1573 5638; x_wconf 86' lang='lat' dir='ltr'><strong>cum</strong></span> <span class='ocrx_word' id='word_1_788' title='bbox 1615 5584 1791 5636; x_wconf 81' lang='lat' dir='ltr'><strong>timui—</strong></span> 
     </span>
    </p>
   </div>
   <div class='ocr_carea' id='block_1_100' title="bbox 195 5654 1788 5724">
    <p class='ocr_par' dir='ltr' id='par_1_100' title="bbox 195 5654 1788 5724">
     <span class='ocr_line' id='line_1_100' title="bbox 195 5654 1788 5724; baseline -0.004 -11"><span class='ocrx_word' id='word_1_789' title='bbox 195 5659 294 5714; x_wconf 89' lang='lat' dir='ltr'><strong>btts</strong></span> <span class='ocrx_word' id='word_1_790' title='bbox 324 5672 478 5715; x_wconf 68' lang='lat' dir='ltr'><strong>mss.,</strong></span> <span class='ocrx_word' id='word_1_791' title='bbox 516 5655 619 5710; x_wconf 83' lang='lat' dir='ltr'><strong>Sed</strong></span> <span class='ocrx_word' id='word_1_792' title='bbox 647 5665 692 5708; x_wconf 90' lang='lat' dir='ltr'><strong>et</strong></span> <span class='ocrx_word' id='word_1_793' title='bbox 719 5671 876 5724; x_wconf 84' lang='lat' dir='ltr'><strong>supra</strong></span> <span class='ocrx_word' id='word_1_794' title='bbox 895 5654 1147 5707; x_wconf 84' lang='lat' dir='ltr'><strong>similiter.</strong></span> <span class='ocrx_word' id='word_1_795' title='bbox 1179 5654 1576 5709; x_wconf 75' lang='lat' dir='ltr'><strong>Dicitnrautetn</strong></span> <span class='ocrx_word' id='word_1_796' title='bbox 1606 5672 1788 5720; x_wconf 83' lang='lat' dir='ltr'><strong>supra,</strong></span> 
     </span>
    </p>
   </div>
   <div class='ocr_carea' id='block_1_101' title="bbox 196 5725 1793 5796">
    <p class='ocr_par' dir='ltr' id='par_1_101' title="bbox 196 5725 1793 5796">
     <span class='ocr_line' id='line_1_101' title="bbox 196 5725 1793 5796; baseline -0.005 -10"><span class='ocrx_word' id='word_1_797' title='bbox 196 5740 506 5796; x_wconf 82' lang='lat' dir='ltr'><strong>comparate</strong></span> <span class='ocrx_word' id='word_1_798' title='bbox 535 5728 598 5781; x_wconf 89' lang='lat' dir='ltr'><strong>ad</strong></span> <span class='ocrx_word' id='word_1_799' title='bbox 635 5744 716 5796; x_wconf 75' lang='lat' dir='ltr'><strong>ps.</strong></span> <span class='ocrx_word' id='word_1_800' title='bbox 748 5741 893 5786; x_wconf 77' lang='grc' dir='ltr'>χχνι,</span> <span class='ocrx_word' id='word_1_801' title='bbox 930 5725 1021 5795; x_wconf 86' lang='lat' dir='ltr'><strong>qni</strong></span> <span class='ocrx_word' id='word_1_802' title='bbox 1051 5727 1231 5794; x_wconf 82' lang='lat' dir='ltr'><strong>paucis</strong></span> <span class='ocrx_word' id='word_1_803' title='bbox 1255 5741 1402 5780; x_wconf 88' lang='lat' dir='ltr'><strong>retro</strong></span> <span class='ocrx_word' id='word_1_804' title='bbox 1439 5730 1689 5779; x_wconf 73' lang='lat' dir='ltr'><strong>Versibus</strong></span> <span class='ocrx_word' id='word_1_805' title='bbox 1717 5726 1793 5778; x_wconf 87' lang='lat' dir='ltr'><strong>ci-</strong></span> 
     </span>
    </p>
   </div>
   <div class='ocr_carea' id='block_1_102' title="bbox 199 5796 1788 5864">
    <p class='ocr_par' dir='ltr' id='par_1_102' title="bbox 199 5796 1788 5864">
     <span class='ocr_line' id='line_1_102' title="bbox 199 5796 1788 5864; baseline -0.004 -10"><span class='ocrx_word' id='word_1_806' title='bbox 199 5810 358 5855; x_wconf 89' lang='lat' dir='ltr'><strong>tatur.</strong></span> <span class='ocrx_word' id='word_1_807' title='bbox 390 5799 587 5854; x_wconf 84' lang='lat' dir='ltr'><strong>lterum</strong></span> <span class='ocrx_word' id='word_1_808' title='bbox 615 5814 718 5852; x_wconf 92' lang='lat' dir='ltr'><strong>non</strong></span> <span class='ocrx_word' id='word_1_809' title='bbox 745 5799 913 5850; x_wconf 87' lang='lat' dir='ltr'><strong>multo</strong></span> <span class='ocrx_word' id='word_1_810' title='bbox 942 5808 1080 5864; x_wconf 81' lang='lat' dir='ltr'><strong>pttSl,</strong></span> <span class='ocrx_word' id='word_1_811' title='bbox 1109 5797 1258 5851; x_wconf 55' lang='lat' dir='ltr'><strong>Rom.</strong></span> <span class='ocrx_word' id='word_1_812' title='bbox 1288 5799 1416 5851; x_wconf 89' lang='lat' dir='ltr'><strong>edit.</strong></span> <span class='ocrx_word' id='word_1_813' title='bbox 1445 5814 1508 5851; x_wconf 79' lang='lat' dir='ltr'><strong>ex</strong></span> <span class='ocrx_word' id='word_1_814' title='bbox 1535 5815 1639 5852; x_wconf 80' lang='lat' dir='ltr'><strong>uno</strong></span> <span class='ocrx_word' id='word_1_815' title='bbox 1669 5796 1788 5851; x_wconf 83' lang='lat' dir='ltr'><strong>Vat.</strong></span> 
     </span>
    </p>
   </div>
   <div class='ocr_carea' id='block_1_103' title="bbox 198 5867 1792 5942">
    <p class='ocr_par' dir='ltr' id='par_1_103' title="bbox 198 5867 1792 5942">
     <span class='ocr_line' id='line_1_103' title="bbox 198 5867 1792 5942; baseline 0.001 -20"><span class='ocrx_word' id='word_1_816' title='bbox 198 5873 345 5938; x_wconf 88' lang='lat' dir='ltr'><strong>cod.,</strong></span> <span class='ocrx_word' id='word_1_817' title='bbox 375 5882 421 5924; x_wconf 86' lang='lat' dir='ltr'><strong>et</strong></span> <span class='ocrx_word' id='word_1_818' title='bbox 451 5871 706 5942; x_wconf 83' lang='lat' dir='ltr'><strong>possideat</strong></span> <span class='ocrx_word' id='word_1_819' title='bbox 735 5885 814 5924; x_wconf 88' lang='lat' dir='ltr'><strong>ea.</strong></span> <span class='ocrx_word' id='word_1_820' title='bbox 854 5867 966 5923; x_wconf 72' lang='lat' dir='ltr'><strong>Vel.</strong></span> <span class='ocrx_word' id='word_1_821' title='bbox 1001 5873 1206 5934; x_wconf 82' lang='lat' dir='ltr'><strong>autent,</strong></span> <span class='ocrx_word' id='word_1_822' title='bbox 1236 5879 1288 5923; x_wconf 88' lang='lat' dir='ltr'><strong>ct</strong></span> <span class='ocrx_word' id='word_1_823' title='bbox 1314 5870 1402 5922; x_wconf 89' lang='lat' dir='ltr'><strong>alii</strong></span> <span class='ocrx_word' id='word_1_824' title='bbox 1438 5884 1566 5924; x_wconf 81' lang='lat' dir='ltr'><strong>mss.</strong></span> <span class='ocrx_word' id='word_1_825' title='bbox 1588 5909 1603 5935; x_wconf 97' lang='lat'><strong>,</strong></span> <span class='ocrx_word' id='word_1_826' title='bbox 1635 5878 1682 5924; x_wconf 87' lang='lat' dir='ltr'><strong>et</strong></span> <span class='ocrx_word' id='word_1_827' title='bbox 1711 5885 1792 5923; x_wconf 81' lang='lat' dir='ltr'><strong>se-</strong></span> 
     </span>
    </p>
   </div>
   <div class='ocr_carea' id='block_1_104' title="bbox 1961 4744 3498 4816">
    <p class='ocr_par' dir='ltr' id='par_1_104' title="bbox 1961 4744 3498 4816">
     <span class='ocr_line' id='line_1_104' title="bbox 1961 4744 3498 4816; baseline 0.001 -15"><span class='ocrx_word' id='word_1_828' title='bbox 1961 4746 2052 4802; x_wconf 75' lang='lat'><strong>“.</strong></span> <span class='ocrx_word' id='word_1_829' title='bbox 2084 4744 2228 4814; x_wconf 72' lang='lat' dir='ltr'><strong>Ergo</strong></span> <span class='ocrx_word' id='word_1_830' title='bbox 2257 4763 2361 4800; x_wconf 88' lang='lat' dir='ltr'><strong>non</strong></span> <span class='ocrx_word' id='word_1_831' title='bbox 2396 4747 2602 4816; x_wconf 84' lang='lat' dir='ltr'><strong>laqueis</strong></span> <span class='ocrx_word' id='word_1_832' title='bbox 2648 4762 2746 4800; x_wconf 87' lang='lat' dir='ltr'><strong>nos</strong></span> <span class='ocrx_word' id='word_1_833' title='bbox 2785 4745 3073 4802; x_wconf 90' lang='lat' dir='ltr'><strong>credamus</strong></span> <span class='ocrx_word' id='word_1_834' title='bbox 3098 4757 3152 4802; x_wconf 91' lang='lat' dir='ltr'><strong>et</strong></span> <span class='ocrx_word' id='word_1_835' title='bbox 3194 4748 3400 4802; x_wconf 89' lang='lat' dir='ltr'><strong>retibus</strong></span> <span class='ocrx_word' id='word_1_836' title='bbox 3433 4748 3498 4802; x_wconf 84' lang='lat' dir='ltr'><strong>iis</strong></span> 
     </span>
    </p>
   </div>
   <div class='ocr_carea' id='block_1_105' title="bbox 1892 4840 3496 4912">
    <p class='ocr_par' dir='ltr' id='par_1_105' title="bbox 1892 4840 3496 4912">
     <span class='ocr_line' id='line_1_105' title="bbox 1892 4840 3496 4912; baseline -0.002 -18"><span class='ocrx_word' id='word_1_837' title='bbox 1892 4856 2009 4907; x_wconf 72' lang='lat' dir='ltr'><strong>qtta:</strong></span> <span class='ocrx_word' id='word_1_838' title='bbox 2056 4840 2336 4905; x_wconf 75' lang='lat' dir='ltr'><strong>decipiunt</strong></span> <span class='ocrx_word' id='word_1_839' title='bbox 2386 4851 2439 4896; x_wconf 86' lang='lat' dir='ltr'><strong>et</strong></span> <span class='ocrx_word' id='word_1_840' title='bbox 2484 4840 2756 4906; x_wconf 86' lang='lat' dir='ltr'><strong>illudunt;</strong></span> <span class='ocrx_word' id='word_1_841' title='bbox 2807 4842 2930 4912; x_wconf 92' lang='lat' dir='ltr'><strong>quia</strong></span> <span class='ocrx_word' id='word_1_842' title='bbox 2986 4840 3152 4896; x_wconf 88' lang='lat' dir='ltr'><strong>corda</strong></span> <span class='ocrx_word' id='word_1_843' title='bbox 3196 4848 3496 4905; x_wconf 85' lang='lat' dir='ltr'><strong>tentantur,</strong></span> 
     </span>
    </p>
   </div>
   <div class='ocr_carea' id='block_1_106' title="bbox 1898 4935 3494 5008">
    <p class='ocr_par' dir='ltr' id='par_1_106' title="bbox 1898 4935 3494 5008">
     <span class='ocr_line' id='line_1_106' title="bbox 1898 4935 3494 5008; baseline -0.002 -17"><span class='ocrx_word' id='word_1_844' title='bbox 1898 4937 2265 5006; x_wconf 88' lang='lat' dir='ltr'><strong>impediuntur</strong></span> <span class='ocrx_word' id='word_1_845' title='bbox 2324 4938 2704 5006; x_wconf 84' lang='lat' dir='ltr'><strong>cogitationes,</strong></span> <span class='ocrx_word' id='word_1_846' title='bbox 2757 4953 2877 5008; x_wconf 72' lang='lat' dir='ltr'><strong>qua:</strong></span> <span class='ocrx_word' id='word_1_847' title='bbox 2934 4937 3300 5007; x_wconf 87' lang='lat' dir='ltr'><strong>impediuntur</strong></span> <span class='ocrx_word' id='word_1_848' title='bbox 3351 4935 3494 5002; x_wconf 86' lang='lat' dir='ltr'><strong>visu,</strong></span> 
     </span>
    </p>
   </div>
   <div class='ocr_carea' id='block_1_107' title="bbox 1902 5025 3496 5101">
    <p class='ocr_par' dir='ltr' id='par_1_107' title="bbox 1902 5025 3496 5101">
     <span class='ocr_line' id='line_1_107' title="bbox 1902 5025 3496 5101; baseline -0.003 -17"><span class='ocrx_word' id='word_1_849' title='bbox 1902 5028 2265 5101; x_wconf 70' lang='lat' dir='ltr'><strong>impediuntur</strong></span> <span class='ocrx_word' id='word_1_850' title='bbox 2300 5028 2521 5091; x_wconf 87' lang='lat' dir='ltr'><strong>auditu,</strong></span> <span class='ocrx_word' id='word_1_851' title='bbox 2581 5029 2786 5094; x_wconf 90' lang='lat' dir='ltr'><strong>odore,</strong></span> <span class='ocrx_word' id='word_1_852' title='bbox 2858 5038 3025 5091; x_wconf 91' lang='lat' dir='ltr'><strong>tactu,</strong></span> <span class='ocrx_word' id='word_1_853' title='bbox 3091 5043 3310 5092; x_wconf 87' lang='lat' dir='ltr'><strong>sapore.</strong></span> <span class='ocrx_word' id='word_1_854' title='bbox 3376 5025 3496 5080; x_wconf 83' lang='lat' dir='ltr'><strong>Non</strong></span> 
     </span>
    </p>
   </div>
   <div class='ocr_carea' id='block_1_108' title="bbox 1901 5120 3500 5191">
    <p class='ocr_par' dir='ltr' id='par_1_108' title="bbox 1901 5120 3500 5191">
     <span class='ocr_line' id='line_1_108' title="bbox 1901 5120 3500 5191; baseline -0.001 -15"><span class='ocrx_word' id='word_1_855' title='bbox 1901 5137 2192 5191; x_wconf 86' lang='lat' dir='ltr'><strong>sequamur</strong></span> <span class='ocrx_word' id='word_1_856' title='bbox 2232 5122 2552 5177; x_wconf 86' lang='lat' dir='ltr'><strong>tllecehrosa</strong></span> <span class='ocrx_word' id='word_1_857' title='bbox 2592 5132 2646 5176; x_wconf 89' lang='lat' dir='ltr'><strong>et</strong></span> <span class='ocrx_word' id='word_1_858' title='bbox 2690 5123 3000 5178; x_wconf 83' lang='lat' dir='ltr'><strong>seductoria</strong></span> <span class='ocrx_word' id='word_1_859' title='bbox 3033 5139 3045 5175; x_wconf 90' lang='lat'>:</span> <span class='ocrx_word' id='word_1_860' title='bbox 3080 5120 3174 5176; x_wconf 84' lang='lat' dir='ltr'><strong>sed</strong></span> <span class='ocrx_word' id='word_1_861' title='bbox 3209 5137 3500 5191; x_wconf 86' lang='lat' dir='ltr'><strong>sequamur</strong></span> 
     </span>
    </p>
   </div>
   <div class='ocr_carea' id='block_1_109' title="bbox 1899 5213 3501 5285">
    <p class='ocr_par' dir='ltr' id='par_1_109' title="bbox 1899 5213 3501 5285">
     <span class='ocr_line' id='line_1_109' title="bbox 1899 5213 3501 5285; baseline -0.002 -14"><span class='ocrx_word' id='word_1_862' title='bbox 1899 5216 2028 5271; x_wconf 91' lang='lat' dir='ltr'><strong>illud</strong></span> <span class='ocrx_word' id='word_1_863' title='bbox 2058 5215 2202 5285; x_wconf 75' lang='lat' dir='ltr'><strong>quod</strong></span> <span class='ocrx_word' id='word_1_864' title='bbox 2246 5215 2445 5270; x_wconf 91' lang='lat' dir='ltr'><strong>bonum</strong></span> <span class='ocrx_word' id='word_1_865' title='bbox 2475 5227 2578 5279; x_wconf 87' lang='lat' dir='ltr'><strong>cst,</strong></span> <span class='ocrx_word' id='word_1_866' title='bbox 2614 5217 2687 5271; x_wconf 93' lang='lat' dir='ltr'><strong>illi</strong></span> <span class='ocrx_word' id='word_1_867' title='bbox 2723 5216 3123 5281; x_wconf 71' lang='lat' dir='ltr'><strong>adhaereamus,</strong></span> <span class='ocrx_word' id='word_1_868' title='bbox 3155 5214 3284 5270; x_wconf 90' lang='lat' dir='ltr'><strong>illttd</strong></span> <span class='ocrx_word' id='word_1_869' title='bbox 3318 5213 3501 5283; x_wconf 86' lang='lat' dir='ltr'><strong>imite-</strong></span> 
     </span>
    </p>
   </div>
   <div class='ocr_carea' id='block_1_110' title="bbox 1901 5309 3502 5378">
    <p class='ocr_par' dir='ltr' id='par_1_110' title="bbox 1901 5309 3502 5378">
     <span class='ocr_line' id='line_1_110' title="bbox 1901 5309 3502 5378; baseline -0.002 -14"><span class='ocrx_word' id='word_1_870' title='bbox 1901 5325 2042 5376; x_wconf 91' lang='lat' dir='ltr'><strong>mur,</strong></span> <span class='ocrx_word' id='word_1_871' title='bbox 2075 5309 2221 5364; x_wconf 84' lang='lat' dir='ltr'><strong>illius</strong></span> <span class='ocrx_word' id='word_1_872' title='bbox 2255 5311 2570 5378; x_wconf 69' lang='lat' dir='ltr'><strong>pra&#39;sentia,</strong></span> <span class='ocrx_word' id='word_1_873' title='bbox 2614 5309 2758 5364; x_wconf 89' lang='lat' dir='ltr'><strong>illius</strong></span> <span class='ocrx_word' id='word_1_874' title='bbox 2797 5309 3220 5364; x_wconf 77' lang='lat' dir='ltr'><strong>cmumunicatio</strong></span> <span class='ocrx_word' id='word_1_875' title='bbox 3263 5322 3362 5361; x_wconf 86' lang='lat' dir='ltr'><strong>nos</strong></span> <span class='ocrx_word' id='word_1_876' title='bbox 3389 5322 3502 5360; x_wconf 89' lang='lat' dir='ltr'><strong>mc-</strong></span> 
     </span>
    </p>
   </div>
   <div class='ocr_carea' id='block_1_111' title="bbox 1900 5398 3501 5470">
    <p class='ocr_par' dir='ltr' id='par_1_111' title="bbox 1900 5398 3501 5470">
     <span class='ocr_line' id='line_1_111' title="bbox 1900 5398 3501 5470; baseline -0.001 -17"><span class='ocrx_word' id='word_1_877' title='bbox 1900 5400 2064 5456; x_wconf 87' lang='lat' dir='ltr'><strong>liores</strong></span> <span class='ocrx_word' id='word_1_878' title='bbox 2114 5401 2294 5465; x_wconf 80' lang='lat' dir='ltr'><strong>faciat,</strong></span> <span class='ocrx_word' id='word_1_879' title='bbox 2337 5416 2517 5456; x_wconf 91' lang='lat' dir='ltr'><strong>mores</strong></span> <span class='ocrx_word' id='word_1_880' title='bbox 2559 5414 2772 5455; x_wconf 81' lang='lat' dir='ltr'><strong>nostros</strong></span> <span class='ocrx_word' id='word_1_881' title='bbox 2800 5402 3029 5466; x_wconf 88' lang='lat' dir='ltr'><strong>coloret,</strong></span> <span class='ocrx_word' id='word_1_882' title='bbox 3085 5400 3228 5455; x_wconf 91' lang='lat' dir='ltr'><strong>illius</strong></span> <span class='ocrx_word' id='word_1_883' title='bbox 3253 5398 3501 5470; x_wconf 70' lang='lat' dir='ltr'><strong>quwdam</strong></span> 
     </span>
    </p>
   </div>
   <div class='ocr_carea' id='block_1_112' title="bbox 1893 5512 3083 5581">
    <p class='ocr_par' dir='ltr' id='par_1_112' title="bbox 1893 5512 3083 5581">
     <span class='ocr_line' id='line_1_112' title="bbox 1893 5512 3083 5581; baseline -0.003 -15"><span class='ocrx_word' id='word_1_884' title='bbox 1893 5513 2120 5568; x_wconf 86' lang='lat' dir='ltr'><strong>cundum</strong></span> <span class='ocrx_word' id='word_1_885' title='bbox 2148 5530 2225 5576; x_wconf 73' lang='lat' dir='ltr'><strong>ea,</strong></span> <span class='ocrx_word' id='word_1_886' title='bbox 2259 5513 2310 5568; x_wconf 90' lang='lat' dir='ltr'><strong>id</strong></span> <span class='ocrx_word' id='word_1_887' title='bbox 2339 5522 2421 5568; x_wconf 82' lang='lat' dir='ltr'><strong>est</strong></span> <span class='ocrx_word' id='word_1_888' title='bbox 2474 5528 2662 5581; x_wconf 87' lang='lat' dir='ltr'><strong>prope,</strong></span> <span class='ocrx_word' id='word_1_889' title='bbox 2688 5527 2780 5566; x_wconf 89' lang='lat' dir='ltr'><strong>seu</strong></span> <span class='ocrx_word' id='word_1_890' title='bbox 2811 5512 2965 5581; x_wconf 82' lang='lat' dir='ltr'><strong>juxta</strong></span> <span class='ocrx_word' id='word_1_891' title='bbox 2999 5527 3083 5566; x_wconf 87' lang='lat' dir='ltr'><strong>ea.</strong></span> 
     </span>
    </p>
   </div>
   <div class='ocr_carea' id='block_1_113' title="bbox 1973 5582 3496 5652">
    <p class='ocr_par' dir='ltr' id='par_1_113' title="bbox 1973 5582 3496 5652">
     <span class='ocr_line' id='line_1_113' title="bbox 1973 5582 3496 5652; baseline -0.003 -12"><span class='ocrx_word' id='word_1_892' title='bbox 1973 5597 1992 5623; x_wconf 74' lang='grc' dir='ltr'>ε</span> <span class='ocrx_word' id='word_1_893' title='bbox 2026 5586 2190 5640; x_wconf 86' lang='lat' dir='ltr'><strong>Addit</strong></span> <span class='ocrx_word' id='word_1_894' title='bbox 2245 5588 2375 5640; x_wconf 86' lang='lat' dir='ltr'><strong>edit.</strong></span> <span class='ocrx_word' id='word_1_895' title='bbox 2430 5586 2610 5644; x_wconf 77' lang='lat' dir='ltr'><strong>Ilom.,</strong></span> <span class='ocrx_word' id='word_1_896' title='bbox 2646 5587 2760 5652; x_wconf 84' lang='lat' dir='ltr'><strong>jam</strong></span> <span class='ocrx_word' id='word_1_897' title='bbox 2806 5582 3085 5638; x_wconf 68' lang='lat' dir='ltr'><strong>nutat/tatus</strong></span> <span class='ocrx_word' id='word_1_898' title='bbox 3132 5592 3205 5636; x_wconf 82' lang='lat' dir='ltr'><strong>est</strong></span> <span class='ocrx_word' id='word_1_899' title='bbox 3246 5583 3298 5636; x_wconf 90' lang='lat' dir='ltr'><strong>in</strong></span> <span class='ocrx_word' id='word_1_900' title='bbox 3343 5582 3496 5637; x_wconf 86' lang='lat' dir='ltr'><strong>corde</strong></span> 
     </span>
    </p>
   </div>
   <div class='ocr_carea' id='block_1_114' title="bbox 1896 5654 3498 5726">
    <p class='ocr_par' dir='ltr' id='par_1_114' title="bbox 1896 5654 3498 5726">
     <span class='ocr_line' id='line_1_114' title="bbox 1896 5654 3498 5726; baseline -0.002 -16"><span class='ocrx_word' id='word_1_901' title='bbox 1896 5673 1989 5711; x_wconf 86' lang='lat' dir='ltr'><strong>suo</strong></span> <span class='ocrx_word' id='word_1_902' title='bbox 2020 5675 2032 5708; x_wconf 89' lang='lat'>:</span> <span class='ocrx_word' id='word_1_903' title='bbox 2069 5674 2187 5725; x_wconf 81' lang='lat' dir='ltr'><strong>qua:</strong></span> <span class='ocrx_word' id='word_1_904' title='bbox 2228 5657 2446 5726; x_wconf 64' lang='lat' dir='ltr'><strong>quidem</strong></span> <span class='ocrx_word' id='word_1_905' title='bbox 2487 5655 2644 5710; x_wconf 74' lang='lat' dir='ltr'><strong>verbi</strong></span> <span class='ocrx_word' id='word_1_906' title='bbox 2681 5655 2733 5708; x_wconf 89' lang='lat' dir='ltr'><strong>in</strong></span> <span class='ocrx_word' id='word_1_907' title='bbox 2774 5654 2894 5707; x_wconf 86' lang='lat' dir='ltr'><strong>aliis</strong></span> <span class='ocrx_word' id='word_1_908' title='bbox 2933 5657 3066 5708; x_wconf 81' lang='lat' dir='ltr'><strong>edit.</strong></span> <span class='ocrx_word' id='word_1_909' title='bbox 3095 5663 3256 5724; x_wconf 86' lang='lat' dir='ltr'><strong>atque</strong></span> <span class='ocrx_word' id='word_1_910' title='bbox 3285 5654 3337 5708; x_wconf 85' lang='lat' dir='ltr'><strong>in</strong></span> <span class='ocrx_word' id='word_1_911' title='bbox 3363 5671 3498 5709; x_wconf 77' lang='lat' dir='ltr'><strong>mss.</strong></span> 
     </span>
    </p>
   </div>
   <div class='ocr_carea' id='block_1_115' title="bbox 1897 5726 3504 5811">
    <p class='ocr_par' dir='ltr' id='par_1_115' title="bbox 1897 5726 3504 5811">
     <span class='ocr_line' id='line_1_115' title="bbox 1897 5726 3504 5811; baseline 0 -29"><span class='ocrx_word' id='word_1_912' title='bbox 1897 5729 2150 5811; x_wconf 76' lang='lat' dir='ltr'><strong>omnibus</strong></span> <span class='ocrx_word' id='word_1_913' title='bbox 2197 5728 2393 5782; x_wconf 75' lang='lat' dir='ltr'><strong>desiuit</strong></span> <span class='ocrx_word' id='word_1_914' title='bbox 2421 5768 2434 5787; x_wconf 96' lang='lat'><strong>,</strong></span> <span class='ocrx_word' id='word_1_915' title='bbox 2467 5727 2560 5780; x_wconf 85' lang='lat' dir='ltr'><strong>sed</strong></span> <span class='ocrx_word' id='word_1_916' title='bbox 2604 5726 2670 5780; x_wconf 91' lang='lat' dir='ltr'><strong>ad</strong></span> <span class='ocrx_word' id='word_1_917' title='bbox 2701 5726 3092 5781; x_wconf 83' lang='lat' dir='ltr'><strong>absolvendum</strong></span> <span class='ocrx_word' id='word_1_918' title='bbox 3125 5744 3340 5783; x_wconf 85' lang='lat' dir='ltr'><strong>sensum</strong></span> <span class='ocrx_word' id='word_1_919' title='bbox 3373 5736 3504 5782; x_wconf 86' lang='lat' dir='ltr'><strong>sunt</strong></span> 
     </span>
    </p>
   </div>
   <div class='ocr_carea' id='block_1_116' title="bbox 1899 5814 2476 5860">
    <p class='ocr_par' dir='ltr' id='par_1_116' title="bbox 1899 5814 2476 5860">
     <span class='ocr_line' id='line_1_116' title="bbox 1899 5814 2476 5860; baseline -0.007 -6"><span class='ocrx_word' id='word_1_920' title='bbox 1899 5815 2122 5860; x_wconf 79' lang='lat' dir='ltr'><strong>OllllllllO</strong></span> <span class='ocrx_word' id='word_1_921' title='bbox 2150 5814 2476 5854; x_wconf 78' lang='lat' dir='ltr'><strong>necessaria.</strong></span> 
     </span>
    </p>
   </div>
  </div>
