4082 6370
623 326 732 384 559

1951 315 2198 375 SANC'l‘l
2233 315 2559 380 AMBROSII

3863 325 3956 384 560

621 455 724 496 nos
754 436 984 494 societas
1025 434 1297 490 informet.
1327 431 1427 499 Qui
1459 431 1604 486 enim
1647 430 1788 486 bono
1817 429 2081 495 adhmret,
2120 449 2209 489 as-
2236 447 2290 508 Α
2315 437 2431 502 Dei,
2487 453 2593 494 non
2650 439 2945 496 timendum
2984 456 3326 514 quemquam
3371 440 3471 512 qui
3523 449 3715 510 potest
3763 455 3953 512 corpus

620 531 787 588 sumit
817 527 938 584 inde
968 524 1110 596 quod
1133 524 1335 580 bonum
1355 533 1471 590 est;
1501 523 1624 593 quia
1651 524 1913 593 scriptum
1935 534 2020 579 est
2045 543 2056 578 :
2086 524 2214 581 Cum

615 632 792 680 sancto
822 629 1026 677 sanctus
1066 618 1167 672 eris
1200 628 1246 673 et
1276 634 1396 673 cum
1439 618 1598 673 electo
1639 618 1833 673 electus
1859 620 1982 687 eris,
2021 630 2217 674 etcum

615 731 850 788 perverso
901 728 1170 783 perversus
1221 713 1346 779 eris,
1393 722 1440 767 et
1488 729 1604 767 cum
1650 713 1920 768 innocente
1971 715 2217 770 innocens

610 811 712 867 eris
769 807 902 882 (Ps.
951 822 1083 875 xvu,
1141 805 1232 874 26,
1287 805 1444 876 27):
1495 805 1817 864 assiduitate
1855 807 2003 864 enim
2052 817 2217 882 atque

610 902 916 958 imitatione
963 901 1212 971 quaedam
1264 899 1637 956 similitudinis
1689 900 1870 972 imago
1923 901 2213 958 formatur.

609 994 846 1067 Ideoque
896 993 1102 1051 addidit
1154 1011 1169 1050 :
1221 993 1486 1064 Quoniam
1536 1003 1591 1048 tu
1645 994 1909 1050 illuminas
1953 996 2218 1050 lucernam

613 1106 801 1157 meam,
829 1087 1052 1143 Domine
1078 1087 1268 1161 (lbid.,
1292 1087 1410 1158 29).
1443 1087 1658 1143 Etenim
1699 1086 1792 1158 qui
1820 1087 2218 1159 appropinquat

609 1181 824 1251 lumini,
869 1183 1031 1238 citius
1078 1181 1438 1246 illuminatur,
1489 1189 1547 1237 et
1587 1181 1710 1251 plus
1755 1181 1808 1236 in
1855 1196 1924 1238 eo
1957 1181 2217 1252 splendor

608 1278 800 1332 aeterni
862 1273 1083 1330 luminis
1147 1272 1383 1344 refulget
1424 1288 1456 1330 e
1513 1273 1782 1344 proximo.
1839 1273 1985 1344 Ergo
2036 1273 2215 1329 anima

609 1383 732 1438 qua:
766 1365 1012 1422 adhaeret
1055 1365 1134 1421 illi
1159 1365 1418 1421 invisibili
1448 1365 1594 1420 bono
1618 1365 1752 1432 Deo,
1785 1373 1946 1436 atque
1987 1365 2216 1421 immor-

610 1461 726 1528 tali,
755 1470 810 1516 et
839 1461 957 1530 ipsa
984 1474 1250 1531 corporea
1296 1459 1414 1514 haec
1434 1459 1590 1530 fugit,
1621 1468 1678 1515 et
1705 1467 1940 1526 terrena,
1979 1469 2036 1515 et
2058 1475 2212 1516 mor-

612 1551 742 1608 talia
773 1551 1127 1622 derelinquit,
1162 1551 1329 1622 fitque
1350 1551 1497 1607 illius
1517 1551 1708 1607 similis
1738 1551 1882 1622 quod
1911 1550 2211 1620 desiderat,

610 1645 664 1701 in
695 1661 803 1717 quo
831 1646 966 1700 vivit
1003 1655 1060 1702 et
1089 1646 1363 1715 pascitur;
1393 1654 1450 1700 et
1485 1645 1610 1715 quia
1635 1645 1926 1700 immortali
1957 1645 2212 1714 intendit,

613 1753 719 1794 non
743 1748 829 1795 est
857 1739 972 1809 ipsa
1014 1737 1281 1794 mortalis.
1322 1737 1455 1807 Quae
1502 1736 1648 1794 enim
1697 1747 1907 1809 peccat,
1949 1738 2209 1804 moritur;

2321 530 2593 600 occidere,
2619 532 2854 588 animam
2883 543 3064 590 autem
3095 551 3204 591 non
3240 532 3694 607 potest'Ulauh.
3728 550 3790 598 x,
3828 535 3954 606 28)?

2323 623 2398 681 De
2417 642 2520 694 qua
2557 626 2686 682 dicit
2716 629 2984 699 propheta
3029 647 3043 684 :
3093 631 3288 685 Anima
3325 647 3452 686 mea
3482 630 3541 684 in
3581 630 3833 685 manibus
3860 635 3948 685 tuis

2317 734 2516 791 semper
2543 718 2729 792 (.Psal.
2762 736 2956 791 cum,
2994 723 3144 795 109).
3179 725 3447 796 Semper,
3478 723 3704 796 inquit,
3750 741 3864 781 non
3903 727 3946 782 in

2321 819 2427 867 tem
2436 827 2586 882 pore.

2389 903 2480 959 44.
2523 903 2594 961 Ει
2655 915 2710 962 ιιι
2765 909 3087 966 commenda
3133 912 3376 968 animam
3430 920 3592 968 tuam
3650 911 3711 967 in
3762 927 3944 969 manus

2319 996 2533 1054 Domini
2576 1018 2588 1054 :
2633 1017 2742 1058 non
2791 1003 2968 1060 solum
3009 1020 3132 1060 cum
3191 1007 3404 1063 recedit
3447 1022 3482 1063 e
3537 1021 3814 1078 corpore,
3860 1008 3941 1064 sed

2317 1092 2482 1150 etiam
2505 1109 2629 1150 cum
2661 1105 2746 1152 est
2783 1097 2837 1152 in
2873 1112 3125 1170 corpore,
3164 1109 3253 1156 est
3303 1101 3357 1157 in
3383 1101 3659 1158 manibus
3690 1101 3935 1168 Domini;

2318 1189 2443 1258 quia
2488 1204 2596 1246 non
2644 1190 2796 1246 vides
2823 1206 2943 1248 eam
2995 1194 3138 1249 unde
3183 1195 3386 1264 veniat,
3444 1205 3544 1251 aut
3593 1208 3716 1266 quo
3768 1196 3934 1250 vadat.

2319 1280 2421 1338 Est
2461 1283 2604 1339 enim
2633 1283 2686 1338 in
2717 1291 2789 1351 te,
2831 1292 2887 1340 et
2920 1293 3004 1341 est
3026 1300 3149 1342 cum
3184 1287 3320 1344 Deo.
3371 1286 3638 1359 Denique
3669 1301 3778 1343 cor
3809 1290 3934 1358 regis

2320 1377 2372 1432 in
2421 1392 2584 1433 manu
2623 1377 2859 1447 Domini,
2915 1388 2970 1435 et
3008 1381 3078 1437 ab
3101 1395 3167 1437 eo
3211 1382 3421 1454 regitur
3460 1391 3522 1438 et
3567 1383 3928 1454 gubernatur.

2318 1468 2428 1527 Cor
2475 1472 2718 1542 repletur
2754 1481 2956 1540 mente,
3001 1473 3127 1545 quia
3184 1491 3340 1532 mens
3380 1476 3589 1531 anima:
3634 1476 3929 1548 principale

2318 1574 2424 1631 est,
2449 1573 2506 1620 et
2524 1566 2698 1620 virtus
2723 1563 2941 1620 animm.
2964 1565 3086 1622 Non
3112 1563 3252 1623 eam'
3280 1567 3540 1624 virtutem
3583 1568 3725 1624 dico
3743 1584 3864 1641 qua:
3884 1569 3927 1624 in

2318 1656 2558 1723 lacertis,
2586 1657 2683 1713 sed
2708 1674 2830 1730 qua:
2861 1659 2914 1714 in
2955 1659 3218 1729 consiliis,
3263 1663 3664 1733 temperantia,
3720 1663 3922 1732 pietate,

2319 1760 2483 1822 atque
2507 1751 2717 1822 iustitia
2747 1761 2852 1808 est.
2890 1752 2948 1809 Si
2979 1768 3074 1809 cor
3104 1753 3345 1811 hominis
3385 1756 3440 1811 in
3489 1771 3671 1812 manu
3704 1756 3920 1823 Domini,

609 1847 717 1888 non
747 1833 939 1904 utique
964 1833 1148 1904 aliqua
1178 1832 1260 1888 sui
1293 1832 1684 1900 dissolutione,
1727 1833 1822 1890 sed
1871 1832 2066 1890 merito
2098 1848 2215 1888 mo-
2249 1873 2298 1934 Β
2325 1846 2497 1902 multo
2532 1846 2705 1918 magis
2753 1847 2956 1903 anima,
3001 1847 3058 1904 Si
3108 1848 3291 1903 anima
3348 1849 3402 1905 in
3449 1865 3622 1905 manu
3689 1850 3791 1906 Dei
3835 1859 3920 1913 εει,

608 1929 750 1986 ritur
780 1929 925 1995 Deo',
956 1929 1080 2000 quia
1106 1928 1237 1985 vivit
1258 1935 1506 2000 peccato.
1540 1929 1683 2000 Ergo
1709 1944 1830 1998 quae
1853 1942 1962 1984 non
1991 1935 2217 2000 peccat,

605 2037 716 2078 non
751 2023 1022 2089 moritur;
1061 2022 1184 2095 quia
1223 2031 1410 2082 manet
1449 2023 1504 2078 in
1548 2021 1852 2078 substantia
1884 2023 2001 2090 sui,
2035 2030 2220 2079 manet

606 2115 662 2172 in
692 2116 892 2172 virtute
918 2125 973 2172 et
995 2115 1191 2187 gloria.

676 2208 769 2266 42.
798 2208 934 2266 Nam
962 2210 1234 2282 quomodo
1257 2211 1558 2268 substantia
1585 2210 1707 2282 ejus
1733 2210 1960 2268 interire
1989 2219 2171 2282 potest
2197 2252 2214 2279 ,

601 2318 724 2361 cum
772 2305 958 2376 utique
1005 2307 1188 2362 anima
1238 2306 1308 2362 sit
1337 2321 1460 2378 qua:
1492 2307 1660 2362 vitam
1699 2305 1972 2362 infundit?
2015 2307 2085 2362 Et
2131 2307 2219 2363 cui

601 2399 780 2454 anima
819 2399 1142 2466 infunditur,
1175 2400 1287 2456 vita
1317 2400 1661 2456 infunditur:
1686 2416 1716 2456 a
1745 2417 1854 2473 quo
1884 2400 2064 2456 anima
2106 2401 2218 2457 dis-

600 2493 770 2560 cedit,
800 2492 910 2548 vita
937 2491 1190 2548 discedit.
1222 2493 1418 2549 Anima
1447 2509 1581 2565 ergo
1627 2495 1736 2550 vita
1778 2502 1884 2551 est.
1925 2493 2214 2563 Quomodo

607 2587 757 2646 enim
813 2595 994 2657 potest
1031 2597 1266 2644 mortem
1298 2586 1568 2660 recipere,
1614 2604 1739 2646 cum
1789 2590 1860 2644 sit
1897 2589 2220 2646 contraria?

612 2685 769 2742 Sicut
791 2685 938 2740 enim
966 2685 1057 2740 nix
1080 2685 1319 2741 calorem
1336 2701 1444 2741 non
1461 2686 1673 2757 recipit,
1706 2685 1870 2759 407
1891 2701 2012 2741 nam
2034 2685 2218 2742 statim

610 2776 889 2833 solvitur:
923 2785 980 2833 et
1009 2777 1100 2833 lux
1142 2791 1250 2834 non
1299 2777 1494 2849 recipit
1537 2778 1811 2845 tenebras,
1863 2793 1985 2832 nam
2035 2777 2216 2834 statim

609 2867 834 2924 discutit
883 2867 1107 2940 (infuso
1153 2869 1300 2924 enim
1341 2869 1564 2936 lumine,
1625 2870 1974 2926 tenebrarum
2022 2869 2220 2926 horror

601 2962 872 3030 aufertur,
922 2966 1064 3021 sicut
1102 2963 1323 3020 admoto
1349 2964 1502 3037 igne,
1534 2965 1738 3021 nivium
1776 2965 1923 3036 rigor
1947 2963 2150 3021 desinit
2173 2964 2216 3036 ),

2323 1953 2433 1995 non
2465 1940 2648 2012 utique
2669 1940 2852 1996 anima
2873 1949 3057 1996 nostra
3080 1941 3337 2013 sepulcro
3363 1943 3527 1998 simul
3553 1957 3692 2000 cum
3713 1959 3921 2014 corpore

2323 2034 2636 2098 includitur,
2684 2050 2784 2091 nec
2830 2034 2991 2091 busto
3023 2044 3235 2092 tenetur
3291 2054 3306 2091 :
3348 2037 3444 2094 sed
3477 2040 3680 2109 quiete
3704 2040 3792 2110 pia
3819 2037 3923 2093 fun-

2321 2129 2486 2200 gitur.
2516 2129 2584 2186 Et
2628 2129 2752 2186 ideo
2778 2128 3027 2187 homines
3055 2130 3257 2188 frustra
3304 2134 3544 2204 pretiosa
3586 2144 3820 2191 struunt
3852 2151 3920 2192 se-

2321 2221 2816 2294 pulcra,quasie.'e
2841 2222 3056 2291 animae,
3101 2233 3157 2281 et
3200 2241 3306 2282 non
3337 2227 3510 2283 solius
3555 2229 3819 2301 corporis
3851 2245 3916 2284 re-

2323 2316 2605 2386 ceptacula
2635 2318 2767 2372 sint.

2392 2413 2485 2470 45.
2529 2412 2845 2471 Animarum
2898 2428 3080 2472 autem
3136 2417 3416 2490 superiora
3446 2432 3576 2476 esse
3628 2418 3913 2477 habitacula

2321 2505 2619 2578 Scriptura:
2650 2509 3171 2566 testimoniisvalde
3221 2511 3503 2582 probatur.
3551 2511 3838 2584 Siquidem
3874 2525 3914 2568 et

2322 2599 2378 2657 in
2408 2601 2592 2658 Esdrac
2619 2602 2774 2660 libris
2801 2604 3031 2676 legimus
3085 2624 3100 2662 :
3154 2605 3292 2673 Quia
3333 2625 3448 2662 cum
3497 2609 3709 2664 venerit
3751 2610 3911 2682 judia'i

2320 2695 2450 2762 dies,
2476 2697 2654 2752 reddet
2679 2708 2816 2752 terra
2833 2698 3193 2771 defunctorum
3213 2717 3453 2772 corpora,
3477 2709 3526 2756 et
3558 2702 3739 2773 puluis
3766 2703 3912 2758 reddet

2321 2804 2408 2844 eas
2447 2806 2562 2852 qua:
2589 2790 2643 2845 in
2685 2792 2898 2846 tumulis
2928 2793 3275 2863 requiescunt,
3305 2793 3557 2865 reliquias
3588 2807 3908 2851 mortuomst.

2325 2881 2390 2936 Et
2419 2883 2742 2952 habitacula,
2783 2885 2978 2956 inquit,
3029 2885 3242 2942 reddent
3289 2888 3490 2956 anilitas
3539 2905 3668 2960 qua:
3698 2890 3782 2944 his
3801 2906 3910 2944 coa-

2319 2976 2572 3031 mendata:
2593 2986 2734 3045 sunt,
2767 2987 2813 3032 et
2849 2979 3160 3034 revelabitur
3203 2978 3501 3035 Altissimus
3552 2999 3726 3054 super
3773 2984 3907 3039 sedeat

603 3056 678 3113 ita
705 3065 762 3113 et
785 3055 1116 3128 animaque:
1144 3057 1312 3113 vitam
1339 3066 1509 3125 creat.
1546 3066 1571 3096 ει
1603 3065 1834 3114 mortem
1861 3072 1969 3114 non
2001 3057 2214 3128 recipit.
2310 3069 2506 3142 judicii
2535 3069 2642 3138 (tv
2676 3070 2879 3138 Esdrte,
2909 3089 2998 3140 vn,
3030 3073 3157 3144 52).
3182 3073 3275 3130 tne
3306 3085 3431 3130 sunt
3474 3076 3905 3134 hahitationesde

600 3159 658 3206 et
688 3163 801 3205 non
831 3150 1066 3206 moritur
1111 3168 1126 3207 :
1171 3151 1352 3207 anima
1381 3159 1562 3208 autem
1592 3161 1822 3208 mortem
1853 3166 1960 3209 non
1985 3151 2212 3223 recipit;

607 3239 790 3298 anima
830 3256 966 3313 ergo
992 3256 1103 3298 non
1124 3243 1380 3300 moritur.

1235 3355 1468 3414 CAPUT
1509 3357 1579 3413 X.

606 3447 888 3519 Scriptura
933 3464 1136 3522 quoque
1183 3451 1477 3505 animarum
1523 3451 1889 3507 immortalitas
1940 3450 2217 3521 probatur;

676 3558 768 3597 nec
799 3559 904 3598 non
939 3542 1133 3598 eisdem
1173 3545 1441 3614 superiora
1486 3543 1788 3600 habitacula
1834 3545 2169 3616 assignantur
2202 3563 2216 3600 :

679 3636 766 3692 ubi
811 3647 858 3692 et
907 3638 1201 3710 exploditur
1256 3637 1685 3709 philosophorum
1722 3639 2219 3712 metempsychosis;

676 3748 739 3786 ac
768 3731 956 3788 deinde
999 3731 1212 3803 querela
1245 3733 1308 3788 de
1327 3732 1598 3804 justorum
1641 3731 1807 3788 dilata
1850 3734 2086 3789 mercede
2138 3731 2222 3788 di-

680 3827 756 3883 lui
769 3836 872 3884 tur.

682 3921 774 3978 43.
817 3921 1094 3980 Habemus
1126 3937 1259 3994 ergo
1306 3921 1610 3990 rationem,
1649 3921 1747 3980 sed
1781 3923 1900 3980 haec
1943 3923 2218 3979 humana:

619 4014 753 4072 illud
787 4015 1028 4074 divinum
1053 4060 1067 4086 ,
1123 4015 1268 4088 quod
1299 4017 1377 4074 ait
1405 4017 1671 4074 Dominus
1704 4035 1716 4071 :
1753 4016 2070 4074 Potestalcm
2121 4017 2220 4070 ha-

615 4110 708 4166 beo
778 4111 1002 4181 ponendi
1060 4112 1287 4166 animam
1339 4127 1554 4178 meam;
1611 4123 1658 4166 et
1711 4119 2012 4181 potestatem
2065 4110 2225 4165 habeo

617 4202 802 4256 iterum
825 4203 1060 4258 sumendi
1101 4221 1217 4259 eam
1256 4203 1450 4276 (Joan.
1472 4220 1531 4271 x,
1563 4204 1677 4274 18).
1712 4204 1874 4260 Vides
1905 4204 2067 4274 igitur
2096 4201 2222 4274 quia

615 4309 728 4350 non
755 4295 986 4352 moritur
1014 4310 1135 4351 cum
1165 4311 1420 4365 corpore,
1451 4311 1575 4366 qum
1618 4305 1672 4352 et
1703 4295 1921 4366 ponitur
1967 4305 2022 4352 et
2069 4311 2225 4352 resu-

621 4391 806 4458 mitur,
860 4401 916 4447 et
965 4391 1020 4447 in
1051 4407 1246 4447 manus
1287 4392 1380 4448 Dei
1408 4392 1588 4447 Patris
1639 4391 2070 4448 commendatur.
2114 4391 2222 4450 Sed

613 4483 755 4540 forte
801 4482 952 4539 dicas
994 4482 1023 4522 ι’
1069 4483 1310 4554 speciale
1365 4498 1490 4540 esse
1537 4482 1683 4553 quod
1745 4483 1946 4539 Christi
2002 4492 2109 4550 est,
2166 4492 2222 4540 et

617 4577 866 4649 quamvis
909 4575 1000 4633 ille
1040 4592 1160 4647 quae
1203 4584 1331 4632 sunt
1378 4576 1615 4632 hominis
1669 4578 1992 4647 susceperit,
2042 4585 2222 4632 tamen

2319 3161 2515 3233 quibus
2544 3163 2676 3219 dicit
2725 3163 3010 3232 Dominus,
3041 3167 3237 3224 multas
3267 3166 3589 3225 mansiones
3618 3184 3753 3228 esse
3792 3170 3901 3242 apud

2241 3268 2287 3333 α
2321 3255 2537 3314 Patrem
2567 3274 2746 3327 suum,
2780 3275 2914 3331 quas
2955 3261 3092 3327 suis,
3128 3277 3360 3334 pergens
3413 3263 3482 3318 ad
3528 3263 3786 3331 Patrem,
3826 3266 3900 3320 die

2317 3351 2512 3423 cipulis
2539 3363 2874 3424 prtepararet
2920 3353 3102 3425 (Joan.
3147 3373 3262 3423 xxv,
3288 3357 3374 3430 2).
3417 3357 3528 3414 Sed
3574 3359 3774 3415 Esdm
3809 3373 3904 3414 usus

2318 3459 2440 3502 sum
2469 3446 2708 3518 scriptis,
2739 3454 2796 3502 ut
2819 3458 3150 3517 cognoscant
3176 3450 3434 3522 gentiles,
3465 3467 3530 3507 ea
3563 3467 3692 3523 qua:
3726 3455 3777 3508 in
3802 3453 3902 3508 Phi-

2320 3541 2582 3612 losophia:
2615 3541 2771 3598 libris
2796 3541 2962 3615 408
2991 3543 3279 3611 mirantur,
3314 3543 3575 3599 translata
3612 3545 3685 3601 de
3719 3545 3902 3602 nostris.

2321 3635 2498 3706 Atque
2540 3635 2744 3691 utinam
2790 3649 2898 3690 non
2930 3634 3202 3706 superﬂua
3237 3635 3323 3691 his
3357 3645 3414 3692 et
3439 3636 3663 3693 inutilia
3693 3638 3905 3695 miscuis-

2321 3739 2482 3797 sent;
2513 3738 2571 3784 ut
2601 3728 2845 3785 dicerent
2867 3729 3075 3785 animas
3105 3729 3384 3785 hominum
3413 3731 3627 3801 pariter
3647 3748 3714 3789 ac
3742 3731 3904 3790 bestia-

2322 3839 2439 3881 rum
2469 3839 2590 3881 esse
2619 3839 2960 3893 communes,
2989 3839 3286 3896 earumque
3316 3841 3598 3883 summum
3628 3829 3901 3898 praemium,

2323 3918 2369 3973 si
2401 3932 2718 3990 magnorum
2758 3919 3208 3991 phil050phorum
3235 3918 3433 3975 animae
3457 3920 3510 3974 in
3536 3935 3673 3992 apes
3705 3931 3796 3977 aut
3819 3923 3902 3976 lus-

2323 4011 2494 4067 cinias
2519 4010 2914 4084 demigrarent;
2939 4021 2996 4068 ut
3021 4011 3116 4084 qui
3142 4021 3268 4068 ante
3296 4011 3582 4068 hominum
3614 4029 3788 4086 genus
3813 4029 3902 4069 ser-

2324 4120 2487 4162 mone
2519 4106 2814 4176 pavissent,
2847 4114 3032 4178 postea
3062 4107 3242 4163 mellis
3270 4106 3586 4174 dulcedine,
3621 4118 3720 4165 aut
3747 4118 3900 4166 cantus

2325 4201 2593 4257 suavitate
2645 4201 2969 4258 mulcerent.
3020 4201 3164 4257 Satis
3202 4200 3380 4258 fuerat
3418 4201 3630 4258 dixisse
3658 4201 3767 4261 illis
3789 4199 3899 4273 quod

2327 4294 2572 4351 liberatae
2596 4292 2792 4351 animae
2821 4295 2890 4351 de
2911 4280 3231 4366 cOrporibns
3261 4292 3410 4354 αἷδην
3438 4303 3717 4366 peterent,
3746 4295 3794 4351 id
3817 4303 3896 4360 est,

2326 4393 2504 4450 locum
2537 4393 2627 4463 qui
2662 4407 2770 4448 non
2798 4391 3110 4462 videretur,
3139 4405 3298 4463 quem
3331 4391 3514 4447 locum
3543 4390 3719 4449 latine
3763 4389 3900 4448 infer-

2326 4501 2456 4542 num
2480 4485 2730 4542 dicimus.

2397 4578 2486 4634 46.
2522 4579 2768 4650 Denique
2793 4587 2849 4634 et
2869 4578 3146 4650 Scriptura
3171 4579 3481 4637 habitacula
3512 4581 3610 4638 illa
3633 4581 3899 4638 animarum

620 4669 746 4742 quia
778 4669 1008 4726 alterius
1044 4679 1130 4726 est
1175 4685 1354 4726 causa:
1383 4679 1438 4726 et
1487 4669 1628 4726 istud
1659 4680 1924 4736 astruere,
1976 4686 2046 4727 ne
2085 4669 2299 4731 tem-D
2325 4672 2693 4744 promptuaria
2748 4675 3078 4745 nuncupavit
3124 4673 3216 4747 (IV
3260 4672 3421 4728 Esdr.
3482 4689 3593 4741 vn,
3627 4676 3767 4746 52):
3807 4689 3899 4746 qua:

618 4779 718 4837 pus
743 4773 1004 4832 teramus,
1035 4763 1162 4820 audi
1188 4763 1460 4822 dicentem
1491 4780 1506 4820 :
1536 4767 1674 4833 Quid
1694 4767 1793 4823 scis
1839 4782 1906 4821 an
1949 4774 2098 4821 nocte
2122 4764 2223 4821 hac

611 4878 642 4916 a
694 4872 741 4918 te
787 4872 878 4918 tua
905 4863 1080 4916 anima
1123 4870 1427 4933 reposcatur
1458 4861 1612 4934 (Luc.
1638 4879 1731 4933 xu,
1767 4862 1906 4935 20)?
1948 4861 2220 4932 Numquid

615 4956 759 5013 dixit
801 4975 814 5013 :
853 4955 1114 5012 Moriatur
1158 4957 1211 5010 in
1253 4963 1308 5011 te
1334 4957 1511 5011 anima
1552 4957 1680 5012 tua?
1711 4957 1860 5022 Non;
1886 4956 2000 5024 sed,
2034 4971 2216 5027 repos-

613 5053 768 5104 catur
795 5064 826 5102 a
856 5058 921 5103 te.
954 5050 1087 5116 Quae
1118 5047 1244 5103 data
1272 5056 1376 5113 est,
1416 5049 1722 5120 reposcitur,
1778 5047 1862 5105 vel
1903 5056 2140 5120 repetunt
2181 5065 2213 5102 a

619 5155 685 5202 te.
738 5145 1029 5217 Repetitur
1079 5144 1229 5201 enim
1270 5144 1476 5212 anima,
1522 5157 1628 5199 non
1685 5143 2032 5200 interimitur.
2083 5143 2216 5211 Qum

617 5237 912 5309 repetitur,
963 5249 1147 5295 manet
1199 5254 1214 5291 :
1265 5252 1387 5307 qum
1429 5235 1781 5303 interimitur,
1830 5250 1940 5292 non
2010 5241 2213 5290 manet.

617 5331 902 5402 Quomodo
928 5333 1073 5389 enim
1123 5330 1475 5398 interimitur,
1503 5328 1573 5385 de
1611 5343 1716 5399 qua
1759 5328 1900 5384 dixit
1944 5326 2217 5398 Sapientia

1947 5421 2192 5430 -_..-.‘——_—

686 5469 713 5498 α
739 5457 962 5516 Cuncta:
1009 5455 1166 5525 edit.,
1206 5464 1421 5511 mortem
1455 5470 1559 5509 non
1605 5452 1820 5522 recipit,
1847 5468 1947 5506 non
1973 5452 2211 5507 moritur.

614 5528 741 5586 Mss.
774 5531 1017 5601 aliquot.
1041 5572 1056 5586 .
1089 5570 1102 5583 .
1131 5566 1148 5601 .
1177 5568 1202 5587 .,
1250 5543 1370 5601 ergo
1399 5543 1500 5582 non
1531 5525 1774 5580 moritur.
1813 5525 2009 5580 Decem
2033 5531 2214 5579 autem

624 5600 1004 5668 melioris’aevi,
1035 5609 1096 5656 ut
1124 5600 1180 5655 in
1210 5600 1379 5656 textu.

688 5669 819 5726 1’lta
864 5665 1049 5749 plures
1096 5671 1443 5749 potioresque
1491 5684 1624 5749 mss,
1670 5685 1699 5749 a
1743 5665 2113 5749 quihusetlit.
2148 5681 2214 5722 eo

619 5748 823 5812 tantum
848 5738 1131 5808 dissideni,
1157 5742 1300 5812 quod
1332 5738 1550 5807 habent,
1575 5740 1684 5812 Sed
1703 5755 1787 5807 ne,
1817 5748 1922 5795 etc.
1947 5738 2051 5793 Alii
2079 5752 2209 5794 mss.

570 5816 576 5820 ’
618 5811 838 5885 partim.
867 5851 882 5866 .
911 5853 923 5864 .
957 5853 972 5868 .
1000 5811 1225 5885 speciale
1250 5830 1380 5885 esse
1428 5813 1566 5885 quod
1616 5811 1870 5885 Christus'
1905 5819 1977 5866 est
2014 5825 2035 5866 :
2091 5824 2214 5880 par-

623 5883 718 5940 tim
756 5922 772 5941 .
799 5920 816 5942 .
847 5926 858 5939 .
889 5925 901 5939 .
931 5881 1068 5955 quod
1121 5883 1410 5956 specialiter
1440 5881 1646 5941 Christi
1685 5892 1784 5941 est.
1837 5881 2044 5943 Rursus
2089 5889 2214 5956 post

2322 4779 2617 4821 occurrens
2664 4766 2903 4836 querelae
2935 4767 3187 4822 humanm
3206 4807 3222 4831 ,
3252 4781 3318 4823 eo
3345 4766 3488 4838 quod
3510 4765 3650 4837 justi
3678 4768 3768 4839 qui
3794 4781 3900 4838 prs.

2323 4867 2602 4915 cesserunt
2622 4899 2637 4926 ,
2662 4857 2947 4916 videantur
2976 4875 3148 4931 usque
3175 4859 3242 4916 ad
3265 4859 3458 4930 judicii
3486 4861 3663 4930 diem,
3695 4878 3786 4934 per
3809 4861 3902 4934 plu-

2322 4953 2518 5008 rimum
2561 4951 2772 5008 scilicet
2823 4954 3103 5024 temporis,
3137 4953 3316 5011 debita
3359 4955 3466 5010 sibi
3491 4958 3900 5014 remuneratione

2321 5047 2588 5115 fraudari,
2632 5048 2956 5105 mirabiliter
2994 5049 3071 5104 ait
3107 5063 3328 5105 corona:
3366 5065 3489 5106 esse
3516 5051 3754 5108 similem
3779 5052 3897 5107 illum

2318 5140 2507 5212 judicii
2535 5141 2677 5198 diem
2709 5140 2796 5213 (IV
2832 5140 2987 5197 Esdr.
3021 5156 3077 5209 v,
3101 5142 3217 5211 4‘2),
3245 5143 3301 5198 in
3329 5157 3436 5213 quo
3468 5153 3490 5182 ε
3526 5144 3672 5200 sicut
3699 5160 3801 5200 non
3824 5157 3899 5199 no-

2325 5232 2672 5289 vissimorum
2702 5233 2953 5301 tarditas,
2981 5233 3060 5288 sic
3090 5247 3200 5288 non
3241 5235 3481 5305 priorum
3510 5235 3788 5292 velocitas.
3815 5235 3899 5293 Coo

2326 5340 2475 5381 rana:
2519 5326 2665 5381 enim
2691 5324 2824 5394 ,dies
2867 5334 3217 5397 exspectatur
3256 5327 3325 5384 ab
3365 5327 3664 5396 omnibus;
3705 5339 3764 5385 ut
3785 5329 3898 5385 intra

2323 5464 2493 5521 pauca
2514 5494 2528 5517 ,
2563 5461 2688 5528 oct_o
2730 5467 2979 5528 mss.__ac
3020 5463 3131 5511 vet.
3166 5455 3323 5520 edit.,
3372 5465 3542 5511 tamen
3569 5458 3697 5528 quia
3717 5459 3898 5514 alterius

2322 5533 2399 5577 est
2435 5540 2609 5579 causa.
2639 5523 2801 5601 Rom.
2831 5523 2996 5601 edit.,
3026 5567 3042 5583 .
3073 5564 3089 5581 .
3117 5566 3133 5582 .
3165 5528 3362 5601 altioris
3388 5537 3464 5583 est
3492 5523 3685 5601 causae.
3721 5528 3897 5601 Reliqui

2322 5609 2455 5651 mss.
2481 5636 2496 5651 .
2523 5637 2537 5652 .
2566 5637 2578 5650 .
2610 5637 2625 5653 .
2647 5635 2661 5650 .
2693 5597 2904 5652 alterius
2948 5607 3022 5653 est
3060 5615 3251 5668 causis,
3295 5599 3398 5656 hoc
3421 5607 3526 5668 est,
3561 5599 3630 5657 ad
3662 5601 3802 5659 aliud
3825 5597 3896 5656 n-

2319 5677 2635 5739 gutnenlum
2665 5671 2922 5739 pertinet.

2398 5749 2419 5777 ο
2447 5737 2608 5795 Solus
2643 5737 2816 5798 codex
2845 5742 2903 5798 S.
2938 5740 3068 5808 Th.,
3100 5742 3250 5800 Sicut
3282 5743 3680 5801 nouissimorum
3709 5745 3898 5802 tarditas

2317 5826 2422 5937 :zqn
2466 5813 2788 5883 excludetur,
2819 5815 2893 5869 sic
2921 5830 3013 5872 nec
3048 5816 3279 5887 priorum
3306 5817 3549 5873 uelocitas
3577 5827 3701 5874 ante
3735 5817 3894 5874 admit-

2339 5898 2366 5937 e
2387 5897 2469 5936 ur.

2339 5897 2469 5938 etur.
