4082 6370
161 348 270 411 561

1281 355 1370 412 DE
1407 352 1586 413 BONO
1623 353 1877 415 MOR'I'IS
1912 356 2117 416 LIBER
2155 357 2361 418 UNUS.

3371 369 3480 427 56!

163 488 296 532 eum
343 474 488 534 diem
527 483 586 533 et
625 477 752 534 victi
795 478 1155 546 erubescant,
1186 485 1243 535 et
1270 475 1502 533 victores
1537 475 1766 546 palmam
1793 479 1846 539 A
1871 479 2214 550 requiescent
2241 482 2456 554 stipatae
2484 483 2751 555 praesidiis
2772 485 3108 558 angelorum.
3128 486 3360 558 Quintus
3381 502 3481 555 au,

165 571 549 642 adipiscantur
578 573 839 630 victoriae.
872 572 1006 628 Illud
1033 587 1246 645 quoque
1283 585 1390 627 non
1432 570 1650 642 reliquit
1678 585 1773 626 oc-

167 664 379 724 cultum
417 679 484 722 eo
511 665 656 736 quod
692 665 1002 736 superiores
1029 665 1319 723 videantur
1343 664 1434 734 qui
1457 674 1584 720 ante
1608 679 1773 737 gene.

167 758 279 816 rati
319 766 474 824 sunt,
520 758 847 814 inﬁrmiores
891 759 980 829 qui
1014 766 1220 829 postea.
1253 756 1600 827 Comparavit
1627 757 1770 814 enim

168 859 333 908 utero
362 850 607 908 mulieris
636 859 822 921 partus
849 850 1008 920 hujus
1030 849 1217 906 saeculi
1249 846 1339 922 (IV
1371 847 1530 904 Esdr.
1566 865 1620 914 v,
1643 849 1768 922 53);

168 944 428 1015 quoniam
459 942 716 1000 fortiores
740 954 868 999 sunt
917 944 1005 1014 qui
1042 944 1095 998 in
1117 942 1398 1014 juventute
1423 943 1639 999 virtutis
1659 943 1772 999 nati

168 1047 334 1104 sunt,
383 1036 708 1093 infirmiores
765 1037 856 1108 qui
904 1045 1148 1107 tempore
1201 1038 1514 1093 senectutis.
1568 1036 1774 1094 Deiecit

168 1131 317 1187 enim
340 1130 680 1186 multitudine
699 1129 1061 1203 generationis
1089 1129 1193 1186 hoc
1215 1130 1473 1186 saeculum
1492 1139 1770 1202 tamquam

106 1206 108 1209 ’
167 1225 337 1280 vulva
379 1225 716 1297 generantis,
762 1233 819 1281 et
866 1233 1136 1294 tamquam
1182 1238 1472 1280 senescens
1519 1233 1773 1281 creatura

167 1319 339 1376 robur
358 1318 657 1391 juventutis
678 1334 814 1389 suae,
843 1320 991 1376 velut
1010 1320 1273 1377 marcenti
1296 1318 1406 1390 jam
1427 1319 1624 1376 virium
1650 1334 1774 1376 sua-

166 1429 292 1471 rum
317 1414 533 1486 vigore,
565 1413 810 1484 deponit.

242 1508 333 1564 47.
369 1506 514 1578 Ergo
535 1505 663 1562 dum
685 1515 1034 1578 exspectatur
1054 1507 1335 1579 plenitudo
1369 1509 1648 1580 temporis,
1677 1523 1774 1566 ex-

169 1608 424 1671 apectant
450 1600 644 1660 anima:
679 1600 1178 1657 remunerationem
1206 1601 1466 1658 debitam.
1493 1601 1640 1658 Alias
1660 1617 1775 1658 ma-

171 1701 270 1748 net
316 1707 507 1765 pmna,
550 1695 685 1750 alias
727 1694 934 1766 gloria;
970 1703 1025 1751 et
1065 1705 1242 1752 tamen
1285 1712 1384 1752 nec
1422 1695 1531 1752 illae
1555 1697 1770 1754 interim

171 1784 296 1841 sine
339 1785 554 1856 injuria,
586 1802 688 1843 nec
713 1787 832 1843 istae
870 1789 990 1844 sine
1018 1788 1197 1845 fructu
1243 1798 1387 1846 sunt.
1419 1789 1551 1846 Nam
1578 1798 1634 1847 et
1663 1790 1772 1847 illae

1876 576 1986 626 tem
2030 571 2167 628 ordo
2201 574 2578 633 exsultationis
2619 578 2908 636 uberrimae
2945 579 3108 638 habet
3133 582 3478 651 suavitatem,

1872 663 2016 735 quod
2059 679 2126 720 ex
2152 665 2256 723 hoc
2292 671 2660 740 corruptibilis
2688 675 2934 744 corporis
2962 689 3184 732 carcere
3209 677 3263 732 in
3295 676 3473 733 lucem

1872 753 2288 828 libertatemque
2316 763 2688 832 pervenerint,
2719 774 2774 821 et
2797 766 3181 836 repromissam
3211 767 3313 824 sibi
3344 783 3473 839 pos-

1873 846 2087 905 sideant
2107 849 2498 910 hazreditatem.
2541 855 2639 912 Est
2668 858 2814 913 enim
2847 859 2983 915 ordo
3010 861 3369 933 quietis,quia
3397 874 3482 918 est

1874 949 1929 998 et
1942 945 2358 1001 resurrectionis
2376 947 2953 1024 :lSicutenim'ingAdam
2973 969 3147 1009 omnes
3161 955 3477 1024 moriuntur,

1873 1033 1947 1088 ita
1976 1044 2022 1088 et
2051 1035 2104 1090 in
2143 1035 2368 1106 Christo,
2423 1041 2629 1111 inquit,
2660 1058 2834 1098 omnes
2850 1046 3267 1114 viviﬁcabuntur.
3304 1045 3482 1102 Unus-

1872 1129 2087 1200 quisque
2111 1139 2281 1186 autem
2311 1132 2366 1186 in
2392 1133 2577 1189 ordine
2603 1150 2698 1188 suo
2724 1151 2736 1188 :
2771 1137 3014 1206 primith
3045 1138 3313 1206 Christus;
3337 1138 3486 1193 dein-

1876 1223 1940 1278 de
1963 1225 2053 1294 qui
2073 1235 2195 1280 sunt
2221 1225 2444 1292 Christi,
2473 1227 2561 1298 qui
2591 1227 2646 1282 in
2684 1227 2962 1284 adventum
2991 1233 3102 1302 ejus
3132 1232 3484 1300 crediderunt,

1875 1316 2062 1372 deinde
2099 1319 2218 1385 ﬁnis
2249 1319 2314 1392 (II
2343 1319 2464 1376 Cor.
2517 1337 2616 1390 xv,
2648 1321 2720 1376 εξ
2748 1331 2797 1378 et
2829 1323 2983 1394 seq.).
3008 1324 3124 1380 Erit
3156 1327 3319 1397 igitur
3346 1327 3485 1383 ordo

1872 1408 2118 1467 diversus
2147 1411 2414 1469 claritatis
2451 1424 2506 1469 et
2535 1414 2722 1484 gloriae
2746 1458 2762 1482 ,
2797 1417 2937 1472 sicut
2961 1417 3065 1473 erit
3090 1418 3226 1473 ordo
3254 1419 3482 1474 merito.

1873 1518 2013 1559 rum.
2060 1505 2353 1566 Processus
2389 1523 2605 1579 quoque
2649 1508 2903 1564 ordinum
2946 1524 3261 1580 processum
3291 1511 3480 1582 expri-

1875 1598 1976 1653 mit
2018 1598 2278 1655 claritatis
2325 1599 2416 1672 (IV
2451 1601 2612 1656 Esdr.
2661 1605 2783 1675 vn).
2826 1605 3068 1676 Denique
3094 1615 3249 1661 sexto
3291 1606 3484 1663 ordine

1875 1690 2341 1751 demonstrabitur
2377 1695 2476 1763 iis,
2508 1697 2651 1768 quod
2688 1698 2868 1754 vultus
2907 1715 3093 1756 earum
3119 1700 3259 1756 sicut
3285 1701 3368 1756 sol
3399 1701 3486 1756 in-

1874 1786 2043 1857 cipiat
2084 1786 2388 1860 refulgere,
2438 1798 2493 1845 et
2519 1790 2800 1846 stellarum
2834 1792 3125 1849 luminibus
3146 1793 3484 1872 comparari;

169 1879 423 1935 videntes
449 1882 792 1938 servantibus
818 1883 991 1955 legem
1037 1883 1130 1938 Dei
1160 1887 1455 1956 repositam
1486 1901 1609 1941 esse
1630 1901 1774 1941 mer-
1799 1877 1850 1939 Β
1877 1879 1967 1948 qui
1995 1889 2173 1936 tamen
2204 1879 2384 1952 fulgor
2409 1895 2596 1938 earum
2623 1886 2988 1954 corruptelam
3007 1886 3118 1957 jam
3147 1888 3352 1945 sentire
3375 1903 3484 1945 non

170 1971 360 2027 cedem
398 1972 585 2042 gloriae
611 2013 626 2038 ,
658 1975 972 2030 conservari
1010 1989 1195 2030 earum
1223 1975 1292 2029 ab
1317 1958 1536 2048 Angelis
1561 1976 1772 2032 habita-

169 2063 316 2131 cula,
344 2064 445 2120 sibi
485 2073 667 2122 autem
696 2064 1149 2124 dissimulationis
1179 2077 1234 2123 et
1261 2069 1611 2125 contumacia:
1639 2085 1770 2141 sup-

169 2156 332 2229 plicia
366 2155 564 2225 futura,
591 2169 642 2215 et
673 2159 928 2230 pudorem
961 2169 1015 2216 et
1042 2163 1442 2228 confusionem;
1474 2172 1533 2218 ut
1555 2165 1773 2222 intuen-

170 2263 257 2309 tes
277 2253 504 2324 gloriam
533 2254 819 2320 Altissimi,
841 2256 1168 2313 erubescant
1195 2258 1247 2312 in
1279 2259 1396 2328 ejus
1420 2268 1772 2329 conspectum

166 2349 381 2415 venire,
405 2347 560 2419 cujus
581 2348 830 2404 mandata
860 2351 1268 2406 temeraverint.
1298 2351 1450 2408 Sicut
1473 2352 1616 2408 enim
1636 2368 1775 2424 pra:-

173 2441 438 2497 varicatio
482 2443 614 2498 Adae
639 2485 653 2509 ,
688 2442 760 2498 ita
802 2453 856 2499 et
902 2444 1177 2512 confusio;
1225 2447 1480 2516 quoniam
1517 2446 1657 2504 sicut
1682 2446 1775 2502 ille

171 2549 272 2608 per
310 2535 570 2592 incuriam
607 2538 986 2594 mandatorum
1018 2541 1322 2596 caelestium
1357 2541 1539 2612 lapsus
1569 2551 1689 2609 est,
1721 2551 1776 2598 et

171 2627 381 2700 pudore
429 2643 489 2685 se
519 2630 882 2701 prolapsionis
912 2632 1236 2699 abscondit,
1278 2633 1542 2705 fulgorem
1578 2635 1777 2692 divina:

174 2724 482 2795 praesentiae
521 2725 846 2781 verecundia
887 2727 1204 2797 peccatrieis
1221 2729 1569 2785 conscientia:
1594 2729 1777 2788 subire

174 2830 284 2872 nou
317 2831 480 2872 ausus
511 2835 524 2870 :
553 2817 625 2872 ita
657 2827 712 2874 et
735 2818 928 2875 animae
960 2830 1305 2890 peccatorum
1330 2823 1594 2879 vibrantis
1622 2824 1778 2880 lumi-

177 2908 264 2963 nis
305 2908 423 2978 ejus
461 2910 808 2980 splendorem
844 2927 949 2968 nou
991 2913 1359 2982 sustinebunt,
1387 2931 1496 2986 quo
1542 2925 1681 2973 teste
1719 2932 1780 2974 se

179 3000 601 3059 reminiscentur
629 3017 864 3063 errasse.

794 3141 1028 3201 CAPUT
1067 3144 1162 3200 XI.

1875 1974 2068 2044 possit.
2103 1974 2378 2046 Septimus
2406 1991 2539 2033 vero
2565 1977 2702 2034 ordo
2741 1979 2787 2034 is
2818 1979 2942 2046 erit,
2973 1989 3032 2036 ut
3061 1981 3338 2040 exsultent
3359 1998 3484 2040 cum
3551 1988 3572 2008 ‘

1877 2065 2071 2122 fiducia
2099 2109 2113 2133 ,
2165 2077 2221 2122 et
2269 2068 2388 2124 sine
2428 2070 2538 2125 ulla
2563 2072 2911 2127 cunctatione
2941 2072 3250 2141 confidant,
3280 2082 3337 2130 et
3365 2075 3484 2133 sine

1877 2159 2240 2228 trepidatione
2263 2162 2537 2231 laetentur,
2563 2165 2884 2221 festinantes
2906 2165 3114 2222 vultum
3139 2167 3256 2238 ejus
3272 2167 3483 2236 videre,

1877 2255 1963 2311 cui
2004 2255 2207 2311 sedula:
2251 2259 2530 2314 servitutis
2575 2259 2836 2332 obsequia
2876 2261 3189 2319 detulerunt
3223 2282 3236 2318 :
3279 2263 3349 2320 de
3377 2278 3489 2335 quo

1878 2349 2113 2405 innoxiae
2136 2350 2489 2406 conscientia:
2517 2352 2898 2409 recordatione
2928 2363 3259 2425 praesumant
3285 2355 3488 2427 glorio-

1875 2457 1992 2497 sam
2021 2442 2326 2498 mercedem
2356 2442 2560 2500 laboris
2579 2446 2782 2516 exigui,
2809 2461 2970 2516 quam
2997 2448 3317 2518 incipientes
3340 2448 3483 2505 reci-

1880 2552 2033 2608 pere,
2062 2546 2433 2610 cognoverunt
2459 2539 2707 2611 indignas
2736 2555 2858 2597 esse
2889 2541 3050 2612 hujus
3081 2543 3342 2614 temporis
3362 2557 3489 2614 pas-

1878 2629 2094 2697 siones,
2132 2631 2327 2701 quibus
2372 2633 2830 2690 remunerationis
2880 2643 3101 2690 :eternae
3129 2636 3299 2707 gloria
3333 2645 3482 2694 tanta

1879 2723 2135 2780 refertur.
2178 2722 2278 2780 Hic
2304 2724 2461 2791 ordo,
2491 2725 2772 2796 inquit(IV
2805 2725 2985 2796 Esdr.,
3015 2728 3121 2800 ιχ),
3153 2729 3480 2800 animarum,

1882 2834 2002 2890 quae
2029 2827 2155 2873 sunt
2178 2818 2480 2889 justorum,
2512 2834 2648 2891 quas
2682 2819 2848 2876 etiam
2879 2821 3215 2879 immortales
3241 2839 3348 2880 non
3379 2824 3477 2881 du-

1882 2912 2073 2968 bitavit
2099 2912 2283 2969 dicere
2309 2913 2362 2967 in
2387 2914 2576 2984 quinto
2596 2913 2825 2980 ordine;
2857 2929 2922 2970 eo
2951 2915 3093 2986 quod
3117 2917 3372 2986 spatium,
3398 2917 3485 2973 in-

1883 3004 2020 3074 quit,
2051 3003 2317 3074 incipiunt
2343 3005 2589 3075 recipere
2617 3004 2857 3061 fruentes
2885 3014 2941 3061 et
2970 3007 3331 3064 immortales.
3356 3009 3485 3065 Hmc

1884 3104 1998 3162 est,
2045 3095 2220 3167 inquit
2252 3094 2416 3167 (Ibid.
2443 3095 2494 3165 ),
2525 3097 2741 3168 requies
2760 3111 2945 3152 earum
2973 3113 3072 3170 per
3099 3109 3307 3170 septem
3335 3100 3486 3156 ordi-

1887 3205 2013 3256 nes,
2043 3199 2098 3247 et
2124 3193 2319 3246 futurae
2357 3190 2546 3262 gloriae
2585 3193 2756 3262 prima
2803 3191 3141 3262 perfunctio,
3167 3194 3484 3266 priusquam

179 3257 396 3330 Septem
440 3260 648 3316 ordines
691 3261 876 3333 quibus
919 3262 1118 3335 digesta
1164 3264 1262 3318 erit
1301 3273 1414 3336 post
1461 3263 1593 3318 lianc
1627 3264 1782 3318 vitam

1888 3284 1939 3341 in
1979 3285 2092 3342 suis
2119 3257 2543 3341 habitationibus
2572 3257 2769 3356 quietae
2799 3257 3236 3356 congregationis
3257 3257 3486 3343 munere

245 3354 509 3423 justorum
535 3352 735 3424 lwtitia,
759 3357 968 3426 exponit
987 3375 1007 3424 ;
1029 3367 1181 3429 atque
1205 3367 1261 3412 ut
1287 3359 1516 3415 studiose
1529 3361 1598 3414 ad
1619 3357 1784 3414 Deum

253 3446 428 3500 anima
457 3447 790 3516 accedamus,
815 3465 976 3523 neque
996 3451 1153 3521 ﬁnem
1174 3453 1290 3508 vita:
1310 3455 1781 3529 perhorrescamus,

255 3541 511 3598 hortatur.

254 3657 346 3713 48.
391 3658 667 3717 Jnstarum
703 3670 885 3719 autem
916 3664 1219 3721 animarum
1251 3681 1347 3738 per
1377 3668 1596 3726 ordines
1621 3685 1780 3742 quos-

178 3753 307 3810 dam
347 3754 553 3826 digesta
591 3757 696 3814 erit
742 3758 931 3815 Iustitia
962 3759 1050 3833 (IV
1080 3759 1241 3816 Esdr.
1281 3778 1389 3830 vn,
1434 3763 1506 3820 49
1535 3774 1582 3819 et
1623 3765 1778 3838 seq.).

181 3847 457 3918 Primum,
489 3850 634 3922 quod
671 3853 900 3908 vicerint
935 3869 1186 3924 carnem,
1217 3871 1317 3912 nec
1355 3856 1628 3913 illecebris
1667 3859 1784 3928 ejus

183 3941 403 3998 iuﬂcxm
441 3944 568 3998 sint.
605 3945 811 4002 Deinde
834 3988 852 4014 ,
883 3947 1025 4017 quod
1056 3963 1154 4018 pro
1180 3950 1356 4019 pretio
1399 3950 1703 4006 sedulitatis
1733 3960 1787 4008 et

185 4037 516 4094 innocentia:
540 4052 673 4105 suae,
698 4042 990 4097 securitate
1015 4043 1312 4112 potiantur,
1338 4060 1438 4100 nec
1467 4045 1786 4115 quibusdam

184 4129 331 4185 sicut
371 4131 658 4202 impiorum
696 4133 892 4190 animae
922 4143 948 4171 ιι
988 4135 1265 4191 erroribus
1293 4146 1345 4192 et
1368 4138 1790 4208 perturbationi-

188 4223 294 4280 bus
335 4221 500 4296 409
528 4223 910 4294 implicentur,
944 4236 1104 4298 atque
1131 4229 1382 4284 vitiorum
1420 4244 1640 4285 suorum
1677 4245 1792 4286 mea

188 4316 363 4370 moria
415 4325 797 4388 torqueantur,
831 4328 884 4375 et
921 4322 1264 4391 exagitentur
1287 4321 1606 4392 quihusdam
1636 4337 1791 4377 cura-

144 4421 152 4428 ‘
188 4425 313 4465 rum
347 4410 588 4466 aestibus.
628 4410 848 4479 Tertio,
876 4413 1018 4482 quod
1046 4423 1274 4469 servatae
1303 4430 1334 4469 a
1361 4430 1421 4472 se
1448 4415 1583 4487 legis
1610 4414 1794 4469 divino

190 4503 506 4560 testimonio
529 4504 834 4577 fulciantur,
856 4520 914 4564 ut
940 4509 1204 4566 factorum
1227 4524 1446 4566 suorum
1475 4509 1504 4549 ι’
1527 4510 1793 4568 incertum

191 4611 448 4665 supremo
487 4598 693 4669 judicio
738 4616 844 4657 non
892 4611 1183 4659 vereantur
1229 4613 1507 4661 eventum.
1548 4605 1789 4674 Quarto,

1889 3376 2260 3450 perfruantur.
2291 3376 2448 3433 Unde
2491 3378 2568 3432 ait
2603 3375 2869 3448 propheta
2918 3377 2986 3432 ad
3011 3377 3260 3448 angelum
3295 3395 3309 3432 :
3346 3376 3492 3449 Ergo

1887 3469 2104 3526 dabitur
2129 3476 2339 3539 tempus
2360 3468 2668 3535 animabus,
2697 3477 2979 3539 postquam
3002 3477 3266 3538 separatae
3285 3468 3490 3525 fuerint

1885 3559 1956 3618 de
2023 3560 2370 3633 corporibus,
2451 3569 2510 3616 ut
2571 3559 2793 3616 videant
2863 3576 2926 3618 ea
2969 3561 3246 3633 quomodo
3302 3561 3487 3619 dixisti

1886 3653 1980 3726 (IV
1996 3652 2150 3709 Esdr.
2166 3652 2243 3726 rx)
2255 3695 2268 3707 .
2285 3654 2350 3709 Et
2369 3653 2513 3710 dixit
2530 3654 2802 3727 Angelus:
2827 3664 3035 3726 septem
3049 3654 3167 3710 dies
3192 3655 3297 3712 erit
3319 3655 3486 3710 liber-

1887 3756 1968 3804 tas
1983 3762 2191 3812 earum,
2224 3756 2284 3802 ut
2303 3746 2543 3814 videant,
2575 3751 2626 3803 in
2657 3756 2864 3820 septem
2887 3747 3105 3814 diebus,
3134 3747 3225 3819 qui
3243 3747 3487 3818 praedicti

1885 3851 2013 3899 sunt
2037 3857 2350 3906 sermones,
2383 3852 2439 3898 et
2469 3852 2656 3914 postea
2687 3843 3158 3915 congregabantur
3183 3843 3240 3898 in
3267 3842 3485 3898 habita-

1887 3938 2027 3994 culis
2070 3938 2203 3992 suis.
2249 3937 2378 3992 Hmc
2417 3937 2542 3992 ideo
2569 3938 2781 4008 plenius
2810 3938 2878 3993 de
2902 3938 3173 4006 justorum
3205 3934 3488 3992 ordinibus

1888 4045 2148 4102 expressa
2175 4039 2331 4097 sunt,
2355 4045 2518 4102 quam
2546 4031 2612 4085 de
2636 4029 2976 4100 passionibus
2999 4028 3330 4100 impiorum;
3363 4028 3488 4098 quia

1891 4128 2085 4185 melius
2109 4128 2204 4184 'est
2250 4141 2584 4198 cognoscere
2623 4124 2896 4196 quomodo
2929 4125 3248 4180 innocentes
3275 4121 3494 4178 salven-

1892 4231 2000 4291 tur,
2033 4237 2193 4293 quam
2222 4219 2494 4292 quomodo
2522 4218 2832 4275 crucientur
2857 4215 3130 4289 ﬂagitiosi.

1963 4315 2131 4390 410
2155 4315 2246 4371 49.
2297 4314 2440 4385 Ergo
2478 4312 2606 4384 quia
2639 4311 2770 4382 justi
2822 4309 2964 4366 hanc
2997 4311 3492 4367 remunerationem

1895 4413 2098 4469 habent
2119 4410 2208 4483 (S.
2229 4409 2364 4481 Aug.
2380 4409 2469 4464 lib.
2486 4424 2538 4464 ιν
2562 4417 2740 4463 contra
2751 4407 2880 4462 duas
2901 4405 3052 4476 epist.
3084 4403 3362 4478 Petag.,c.
3379 4405 3489 4478 Ii),

1896 4514 1955 4561 ut
1979 4504 2201 4560 videant
2232 4501 2424 4558 faciem
2454 4501 2567 4567 Dei,
2597 4509 2653 4556 et
2676 4500 2857 4555 lumen
2890 4498 3022 4555 illud
3049 4499 3192 4571 quod
3223 4499 3499 4556 illuminat

1897 4612 2117 4653 omnem
2158 4596 2456 4663 hominem,
2487 4593 2686 4650 abhinc
2714 4592 3002 4648 induamus
3036 4591 3346 4662 hujusmodi
3386 4602 3500 4648 stu-

194 4688 320 4760 quia
355 4691 622 4762 incipiunt
654 4693 952 4766 intelligere
993 4696 1238 4767 requiem
1264 4712 1449 4762 suam,
1478 4706 1534 4751 et
1555 4694 1790 4751 futuram
1817 4684 1874 4746 D
1897 4691 2070 4757 dium,
2099 4699 2158 4745 ut
2182 4689 2580 4761 appropinquct
2609 4687 2786 4742 anima
2816 4695 3000 4741 nostra
3033 4686 3168 4750 Deo,
3197 4684 3497 4756 appropin-

196 4781 279 4836 sui
313 4783 536 4852 gloriam
583 4787 907 4857 praevidere,
939 4802 1110 4859 eaque
1141 4804 1202 4844 se
1239 4789 1608 4845 consolatione
1650 4789 1794 4844 mul-

198 4884 419 4945 centes,
458 4878 510 4934 in
544 4879 863 4938 habitaculis
890 4883 1004 4938 suis
1031 4897 1154 4938 cum
1185 4897 1378 4953 magna
1407 4883 1801 4953 tranquillitate

276 5059 301 5085 τί
334 5048 482 5106 Unus
531 5049 666 5120 Reg.
714 5047 972 5103 Codicum
995 5087 1011 5114 ,
1041 5043 1352 5110 terroribus,
1379 5050 1430 5098 et
1459 5041 1832 5114 perturbatio--

201 5121 371 5176 nibus.
406 5121 560 5188 Quod
591 5136 694 5176 non
721 5121 991 5189 displicet.

276 5182 599 5263 bApparent
635 5182 854 5262 quidem
885 5191 1058 5263 prima
1092 5185 1423 5263 frontehaec
1464 5182 1630 5263 verba
1671 5197 1800 5263 con-

201 5255 505 5337 traria-illis
531 5255 769 5337 quas-lib.
803 5277 840 5316 ιι
863 5255 927 5315 de
954 5260 1081 5315 Cain
1098 5269 1159 5337 et‘
1173 5259 1317 5325 Abel,
1347 5272 1470 5327 cap.
1494 5255 1550 5337 2,
1579 5257 1800 5337 num..9,

205 5338 286 5392 sic
317 5334 484 5389 habes
517 5327 800 5390 {Solvitur
831 5349 1047 5405 corpore
1062 5332 1266 5405 (anima,
1297 5339 1343 5384 et
1377 5337 1490 5405 post
1512 5327 1667 5405 ﬁnem
1689 5327 1807 5380 vitae

209 5408 367 5478 hujus
393 5406 563 5478 adhuc
577 5415 756 5478 tamen
770 5397 941 5478 futuri
965 5404 1202 5478 ambiguo
1224 5397 1578 5478 suspenditur.
1591 5397 1804 5478 AVerum

206 5469 370 5535 facile
397 5477 463 5531 ab
493 5469 801 5552 hujusmodi
830 5469 1215 5552 contrarieiate
1241 5469 1807 5552 liberabiturhmbro-

207 5553 344 5615 sius,
375 5550 419 5604 si
453 5543 862 5622 consideremus
892 5547 1076 5600 ultima
1103 5546 1202 5599 ista
1233 5559 1351 5622 qua:
1383 5558 1449 5622 eo
1467 5543 1571 5596 loci
1598 5549 1804 5622 tantum

209 5614 387 5678 obiter
424 5621 600 5692 posita
629 5629 776 5685 sunt,
800 5619 912 5693 hoc
943 5631 1102 5693 sensu
1143 5614 1397 5693 explicari
1429 5628 1609 5693 posse,
1641 5621 1699 5664 ut
1730 5614 1811 5693 ui-

218 5685 614 5750 mirum'anima
651 5705 757 5745 non
783 5689 848 5745 de
885 5704 981 5742 sua
1016 5687 1270 5741 felicitate
1303 5702 1463 5755 quam
1498 5685 1598 5754 ipsi
1629 5685 1814 5751 cogni-

218 5775 327 5821 tam
360 5773 416 5820 et
465 5765 800 5834 exploratam
843 5775 963 5814 esse
996 5759 1215 5834 Patrum
1247 5757 1547 5834 communis
1575 5766 1658 5809 est
1683 5755 1815 5834 epi—

229 5839 342 5903 nio,
373 5825 585 5908 dicatur
607 5833 906 5908 ambigere,
934 5831 1029 5885 sed
1056 5831 1124 5883 de
1144 5827 1565 5908 resurrectionis
1587 5841 1652 5908 ac_
1676 5825 1819 5908 judi-f

229 5910 298 5962 cii
326 5896 439 5974 die,
467 5901 632 5961 immo
661 5917 715 5962 et
740 5896 808 5958 de
832 5902 1056 5957 fratrum
1079 5899 1275 5962 salute,
1298 5897 1512 5967 quibus,
1533 5896 1819 5951 AmhrOSio

1902 4794 2032 4858 quet
2057 4786 2256 4850 oratio,
2293 4782 2567 4837 adhaereat
2600 4781 2680 4836 illi
2709 4790 2956 4836 nostrum
2998 4780 3350 4844 desiderium,
3389 4793 3497 4834 non

1905 4894 2224 4952 separemur
2251 4877 2318 4933 ab
2347 4891 2434 4932 eo.
2470 4876 2537 4931 Et
2577 4876 2666 4932 hic
2694 4875 2910 4946 quidem
2943 4874 3126 4946 positi,
3161 4872 3498 4939 meditando,

1907 5046 2068 5105 teste,
2112 5034 2466 5105 compatitur,
2491 5041 2552 5088 ut
2587 5033 2797 5105 jam_in
2837 5031 3209 5105 admonitione
3246 5030 3315 5105 ad
3360 5030 3506 5088 hunc

1906 5102 2102 5165 librum
2131 5102 2386 5162 dixi—mus.
2426 5104 2560 5160 Nam
2608 5106 2652 5160 si
2696 5103 2764 5160 de
2785 5106 2960 5159 salute
2990 5102 3212 5173 propria
3239 5103 3324 5158 vir
3375 5116 3504 5157 san—

1906 5192 2028 5237 ctus
2081 5181 2342 5234 incertam
2393 5185 2668 5246 putasset,
2715 5175 2809 5245 qui
2834 5176 3024 5246 eodem
3078 5173 3220 5246 libro
3253 5189 3374 5242 cap.
3434 5173 3503 5240 9,

1909 5269 2058 5308 num.
2090 5252 2182 5316 51,
2213 5250 2280 5304 de
2296 5243 2460 5318 justis
2487 5243 2787 5304 demortuis
2814 5245 3041 5302 dixisset
3075 5263 3089 5301 :
3117 5243 3187 5299 Et
3211 5247 3391 5300 merito
3413 5262 3508 5316 pro

1908 5322 2188 5379 viventibus
2243 5317 2538 5386 habentur;
2597 5320 2720 5391 quia
2771 5318 2866 5372 etsi
2915 5317 3145 5391 corpot‘is
3190 5319 3511 5391 gustaverint

1908 5406 2145 5461 mortem,
2185 5395 2342 5448 vitam
2375 5403 2542 5447 tamen
2585 5389 2942 5460 incorporeum
2977 5389 3213 5458 capiunt,
3244 5396 3289 5441 et
3317 5389 3512 5442 illumi-

1913 5476 2104 5522 nantur
2116 5481 2328 5540 suorum
2345 5464 2622 5536 splendore
2635 5461 3094 5540 meritorum_,.luce
3115 5461 3516 5540 quoquefruun-

1915 5549 1996 5593 tur
2025 5547 2236 5592 teterna.
2289 5529 2516 5606 Et'cap.
2552 5549 2693 5605 seq.,
2723 5547 2875 5588 num.
2921 5534 3012 5599 ‘56,
3056 5545 3162 5606 non
3204 5529 3514 5586 dubitanter

1913 5611 2129 5685 asserit,
2162 5609 2300 5685 quod
2328 5608 2442 5678 ipsa
2465 5604 2592 5685 vera
2631 5604 2680 5685 et
2703 5606 3007 5685 beata-vita
3044 5604 3130 5685 sit,
3170 5618 3323 5685 quan}
3351 5618 3518 5685 unus-

1903 5673 2131 5752 quisque
2174 5673 2298 5734 bene
2341 5673 2737 5752 consciusvivit
2775 5675 2940 5731 multo
2980 5675 3158 5752 purius
3202 5690 3265 5752 ac
3295 5673 3515 5752 beatius,

1919 5745 2056 5808 eum'
2094 5753 2250 5824 hujus
2304 5750 2476 5824 curuis
2517 5748 2692 5824 anima
2738 5757 2914 5802 nostra
2954 5746 3248 5824 deposuerit
3313 5745 3517 5824 involat:

1918 5816 2176 5879 crunu...’
2206 5823 2262 5875 in
2312 5821 2461 5874 illum
2502 5821 2818 5886 superiorem
2865 5816 3104 5874 revolans
3143 5819 3332 5883 locum,
3380 5816 3518 5871 unde

1919 5895 2111 5950 nostris
2137 5887 2314 5960 infusa
2336 5889 2711 5946 visceribus....
2746 5890 3012 5961 ingemuit.
