4082 6370
629 349 734 406 563

629 466 880 540 legendo,
932 462 1224 539 quaerendo
1265 459 1582 532 copulemur
1637 459 1772 526 Deo,
1826 471 2220 529 cognoscamus
2248 468 2296 527 Α

632 579 754 620 eum
790 569 847 616 ut
875 571 1179 630 possumus.
1226 556 1300 610 Ex
1336 563 1487 625 parte
1511 554 1656 609 enim
1689 552 1777 607 hic
1815 551 2219 623 cognoscimus,

631 655 754 726 quia
786 653 872 708 hic
917 651 1252 720 imperfecta.
1288 648 1399 702 illic
1434 647 1668 718 perfecta
1712 647 1893 701 omnia
1930 664 1944 700 :
1976 644 2062 699 hic
2097 659 2225 712 par-

626 749 758 811 vuli,
802 745 912 802 Illic
953 745 1184 801 robusti.
1223 743 1489 810 Videmus,
1551 743 1744 813 inquit,
1793 758 1928 795 nunc
1973 757 2065 810 per
2108 757 2227 808 spe-

625 843 797 897 culum
841 842 895 894 in
949 841 1253 910 enigmata,
1313 848 1435 891 tunc
1490 847 1662 891 autem
1716 836 1848 907 {acie
1916 836 1984 887 ad
2039 836 2224 905 faciem

625 934 666 1005 (l
693 931 813 988 Cor.
850 947 964 988 ιιιιι.
1001 930 1116 1000 12).
1144 930 1294 986 Tunc
1319 933 1555 984 revelata
1586 930 1725 984 facte
1751 929 1979 998 gloriam
2013 927 2224 982 Domini

623 1023 888 1094 Speculart
922 1023 1125 1087 licebit,
1170 1037 1328 1091 quam
1377 1037 1519 1075 nunc
1550 1023 1746 1073 anima:
1787 1019 2033 1088 corporis
2069 1021 2226 1087 hujus

621 1120 892 1175 concretis
925 1118 1224 1173 visceribus
1262 1117 1542 1183 iuVolutac,
1588 1123 1644 1170 et.
1680 1115 2003 1184 quibusdam
2043 1116 2225 1170 earuis

621 1211 784 1282 hujus
830 1211 1057 1265 maculis
1092 1221 1146 1265 et
1189 1211 1591 1264 colluviombus
1633 1209 1972 1263 obumbrata:
2011 1209 2226 1264 sincere

622 1308 807 1362 videre
835 1323 941 1361 non
975 1313 1220 1375 possunt.
1250 1305 1376 1370 uuis
1402 1305 1559 1360 ettim.
1595 1302 1783 1374 inquit.
1817 1303 2002 1356 videbit
2028 1303 2224 1356 vultum

622 1416 812 1463 meum,
852 1408 898 1453 et
931 1399 1057 1452 vivet
1087 1396 1287 1468 (Exod.
1322 1411 1509 1457 xxxiii,
1536 1395 1667 1465 ‘20)?
1700 1396 1764 1448 Et
1805 1402 1970 1450 recte.
2005 1394 2137 1450 Nam
2177 1396 2222 1450 si

621 1493 753 1548 solis
805 1493 988 1548 radios
1031 1492 1174 1546 oculi
1231 1491 1403 1544 nostri
1451 1489 1594 1544 ferre
1643 1504 1746 1543 non
1790 1499 2036 1558 possunt,
2079 1502 2134 1544 et
2178 1490 2224 1544 si

625 1588 748 1657 quis
775 1585 979 1640 diutius
1009 1601 1040 1638 e
1072 1583 1294 1654 regione
1325 1583 1454 1638 solis
1482 1581 1790 1648 intenderit,
1823 1582 2017 1636 cmcari
2046 1581 2227 1636 solere

625 1679 945 1749 perhibemr
973 1695 986 1730 :
1010 1677 1055 1732 si
1083 1686 1333 1732 creatura
1364 1686 1668 1729 creaturam
1694 1673 1812 1729 sine
1844 1673 2030 1729 fraude
2063 1682 2226 1742 atque

626 1773 923 1828 offensione
958 1770 1039 1825 sui
1083 1786 1189 1824 non
1240 1779 1417 1838 potest
1459 1769 1682 1832 intueri,
1733 1767 2006 1835 quomodo
2047 1774 2226 1836 potest

1969 335 2208 398 SANC’I‘I
2247 333 2570 397 AMMOSII

3829 339 3952 392 'SM

2398 459 2528 511 hanc
2565 463 2910 510 mortuorum.
2962 457 3046 509 Ad
3072 464 3375 510 extremmn
3428 451 3688 527 prudenti
3731 452 3954 507 admoni-

2399 555 2535 608 tione
2557 553 2743 607 librum
2765 551 3002 606 absolvit.

2399 645 2491 700 52.
2548 645 2640 698 llis
2683 643 2846 714 igitur
2871 644 3026 710 freti,
3079 643 3364 714 intrepide
3421 657 3733 712 pergamus
3775 641 3838 695 ad
3878 658 3962 697 re—

2327 740 2666 806 demptorem
2712 750 2954 791 nostrum
2991 738 3218 799 Jrsum;
3275 737 3578 806 intrepide
3631 735 3701 789 ad
3749 736 3964 805 patriar-

2327 836 2552 889 charum
2612 834 2926 894 conciliuni,
2981 831 3257 901 intrepide
3305 831 3378 884 ad
3440 840 3668 896 patrem
3732 841 3954 882 nostrum

2327 932 2624 991 Abraham,
2659 945 2778 984 cum
2813 931 2931 984 dies
2957 929 3272 992 advenerit,
3298 926 3783 999 proficiscamur;
3805 925 3956 979 intre-

2327 1024 2454 1094 pide
2484 1037 2770 1092 pergamus
2813 1023 2878 1074 ad
2931 1022 3079 1074 illum
3123 1027 3460 1073 sanctorum
3505 1029 3754 1077 castum,
3798 1017 3948 1085 justo-

2329 1132 2557 1188 rumque
2579 1126 2930 1171 conventum.
2973 1114 3178 1168 Ibimus
3207 1116 3360 1166 enim
3398 1113 3472 1165 ad
3504 1120 3709 1180 patres
3741 1120 3948 1174 nostras,

2327 1211 2611 1266 ibimusad
2644 1210 2765 1263 illos
2817 1217 3014 1262 nostrae
3039 1207 3162 1260 iidei
3197 1216 3649 1276 praeceptores;
3682 1212 3741 1257 ut
3770 1206 3946 1258 etiamsi

2327 1319 2488 1374 opera
2518 1303 2721 1365 desint,
2754 1302 2886 1356 fides
2914 1303 3232 1370 epituletur,
3263 1298 3631 1354 defendatur
3665 1296 3946 1352 lizcreditas.

2328 1396 2528 1451 Ibimus
2555 1406 2610 1450 et
2641 1397 2728 1448 ubi
2761 1397 2941 1450 sinum
2974 1409 3129 1449 sumn
3161 1391 3453 1448 Abraham
3491 1400 3744 1445 sanctus
3776 1407 3945 1459 expan-

2327 1490 2425 1553 dtt,
2479 1495 2537 1542 ιιι
2582 1489 2845 1558 suscipiat
2874 1500 3161 1556 pauperes,
3207 1487 3355 1540 sicut
3404 1486 3688 1554 suscepit
3731 1496 3788 1538 et
3817 1484 3945 1537 Lm-

2329 1598 2446 1638 rum
2484 1601 2496 1636 :
2529 1584 2582 1637 in
2615 1598 2722 1652 quo
2761 1583 2880 1636 sinu
2929 1584 3303 1651 requiescunt,
3339 1580 3440 1650 qui
3493 1579 3556 1634 in
3626 1579 3743 1634 hoc
3783 1581 3945 1634 smnio

2326 1680 2509 1748 gravia
2542 1691 2706 1748 atque
2738 1693 2929 1747 aspera
2963 1677 3328 1747 pertulerunt.
4010 1733 4011 1746 ξ

2399 1769 2490 1824 55.
2520 1771 2624 1825 Sed
2655 1785 2814 1832 nunc,
2834 1780 3006 1840 pater,
3039 1771 3200 1824 etiam
3229 1779 3399 1840 atque
3428 1771 3626 1824 etiam
3658 1768 3879 1824 extende
3893 1771 3944 1821 ad

627 1868 747 1922 sine
773 1865 1015 1936 periculo
1061 1864 1142 1918 Stli
1171 1863 1475 1917 vibrantem
1522 1876 1750 1917 cernere
1778 1863 1983 1916 vultum
2011 1873 2225 1916 creato.
2255 1865 2303 1926 B
2329 1864 2732 1934 suscipiendum
2782 1863 2927 1918 hunc
2969 1877 3264 1934 pauperem
3317 1877 3532 1917 manus
3599 1869 3735 1916 tuas
3761 1904 3776 1926 ,
3828 1876 3902 1932 ape
3930 1863 3941 1915 ξ

627 1959 700 2013 ris
722 1957 935 2023 interni,
958 1958 1204 2027 corporis
1229 1956 1386 2025 hujus
1407 1969 1632 2025 opertus
1657 1953 1903 2009 exuviis?
1927 1953 2058 2021 Quis
2080 1957 2229 2008 enim

623 2051 951 2121 justtﬁcatur
980 2053 1030 2106 itt
1055 2060 1349 2119 conspectu
1381 2050 1499 2115 Dei,
1531 2065 1652 2103 cum
1685 2049 1844 2102 unius
1875 2063 2088 2118 quoque
2119 2047 2228 2102 diei

630 2143 810 2202 infans
839 2144 1074 2200 mundus
1111 2157 1141 2197 a
1187 2152 1408 2212 peccato
1445 2157 1567 2197 esse
1607 2157 1712 2195 non
1745 2139 1941 2211 possit,
1970 2151 2023 2193 et
2070 2153 2230 2195 nemo

626 2241 798 2308 possit
823 2237 894 2294 de
938 2237 1022 2294 sui
1067 2235 1250 2293 cordis
1298 2234 1612 2306 integritate
1652 2241 1710 2290 et
1747 2232 2067 2289 castimonia
2106 2233 2229 2304 glo-

627 2331 798 2386 riat'i?

697 2423 790 2480 50.
822 2422 938 2478 Non
978 2423 1264 2477 timeamus
1291 2421 1453 2492 igitur
1471 2420 1635 2490 recipi
1665 2420 1732 2475 ab
1761 2419 2090 2483 hominibus,
2121 2433 2228 2475 non

539 2567 542 2569 Α
628 2532 917 2572 vereamur
945 2516 1097 2569 illum
1134 2515 1377 2569 debitum
1424 2515 1677 2568 omnibus
1701 2514 1886 2578 liuetn,
1916 2515 1967 2566 in
1993 2529 2099 2582 quo
2132 2514 2231 2568 Es-

629 2610 756 2664 dras
780 2610 1276 2678 remunerationem
1301 2624 1412 2661 sine
1439 2608 1742 2662 devotionis
1767 2607 1992 2673 invenit,
2015 2609 2232 2664 dicente

632 2702 682 2755 ei
730 2699 1002 2756 Domino:
1039 2698 1117 2753 Tu
1166 2705 1300 2754 enim
1353 2700 1617 2770 recipieris
1645 2709 1670 2736 ’ί
1696 2698 1760 2753 ab
1805 2700 2132 2766 hominibus,
2183 2710 2231 2756 et

632 2794 1010 2848 conversaberis
1036 2793 1300 2848 residuum
1340 2809 1457 2846 cum
1491 2791 1631 2846 Filio
1657 2809 1792 2859 meo,
1819 2805 1862 2847 et
1890 2809 2007 2846 cum
2045 2793 2230 2846 simili-

634 2889 724 2943 bus
761 2898 861 2944 tuis
885 2886 975 2960 (IV
1007 2886 1166 2942 Esdr.
1192 2902 1311 2953 inv,-
1329 2886 1405 2955 9).
1438 2885 1592 2954 Quod
1636 2890 1681 2942 si
1729 2887 1803 2941 illi
1834 2889 2132 2958 gloriosum
2178 2893 2234 2942 et

626 2990 925 3060 jucundqu
952 3002 1068 3045 erat
1097 3003 1219 3042 cum
1244 2989 1512 3045 similibm
1535 2988 1872 3054 consertrari,
1902 3003 2105 3060 quanto
2133 3005 2224 3043 uo-

631 3085 714 3140 bis
744 3086 1038 3156 glm-iosius
1063 3086 1167 3142 erit
1193 3095 1249 3142 et
1273 3087 1567 3157 jucundius
1596 3087 1661 3142 ad
1693 3087 1947 3144 meliores
1979 3106 2226 3159 pergere,

631 3193 683 3238 et
703 3185 1016 3238 conversari
1047 3199 1167 3239 cum
1197 3186 1281 3251 iis,
1308 3201 1535 3256 quorum
1571 3187 1706 3240 facta
1740 3188 2040 3242 miramur?

2332 1975 2594 2030 grennum
2630 1971 2802 2023 tuum,
2832 1959 3080 2029 expande
3107 1959 3258 2013 sinus
3287 1969 3437 2026 tuos,
3478 1970 3546 2012 ut
3581 1961 3789 2028 plures
3814 1961 3939 2013 sasi-

2333 2055 2470 2125 pias,
2519 2055 2641 2123 quia
2695 2053 2910 2125 plurimi
2955 2053 3006 2107 iu
3058 2052 3353 2107 Dominum
3407 2054 3822 2109 crediderunt.
3868 2054 3940 2109 Sed

2334 2157 2535 2212 tamen,
2578 2147 2824 2216 quamvis
2875 2147 3009 2201 ﬁdes
3062 2149 3322 2211 creverit,
3379 2148 3659 2216 abundat
3703 2149 3864 2217 iniqui
3883 2164 3938 2208 as,

2333 2239 2639 2309 refrigescit
2663 2240 2919 2294 Charitas.
2954 2241 3152 2294 Ibimus
3174 2241 3241 2294 ad
3269 2255 3392 2304 eos,
3417 2243 3522 2311 qui
3551 2243 3880 2298 recumbunt
3899 2242 3938 2295 ia

2334 2349 2500 2400 regno
2536 2333 2632 2388 Dei
2672 2348 2796 2388 cum
2822 2334 3118 2400 Abraham,
3169 2333 3339 2402 Isaac,
3373 2347 3431 2390 et
3459 2335 3690 2400 .IaCob,
3731 2338 3937 2407 quoniam

2333 2429 2507 2498 rogati
2533 2427 2597 2482 ad
2630 2444 2840 2483 οωιιιιιιι
2873 2445 2978 2483 non
3009 2445 3068 2484 se
3087 2440 3519 2484 excusaverunt.
3553 2431 3778 2486 Ibimus
3803 2430 3938 2486 eauti

2334 2521 2618 2592 paradisus
2658 2529 2742 2575 est
2771 2522 3146 2591 jucunditatis,
3190 2522 3281 2577 ubi
3313 2523 3497 2578 Adam
3549 2525 3659 2595 qui
3714 2525 3876 2580 incidit
3898 2526 3934 2578 iu

2334 2613 2592 2674 latrones,
2626 2614 2795 2668 nescit
2824 2614 2934 2683 jam
2983 2616 3201 2669 vulnera
3249 2629 3343 2668 sua
3384 2615 3558 2682 ﬂere,
3611 2619 3714 2674 ubi
3756 2629 3805 2674 et
3833 2620 3932 2671 latro

2334 2708 2450 2779 ipse
2493 2709 2642 2779 regni
2685 2709 2924 2765 ctelestis
2954 2710 3231 2764 consortio
3268 2712 3626 2779 gratulatur,
3686 2716 3779 2769 ubi
3815 2714 3930 2768 nulla

2335 2803 2537 2867 nubes,
2590 2804 2734 2857 nulla
2786 2803 3055 2869 tonitrua,
3097 2803 3258 2858 “lliile
3303 2810 3778 2874 coruscationcs,
3823 2808 3927 2863 nulli

2335 2905 2618 2949 ventorum
2672 2897 2930 2965 procell,
2976 2913 3150 2967 neque
3187 2900 3448 2963 tenele
3511 2915 3718 2973 neque
3761 2919 3925 2972 vesper,

2335 3003 2510 3058 neque
2557 2998 2736 3054 :estas,
2772 3005 2946 3059 neque
2993 2990 3182 3061 Ityetns
3211 2991 3356 3045 vices
3399 2993 3723 3050 variabunt
3767 3005 3926 3063 tenua-

2333 3095 2473 3133 rum.
2506 3079 2620 3134 Non
2651 3081 2840 3152 frigus,
2876 3098 2980 3136 non
3013 3083 3240 3153 grando,
3274 3101 3381 3138 non
3417 3087 3661 3153 pinvize.
3701 3105 3807 3145 noo
3836 3091 3924 3143 Selii

2335 3173 2490 3227 istius
2512 3176 2617 3228 erit
2644 3191 2789 3239 usus,
2818 3184 2913 3230 aut
2942 3177 3104 3242 luna),
3138 3194 3310 3247 neque
3342 3179 3649 3236 stellarum
3677 3184 3820 3254 globi
3841 3181 3922 3236 :er

703 3276 793 3331 51.
849 3279 980 3343 Quis
1041 3277 1225 3347 utique
1274 3279 1439 3345 prior,
1487 3277 1708 3341 Esdras,
1749 3294 1815 3331 an
1863 3280 2063 3334 Plato?
2093 3279 2226 3334 Nam

2334 3265 2449 3319 sola
2506 3267 2595 3320 Dei
2647 3266 2872 3337 fulgebit
2918 3271 3152 3324 claritas.
3194 3272 3455 3327 Dominus
3504 3279 3672 3330 enim
3725 3279 3821 3332 erit
3865 3278 3920 3329 Ιελι

633 3367 834 3423 Paulus
885 3368 1093 3435 Esdrai,
1143 3386 1248 3423 non
1282 3369 1524 3423 Platonis
1569 3377 1791 3424 secutus
1823 3381 1906 3426 est
1936 3373 2097 3427 dicta.
2136 3373 2271 3427 [ἲς-⁸

631 3459 758 3514 dras
803 3461 1061 3514 revelavit
1095 3461 1388 3515 secundmn
1443 3462 1696 3515 collatam
1738 3463 1790 3517 in
1837 3479 1896 3518 se
1949 3465 2233 3520 revelatio-

632 3565 757 3606 nem
779 3551 954 3620 justos
977 3567 1098 3606 cum
1121 3551 1339 3608 Christo
1365 3553 1597 3618 futurus,
1631 3553 1840 3608 futuros
1864 3571 1984 3610 cum
2005 3561 2226 3613 sanctis.

632 3645 771 3700 Hinc
798 3652 852 3699 ct-
873 3644 1130 3700 Socrates
1159 3646 1247 3700 ille
1275 3646 1533 3700 festinare
1555 3661 1612 3700 se
1635 3647 1783 3712 dicit,
1817 3647 1924 3702 bad
1955 3650 2077 3704 illos
2104 3667 2232 3706 suos

630 3738 764 3794 deos
788 3781 802 3805 ,
833 3739 899 3792 ad
931 3740 1055 3794 lllos
1083 3740 1317 3809 optimos
1339 3741 1503 3796 viros.
1539 3741 1726 3796 Nostra
1752 3754 1878 3798 sunt
1909 3746 2090 3816 itaque
2114 3764 2232 3815 quae

631 3834 684 3887 in
717 3832 1166 3902 ριιιιοεοιιὴυιιιιιι
1198 3833 1396 3888 litteris
1426 3845 1688 3902 praestant
1721 3853 1733 3889 :
1765 3849 1818 3892 et
1849 3838 1939 3893 ille
1969 3841 2146 3908 posuit
2169 3856 2230 3894 ea

631 3941 859 3996 quorum
912 3929 1187 3996 proprittut
1243 3927 1612 3982 teStimoniutn
1673 3945 1778 3983 non
1829 3930 2097 3985 habebat:
2132 3945 2232 3986 nos

631 4018 800 4072 divini
846 4020 1103 4089 pra-copti
1151 4017 1415 4074 habemus
1469 4019 1868 4086 auctoritatem,
1915 4021 2130 4094 Moyses
2176 4031 2233 4079 et

648 4110 792 4166 Elius
840 4128 963 4166 cum
1013 4114 1231 4168 Christo
1279 4124 1648 4184 apparuerunt
1695 4114 1908 4186 (Matth.
1963 4132 2092 4183 xvtt,
2139 4119 2226 4188 5);

633 4203 906 4258 Abraham
961 4203 1097 4258 duos
1154 4207 1294 4260 alios
1347 4222 1469 4260 cum
1519 4207 1630 4261 Deo
1668 4224 1767 4263 suo
1815 4209 2055 4279 suscepit
2105 4210 2233 4265 hos-

634 4297 770 4367 pilio
811 4295 981 4366 (Gen.
1026 4313 1174 4365 xvtn,
1215 4301 1321 4368 2);
1367 4298 1535 4354 Jacob
1578 4302 1670 4356 Dei
1713 4312 1895 4356 castra
1946 4307 2234 4374 conspexit

637 4388 792 4461 (Gen.
819 4403 990 4454 xxxii,
1021 4388 1116 4460 2);
1148 4391 1334 4445 Daniel
1369 4393 1547 4460 justus
1587 4393 1730 4448 sicut
1759 4395 1930 4448 solem
1963 4405 2019 4451 et
2048 4397 2231 4452 stellas

632 4483 840 4553 fulgere
867 4485 921 4537 in
949 4485 1112 4550 cado,
1145 4487 1419 4541 revelante
1448 4487 1548 4542 sibi
1579 4486 1784 4558 Spiritu
1805 4498 2017 4555 sancto,
2051 4491 2236 4548 decla-

632 4579 774 4636 ravit
805 4579 972 4653 (Dan.
996 4594 1093 4649 xu,
1121 4579 1198 4651 5).

1139 4717 1300 4792 [.11
1332 4717 1561 4776 CAPUT
1601 4719 1716 4775 xu.

631 4832 910 4893 .Eternam
935 4831 1231 4904 felicitatem
1267 4831 1528 4905 describit.
1557 4850 1713 4905 quam
1755 4835 1901 4892 nobis
1927 4838 2082 4892 etiam
2114 4841 2228 4896 des-

699 4929 916 4982 tinatam
955 4941 1066 4980 esse
1091 4924 1428 4980 demonstrat.
1471 4924 1670 4981 Deinde
1692 4931 1922 5002 ejusdem
1951 4935 2228 5004 qualitates

700 5035 1031 5091 prosequens,
1076 5019 1221 5074 illam
1248 5020 1478 5074 vivorum
1518 5021 1776 5093 regionem
1821 5040 1931 5079 esse
1975 5029 2217 5098 ostendit,

693 5193 719 5220 ε
741 5182 899 5236 Rom.
925 5178 1083 5243 edit.,
1111 5180 1174 5232 ab
1200 5179 1459 5244 omnibus,
1483 5189 1528 5233 et
1560 5182 1937 5237 conversaberis
1959 5189 2214 5246 residuus.

620 5257 712 5313 Sic
743 5253 906 5307 ριίεηη
938 5251 1194 5324 -γιιΙθιηιι,
1218 5265 1339 5319 qua:
1365 5267 1480 5324 pro,
1516 5250 1653 5324 Filio
1682 5268 1816 5318 meo,
1842 5258 1986 5324 quod
2018 5259 2219 5317 habent

618 5341 811 5383 Omnes
835 5321 1024 5376 Ambr.
1061 5337 1192 5394 mss.
1222 5322 1552 5390 atquerdit.,
1589 5323 1738 5394 lt-git,
1769 5321 1984 5380 consilio
2013 5348 2141 5385 meo.

688 5395 982 5476 1'ita‘n‘tlss.
1017 5407 1078 5446 ac
1107 5392 1237 5476 edit.
1269 5408 1482 5476 milites,
1517 5392 1740 5476 excepta
1777 5396 1931 5476 “Otii.
1971 5401 2054 5452 ubi
2091 5405 2219 5476 legi-

621 5481 728 5532 lur,
762 5466 829 5518 ad
854 5466 971 5518 illos
1003 5465 1292 5530 semideos;
1321 5467 1569 5536 idqueex
1597 5463 1848 5536 Apologia
1879 5463 2218 5534 Socratisth

622 5542 697 5615 aut
724 5538 1023 5615 marginem
1048 5545 1361 5615 adnotatur.
1393 5535 1499 5592 Sed
1544 5535 1648 5615 non
1693 5542 1935 5615 Videmus
1966 5542 2030 5594 ad
2061 5561 2218 5615 quom

625 5611 772 5662 illius
806 5608 1077 5675 Apologia:
1106 5607 1280 5658 lurqu
1333 5611 1435 5662 huc
1480 5613 1648 5674 possit
1695 5607 1905 5671 referri,
1945 5617 2042 5666 lllSl
2079 5607 2220 5673 inme

625 5681 900 5752 atlistutn,
951 5680 1134 5752 inquo
1160 5681 1451 5752 exponitur
1478 5695 1635 5746 quant
1668 5680 1820 5752 bella
1857 5682 2102 5752 migratio
2132 5691 2217 5744 illa

626 5749 715 5828 sit,
752 5761 936 5798 \'t‘l|ll'e
966 5747 1030 5828 εἶά
1059 5764 1152 5828 ῗθῗ
1176 5749 1265 5816 (Ιηί
1287 5765 1430 5813 1³³⁵⁸⁸
1466 5752 1604 5819 apud
1643 5751 1847 5805 “"th
1870 5747 2222 5828 ""2""mriu‘

629 5821 834 5891 dicare,
857 5820 1047 5891 quales
1080 5821 1516 5887 ltlta'lamautus,
1565 5833 1768 5889 etc.,...
1808 5828 1896 5878 καὶ
1933 5821 2068 5884 ἄλλοι
2113 5820 2220 5891 deos

632 5897 731 5948 τῶν
758 5887 994 5957 ἡμιθέων,
1027 5901 1131 5946 etc.
1159 5895 1318 5965 Atqui
1348 5898 1450 5953 hoc
1482 5900 1654 5970 ipsum
1683 5887 1853 5956 multo
1883 5887 2220 5960 commodius

2336 3361 2576 3413 omnium
2605 3378 2618 3426 ;
2661 3371 2714 3416 rt.
2737 3361 2863 3416 illud
2891 3363 3072 3418 lumen
3104 3381 3312 3431 verum,
3345 3367 3493 3432 quod
3534 3370 3820 3425 illuminat
3844 3388 3922 3422 na:-

2338 3467 2458 3506 nem
2492 3451 2791 3518 hominem,
2827 3454 3044 3526 fulgebit
3084 3458 3352 3512 munibus.
3386 3458 3604 3517 Ibimus
3636 3481 3709 3518 eo
3737 3464 3821 3518 ubi
3843 3480 3921 3517 ser-

2336 3545 2474 3597 vulis
2497 3545 2610 3599 suis
2647 3548 2905 3600 Dominus
2931 3547 3089 3604 Jesus
3127 3554 3442 3606 mansiones
3491 3559 3750 3622 paravit,
3782 3572 3827 3609 ιιι
3867 3560 3923 3608 rli

2336 3637 2430 3694 ille
2451 3650 2555 3705 est,
2589 3649 2645 3694 et
2673 3656 2772 3695 nos
2801 3643 2990 3695 simus.
3018 3643 3108 3697 Sic
3137 3645 3280 3697 enim
3314 3645 3508 3698 voluit.
3537 3649 3686 3712 Qua.-
3713 3652 3821 3705 sint
3847 3652 3920 3703 tii'ﬁ

2335 3734 2644 3788 mansiones
2667 3733 2793 3788 audi
2830 3735 3102 3790 dicentem
3129 3753 3142 3789 :
3176 3734 3240 3789 In
3263 3735 3417 3791 domo
3447 3737 3646 3794 Patris
3673 3745 3778 3796 mei
3811 3761 3920 3795 om

2334 3827 2502 3880 siones
2545 3827 2720 3880 multa:
2751 3839 2866 3881 sunt
2899 3827 3075 3900 (Joan.
3109 3845 3214 3895 xw,
3258 3830 3335 3900 Ξ).
3372 3831 3510 3898 Qua:
3551 3835 3628 3888 sit
3657 3836 3917 3890 voluntas:

2335 3917 2555 3984 lterum,
2603 3920 2793 3989 inquit,
2827 3921 2992 3985 venio,
3037 3933 3083 3975 et
3127 3923 3352 3976 accersio
3382 3941 3471 3979 vos
3501 3926 3578 3978 ad
3637 3945 3728 3982 me
3756 3930 3914 3998 ipsum.

2334 4021 2388 4065 ut
2419 4011 2506 4065 ubi
2528 4029 2619 4084 ego
2648 4029 2784 4077 sum,
2805 4025 2847 4066 et
2870 4030 2956 4068 vos
2985 4015 3098 4068 sitis
3131 4013 3180 4086 (1
3189 4014 3319 4083 bid.,
3346 4017 3425 4083 5).

2407 4107 2495 4162 54.
2530 4108 2636 4162 Sed
2660 4107 2808 4162 dices
2825 4112 2948 4179 quia
2967 4111 3098 4164 solis
3118 4107 3398 4181 discip’ulis
3417 4112 3780 4182 loquebatur,
3805 4113 3918 4186 qoozl

2335 4201 2468 4269 ipsis
2499 4200 2630 4256 solis
2659 4204 3014 4271 spoponderit
3042 4203 3240 4258 inultas
3275 4205 3612 4260 mansiones.
3650 4207 3823 4278 Igitur
3850 4225 3920 4261 uu-

2335 4294 2510 4349 decim
2541 4303 2748 4350 tantum
2774 4296 3053 4366 discipulis
3077 4299 3453 4368 przrparabat?
3483 4298 3553 4353 Et
3579 4302 3676 4354 ubi
3709 4313 3787 4356 est
3817 4298 3919 4355 illud

2334 4389 2478 4454 quod
2510 4406 2576 4444 ex
2607 4390 2862 4446 omnibus
2907 4391 3090 4445 mundi
3121 4391 3367 4463 partibus
3390 4395 3618 4449 venient
3647 4407 3710 4451 et
3738 4412 3915 4453 recum-

2335 4481 2460 4538 bent
2505 4481 2559 4536 in
2607 4483 2698 4538 Dei
2735 4482 3168 4554 regno-(Matth.
3195 4499 3317 4549 vui,
3351 4485 3482 4555 il)?
3530 4485 3700 4544 Unde
3759 4491 3921 4544 volun-

2336 4577 2464 4631 tatis
2493 4575 2696 4631 divina:
2723 4575 3034 4631 dubitamus
3077 4577 3341 4634 effectus?
3385 4579 3493 4635 Sed
3535 4579 3748 4637 Christi
3782 4583 3915 4643 velle,

2255 4687 2308 4746 ι)
2335 4667 2529 4724 fecisse
2569 4676 2671 4723 est.
2706 4668 2950 4738 Denique
2972 4668 3369 4725 demonstravit
3397 4680 3451 4727 et
3493 4674 3681 4737 viam,
3715 4676 3919 4729 deinon-

2330 4759 2525 4815 Stravit
2567 4769 2624 4814 et
2657 4759 2856 4822 locum,
2887 4758 3077 4816 dicens
3106 4778 3119 4814 :
3148 4759 3216 4814 Et
3243 4778 3347 4831 quo
3376 4764 3531 4828 vado,
3555 4780 3647 4818 vos
3688 4769 3851 4831 scitis,
3888 4782 3906 4820 ε

2328 4853 2467 4908 viam
2505 4854 2645 4908 scitis
2687 4851 2864 4923 (Joan.
2909 4870 3016 4917 XIV,
3048 4853 3128 4926 4).
3173 4856 3347 4911 Locus
3387 4858 3529 4927 apud
3563 4857 3788 4916 Patrem
3834 4872 3915 4925 est,

2329 4946 2415 5000 via
2448 4946 2699 5002 Christus
2729 4957 2833 5012 est,
2864 4949 3003 5002 sicut
3028 4949 3142 5016 ipse
3176 4950 3283 5003 ait:
3318 4949 3429 5022 Ego
3457 4969 3569 5005 sum
3598 4957 3700 5019 via,
3733 4967 3780 5009 et
3805 4956 3915 5009 reri-

2332 5047 2431 5108 tas,
2483 5051 2530 5094 et
2584 5040 2707 5094 vita.
2769 5039 2937 5094 Nemo
2989 5040 3121 5094 venit
3174 5041 3242 5094 ad
3296 5039 3509 5097 Patrem
3564 5047 3666 5100 nisi
3701 5065 3795 5118 per
3838 5063 3912 5101 me.

2325 5196 2590 5274 referatur
2629 5198 2695 5252 ad
2727 5199 2910 5274 alium
2943 5199 3120 5254 locum
3165 5215 3226 5274 ex
3261 5199 3571 5274 [’ltrrdone,
3603 5203 3781 5274 'quem
3823 5211 3913 5263 suis

2325 5271 2500 5350 verbis
2534 5270 2618 5324 hic
2656 5269 2994 5336 Sttitjittltlllh‘.
3032 5278 3131 5327 Νῦν
3173 5270 3226 5327 δέ
3257 5266 3311 5327 εὖ
3339 5271 3452 5330 ἴστε
3494 5266 3573 5330 ὅτι.
3600 5266 3709 5350 πάῥ
3748 5279 3912 5340 ἄνδρες

2322 5361 2375 5419 ξε
2408 5341 2589 5406 ἐλπίζω
2616 5344 2880 5419 ἀφίξεσθ-αι
2907 5345 3153 5419 ἀγαθούς,
3187 5349 3270 5398 nui
3289 5352 3441 5419 τρῦτο
3467 5350 3559 5419 μὲν
3583 5341 3688 5403 οὐδέ
3715 5346 3774 5405 ἂν
3803 5352 3910 5408 πᾶη

2323 5410 2884 5490 ᾃιὶσίψρισᾳίμην.-ὅῖι
2918 5410 3115 5490 μίένγτᾳι
3146 5419 3290 5490 nupsi
3317 5410 3477 5478 Θεούξ
3490 5419 3756 5484 δεσπότας
3796 5429 3908 5480 πάιν

2325 5480 2539 5546 ἀγαθαῖς
2569 5487 2720 5561 niam,
2756 5480 2810 5539 εὖ
2841 5480 2952 5541 iure
2978 5489 3120 5561 εἰπὲρ
3150 5510 3200 5543 τι
3222 5480 3346 5542 ’ἄλλο
3367 5497 3466 5544 τῶν
3490 5495 3734 5548 τοιούτων
3758 5535 3773 5557 ,
3797 5495 3908 5550 titio-

2324 5560 2647 5630 χυρισαίμην
2676 5553 2733 5611 ἂν
2757 5561 2842 5612 καὶ
2867 5565 3042 5638 “ro-iro.
3071 5553 3227 5612 [Vane
3253 5576 3317 5612 att
3342 5577 3419 5613 em
3445 5562 3597 5630 probe
3626 5553 3787 5618 nasl
3810 5585 3905 5638 spe-

2321 5640 2439 5678 rare
2469 5643 2546 5678 me
2570 5634 2680 5694 [Ore
2724 5641 2775 5679 ut
2813 5633 2880 5681 ad
2914 5631 3074 5684 bonos
3103 5634 3237 5685 viros
3283 5649 3330 5698 ρρ
3347 5636 3587 5695 ruentam,
3637 5637 3733 5688 hoc
3763 5631 3906 5691 tamen

2323 5714 2424 5749 non
2450 5703 2659 5752 omnino
2692 5701 3051 5771 aﬂirmoverim
3083 5703 3258 5771 :quod
3295 5717 3410 5754 vero
3439 5705 3505 5754 ad
3537 5706 3660 5759 deos
3694 5709 3905 5762 dominas

2321 5773 2458 5841 omni
2481 5786 2544 5822 ex.
2569 5783 2713 5839 parte
2735 5778 2894 5825 bonos
2920 5787 3252 5840 perventurus
3283 5774 3399 5838 sim,
3426 5777 3547 5826 bene
3578 5779 3742 5831 nosds
3761 5797 3792 5832 a
3817 5795 3900 5841 me,

2321 5840 2367 5892 si
2394 5841 2518 5910 quid
2548 5842 2698 5897 aliud
2723 5843 3050 5917 ltujasmodt,
3083 5845 3216 5901 illud
3241 5857 3376 5902 certe
3402 5845 3668 5918 ofﬁrmari.
