4082 6370
142 346 270 406 563

1295 347 1383 402 DE
1423 339 1602 401 ΒΟΝΟ
1641 341 1902 401 MORTIS
1941 339 2144 403 LIBER
2184 345 2386 403 UNUS.
3372 350 3478 406 366

141 459 1062 540 (Joan.1v,6).lngrediamurhanc
1081 467 1246 532 viam,
1272 473 1555 522 teneamus
1579 466 1779 521 verita-
1804 471 1857 530 Α
1885 473 1989 520 tus.
2025 461 2180 522 Unde
2223 453 2365 520 enim
2408 457 2516 520 illic
2561 463 2743 533 ﬂetus,
2775 465 2864 520 ubi
2908 459 3088 521 nullus
3135 466 3220 522 est
3251 463 3481 537 lapsus?

143 571 305 628 tem,
339 563 508 617 vitam
549 567 858 635 sequamur.
889 561 988 617 Via
1017 571 1101 618 est
1130 575 1250 632 qua}
1281 560 1546 632 perducit,
1577 559 1776 615 veritas

141 664 241 711 est
275 670 404 727 quae
427 655 735 718 coiilirmat,
766 654 927 728 [‘12
955 663 981 692 ι
1007 654 1112 710 vita
1136 670 1254 725 qur
1285 670 1379 724 per
1407 669 1467 708 se
1499 652 1767 708 redditur.

145 748 227 804 Et
265 759 329 803 ut
352 753 593 804 sciamus
616 763 796 806 veram
831 746 1182 814 voluntatem,
1213 746 1412 802 addidit
1435 747 1485 800 in
1509 747 1776 817 posterio-

145 843 324 897 ribus
356 860 369 898 :
407 842 566 898 Pater
587 887 600 910 ,
631 861 756 915 quos
783 844 970 896 dedisti
1009 843 1153 909 mihi,
1182 844 1294 896 volo
1319 851 1372 896 ut
1405 842 1489 895 ubi
1515 858 1606 913 ego
1636 858 1770 907 sum,

144 949 200 995 et
265 938 355 994 illi
415 939 518 994 sint
565 955 800 1003 mecum,
846 948 904 991 ut
959 938 1160 992 videant
1200 935 1229 975 δ
1273 937 1558 991 claritatem
1612 952 1774 989 meant

149 1032 356 1107 (Joan.
392 1049 520 1092 xvtt.
556 1033 671 1098 12).
705 1031 975 1101 Β-’ρριίιὶο
1006 1031 1106 1084 ista
1134 1030 1476 1085 Conllrmatio
1499 1037 1602 1094 est,
1633 1029 1772 1083 sicut

146 1125 303 1182 illud
339 1143 352 1178 :
388 1125 671 1188 Abraham,
712 1120 976 1176 Abraham
1010 1120 1164 1194 (Gen.
1203 1136 1339 1184 χχιι,
1372 1120 1460 1190 l)!
1503 1120 1565 1174 Et
1595 1119 1722 1173 alibi
1755 1137 1768 1173 :

145 1219 276 1293 Ego
297 1231 434 1278 sum.
458 1235 548 1291 ego
563 1236 698 1285 sum,
714 1220 803 1289 qui
816 1219 958 1274 deleo
973 1219 1268 1288 iniquitates
1283 1227 1397 1271 tuas
1416 1213 1592 1286 (Esai.
1614 1231 1768 1281 XLIII,

140 1314 273 1387 25).
309 1315 540 1370 Pulchre
570 1323 751 1370 autem
780 1316 924 1379 quod
957 1329 1118 1384 supra
1151 1313 1422 1383 promisit,
1457 1309 1546 1366 hic
1577 1325 1774 1382 pepos-

142 1408 252 1463 c'tt.
292 1407 365 1462 Et
391 1409 514 1476 quia
542 1417 670 1462 ante
709 1409 985 1479 promisit,
1018 1421 1070 1463 et
1111 1409 1189 1462 sic
1219 1408 1486 1478 poposcit,
1511 1424 1616 1461 non
1647 1415 1772 1460 ante

143 1501 437 1572 poposcit,
473 1510 527 1555 et
547 1503 626 1556 sie
659 1502 942 1570 promisit:
975 1502 1217 1571 promisit
1247 1502 1398 1572 quasi
1429 1503 1634 1557 arbiter
1656 1516 1774 1556 mu-

145 1597 335 1656 neris.
387 1595 639 1650 conscius
692 1596 977 1665 potestatis
1012 1612 1025 1649 :
1058 1596 1302 1664 peposcit
1338 1610 1368 1649 a
1418 1595 1578 1650 Patre
1619 1595 1769 1665 quasi

144 1691 384 1760 pietatis
423 1691 710 1760 interpres.
755 1689 822 1745 Et
875 1699 998 1743 ante
1033 1690 1304 1761 promisit,
1339 1701 1394 1743 ιιι
1449 1700 1767 1759 potestatem

142 1797 504 1852 cognoscas:
537 1783 778 1853 poposcit
811 1789 1019 1852 postea,
1060 1793 1118 1837 ut
1167 1788 1422 1852 pietatem
1470 1783 1764 1854 intelligas.

141 1875 272 1930 Non
307 1877 553 1944 poposcit
579 1882 728 1936 ante,
761 1883 816 1929 et
843 1876 924 1929 sic
948 1875 1223 1944 premisit;
1251 1891 1318 1931 ne
1344 1875 1623 1930 videretur
1642 1892 1764 1946 pro—
1793 1879 1840 1938 B

144 1969 376 2024 misisse
422 1967 600 2037 potius
645 1968 788 2040 quod
823 1970 1226 2038 impetraverat,
1268 1985 1427 2040 quam
1459 1968 1601 2039 quod
1635 1985 1762 2040 pro-

153 2063 409 2128 tniserat,
443 2063 780 2134 prte~titisse.
813 2061 922 2117 Nec
948 2063 1280 2132 superﬂuum
1319 2072 1474 2133 putes
1500 2063 1642 2134 quod
1668 2079 1765 2134 po-

155 2166 366 2227 poscn,
409 2173 530 2212 eum
562 2157 655 2212 tibi
699 2159 976 2227 exprimat
1023 2167 1260 2227 patetnm
1291 2157 1586 2234 voluntatis
1627 2173 1761 2213 eon-

144 2253 414 2317 sortium,
447 2253 497 2305 in
531 2268 637 2323 quo
670 2253 891 2306 unitatis
922 2251 1200 2318 indicium,
1236 2266 1342 2307 non
1367 2252 1759 2308 incrementum

148 2354 232 2399 est
269 2347 576 2410 potestatis.

221 2438 315 2493 5.3.
352 2437 642 2508 Sequimur
669 2447 742 2504 te,
776 2439 1003 2494 Domine
1024 2438 1152 2494 Jesu
1186 2455 1198 2492 :
1235 2436 1330 2494 sed
1373 2445 1427 2491 ttt
1467 2453 1762 2509 sequamur

147 2530 386 2596 accersi,
423 2533 544 2599 quia
597 2532 712 2586 sine
751 2541 802 2586 te
851 2531 1030 2602 nullus
1071 2529 1334 2584 ascendit.
1367 2529 1444 2583 Tu
1479 2529 1622 2584 enim
1676 2532 1758 2585 via

146 2640 230 2682 es.
257 2626 480 2689 veritas,
504 2627 633 2692 vita,
667 2637 689 2664 ο
713 2625 1062 2695 possibilitas.
1093 2623 1248 2684 lides.
1286 2625 1590 2694 praemium.
1619 2625 1760 2680 Sus-

148 2718 272 2786 cipe
316 2733 417 2771 nos
457 2719 608 2786 quasi
642 2719 748 2782 via,
789 2718 1047 2772 conﬁrma
1093 2716 1246 2786 quasi
1294 2719 1512 2781 veritas,
1548 2717 1760 2774 vivilica

148 2813 307 2880 quasi
343 2813 470 2863 vita.
503 2810 687 2865 Pande
710 2811 842 2864 illud
876 2809 1258 2864 tuum'bouum
1291 2810 1432 2881 quod
1458 2811 1644 2867 videre
1666 2813 1760 2867 de-

151 2902 432 2958 siderabat
465 2903 653 2964 David,
701 2903 1016 2957 inhabitans
1049 2904 1099 2958 in
1129 2903 1292 2957 dutuu
1325 2903 1570 2969 Domini;
1605 2905 1759 2961 ideo-

153 3011 260 3065 que
292 2994 509 3049 tlicebat
540 3011 552 3048 :
587 2995 715 3062 Quis
742 2996 962 3049 ostendit
1002 2995 1147 3049 nobis
1179 2993 1312 3048 bona
1346 2991 1518 3067 (I’sal.
1556 3012 1628 3061 tv,
1664 2996 1761 3064 6)?

156 3085 225 3140 Et
255 3085 382 3141 alibi
412 3105 422 3140 :
455 3084 622 3141 Credo
650 3087 824 3141 videre
854 3088 982 3142 bona
1018 3087 1224 3141 Domini
1249 3088 1298 3141 in
1329 3098 1462 3141 terra
1489 3090 1759 3143 viventium

157 3177 334 3250 (Psal.
366 3193 513 3244 χχιι,
541 3179 651 3248 15).
683 3177 761 3234 lbi
788 3181 930 3233 enim
963 3187 1089 3234 sunt
1117 3180 1280 3244 bona,
1310 3181 1397 3233 tibi
1428 3180 1530 3234 vita
1564 3195 1757 3252 perpe-

1882 557 1984 614 Ubi
2008 568 2134 614 sunt
2156 559 2329 614 sancti
2360 559 2434 614 tui
2462 560 2741 615 erroribus
2759 567 2812 614 et
2840 539 3313 625 sollicitudinibuS,
3346 560 3479 616 insi-

1879 651 2082 722 pientia
2112 661 2275 718 atque
2303 652 2630 722 ignorantia,
2657 653 2851 708 timore
2877 667 2941 708 ac
2969 659 3137 715 metu.
3165 645 3479 725 cupiditati-

1879 744 1979 798 bus
2005 755 2168 814 atque
2195 746 2475 812 corporeis
2500 743 2902 801 colluvionibus
2930 757 2983 802 et
3015 749 3356 816 pas-sicuibus
3383 751 3479 803 ah-

1879 835 2066 899 solttti,
2099 835 2186 890 ubi
2218 835 2368 903 regio
2398 837 2692 892 viventium
2715 847 2817 894 est.
2853 837 2921 893 Et
2948 845 3006 893 ut
3031 842 3324 896 assertioni
3351 838 3477 896 huic

1878 931 2235 1002 adjungamus
2265 931 2667 999 auctoritatem,
2701 931 2770 987 de
2799 933 2900 987 lioc
2933 931 3074 989 bono
3104 934 3370 1005 Propheta
3402 934 3478 988 di-

1877 1027 1948 1080 cit
1993 1043 2006 1078 :
2040 1023 2366 1090 Convertere,
2397 1026 2573 1077 anima
2603 1031 2740 1087 mea,
2776 1027 2829 1080 iit
2877 1028 3102 1096 requiem
3145 1033 3308 1092 luam,
3356 1031 3481 1097 quia

1876 1119 2128 1174 Dominus
2155 1118 2400 1188 benefecit
2421 1121 2510 1174 tibi
2539 1137 2558 1174 :
2578 1122 2818 1190 quoniam
2847 1122 3033 1186 eripuit
3062 1124 3286 1178 animam
3311 1140 3476 1178 meam

1876 1214 1938 1267 de
1967 1224 2147 1280 morte,
2173 1215 2346 1268 oculos
2379 1230 2514 1268 meos
2537 1230 2568 1267 a
2595 1214 2861 1286 laergmis,
2897 1213 3050 1285 pedes
3077 1231 3214 1270 meos
3238 1233 3268 1270 a
3297 1217 3469 1285 lapsu.

1877 1306 2104 1362 Placebo
2149 1305 2367 1362 Domino
2407 1308 2460 1361 in
2502 1302 2711 1382 regione
2751 1308 2979 1362 vivorum
3009 1305 3129 1382 (Ps.
3178 1324 3322 1376 cxtv,
3356 1310 3388 1364 7
3427 1320 3474 1364 et

1874 1399 2030 1474 seq).
2079 1400 2325 1462 Placebo.
2370 1401 2528 1465 dixit,
2581 1416 2687 1456 non
2722 1399 2928 1470 placeo,
2961 1401 3064 1457 hoc
3085 1412 3190 1470 est,
3232 1402 3300 1458 de
3336 1413 3475 1458 tetu-

1877 1510 2009 1564 pore
2049 1494 2150 1548 sibi
2199 1495 2472 1550 blanditur
2527 1494 2730 1550 futuro.
2777 1496 3065 1550 Contraria
3120 1507 3246 1550 sunt
3288 1507 3471 1552 autem

1876 1587 2039 1661 413
2084 1588 2442 1659 prmsentilius
2470 1589 2669 1656 futura,
2721 1600 2776 1643 et
2824 1588 3214 1660 temporalibus
3241 1599 3466 1644 aeterna.

1874 1687 1940 1742 Et
1970 1687 2094 1743 ideo
2121 1687 2378 1759 quoniam
2420 1688 2491 1743 ibi
2522 1689 2767 1743 vivorum
2798 1688 3092 1759 regio,-ltic
3117 1687 3302 1758 utique
3329 1701 3477 1742 mor-

1873 1790 2114 1837 tuorum.

1941 1875 2030 1930 56.
2076 1880 2158 1930 An
2208 1891 2316 1930 non
2363 1883 2702 1930 mortuorum
2746 1874 2860 1930 haec
2907 1875 3090 1946 regio,
3141 1876 3231 1930 ubi
3280 1875 3473 1930 umbra

1869 1967 2085 2035 mortis,
2115 1971 2202 2024 ubi
2237 1978 2392 2040 porta
2426 1971 2640 2039 mortis,
2666 1969 2756 2024 ubi
2784 1973 2983 2041 corpus
3007 1978 3089 2026 est
3121 1971 3348 2026 mortis?
3375 1971 3477 2028 De-

1868 2063 2032 2133 nique
2085 2062 2321 2118 donatur
2367 2059 2552 2129 Petro,
2587 2079 2655 2119 ne
2688 2063 2828 2118 forte
2875 2073 3043 2133 porta:
3075 2059 3231 2119 inferi
3266 2081 3473 2134 praeva-

1869 2157 2018 2213 leant
2055 2159 2102 2212 ei
2134 2157 2350 2232 (Matth.
2382 2175 2491 2226 xw,
2528 2155 2638 2225 18).
2671 2159 2844 2213 Porta:
2877 2155 3033 2213 inferi
3062 2159 3178 2213 isne
3211 2163 3341 2214 sunt
3361 2169 3473 2215 ter-

1865 2269 2031 2308 rente.
2060 2252 2217 2308 Unde
2247 2263 2299 2308 et
2327 2253 2414 2307 ille.
2438 2243 2505 2307 ait
2538 2270 2549 2304 :
2577 2254 2676 2319 Qui
2697 2249 2895 2306 exultas
2923 2265 3002 2304 me
3022 2251 3085 2305 de
3108 2252 3267 2321 portis
3293 2254 3473 2307 mortis

1864 2343 2035 2415 (Psal.
2065 2361 2139 2403 ιιι.
2171 2346 2280 2414 15).
2319 2344 2471 2400 Sicut
2497 2344 2638 2398 enim
2671 2355 2794 2397 sunt
2818 2342 3232 2414 porttejustltiir
3261 2343 3313 2398 iu
3352 2346 3474 2411 qui-

1867 2436 1968 2491 bus
2021 2437 2193 2490 sancti
2247 2436 2478 2491 Domino
2508 2437 2857 2500 t-oulitcntur,
2891 2436 2960 2489 ita
3004 2443 3129 2488 sunt
3175 2435 3466 2491 criminum

1865 2540 2037 2600 perlue
2081 2530 2134 2584 in
2185 2532 2380 2599 quibus
2426 2528 2574 2598 impii
2624 2529 2904 2583 hominum
2940 2537 3297 2598 negaverunt.
3332 2530 3472 2585 Audi

1863 2625 2118 2693 quooiam
2181 2626 2331 2694 regio
2377 2625 2477 2677 ista
2525 2624 2596 2676 sit
2647 2631 3006 2676 mortuorum.
3059 2620 3124 2677 Si
3166 2623 3279 2694 quis
3312 2622 3470 2694 igitur

1862 2729 2122 2774 mortuum
2172 2721 2426 2790 tetigerit,
2456 2717 2751 2772 immundus
2795 2719 2890 2772 erit
2932 2715 3140 2788 (Nam.
3177 2732 3270 2773 χιχ
3294 2761 3309 2784 ,
3353 2717 3466 2789 Η).

1864 2812 2181 2867 Itutuundus
2228 2819 2409 2866 autem
2440 2810 2496 2866 in
2526 2818 2821 2881 conspectu
2872 2811 3082 2865 Duntini
3136 2813 3316 2866 onmis
3360 2810 3465 2865 ini-

1864 2924 2025 2978 quus.
2053 2906 2107 2963 Si
2140 2910 2263 2976 quis
2299 2906 2460 2976 igitur
2491 2906 2726 2975 tetigerit
2753 2905 3119 2976 iniquitatem,
3155 2903 3467 2959 immundus

1865 3001 2001 3055 erit:
2027 3002 2070 3054 si
2097 3002 2217 3070 quis
2250 3000 2301 3052 in
2335 2999 2565 3062 deliciis,
2591 3007 2838 3051 mortuus
2861 3016 2875 3061 ς
2900 3000 3141 3066 quoniam
3165 3011 3280 3066 qute
3303 2996 3356 3050 in
3379 2995 3467 3050 de-

1863 3095 1996 3149 liciis
2028 3101 2122 3158 est,
2155 3093 2323 3146 t-ivens
2355 3099 2558 3143 mortua
2588 3099 2658 3143 est
2690 3087 2747 3158 (1
2775 3086 2910 3142 Tim.
2947 3103 2999 3150 ν,
3032 3089 3106 3155 6).
3135 3087 3198 3142 Et
3232 3090 3322 3158 qui
3349 3087 3467 3141 inli-

1863 3188 2015 3242 deles
2055 3195 2210 3249 sunt,
2261 3181 2600 3238 descendunt
2629 3183 2693 3235 'iu
2739 3180 3010 3235 infernum
3041 3180 3327 3234 viventes:
3362 3173 3463 3234 etsi

155 3280 242 3325 tua
276 3281 376 3336 est,
410 3271 516 3326 vita
558 3273 678 3327 siue
704 3274 954 3328 crimine.
989 3273 1129 3328 Alibi
1163 3290 1379 3343 quoque
1421 3276 1533 3328 ait:
1568 3275 1758 3343 Reple—
1785 3269 1830 3332 C
1865 3280 2145 3336 ttOltiscutll
2181 3277 2432 3331 videntur
2461 3278 2678 3338 vivere,
2714 3271 2806 3329 sed
2853 3272 2906 3326 in
2953 3269 3167 3326 inferno
3206 3279 3352 3326 sunt.
3405 3270 3462 3328 Si

154 3362 323 3417 bimur
352 3364 404 3418 in
431 3363 578 3418 bonis
622 3367 800 3419 domus
825 3377 926 3419 tua:
963 3366 1136 3435 (l’sal.
1171 3381 1310 3429 LXIV,
1343 3367 1419 3439 5).
1449 3367 1603 3436 Quod
1637 3370 1756 3427 ideo

155 3457 542 3529 frequentavit,
577 3467 636 3514 ttt
665 3462 836 3515 scires
868 3459 994 3514 ltinc
1022 3461 1222 3515 bonum
1248 3461 1376 3515 illud
1403 3461 1754 3532 pltilOSﬂpltOS

155 3553 521 3616 transtulisse,
551 3549 577 3589 ἀ
604 3552 747 3623 quod
780 3569 1048 3607 summum
1089 3564 1363 3609 asserunt.
1399 3553 1581 3611 Pande
1626 3571 1756 3626 ergo

156 3645 284 3702 illud
311 3661 439 3702 vere
461 3646 660 3701 bonum
693 3657 865 3713 tuum,
901 3647 1031 3701 illud
1065 3648 1333 3713 divinum,
1368 3647 1420 3703 iu
1453 3665 1560 3714 qttu
1593 3659 1643 3703 et
1675 3650 1758 3704 vi-

157 3740 352 3801 vimus,
385 3747 440 3795 et
466 3753 673 3806 sumus,
708 3749 1063 3796 ettuovemur
1089 3743 1229 3811 (Act.
1263 3756 1402 3806 xvu,
1430 3741 1545 3816 28).
1577 3742 1755 3799 Move-

159 3849 278 3890 mur
307 3834 460 3905 quasi
503 3835 554 3888 iu
594 3836 702 3902 via,
733 3851 921 3889 sumus
951 3839 1104 3903 quasi
1133 3837 1187 3891 in
1233 3835 1483 3904 veritate,
1527 3837 1756 3891 vivimus

159 3927 308 3998 quasi
340 3928 392 3980 in
423 3930 527 3982 vita
556 3939 758 3982 aeterna
790 3929 969 3995 (Joan.
996 3945 1104 3994 χιιι,
1137 3929 1214 3999 6).
1250 3930 1566 3984 Detuoustra
1598 3931 1754 3985 nobis

159 4019 289 4076 illud
315 4021 535 4086 bonum,
570 4021 711 4092 quod
743 4031 824 4077 est
872 4022 1051 4077 simile
1087 4022 1192 4089 sui,
1225 4038 1441 4093 semper
1467 4024 1752 4079 indissolu-

159 4113 265 4168 bile
286 4125 448 4184 atque
479 4114 838 4179 immutabile,
874 4116 925 4168 itt
955 4132 1059 4184 quo
1089 4117 1259 4170 simus
1285 4115 1474 4171 aeterni
1510 4118 1560 4170 in
1601 4118 1753 4187 agni-

162 4206 302 4262 tione
341 4205 518 4261 omnis
560 4205 709 4271 boui,
760 4207 902 4261 sicut
948 4223 1043 4262 vas
1090 4210 1371 4263 electionis
1414 4220 1517 4263 tute
1560 4209 1752 4267 Paulus

162 4301 471 4356 testiﬁcatus
500 4311 580 4355 est
613 4302 800 4357 dicens
829 4319 841 4356 :
867 4299 1115 4358 Forsitan
1141 4303 1275 4357 enim
1298 4302 1414 4358 ideo
1435 4305 1664 4360 discessit
1684 4307 1754 4362 ad

165 4395 350 4457 horam,
371 4404 426 4448 ut
455 4395 700 4450 teter-num
723 4396 871 4450 illum
894 4399 1147 4468 reciperes
1167 4396 1417 4470 (l’ltilem.
1434 4402 1545 4469 xv).
1569 4399 1752 4456 Eter—

164 4503 282 4540 num
306 4502 434 4558 ergo
457 4488 762 4544 ministrum
798 4491 888 4546 Dei
916 4491 1071 4557 dixit,
1105 4491 1349 4546 scribens
1381 4493 1446 4546 ad
1473 4493 1745 4550 Philemo-

165 4595 302 4646 nem,
326 4581 483 4650 eujus
513 4580 674 4637 fidem
704 4584 754 4637 in
789 4584 1119 4654 agnitionem
1158 4586 1332 4639 omnis
1367 4587 1490 4640 boui
1522 4589 1663 4658 quod
1694 4589 1745 4643 in

1860 3379 1979 3448 quis
2010 3373 2122 3449 (14,
2156 3391 2207 3442 q.
2234 3373 2287 3426 4.
2319 3388 2434 3443 cap.
2469 3370 2661 3440 Siquis
2687 3366 2928 3438 usuram)
2969 3377 3188 3420 usuram
3233 3366 3460 3435 accipit,

1858 3473 2100 3539 rapinam
2133 3466 2292 3532 facit,
2324 3468 2433 3521 vita
2466 3479 2572 3518 non
2605 3462 2732 3516 viiit
2753 3503 2767 3527 ,
2801 3469 2858 3516 ut
2888 3461 3057 3514 babes
3088 3463 3140 3514 in
3170 3457 3464 3514 Ezechiele

1859 3561 2077 3637 (Ezech.
2105 3576 2268 3616 χχχιιι
2291 3601 2305 3625 ,
2335 3558 2403 3614 18
2432 3567 2480 3612 et
2510 3554 2621 3628 l9).
2653 3556 2708 3611 Si
2741 3557 2864 3626 quis
2885 3566 3068 3610 autem
3096 3553 3277 3624 justus
3302 3552 3462 3620 justi-

1857 3657 2138 3712 ﬁcatioues
2172 3650 2388 3708 Domini
2409 3651 2643 3706 custodit
2675 3657 2733 3703 ut
2756 3647 2916 3703 faciat
2941 3660 3057 3713 eas,
3092 3648 3225 3711 vita,
3259 3647 3455 3717 inquit,

1855 3753 2003 3814 vivet,
2029 3763 2072 3804 et
2099 3750 2226 3804 vivet
2250 3751 2302 3801 in
2331 3748 2424 3802 eis.
2451 3747 2571 3815 Ipse
2596 3753 2681 3800 est
2701 3753 2833 3814 ergo
2857 3745 2908 3796 in
2935 3743 3158 3811 regione
3188 3743 3458 3806 virorum,

1857 3845 1907 3898 iu
1945 3843 2030 3897 illa
2066 3843 2288 3912 regione
2336 3841 2424 3894 ubi
2477 3839 2583 3893 vita
2623 3854 2729 3890 non
2777 3844 2860 3890 est
2888 3835 3239 3899 abscondita,
3270 3833 3364 3888 sed
3397 3834 3461 3888 lia

1858 3935 2017 3998 beta;
2042 3933 2133 3988 ubi
2165 3948 2271 3986 non
2297 3931 2485 3985 umbra
2509 3972 2523 3995 ,
2557 3926 2651 3983 sed
2685 3929 2737 3998 gl
2761 3929 2875 3981 tria.
2909 3923 3008 3980 Hie
3043 3927 3187 3980 cuitu
3220 3939 3320 3979 nec
3349 3925 3464 3995 ipse

1857 4028 2056 4083 Paulus
2081 4027 2300 4082 vivebat
2332 4027 2382 4078 in
2414 4024 2607 4091 gloria.
2644 4017 2894 4091 Denique
2915 4022 2967 4075 in
2998 4032 3229 4089 corpore
3267 4017 3461 4072 mortis

1854 4121 2262 4191 iugetuisceliat.
2289 4118 2428 4174 Audi
2457 4116 2732 4170 dicentem
2761 4133 2775 4170 :
2805 4112 2960 4168 Nunc
2989 4115 3125 4168 enim
3153 4113 3254 4168 vita
3282 4121 3458 4166 nostra

1859 4213 2162 4268 abscondita
2199 4223 2270 4268 est
2306 4227 2420 4265 cum
2449 4209 2653 4265 Christo
2690 4209 2746 4262 in
2776 4207 2882 4262 Deo
2908 4223 2925 4261 :
2949 4223 3064 4261 cum
3087 4216 3254 4260 autem
3278 4203 3458 4259 Chris—

1861 4319 1940 4364 tus
1967 4309 2269 4381 apparuerit
2306 4307 2408 4361 vita
2449 4313 2652 4366 nostra,
2684 4311 2802 4358 tunc
2833 4311 2881 4357 et
2907 4299 3074 4374 Διά,
3101 4316 3194 4355 nos
3215 4315 3332 4355 cum
3362 4299 3457 4354 illa

1858 4403 2224 4476 apparebimus
2251 4402 2302 4455 in
2330 4401 2496 4473 gloria
2523 4398 2745 4468 (Coloss.
2774 4411 2861 4463 ut,
2887 4399 2922 4452 5
2941 4408 2987 4451 et
3009 4399 3044 4452 4
3066 4397 3106 4466 ).

1930 4495 2020 4550 57.
2063 4494 2403 4550 Festinemus
2430 4507 2561 4563 ergo
2590 4493 2655 4545 ad
2697 4496 2884 4546 vitam.
2913 4488 2968 4546 Si
2998 4491 3119 4561 quis
3142 4489 3313 4544 vitam
3340 4501 3458 4544 tan-

1855 4588 1965 4660 git.
2013 4588 2178 4642 vivet.
2229 4587 2473 4655 Denique
2525 4584 2698 4654 tetigit
2750 4583 2842 4638 illa
2893 4583 3094 4639 mulier
3130 4597 3252 4653 qua:
3280 4582 3460 4652 tetigit

167 4673 357 4729 sanctis
400 4683 504 4740 est,
559 4677 609 4730 in
658 4674 933 4731 Christum
961 4677 1146 4733 Jesnm
1200 4679 1593 4735 evidentiorem
1634 4683 1747 4737 lieri
1778 4686 1826 4746 D
1857 4681 2120 4736 ﬁmbriam
2161 4679 2314 4749 ejus,
2343 4689 2394 4733 et
2436 4693 2465 4732 a
2514 4687 2688 4732 morte
2709 4677 2930 4732 dimissa
2964 4684 3080 4739 est,
3108 4677 3191 4730 eui
3221 4675 3454 4729 dicitur:

168 4766 477 4835 postulabat.
529 4767 585 4822 ltt
617 4784 724 4839 quo
768 4769 915 4824 bono
946 4780 1030 4825 est
1070 4773 1284 4841 requies
1328 4788 1480 4841 pura,
1514 4774 1600 4827 lux
1648 4774 1743 4828 im-

172 4861 422 4926 mortalis,
456 4865 625 4933 gratia
661 4871 943 4936 perpetua,
976 4865 1268 4919 ltmrcditas
1297 4865 1598 4920 animarum
1637 4868 1744 4937 pia,

169 4961 219 5007 et
266 4967 448 5009 secura
493 4957 887 5026 tranquillitas,
946 4973 1052 5011 non
1105 4958 1264 5013 morti
1321 4958 1598 5028 subjecta,
1653 4961 1746 5016 scd

170 5058 334 5117 erepta
366 5047 433 5104 de
465 5059 660 5116 morte,
685 5051 772 5105 ubi
802 5051 965 5105 nulla:
1007 5052 1283 5122 lacrymzc,
1328 5051 1507 5106 nullus
1537 5059 1622 5108 est
1652 5053 1746 5109 lie-

238 5188 434 5242 aRom.
481 5188 612 5242 edit.
645 5204 711 5242 ex
745 5205 854 5243 uno
883 5188 1006 5242 eod.
1044 5189 1190 5254 Vat.,
1231 5189 1333 5243 vita
1358 5205 1473 5259 qua:
1513 5207 1744 5259 perseve-

173 5259 388 5314 rantibus
409 5259 657 5312 redditur.
695 5259 899 5331 Sensus
923 5264 1008 5314 lue
1039 5277 1201 5315 verus
1225 5261 1442 5331 quidem
1477 5273 1561 5315 est
1585 5273 1747 5331 atque

175 5341 376 5401 apertus
403 5350 414 5381 :
441 5339 676 5383 attamen
701 5333 746 5384 is
777 5330 997 5385 minime
1027 5330 1351 5399 rt-jieiendus
1370 5349 1529 5400 queui
1558 5330 1748 5387 omnes

174 5403 279 5457 alite
305 5402 434 5474 edit.
468 5416 532 5455 ac
559 5418 688 5455 mss.
715 5417 828 5474 prae
861 5417 920 5474 se
950 5401 1152 5458 lerunt.
1187 5405 1240 5456 lu
1274 5406 1362 5457 liis
1389 5405 1653 5474 siquidem
1684 5420 1751 5459 eo

175 5474 350 5548 dicitur
374 5473 481 5548 vita
513 5489 607 5542 per
653 5491 710 5526 se
739 5472 915 5548 reddi,
949 5475 1091 5541 quod
1124 5490 1242 5548 cum
1271 5491 1332 5529 ea
1367 5472 1628 5529 bonorum
1668 5477 1748 5530 sui

176 5543 362 5600 ordinis
403 5543 550 5618 (puta
609 5546 868 5618 tuituralis
921 5547 1274 5618 naturalium,
1323 5548 1751 5618 supernaturalis

178 5615 674 5688 sitperuaturaliutn)
704 5619 934 5688 primum
974 5631 1036 5669 ac
1067 5615 1474 5673 fundamentum
1513 5618 1602 5685 sit,
1637 5635 1743 5674 nou

179 5691 274 5757 ipsa
303 5690 365 5740 ad
395 5690 522 5753 alia,
553 5687 659 5742 sed
678 5689 780 5741 alia
803 5688 868 5739 ad
897 5687 1068 5757 ip~am
1101 5690 1430 5744 referuntur.

240 5758 264 5796 δ
287 5758 506 5813 Eadetit.
541 5761 696 5814 llotu.
733 5761 865 5811 edit.
901 5761 1034 5824 Sola,
1064 5760 1348 5813 claritatem
1376 5779 1557 5825 meam,
1592 5762 1746 5816 Pater

181 5831 312 5904 iuste.
344 5829 513 5904 Dubio
545 5831 731 5904 procul
755 5831 874 5904 quia
901 5832 1120 5904 visa_est
1150 5831 1333 5904 dictio.
1368 5831 1542 5904 Pater,
1575 5839 1746 5904 gemi-

182 5903 335 5959 ttatida
363 5902 434 5958 ob
465 5903 515 5958 id
542 5899 690 5979 quod
718 5901 982 5978 sequitur,
1008 5899 1261 5972 Repetitio
1280 5903 1397 5959 ista.
1431 5899 1630 5964 Verum
1661 5905 1746 5964 hac

1856 4774 2016 4829 Fides
2049 4783 2135 4827 tua
2165 4781 2210 4827 te
2229 4773 2423 4826 salvam
2451 4772 2590 4843 fecit,
2615 4771 2745 4825 vade
2769 4773 2824 4824 in
2854 4785 2977 4840 pace
3005 4768 3156 4844 (Luc.
3182 4784 3299 4833 vut,
3333 4766 3449 4836 48).

1857 4869 1913 4925 Si
1966 4868 2110 4924 enim
2158 4869 2250 4937 qui
2298 4877 2572 4922 mortuum
2619 4867 2809 4938 tangit,
2855 4865 3166 4920 immundus
3196 4861 3458 4924 est;sine

1857 4962 2021 5016 dubio
2055 4963 2144 5032 qui
2187 4963 2462 5015 viventem
2512 4962 2716 5032 tangit,
2747 4961 2934 5015 salvus
2980 4967 3086 5014 est.
3137 4957 3454 5025 Qttteramus

1857 5069 1987 5125 ergo
2011 5053 2308 5109 viventem.
2338 5053 2446 5109 Sed
2473 5053 2670 5108 iterum
2702 5052 3013 5119 videamus,
3039 5065 3108 5105 ne
3146 5064 3271 5105 eum
3306 5063 3452 5119 qna:-

1849 5206 2015 5245 voces
2066 5206 2172 5245 non
2207 5189 2462 5246 videntur
2495 5191 2598 5246 alia
2649 5192 2716 5246 de
2759 5204 2916 5244 causa
2952 5188 3161 5258 positae,
3199 5187 3297 5240 nisi
3327 5187 3452 5258 quia

1854 5263 1995 5316 idem
2027 5264 2241 5316 videtur
2287 5263 2365 5317 Itis
2397 5266 2561 5317 fuisse
2607 5257 2965 5334 signiﬁcatum
3002 5274 3097 5330 per
3143 5259 3231 5314 illa
3265 5257 3451 5324 verba,

1852 5345 1978 5392 ut...
2007 5336 2108 5388 sint
2138 5349 2354 5398 meeum,
2386 5345 2440 5388 ut
2465 5336 2689 5395 videant,
2725 5346 2829 5388 etc.

1935 5419 1953 5444 ο
1981 5407 2114 5460 Cod.
2159 5405 2283 5460 Vat.
2315 5419 2476 5476 atque
2527 5407 2659 5460 edit.
2691 5405 2877 5468 Rom.,
2911 5402 3240 5476 possibilitas,
3287 5399 3454 5476 sedes.

1854 5477 2044 5532 Melius
2082 5478 2172 5532 alii
2222 5493 2351 5531 mss.
2391 5470 2467 5530 'ac
2501 5479 2707 5531 edit....
2749 5470 3133 5546 ﬁdestt-snitu
3186 5470 3451 5546 quemad-

1857 5551 2076 5604 modum
2128 5551 2212 5603 Itic
2244 5549 2557 5616 possibilitas
2603 5549 2668 5602 ad
2710 5541 2789 5600 via
2823 5563 2891 5606 es,
2925 5544 3190 5614 prwmium
3213 5544 3284 5616 ad
3315 5541 3453 5616 rita;

1857 5624 1957 5681 sic,
1992 5622 2120 5691 ﬁdes
2167 5610 2400 5675 rel-eitur
2433 5621 2497 5672 ad
2539 5621 2745 5672 veritas.
2779 5610 2986 5691 Dicitur
3029 5629 3161 5691 ergo
3204 5610 3454 5691 Christus

1855 5685 2006 5762 ﬁdes,
2043 5710 2106 5746 eo
2147 5693 2292 5762 quod
2341 5693 2458 5759 ejus
2502 5691 2703 5745 veritas
2748 5690 2893 5754 lidei,
2927 5695 2984 5740 ut
3031 5690 3345 5755 loquuntur,
3382 5685 3458 5742 sit

1853 5765 2081 5819 formale
2112 5767 2405 5832 objecmut.

1929 5832 1954 5870 (ι
1978 5834 2107 5888 Mss.
2148 5826 2343 5905 majori
2387 5846 2617 5889 numero
2655 5841 2710 5888 et
2747 5828 3086 5898 auctoritate,
3117 5826 3256 5900 quod
3295 5841 3455 5882 unum

1854 5915 2106 5961 asserunt.
