4138 6366
595 329 701 384 567
1950 318 2194 378 sanun
2231 319 2562 380 AMBROSII
2641 312 2652 318 '
3803 328 3904 384 568

589 455 777 500 ramus
799 441 940 498 inter
981 446 1228 496 mortuos
1249 479 1264 506 ,
1292 444 1349 492 et
1376 436 1595 493 dicatur
1623 435 1784 492 nobis
1809 433 1947 491 sicut
1974 444 2028 490 et
2065 449 2188 490 mu-
2215 444 2271 507 Α
2295 453 2416 494 mus
2460 453 2618 509 eum,
2653 448 2712 496 ut
2739 439 2884 497 dicat
2921 451 2978 499 et
3021 441 3180 500 nobis
3212 460 3226 498 :
3261 441 3443 500 Nolite
3463 443 3639 500 timere
3670 443 3904 516 (Matth.

591 535 828 593 lieribus
854 534 1000 591 illis:
1031 531 1169 601 Quid
1215 531 1446 602 quwritis
1484 529 1733 585 viventem
1780 545 1896 582 cum
1937 527 2201 583 mortuis?
2304 547 2508 599 xxvm,
2552 533 2647 604 5),
2675 533 2730 589 id
2773 542 2892 602 est,
2926 535 3092 592 nolite
3133 536 3328 592 timere
3356 552 3387 591 a
3416 537 3652 607 peccatis
3682 537 3906 608 steculi,

592 626 722 682 Non
747 635 821 683 est
848 626 962 692 hic,
989 625 1080 680 sed
1115 625 1337 680 surrexit
1363 621 1516 696 (Luc.
1542 637 1693 678 xxiv.
1727 620 1806 692 6).
1837 619 1957 692 Ipse
1983 635 2201 692 quoque
2304 627 2474 682 nolite
2507 627 2701 684 timere
2728 629 2795 684 ab
2823 629 3199 701 iniquitatibus
3231 629 3452 698 mundi,
3497 629 3664 686 nolite
3716 632 3905 688 timere

594 721 860 777 Dominus
890 719 982 774 ubi
1015 734 1075 775 se
1101 719 1273 791 quaeri
1300 718 1495 785 vellet,
1523 716 1766 773 ostendit
1791 717 1978 774 dicens
2005 732 2020 772 :
2057 716 2202 772 Vade
2303 735 2334 776 a
2359 719 2610 777 ﬂuctibus
2651 722 3016 793 corporalium
3058 724 3407 794 passionum,
3432 737 3534 795 ego
3571 737 3694 778 sum
3725 739 3911 794 pecca-

601 817 671 870 ad
695 820 887 887 fratres
911 830 1070 881 meos,
1094 823 1141 870 et
1173 814 1256 868 dic
1272 814 1344 868 eis
1369 830 1388 869 :
1411 813 1642 869 Ascendo
1668 813 1736 868 ad
1765 810 2196 880 Patrem‘meum,
2303 820 2480 868 torum
2515 813 2770 869 remissio
2795 831 2808 866 :
2842 813 3016 870 nolite
3055 815 3250 871 timere
3275 829 3306 870 a
3341 814 3611 882 tenebris,
3640 829 3747 886 ego
3795 831 3907 870 sum

600 919 649 963 et
670 908 739 962 ad
763 906 976 972 Patrem
995 916 1219 962 vestrum
1240 948 1255 973 ,
1277 904 1448 961 Deum
1475 923 1642 961 meum
1661 948 1678 974 ,
1711 916 1758 961 et
1787 904 1954 960 Deum
1974 915 2201 960 vestrum
2302 904 2396 960 lux
2427 923 2441 962 :
2466 906 2638 963 nolite
2665 907 2857 963 timere
2881 923 2912 962 a
2942 916 3151 973 morte,
3181 923 3284 980 ego
3328 923 3445 964 sum
3485 908 3618 964 vita.
3652 908 3909 976 Quicum-

595 1001 778 1075 (Joan.
802 1018 898 1068 xx,
926 1000 1040 1073 17).
1060 1000 1140 1056 lbi
1166 1015 1299 1072 ergo
1325 1015 1634 1072 quaeramus
1663 1017 1806 1067 eum,
1835 999 1928 1056 ubi
1953 999 2204 1072 quaesivit
2302 1014 2407 1069 que
2434 999 2505 1055 ad
2542 1015 2628 1056 me
2657 1002 2836 1069 venit,
2862 1011 3093 1057 mortem
3128 1016 3234 1058 non
3267 1001 3472 1057 videbit
3513 1003 3568 1057 in
3610 1011 3904 1068 aeternum;

595 1096 870 1164 Joannes,
923 1105 979 1152 et
1025 1095 1251 1150 invenit.
1302 1094 1401 1150 Ille
1446 1109 1570 1149 eum
1608 1094 1662 1148 in
1702 1092 1970 1164 principio
2014 1091 2196 1161 (Joan.
2303 1097 2562 1168 quoniam
2615 1097 2730 1168 ipse
2777 1107 2862 1154 est
2907 1097 3189 1168 plenitudo
3230 1097 3569 1164 divinitatis,
3601 1106 3656 1153 et
3689 1097 3794 1167 ipsi
3834 1109 3910 1153 est

592 1205 612 1246 ι
635 1233 648 1255 ,
678 1189 730 1262 1)
758 1190 1036 1260 qumsivit,
1069 1198 1125 1245 et
1177 1189 1384 1245 invenit
1404 1190 1678 1245 viventem
1719 1189 1862 1260 apud
1901 1187 2198 1255 viventem,
2300 1191 2494 1263 gloria,
2518 1191 2709 1258 decus,
2741 1193 3074 1264 perpetuitas
3102 1206 3130 1246 a
3157 1191 3654 1259 saeculis,etnunc,
3685 1199 3745 1249 et
3773 1206 3909 1249 sctu-

592 1279 791 1336 Filium
842 1281 983 1352 apud
1037 1281 1280 1337 Patrem.
1331 1280 1442 1337 Nos
1488 1297 1610 1337 eum
1655 1282 1709 1337 in
1763 1291 2066 1352 temporum
2095 1279 2202 1336 ﬁne
2305 1299 2424 1356 per,
2450 1287 2504 1341 et
2536 1284 2588 1340 in
2617 1286 2799 1341 omnia
2827 1285 3026 1342 saecula
3048 1284 3398 1352 saeculorum,
3426 1282 3622 1342 Amen.

595 1388 938 1446 quaeramus,
972 1385 1028 1433 et
1051 1377 1505 1449 complectamur
1545 1376 1715 1448 pedes
1740 1376 1882 1447 ejus,
1913 1383 1970 1432 et
2003 1374 2201 1432 adore-

2537 1515 2644 1524 ’ῌεαι
2903 1515 2924 1525 α
2951 1517 3012 1526 -0
3039 1516 3192 1525 ‘—.—v---
3271 1514 3634 1526 δεηθῇ-..-συθ

2185 1514 2520 1526 -α--ο-ν-οηη

2537 1515 2794 1526 -σ-ιιι-υ-
2810 1515 2980 1526 -αασ-
2997 1517 3012 1524 ο
3039 1516 3094 1525 δ-ιο
3107 1513 3796 1526 -υ---α-δοααηο-ηο-ρυσοηυοοσοιρ

1627 1556 1922 1564 ..η--ρ--σ-ο

1925 1555 2180 1563 ——_———
2193 1551 2468 1563 a5h~
2481 1551 2562 1562 ῄ-,ι-
2576 1551 2623 1561 \s‘
2643 1551 2721 1562 'JLr
2733 1551 3042 1563 -.ιγιυσττςττντ-ν-
3057 1551 3087 1560 ,ο
3099 1551 3126 1561 νη
3155 1551 3644 1562 rw“.—

942 1654 1085 1737 .IN
1161 1653 1623 1738 LIBRUM
1697 1651 1857 1736 DE
1932 1651 2263 1736 FUGA
2335 1647 2786 1734 S/ECULI
2857 1624 3560 1734 ADMONITIO.

1852 1825 2665 1852 ————-——

669 1935 775 1990 Hic
804 1936 933 1990 liber
959 1934 1189 1990 diversas
1212 1933 1343 1989 inter
1372 1932 1720 1987 Ambrosiana
1751 1946 1912 2000 opera
1938 1930 2087 1986 sedes
2117 1931 2412 2001 occupavit.
2438 1929 2649 1987 Etenim
2685 1932 2740 1986 in
2771 1949 2894 1990 mss.
2921 1942 3077 2004 atque
3102 1934 3154 1988 in
3184 1934 3310 1989 edit.
3340 1934 3716 2005 antiquissimis
3745 1936 3910 2006 proxi-

598 2047 738 2086 mum
763 2040 876 2103 post
903 2029 1063 2084 libras
1093 2028 1162 2084 de
1185 2027 1336 2084 Isaac
1355 2069 1370 2095 ,
1415 2036 1462 2082 et
1494 2025 1562 2081 de
1588 2025 1744 2080 Bono
1781 2024 1972 2079 mortis
2004 2023 2173 2078 locum
2204 2024 2415 2080 obtinet.
2445 2024 2575 2080 Cum
2601 2036 2771 2081 autem
2802 2027 3024 2082 Erasmo
3057 2027 3290 2083 libuisset
3319 2028 3490 2082 omnia
3521 2027 3778 2086 Ambrosii
3808 2045 3910 2082 mo-

599 2137 843 2184 numenta
871 2127 924 2181 in
954 2135 1119 2180 certas
1141 2126 1336 2180 classes
1367 2123 1706 2189 distribuere,
1738 2121 1894 2176 illum
1933 2137 2047 2175 cum
2087 2119 2342 2192 superiori
2382 2128 2605 2174 tractatu
2641 2119 2709 2176 de
2739 2120 2888 2176 Bono
2921 2121 3116 2176 mortis
3143 2123 3198 2176 in
3225 2121 3515 2177 ethicorum
3542 2123 3780 2178 ordinem
3811 2133 3912 2194 post

595 2222 754 2278 libros
788 2221 858 2278 de
883 2219 1092 2276 Ofﬁciis
1133 2235 1196 2276 ac
1242 2219 1310 2273 de
1336 2217 1653 2289 Virginibus
1677 2217 1872 2286 coegit,
1902 2216 1956 2269 in
1981 2231 2082 2286 quo
2119 2231 2236 2269 eum
2272 2225 2450 2286 postea
2480 2214 2774 2283 Casterius,
2805 2228 2850 2271 et
2891 2216 3138 2272 Gillotius
3160 2219 3348 2273 imitati
3368 2228 3508 2273 sunt.
3543 2217 3818 2274 Postremo
3835 2220 3913 2290 qui

596 2305 851 2370 Romana?
876 2324 1132 2385 praeerant
1159 2313 1374 2367 editioni
1405 2313 1542 2366 hunc
1571 2311 1744 2381 ipsum
1773 2311 1965 2364 librum
1987 2308 2119 2364 nihil
2148 2309 2296 2363 aliud
2321 2325 2431 2364 esse
2461 2311 2598 2378 rati,
2630 2327 2786 2381 quam
2821 2313 3091 2383 mysticam
3117 2313 3487 2385 expositionem
3509 2313 3609 2368 loci
3637 2313 3910 2379 Geneseos,

598 2409 686 2464 ubi
703 2409 936 2464 Rebecca
957 2410 1129 2481 filium
1149 2425 1302 2463 suum
1321 2405 1484 2462 Iacob
1511 2406 1634 2460 utin
1659 2404 2092 2475 MesOpotamiam
2114 2404 2301 2475 fugiat,
2326 2405 2506 2459 suadet
2527 2403 2681 2477 (Cap.
2705 2420 2880 2466 xxvn.
2913 2403 3038 2477 45);
3063 2406 3298 2460 eumdem
3311 2416 3423 2477 post
3439 2409 3915 2463 commentationem

600 2501 669 2558 de
697 2502 900 2569 Jacob,
930 2512 987 2558 et
1013 2501 1137 2557 Vita
1166 2502 1330 2556 beata
1357 2498 1688 2554 transtulere.
1716 2497 1824 2554 Sed
1843 2497 1922 2550 illi
1943 2496 2151 2567 quidem
2173 2512 2275 2551 non
2299 2496 2484 2551 idonea
2513 2497 2721 2551 tibicine
2739 2497 2930 2552 innixi.
2964 2497 3119 2552 Enim
3149 2515 3268 2553 vero
3296 2500 3392 2554 etsi
3415 2499 3560 2554 haud
3588 2503 3751 2556 semel
3782 2501 3911 2556 illaut

598 2597 784 2652 Jacobi
824 2600 1002 2672 fugam
1053 2602 1296 2674 memoret
1337 2593 1399 2648 S.
1449 2592 1673 2646 Antistes
1694 2633 1710 2656 ,
1757 2606 2035 2660 numquam
2065 2599 2234 2643 tanton
2259 2589 2342 2644 illi
2372 2590 2471 2662 fuit
2498 2589 2775 2644 consilium
2807 2592 3187 2647 enarrationem
3210 2593 3263 2646 in
3294 2609 3407 2647 eum
3438 2592 3735 2666 Scriptura:
3759 2594 3914 2648 locum

601 2693 906 2749 elucubrare
930 2706 948 2744 :
975 2706 1070 2746 nec
1089 2689 1240 2745 aliter
1262 2688 1480 2760 hujusce
1498 2684 1812 2758 patriarcha:
1837 2683 2068 2756 exanplo
2095 2684 2280 2748 utitur,
2312 2692 2462 2753 atque
2489 2684 2712 2737 aliorum
2745 2685 3092 2754 quorumdam
3123 2686 3483 2755 praestantium
3511 2687 3775 2756 virorum,
3798 2705 3912 2759 quos

604 2799 664 2840 eo
709 2784 985 2855 proponit,
1017 2791 1072 2837 ut
1120 2781 1378 2852 efﬁcacius
1421 2778 1490 2833 ad
1535 2787 1787 2833 aeternum
1830 2776 2024 2830 munda
2066 2776 2303 2830 nuntium
2346 2775 2710 2831 remittendum
2750 2775 3063 2831 stimularet.
3099 2777 3356 2845 Quocirca
3377 2781 3472 2834 hac
3504 2780 3635 2834 libra
3656 2780 3913 2836 attentiori

600 2881 836 2936 examine
859 2879 1092 2934 discusso
1124 2877 1399 2947 pristinum
1429 2875 1477 2928 ei
1503 2873 1675 2928 locum
1700 2871 2021 2926 restituimus
2036 2885 2057 2935 ;
2078 2869 2233 2940 idque
2252 2885 2312 2924 eo
2341 2869 2616 2939 lubentius,
2651 2870 2787 2940 quod
2811 2870 2854 2923 is
2883 2871 3239 2926 tantummodo
3265 2871 3606 2943 disputationi
3634 2871 3702 2929 de
3729 2873 3908 2936 Jacob.

601 2984 660 3031 et
689 2974 811 3030 Vita
836 2974 994 3029 beata
1025 2987 1184 3043 quam
1211 2971 1266 3024 in
1293 2968 1449 3025 Rom.
1479 2967 1706 3022 editione
1733 2965 2067 3037 sequebatur,
2097 2965 2476 3036 prtepanendus
2506 2965 2572 3019 sit
2597 2979 2615 3018 :
2645 2980 2748 3036 qua
2773 2980 2836 3019 ex
2862 2964 3147 3018 mutatione
3169 2964 3300 3019 nihil
3329 2966 3523 3020 aboriri
3542 2975 3707 3037 potest
3741 2971 3914 3038 confu-

608 3072 792 3127 sionis.
818 3067 975 3140 Atqui
1001 3069 1069 3120 ad
1096 3065 1151 3120 id
1181 3081 1284 3119 non
1309 3063 1421 3118 sala
1451 3079 1541 3117 nos
1570 3060 1777 3131 impulit
1799 3058 2275 3142 manuscriptorum
2300 3067 2628 3128 veterumque
2649 3057 2934 3111 editionum
2961 3059 3243 3112 auctoritas
3266 3073 3285 3112 :
3309 3058 3399 3111 sed
3427 3057 3588 3112 multa
3619 3060 3787 3132 magis
3811 3074 3914 3129 qut:

602 3166 755 3224 illum
775 3181 889 3220 cum
913 3161 1266 3234 superioribus
1292 3157 1595 3213 tractatibus
1625 3156 1910 3228 coniungit,
1935 3154 2170 3210 materia:
2196 3153 2454 3224 cognatio.
2493 3152 2690 3220 Quidni
2720 3152 2874 3206 etiam
2908 3151 3178 3222 ipsiusmet
3218 3151 3475 3208 Ambrosii
3529 3154 3908 3209 testimonium?

604 3260 737 3316 Cum
762 3261 898 3314 enim
924 3258 977 3311 in
1000 3247 1113 3328 ipsd
1136 3252 1254 3309 libri
1281 3253 1456 3308 limine
1475 3253 1550 3306 ita
1571 3251 1795 3322 loquitur
1822 3265 1840 3305 :
1870 3249 2153 3320 Frequens
2185 3247 2342 3303 nobis
2372 3256 2456 3302 est
2485 3247 2555 3303 de
2588 3247 2900 3319 effugienda
2927 3249 3131 3304 sarculo
3161 3249 3264 3304 isto
3293 3263 3497 3317 sermo,
3523 3249 3733 3304 minime
3767 3249 3911 3304 dubi-

621 3366 788 3410 tamus
817 3370 937 3408 eum
965 3353 1120 3407 tacite
1144 3346 1527 3420 quodammodo
1547 3346 1783 3399 indicare
1808 3353 2055 3399 tractatus
2083 3343 2152 3398 de
2176 3342 2453 3399 Abraham
2477 3385 2493 3412 ,
2521 3341 2590 3399 de
2619 3342 2772 3398 Isaac
2799 3353 2856 3400 et
2881 3335 3104 3411 Anima,
3131 3361 3192 3398 ac
3212 3344 3282 3400 de
3306 3344 3457 3399 Bono
3477 3347 3705 3410 mortis;
3733 3343 3915 3417 quippe

609 3449 698 3520 qui
728 3449 990 3504 auditores
1013 3449 1118 3503 sive
1139 3449 1354 3503 lectores
1382 3462 1503 3502 suos
1529 3444 1806 3499 instantius
1836 3444 1905 3497 ad
1935 3443 2112 3497 saaculi
2139 3448 2350 3514 ejusque
2369 3443 2657 3498 vanitatum
2688 3446 2866 3516 fugam
2893 3444 2946 3497 in
2977 3444 3057 3498 his
3086 3443 3322 3498 omnibus
3352 3442 3677 3511 adhortetur,
3705 3460 3769 3498 ac
3795 3459 3916 3517 prat-

619 3546 768 3616 cipue
795 3545 848 3598 in
878 3543 976 3598 hoc
1006 3544 1211 3612 ultimo,
1237 3542 1323 3597 ubi
1356 3542 1410 3596 in
1437 3557 1497 3595 ea
1519 3555 1576 3595 re
1606 3541 1706 3594 tria
1746 3538 1921 3607 capita
1951 3536 2386 3608 quemadmodum
2413 3554 2446 3592 a
2471 3536 2619 3593 nobis
2643 3537 2698 3591 in
2736 3537 3089 3610 superioribus
3130 3537 3567 3594 admonitionibus
3605 3538 3916 3594 observatum

604 3645 704 3703 est,
733 3646 1125 3691 consumuntur.
3093 3703 3100 3708 Ι

683 3729 801 3786 Hoc
815 3733 986 3806 ipsum
1007 3741 1115 3787 tota
1139 3734 1287 3788 istius
1317 3733 1478 3789 libelli
1499 3732 1816 3788 demonstrat
1843 3730 2166 3786 constitutio.
2206 3729 2461 3799 Superius
2487 3731 2623 3786 enim
2650 3747 2683 3785 a
2721 3730 2867 3786 nobis
2911 3740 3172 3788 ostensum
3195 3740 3271 3788 est
3310 3731 3372 3788 S.
3404 3730 3688 3788 Prtesulem
3714 3734 3770 3789 in
3799 3750 3914 3790 can-

607 3825 842 3882 cionibus
870 3842 929 3880 ac
960 3827 1264 3882 tractatibus
1289 3828 1395 3882 suis
1424 3826 1829 3882 Catechumenos
1857 3826 2371 3894 competentes'quam
2407 3825 2795 3898 diligentissime
2825 3827 3060 3882 omnibus
3083 3825 3394 3884 Christiana?
3415 3828 3534 3884 vita:
3550 3829 3908 3901 prameptioni-

614 3921 707 3975 bus
735 3920 980 3976 imbuisse
1003 3937 1022 3976 :
1048 3930 1100 3976 at
1131 3920 1268 3975 illud
1295 3920 1563 3993 praecipua
1591 3921 1814 3991 quadam
1844 3936 1969 3975 cura
1990 3919 2297 3985 inculcasse,
2323 3929 2637 3994 quantopere
2661 3922 2730 3976 ad
2758 3921 3031 3994 fugiendas
3059 3923 3236 3977 saeculi
3260 3923 3510 3978 vanitates
3539 3923 3914 3996 obstringeren-

610 4022 715 4069 tur.
756 4012 944 4069 Verum
982 4015 1063 4068 his
1090 4015 1342 4086 angustiis
1364 4030 1466 4068 non
1493 4012 1827 4068 claudebatur
1855 4015 1968 4086 ejus
1989 4012 2307 4067 sollicitudo.
2345 4011 2576 4067 Rebatur
2602 4013 2854 4085 siquidem
2879 4015 2933 4067 id
2958 4013 3038 4068 vel
3067 4015 3290 4070 maxime
3313 4015 3394 4070 sui
3419 4031 3530 4070 esse
3551 4015 3726 4085 ofﬁcii,
3759 4026 3816 4070 ut
3841 4031 3914 4070 eos

605 4119 724 4180 post
773 4118 1065 4182 susceptum
1112 4109 1367 4180 baptisma
1405 4109 1459 4162 in
1506 4108 1748 4163 doctrina
1775 4123 1932 4179 quam
1958 4123 2012 4161 se
2041 4107 2252 4161 docente
2284 4106 2397 4176 jam
2437 4106 2751 4173 didicerant,
2781 4107 3131 4178 conﬁrmaret.
3164 4106 3494 4178 Quapropter
3523 4108 3586 4163 ab
3628 4109 3742 4180 ipsa
3769 4109 3916 4184 hujus

605 4202 904 4274 scriptionis
946 4201 1162 4257 exordio
1207 4203 1429 4257 ostendit
1459 4200 1623 4273 (Cap.
1653 4202 1706 4268 1,
1737 4218 1790 4255 n.
1821 4201 1848 4256 1
1883 4209 1930 4255 et
1953 4186 2098 4270 seq.)
2124 4216 2280 4269 quam
2303 4200 2369 4255 sit
2393 4199 2636 4256 humana:
2663 4201 2937 4272 fragilitati
2964 4210 3114 4273 atque
3156 4204 3430 4272 cupiditati
3465 4204 3690 4273 proclive
3734 4206 3917 4260 sensim

609 4297 666 4349 in
694 4296 985 4351 ntundanas
1007 4297 1230 4369 ineptias
1259 4295 1464 4350 relabi:
1490 4311 1646 4365 quam
1669 4305 1838 4349 autem
1861 4294 2087 4348 arduum
2115 4294 2168 4348 in
2207 4305 2382 4350 sancto
2410 4295 2671 4366 proposita
2703 4311 3062 4366 perseverare;
3093 4306 3245 4368 atque
3269 4297 3397 4351 adeo
3426 4297 3555 4368 ipsis
3582 4308 3640 4353 ut
3667 4299 3916 4370 indefesso

607 4404 763 4443 cursu
789 4390 1042 4444 vanitates
1069 4389 1296 4459 fugiant,
1322 4406 1382 4443 ac
1404 4404 1567 4456 supra
1592 4388 1713 4442 illas
1740 4389 1895 4459 positi
1924 4389 1993 4442 ad
2019 4389 2385 4459 perfectionem
2417 4389 2760 4444 indesinenter
2791 4390 3130 4456 contendant,
3160 4392 3397 4446 manibus
3425 4391 3738 4464 pedibusque
3773 4393 3917 4446 adni-

606 4484 842 4540 tendum.
870 4483 1020 4538 Nihil
1054 4483 1201 4538 aliud
1241 4481 1417 4557 (Cap.
1448 4483 1505 4548 2,
1535 4484 1589 4548 5,
1619 4494 1666 4537 et
1689 4483 1806 4536 init.
1840 4481 1914 4553 4)
1949 4482 2004 4535 in
2031 4483 2190 4537 veteri
2219 4483 2332 4552 lege
2353 4499 2445 4554 per
2472 4500 2562 4538 sex
2583 4483 2704 4538 illas
2727 4486 2918 4557 refugii
2945 4486 3178 4541 civitates
3210 4501 3327 4555 qua:
3365 4486 3466 4541 reis
3506 4485 3774 4540 homicidii
3820 4502 3912 4540 non

603 4579 888 4635 voluntarii
915 4577 1186 4648 patebant,
1225 4577 1575 4648 signiﬁcatum
1606 4577 1788 4645 probat
1815 4591 1957 4643 :qua
1987 4576 2042 4631 in
2074 4593 2131 4631 re
2159 4576 2356 4630 diutius
2384 4592 2539 4646 quam
2579 4576 2820 4647 privatim
2855 4578 2910 4632 in
2953 4578 3061 4633 alia
3107 4578 3216 4633 ulla
3255 4579 3465 4632 insistit.
3518 4575 3721 4632 Deinde
3744 4577 3797 4632 in
3823 4593 3916 4648 quo

604 4675 718 4730 hate
753 4672 880 4744 fuga
921 4673 1088 4742 posita
1115 4672 1228 4737 .sit,
1278 4671 1506 4726 declarat
1547 4669 1723 4744 (Cap.
1756 4671 1828 4738 4,
1857 4687 2002 4726 num.
2028 4671 2152 4741 i7);
2183 4686 2437 4742 quamque
2479 4671 2588 4726 illis
2629 4671 2813 4726 eadem
2870 4671 3134 4743 gloriosa,
3183 4671 3362 4736 utilis,
3391 4688 3452 4727 ac
3501 4671 3790 4727 necessaria
3819 4672 3913 4734 sit,

612 4765 900 4838 propositis
932 4762 1397 4830 Patriam/tarum,
1428 4761 1843 4834 Prophetarum,
1876 4764 2111 4834 Apostoli
2133 4805 2148 4830 ,
2177 4774 2328 4834 atque
2357 4763 2513 4818 etiam
2537 4765 2701 4832 ipsius
2729 4762 2920 4819 Christi
2943 4764 3154 4820 Domini
3179 4766 3427 4837 exemplis
3456 4766 3641 4821 evincit
3669 4763 3834 4839 (Cap.
3861 4766 3914 4829 4,

607 4875 752 4914 nunt.
789 4858 857 4916 19
886 4869 936 4914 et
964 4858 1086 4930 20),
1114 4858 1206 4913 sed
1243 4859 1412 4927 ipsam
1457 4858 1675 4912 celerem
1722 4874 1832 4914 esse
1877 4868 2113 4930 oportere
2157 4858 2311 4932 (Cap.
2345 4859 2412 4924 6,
2437 4875 2581 4913 num.
2609 4856 2734 4930 52).
2789 4857 2949 4914 Docet
2983 4858 3174 4932 (lbid.)
3208 4861 3322 4928 ejus
3361 4860 3590 4915 stadium
3634 4877 3695 4914 ac
3736 4867 3916 4913 metam

604 4969 867 5006 summum
893 4962 1049 5023 atque
1075 4949 1492 5006 incommutabile
1515 4951 1706 5005 bonum
1732 4968 1873 5018 esse,
1905 4953 1999 5007 hac
2028 4962 2134 5020 est,
2165 4952 2330 5008 Deum
2359 4953 2571 5023 ipsum;
2602 4953 2918 5023 proindeque
2947 4951 3092 5007 nullo
3122 4953 3228 5007 alio
3261 4954 3471 5009 stimulo
3503 4952 3656 5026 (Cap.
3693 4955 3747 5021 7,
3774 4971 3916 5011 nunt.

606 5046 677 5102 37
700 5057 749 5102 et
775 5063 879 5118 seq.
904 5046 924 5118 )
952 5046 1075 5100 illos
1103 5045 1275 5098 acrius
1315 5045 1531 5100 excitari
1567 5044 1746 5102 debere
1783 5045 1850 5099 ad
1891 5047 2208 5122 evadendum
2235 5063 2262 5100 e
2291 5046 2508 5112 munda,
2532 5046 2620 5101 ubi
2649 5046 2822 5101 divino
2853 5045 3108 5116 permissu
3145 5045 3398 5101 hactenus
3436 5058 3699 5117 peccatum
3727 5057 3776 5103 et
3803 5064 3914 5101 ma-

607 5139 722 5194 litia
749 5149 1093 5214 perseverant,
1120 5148 1167 5194 et
1196 5139 1330 5194 ttnde
1350 5139 1828 5212 ipsemet'Christus
1858 5141 1960 5196 ista
1990 5142 2279 5212 exstirpare
2308 5139 2510 5210 noluit,
2536 5156 2847 5212 quamquam
2872 5157 3047 5196 eorum
3076 5151 3340 5199 auctorem
3384 5143 3647 5199 diabolum
3674 5143 3906 5199 condem-

603 5234 819 5290 naverit.
1217 5247 1226 5254 ν

682 5330 877 5386 Verum
902 5346 1020 5385 cum
1043 5328 1089 5384 ei
1113 5346 1146 5384 a
1169 5329 1312 5384 novis
1336 5329 1445 5384 illis
1474 5328 1786 5384 Christianis
1812 5330 1967 5400 objici
1993 5338 2164 5402 posset
2189 5329 2498 5400 quibusdam
2527 5330 2746 5385 vinculis
2786 5347 2896 5386 sese
2915 5333 3219 5403 constringi,
3252 5351 3343 5405 per
3372 5349 3489 5403 qua:
3510 5334 3608 5388 sibi
3632 5350 3697 5388 ex
3725 5333 3913 5387 nmnda

603 5425 880 5495 profugere
905 5420 1048 5474 haud
1076 5437 1334 5492 quaquam
1359 5421 1570 5488 liceret;
1601 5422 1728 5492 ipsis
1763 5422 1930 5490 aperit
1958 5420 2124 5493 (Cap.
2151 5421 2184 5477 8
2205 5464 2218 5486 ,
2250 5439 2391 5477 num.
2420 5421 2492 5479 45
2522 5434 2568 5477 et
2595 5421 2729 5495 seq.)
2755 5439 2856 5494 qua
2893 5429 3093 5481 ratione
3123 5427 3374 5483 mundum
3404 5443 3619 5501 corpore
3643 5444 3744 5482 non
3770 5427 3912 5481 dese-

603 5525 774 5569 rentes
817 5515 940 5570 inde
983 5515 1158 5569 animo
1211 5526 1418 5585 possent
1458 5516 1688 5580 evolare,
1722 5513 1834 5570 Dea
1858 5516 2004 5569 unice
2041 5515 2327 5584 adha’rere,
2359 5517 2630 5573 observare
2653 5523 2766 5593 ejus
2794 5532 3072 5596 praecepta,
3101 5533 3148 5579 et
3178 5525 3504 5579 occasionem
3526 5525 3744 5580 ulterius
3765 5523 3816 5577 in
3838 5524 3913 5577 vta

604 5609 810 5662 virtutis
836 5609 1201 5681 progrediendi
1229 5609 1428 5664 nullam
1452 5626 1555 5664 non
1583 5608 1832 5675 arripere.
1858 5608 1940 5663 Ad
1962 5620 2250 5665 extremum
2281 5611 2404 5666 huic
2431 5612 2772 5683 disputationi
2815 5617 3110 5673 caranidem
3136 5619 3281 5690 ponit
3302 5620 3744 5675 vehementissime
3759 5623 3914 5692 juxta

605 5719 668 5758 ac
692 5704 1063 5772 facundissime
1091 5703 1410 5758 exhortando
1433 5701 1584 5773 (Cap.
1615 5701 1669 5766 9,
1705 5718 1847 5756 num.
1879 5703 1943 5758 51
1970 5712 2017 5756 et
2043 5702 2199 5777 seq.),
2241 5723 2304 5762 ne
2335 5722 2452 5760 cum
2495 5707 2686 5762 swcula
2729 5709 2813 5762 cui
2853 5711 3010 5765 semel
3048 5713 3101 5766 in
3147 5713 3450 5783 baptismate
3478 5724 3534 5768 ut
3561 5729 3685 5768 suas
3713 5714 3808 5768 sibi
3837 5727 3914 5767 res

606 5797 808 5880 haberet
828 5797 1042 5852 solemni
1058 5798 1286 5882 divortia
1317 5798 1612 5882 edixerunt,
1644 5797 1807 5852 ullam
1843 5799 1894 5852 in
1928 5809 2186 5870 posterum
2230 5802 2420 5855 inirent
2451 5803 2744 5882 societatem
2767 5847 2779 5869 ,
2819 5809 3050 5875 persuasi
3077 5808 3322 5880 nimirum
3363 5810 3499 5881 inse
3521 5827 3621 5866 non
3640 5813 3757 5881 jam
3783 5820 3914 5875 vetc—

604 5875 711 5946 ren't
737 5881 995 5947 hominem
1019 5875 1270 5962 apparere
1299 5875 1499 5958 debere,
1531 5889 1619 5947 scd
1656 5901 1838 5949 navant
1875 5892 2022 5949 illam
2048 5892 2204 5950 vitam
2227 5911 2380 5966 quam
2404 5896 2458 5953 in
2483 5881 2696 5970 genitali
2716 5899 2860 5970 fante
2885 5887 2971 5955 ubi
2992 5875 3198 5961 Christo
3237 5875 3544 5962 commortui
3571 5875 3729 5963 simul
3757 5881 3904 5964 etiam
