4082 6370
239 333 362 388 569
1332 335 1422 394 DE
1460 335 1646 394 FUGA
1683 334 1958 394 SECULI
1995 334 2203 394 LIBER
2243 335 2444 394 UNUS.
3452 339 3560 398 570

234 467 368 506 cum
399 451 514 522 ipso
548 453 866 523 revixerant,
901 454 1234 525 accepissent.
1290 451 1460 509 Porro
1509 456 1554 510 si
1597 453 1921 510 Ambrosium
1963 453 2032 509 ad
2074 454 2306 510 homines
2329 454 2586 525 baptismo
2612 467 2788 510 recens
2808 453 3038 512 initiatos
3065 468 3350 512 sermonem
3375 453 3564 513 habere

233 562 313 603 ea:
339 548 515 618 operis
537 549 742 622 epilogo
763 557 981 613 constat,
1005 548 1140 604 idem
1161 564 1262 604 non
1283 549 1454 603 minus
1477 557 1585 604 tum
1607 564 1670 604 ea;
1693 551 1806 622 ejus
1827 546 2042 603 exordio
2062 545 2218 619 (Cap.
2250 546 2302 612 Ι,
2332 548 2387 612 7,
2412 545 2494 617 8),
2515 557 2624 602 tum
2651 564 2716 603 ex
2737 547 2907 604 medio
2932 549 3266 621 manifestum
3289 559 3387 604 est.
3405 547 3561 622 Atqui

231 641 386 698 istuc
407 643 579 712 ipsum
604 661 708 699 non
730 660 872 699 secus
893 660 952 698 ac
972 643 1182 714 reliquie
1206 643 1438 717 ejusdem
1466 644 1910 698 commentationis
1941 652 2112 714 partes
2142 643 2255 698 luce
2291 644 2584 698 meridiana
2616 644 2811 699 clarius
2837 645 3116 701 ostendunt
3143 644 3291 701 illam
3310 661 3338 700 e
3357 645 3566 701 concio-

238 737 404 794 nibus
431 741 510 794 vel
535 742 707 811 potius
733 757 760 796 e
786 741 1030 796 concione
1050 757 1151 796 una
1177 750 1432 807 constare,
1465 756 1620 813 quant
1644 738 1799 794 dubio
1827 739 2009 808 procul
2029 739 2174 810 festis
2200 738 2528 810 paschalibus
2554 739 2757 794 circiter
2776 755 2970 795 annum
2990 739 3118 807 587,
3141 757 3244 812 quo
3272 739 3562 814 superiores

245 834 418 888 libros
448 837 762 908 compositos
786 837 944 908 fuisse
971 837 1368 903 observavimus,
1393 835 1768 906 pronuntiavit.
1807 833 1994 891 Utrum
2023 845 2198 888 autem
2227 833 2350 887 huic
2378 834 2542 890 eidem
2571 833 2745 889 libello
2777 836 2957 891 titulus
2983 836 3047 891 ab
3069 835 3337 892 Ambrosio
3358 835 3554 890 inditus

246 926 326 980 sit
357 926 424 982 de
447 926 593 998 Fuga
621 929 826 996 surculi,
856 929 911 982 id
938 939 1061 984 sane
1088 929 1364 1004 Augustini
1387 947 1418 984 a
1445 947 1546 1000 quo
1570 931 1644 985 ita
1665 930 1911 984 laudatur
1933 927 2072 1001 (Lib.
2101 944 2162 995 tt,
2189 937 2326 982 cont.
2350 926 2556 983 Julian.
2586 926 2796 1003 Pelag.,
2823 946 2871 985 c.
2898 930 2966 997 8;
2999 940 3047 985 et
3071 931 3161 986 lib.
3189 947 3244 988 tv
3266 942 3402 987 cont.
3431 930 3562 986 duas

244 1017 430 1089 Epist.
457 1017 603 1088 Pel.,
639 1037 752 1094 cap.
784 1020 898 1094 Η),
928 1023 982 1077 in
1003 1025 1350 1080 controversia
1380 1025 1501 1094 poni
1523 1041 1627 1079 non
1655 1025 1777 1079 sinit
1817 1025 2116 1079 auctoritas.
2151 1021 2277 1077 Non
2312 1022 2748 1078 dissimulandum
2785 1035 2956 1080 tamen
2985 1026 3039 1080 in
3064 1027 3428 1098 manuscriptis
3461 1026 3564 1080 ali-

243 1121 375 1184 quot
420 1112 725 1183 inscriptum
767 1115 867 1186 legi
906 1114 976 1171 de
1018 1116 1158 1172 Esau
1193 1125 1246 1172 et
1278 1115 1427 1188 Fuga
1457 1117 1667 1174 saeculi.
1698 1115 1805 1173 Sed
1833 1115 1958 1189 quid
1987 1114 2309 1172 occasionem
2344 1113 2602 1170 additioni
2641 1115 2871 1184 dederit,
2905 1132 3118 1188 prorsus
3160 1135 3264 1174 non
3303 1118 3557 1175 videmus.

243 1206 292 1264 S
298 1207 514 1262 tandum
545 1209 714 1279 itaque
728 1212 844 1283 jam
871 1218 1092 1282 receptas
1109 1211 1451 1282 inscriptioni.
2709 1223 2714 1228 ‘

329 1303 441 1359 Etsi
469 1304 708 1360 Philonis
733 1304 864 1359 libro
892 1306 961 1362 de
989 1305 1242 1378 Profugis
1270 1315 1631 1380 argumentum
1657 1307 1799 1379 Agar
1822 1305 2042 1380 fugitiva
2069 1307 2361 1376 prwbuerit,
2391 1311 2504 1383 ejus
2531 1314 2699 1362 tamen
2729 1304 2961 1361 subsidio
2992 1305 3054 1363 S.
3090 1306 3314 1362 Antistes
3361 1306 3561 1362 utiliter

241 1399 447 1470 aliquot
469 1399 595 1453 locis
625 1408 750 1472 usus
771 1407 866 1465 est,
898 1408 956 1454 ut
978 1409 1101 1470 puta
1121 1400 1206 1454 ubi
1230 1400 1293 1455 de
1314 1399 1625 1471 patriarchis
1644 1399 1807 1455 Iacob
1826 1408 1876 1453 et
1900 1396 2099 1470 Joseplt
2124 1397 2278 1471 (Cap.
2299 1398 2336 1453 4
2361 1410 2408 1456 et
2439 1400 2516 1471 8),
2547 1399 2711 1472 deque
2735 1415 2828 1455 sea:
2853 1400 3043 1472 refugii
3078 1400 3366 1456 civitatibus
3389 1400 3557 1455 disse-

245 1491 324 1545 rit
349 1490 506 1561 (Cap.
535 1491 572 1545 2
593 1499 640 1546 et
663 1489 786 1563 aL).
843 1490 950 1546 Hic
975 1501 1144 1546 autent
1174 1492 1276 1546 duo
1307 1493 1450 1548 haud
1483 1493 1700 1564 indigna
1742 1507 1859 1563 qua:
1897 1492 2244 1558 observentur,
2279 1479 2652 1549 animadvertes
2676 1510 2695 1561 ;
2751 1493 2970 1550 alterum
3000 1493 3205 1565 quidem
3233 1493 3369 1565 quod
3387 1495 3504 1564 jam
3529 1512 3562 1549 a

246 1581 402 1635 nobis
437 1590 510 1637 est
547 1591 870 1647 annotatum,
901 1600 1081 1654 nempe
1106 1583 1434 1639 Ambrosium
1481 1585 1734 1656 quidquid
1754 1601 1786 1638 a
1805 1583 1995 1638 Judceo
2021 1584 2114 1639 illo
2138 1585 2491 1653 mutuabatur,
2517 1587 2650 1640 illud
2677 1587 2730 1641 in
2760 1603 2882 1642 usus
2911 1587 3221 1642 christianos
3249 1596 3563 1657 convertere,

245 1691 315 1730 ac
344 1675 500 1731 variis
521 1677 809 1732 rationibus
831 1679 1234 1749 testimoniisque
1258 1695 1323 1734 ea:
1344 1695 1476 1734 novo
1514 1678 1834 1734 Testamento
1871 1680 2041 1752 petitis
2069 1680 2377 1750 conﬁrmare
2395 1695 2414 1734 :
2439 1681 2660 1736 alterum
2682 1696 2799 1735 vero
2825 1698 3038 1738 causam
3063 1699 3158 1737 cur
3179 1681 3319 1737 idem
3351 1681 3562 1739 Pratsul

245 1778 360 1822 tam
386 1767 602 1824 libenter
630 1787 657 1824 e
677 1769 922 1826 Philonis
951 1773 1466 1828 commentationibus
1494 1773 1745 1841 hauriret,
1778 1774 1932 1828 istam
1959 1789 2096 1841 esse,
2120 1773 2261 1844 quod
2289 1773 2524 1830 videlicet
2553 1775 2823 1847 complura
2849 1775 2994 1830 illius
3019 1776 3271 1833 doctrina:
3299 1777 3470 1848 capita
3491 1778 3562 1833 ad

247 1861 569 1920 Christiana:
596 1865 864 1937 religionis
895 1865 1089 1936 placita
1109 1868 1255 1938 facili
1285 1869 1489 1940 negotio
1516 1868 1685 1939 redigi
1712 1878 1951 1940 possent;
1972 1873 2122 1944 cujus
2147 1886 2274 1926 sane
2303 1871 2378 1926 rei
2404 1871 2747 1929 clarissimum
2769 1873 3058 1948 exemplum
3083 1890 3199 1945 qua
3223 1875 3277 1930 in
3309 1876 3405 1930 hoc
3433 1873 3564 1930 libro

241 1958 405 2035 (Cap.
435 1960 471 2015 2
491 1952 541 2015 et
568 1959 624 2033 5)
650 1961 714 2016 de
752 1960 912 2016 Verbo
940 1962 1114 2018 divino
1137 1963 1490 2035 disputantur,
1520 1963 1874 2037 suppeditant.

625 2241 1624 2411 SANCTI
1801 2319 1848 2412 1

1987 2251 3191 2413 MBROSII

1381 2528 2032 2592 MEDIOLANENSIS
2073 2527 2427 2592 EPISCOPI

1007 2694 1284 2835 DE
1379 2690 1939 2839 FUGA
2037 2690 2807 2842 Sz/ECULI

1551 2921 1896 2994 LIBER
1938 2918 2296 3002 UNUS“.

267 2103 556 2116 ﬂ“

645 3185 804 3259 417
852 3180 1083 3240 CAPUT
1114 3177 1403 3236 PRIMUM.

255 3325 538 3383 Hominem
579 3341 680 3377 non
710 3338 859 3395 posse
891 3330 1118 3376 terrenas
1147 3315 1418 3372 illecebras
1471 3323 1519 3370 et
1549 3314 1858 3387 cupiditates

323 3423 520 3492 fugere,
556 3419 654 3473 nisi
679 3417 910 3471 divinum
935 3416 1071 3468 adsit
1096 3411 1415 3485 praesidium.
1451 3409 1585 3477 Quot
1631 3408 1720 3463 ille
1759 3409 1856 3463 int-

321 3517 615 3589 pedimenta
645 3532 677 3569 a
703 3511 936 3569 sensibus
949 3511 1220 3582 patiatur;
1243 3524 1494 3578 quamque
1509 3524 1631 3562 eum
1653 3523 1856 3563 necesse

321 3617 387 3672 sit
415 3615 587 3668 tristia
608 3612 737 3668 laetis
779 3620 1108 3680 anteponere,
1143 3625 1260 3662 cum
1287 3609 1342 3661 in
1371 3607 1450 3662 his
1476 3607 1609 3661 nihil
1632 3606 1732 3660 nisi
1756 3622 1847 3661 va-

321 3710 456 3764 nitas
484 3708 795 3779 reperiatur.
828 3703 1058 3759 Tandem
1079 3703 1168 3773 qui
1192 3701 1364 3757 salvus
1395 3718 1502 3758 esse
1527 3701 1668 3766 velit,
1689 3701 1851 3773 supra

321 3802 573 3858 mundum
599 3798 864 3863 ascendat,
895 3806 1152 3872 oportere.

1880 3180 1936 3241 Α
1959 3191 2194 3239 mentem
2229 3201 2505 3255 paramus,
2546 3188 2767 3245 insertis
2800 3189 3051 3248 inanibus
3091 3191 3515 3264 cogitationibus
3540 3237 3555 3260 ,

1960 3273 2028 3330 ad
2062 3283 2274 3330 terrena
2305 3278 2624 3351 plerumque
2653 3281 2964 3354 dejieimur.

2029 3368 2085 3422 2.
2127 3369 2258 3438 Quis
2293 3381 2474 3430 autem
2504 3383 2612 3431 tam
2641 3377 2833 3432 beatus
2869 3380 2961 3449 qui
3007 3379 3058 3435 in
3089 3381 3253 3437 corde
3283 3398 3383 3438 suo
3413 3399 3558 3440 sem-

1960 3476 2057 3532 per
2086 3464 2383 3520 ascendat?
2437 3466 2546 3523 Sed
2600 3467 2703 3524 hoc
2732 3470 2850 3526 sine
2877 3473 3080 3528 auxilio
3105 3474 3292 3532 divino
3320 3476 3409 3547 qui
3442 3477 3560 3534 ﬁeri

1957 3555 2177 3625 potest?
2206 3557 2365 3614 Nullo
2395 3559 2640 3630 profecto
2677 3562 2858 3618 modo.
2894 3565 3140 3637 Denique
3168 3584 3330 3639 supra
3359 3569 3550 3626 eadem

1953 3647 2231 3721 Scriptura
2257 3643 2390 3708 dicit
2421 3671 2433 3706 :
2464 3653 2655 3710 Beatus
2682 3657 2760 3710 vir
2794 3661 2946 3732 cujus
2976 3669 3048 3714 est
3085 3662 3340 3716 auxilium
3368 3661 3458 3718 abs
3487 3673 3556 3730 te,

1954 3741 2199 3811 Domine,
2234 3763 2477 3802 ascensus
2516 3750 2570 3803 in
2615 3751 2769 3806 corde
2810 3754 2924 3825 ejus
2951 3747 2975 3825 (
2997 3752 3144 3809 Psal.
3191 3771 3430 3822 Lxxxm,
3472 3757 3552 3828 6).

1951 3834 2153 3892 Beatus
2180 3839 2338 3907 plane
2354 3856 2514 3910 quem
2545 3842 2838 3900 delectatio
2853 3861 2958 3900 non
2987 3859 3226 3915 revocat,
3252 3865 3412 3919 quem
3443 3865 3551 3906 non

325 3940 378 3994 1.
419 3933 702 4006 Frequens
727 3935 886 3990 nobis
923 3934 992 3989 de
1036 3931 1346 4003 ell‘ngiendo
1392 3931 1595 3986 saaculo
1626 3929 1735 3984 isto
1764 3937 1852 3984 est
1953 3927 2180 3984 inclinat
2203 3931 2476 4002 voluptas,
2499 3935 2589 4003 qni
2620 3933 2686 3988 ad
2720 3935 2980 3991 inferiora
3011 3954 3117 3993 non
3137 3940 3550 4010 respicit;quod

253 4047 435 4088 sermo
464 4029 617 4105 (Vid.
649 4028 713 4085 S.
738 4027 960 4097 August.
994 4027 1082 4080 lib.
1104 4042 1140 4079 ιι
1168 4023 1464 4080 contr..lul.
1494 4021 1705 4092 Pelag.,
1730 4036 1847 4092 cap.

252 4125 306 4190 8,
329 4134 375 4180 et
401 4125 490 4178 lib.
513 4130 679 4176 contr.
711 4119 844 4174 duas
869 4119 1019 4190 epist.
1049 4116 1195 4183 Pel.,
1226 4133 1346 4185 cap.
1381 4113 1474 4185 11)
1503 4129 1518 4179 ;
1549 4123 1713 4183 atque.
1739 4111 1846 4166 uti-

252 4234 373 4276 nam
423 4232 585 4289 quam
617 4207 803 4271 'l'acilis
849 4227 1030 4268 sermo
1056 4255 1070 4278 ,
1112 4222 1222 4266 tam
1267 4218 1464 4266 cautus
1501 4218 1555 4263 et
1582 4207 1850 4263 sollicitus

250 4319 394 4368 esset
415 4309 446 4348 ι)
476 4307 724 4363 allectus.
755 4305 863 4362 Sed
888 4303 1032 4374 quod
1055 4303 1208 4375 pejus
1233 4312 1338 4367 est,
1368 4301 1684 4370 frequenter
1714 4299 1850 4354 irre-

253 4407 328 4476 pit
353 4416 692 4460 terrenarum
722 4400 982 4456 illecebra
1006 4398 1389 4464 cupiditatum,
1414 4405 1470 4452 et
1497 4395 1796 4452 vanitatum
1823 4408 1844 4435 ο

253 4497 442 4553 otTusio
464 4503 700 4552 mentem
723 4500 954 4564 occupat
979 4509 995 4558 ;
1019 4501 1080 4546 ut
1101 4491 1244 4560 quod
1275 4489 1495 4546 studeas
1522 4490 1717 4556 vitare,
1743 4488 1848 4546 hoc

1955 4035 2054 4076 nec
2077 4022 2247 4092 ipsius
2274 4021 2375 4078 Lot
2405 4040 2542 4080 uxor
2572 4027 2744 4095 potuit
2770 4027 3024 4084 evadere.
3054 4029 3220 4103 418
3236 4031 3354 4098 Quo
3375 4032 3555 4088 admo-

1954 4113 2103 4168 nitus
2129 4115 2383 4184 exemplo
2412 4118 2725 4186 Apostolus,
2771 4121 3073 4189 posteriora
3104 4123 3432 4180 obliviscens
3458 4167 3471 4191 ,
3497 4136 3553 4184 et

1954 4220 2015 4261 ea
2041 4221 2164 4278 qum
2189 4216 2315 4262 sunt
2344 4209 2529 4279 priora
2569 4220 2832 4281 appetens
2857 4211 3146 4268 festinabat
3175 4216 3239 4272 ad
3273 4218 3515 4276 bravium
3534 4262 3549 4286 ,

1953 4307 2010 4353 et
2040 4301 2326 4369 pervenire
2349 4303 2585 4367 meruit;
2617 4304 2740 4372 quia
2765 4314 2894 4361 ante
2923 4320 2983 4360 se
3008 4305 3283 4365 Christum
3311 4311 3550 4382 videbat,

1953 4407 1980 4445 a
2008 4407 2118 4462 quo
2147 4393 2212 4448 ad
2232 4394 2458 4464 justitiae
2482 4396 2779 4452 vocabatur
2806 4413 3090 4458 coronam.
3145 4402 3251 4458 Sed
3303 4407 3554 4475 pervenit

1954 4483 2046 4540 ille
2067 4486 2156 4554 qui
2187 4501 2246 4541 se
2273 4488 2448 4557 ipsum
2475 4487 2580 4545 sibi
2605 4489 2912 4562 abnegavit,
2958 4502 3017 4549 ut
3057 4495 3337 4551 Christum
3369 4497 3547 4554 lucra.

253 4593 474 4664 cogites,
509 4589 805 4658 animoque
831 4586 1020 4642 volvas
1049 4603 1061 4639 :
1091 4584 1236 4656 quod
1280 4598 1474 4640 cavere
1509 4582 1732 4639 difﬁcile
1767 4591 1849 4638 est
1879 4581 1925 4642 B
1956 4590 2131 4635 retur.
2164 4579 2407 4652 Denique
2434 4597 2542 4638 non
2575 4583 2690 4654 ipse
2714 4584 2945 4654 vivebat,
2990 4587 3086 4643 sed
3133 4589 3350 4646 vivebat
3391 4592 3443 4649 in
3484 4606 3553 4649 eo

253 4685 474 4750 homini,
500 4697 699 4739 exuere
727 4692 906 4738 autem
931 4679 1291 4750 impossibile.
1322 4678 1566 4748 Denique
1591 4679 1696 4734 voti
1724 4692 1840 4733 eam

255 4777 279 4816 ά
306 4777 474 4847 magis
514 4790 637 4832 esse
664 4789 782 4830 rem
826 4788 988 4843 quam
1036 4770 1264 4827 ell'ectus
1294 4778 1525 4826 testatur
1563 4769 1840 4840 Propheta

255 4871 479 4926 dicendo
511 4888 524 4925 :
553 4867 772 4924 Declina
797 4883 887 4922 cor
913 4883 1080 4920 meum
1119 4867 1174 4919 in
1211 4865 1506 4919 testimonia
1535 4875 1643 4929 tua,
1669 4875 1715 4920 et
1741 4881 1845 4920 non

251 4967 304 5020 in
327 4965 594 5020 avaritiam
619 4960 739 5033 (Ps.
770 4976 956 5048 ωενιιι,
985 4958 1101 5034 56).
1146 4957 1260 5014 Non
1284 4959 1430 5014 enim
1480 4959 1536 5013 in
1578 4966 1846 5028 potestate

254 5071 429 5118 nostra
457 5068 542 5116 est
572 5074 668 5113 cor
697 5065 966 5123 nostrum,
993 5065 1048 5112 et
1075 5062 1276 5110 nostrm
1313 5054 1696 5125 cogitationes,
1720 5069 1844 5125 quae

254 5154 546 5228 improviso
567 5151 754 5208 eﬁusa:
792 5161 1030 5207 mentem
1061 5151 1414 5220 animumque
1461 5148 1804 5205 confundunt
1829 5191 1844 5216 ,

255 5259 410 5318 atque
434 5246 539 5301 alio
564 5245 784 5300 trahunt
809 5259 971 5314 quam
995 5253 1052 5299 tu
1083 5243 1455 5314 proposueris,
1475 5242 1542 5299 ad
1565 5243 1844 5298 szecularia

255 5347 531 5402 revocant,
564 5335 840 5392 mundana
869 5336 1155 5401 inserunt,
1180 5336 1520 5407 voluptuaria
1553 5335 1844 5406 ingerunt,

253 5433 572 5493 illecebrosa
595 5431 881 5497 intexunt;
907 5429 1133 5502 ipsoque
1163 5431 1215 5486 in
1241 5439 1484 5502 tempore
1501 5445 1607 5502 quo
1632 5431 1850 5489 elevare

323 5621 348 5646 η
379 5605 630 5674 Scriptus
658 5603 792 5656 circ.
822 5616 912 5655 an.
938 5599 1066 5654 587.
1196 5673 1206 5674 ί
1233 5635 1237 5638 ι

318 5687 348 5728 b
385 5673 539 5732 Rom.
570 5674 703 5730 edit.
733 5681 920 5728 contra
947 5685 1136 5726 omnes
1163 5673 1296 5730 alias
1319 5675 1452 5731 edit.
1494 5689 1556 5730 ac
1582 5688 1714 5729 mss.
1764 5673 1853 5730 hic

256 5757 530 5824 posuerat,
561 5745 795 5813 effectus.
831 5745 1194 5813 Pra-poslere,
1240 5756 1298 5800 ut
1319 5747 1644 5801 examinanti
1672 5746 1849 5817 palam

562 5887 778 5959 omnes,
808 5856 995 5948 etl'usio
1023 5847 1241 5951 mentem
1263 5857 1498 5960 occupat.

1951 4670 2223 4728 Christus.
3009 4725 3019 4741 ι

2025 4768 2080 4822 5.
2121 4766 2254 4822 Nam
2285 4769 2408 4837 quis
2435 4777 2458 4806 ε
2490 4768 2634 4825 inter
2664 4779 2743 4826 tot
2764 4773 3048 4844 passiones
3087 4775 3248 4845 hujus
3277 4777 3549 4846 corporis,

1956 4861 2098 4916 inter
2146 4870 2224 4916 tot
2251 4861 2542 4919 illecebras
2581 4864 2740 4935 hujus
2771 4869 2955 4923 saeculi
2991 4879 3164 4923 tutum
3215 4879 3375 4940 atque
3405 4872 3546 4928 inte-

1954 4963 2220 5010 meratum
2247 4971 2470 5013 servare
2501 4967 2678 5028 potest
2701 4960 3029 5032 vestigium?
3061 4961 3318 5033 Respexit
3338 4963 3548 5031 oculus,

1952 5057 2005 5105 et
2035 5063 2259 5105 sensum
2288 5051 2485 5106 mentis
2523 5054 2755 5110 avertit:
2779 5055 2984 5110 audivit
3011 5057 3182 5122 auris,
3210 5065 3264 5111 et
3294 5056 3554 5113 intentio-

1951 5161 2074 5203 nem
2108 5145 2319 5201 inﬂexit
2345 5163 2358 5198 :
2387 5145 2647 5202 inhalavit
2675 5147 2832 5215 odor,
2860 5158 2916 5204 et
2942 5148 3329 5220 cogitationem
3380 5151 3551 5222 impe-

1950 5242 2090 5299 divit
2119 5259 2132 5296 :
2164 5255 2227 5297 os
2253 5239 2530 5308 libavit,et
2549 5242 2752 5298 crimen
2783 5242 3002 5297 retulit:
3030 5251 3200 5298 tactus
3221 5243 3471 5315 contigit,
3494 5255 3552 5301 et

1952 5337 2130 5408 ignem
2195 5335 2451 5392 adolevit.
2484 5333 2705 5389 Intravit
2743 5351 2880 5391 mors
2919 5353 3010 5408 per
3040 5339 3318 5407 fenestram
3348 5378 3362 5402 ,
3417 5337 3554 5394 dixit

1953 5430 2225 5504 PrOplteta
2260 5431 2408 5506 (Jer.
2439 5447 2516 5500 ιι,
2555 5429 2946 5501 21).Ι⁴“ειιρδιι·ει
2975 5440 3066 5486 tua
3091 5439 3173 5487 est
3193 5431 3382 5488 oculus
3405 5441 3554 5490 tuus.

2031 5597 2058 5636 ἀ
2090 5599 2266 5654 Paris.
2296 5599 2564 5666 quasdam,
2593 5599 2761 5666 magis
2785 5615 2894 5653 esse
2923 5614 3085 5664 ream,
3108 5614 3284 5667 quam,
3309 5605 3414 5651 etc.

2037 5681 2060 5708 θ
2105 5669 2237 5725 Mss.
2267 5670 2406 5738 Big.,
2438 5671 2614 5725 Alnet.
2645 5669 2871 5734 ethIb.,
2900 5668 3046 5723 Inter
3073 5680 3141 5724 tot
3168 5669 3430 5738 passiones
3451 5669 3556 5723 hu-

1971 5745 2048 5805 ius
2081 5742 2280 5812 saeculi,
2308 5743 2438 5794 inter
2469 5749 2539 5794 tot
2582 5741 2848 5812 illecebras
2892 5740 3049 5812 hujus
3089 5741 3293 5807 mundi,
3335 5750 3441 5796 etc.
3485 5745 3556 5798 At

2011 5813 2198 5888 head,
2229 5811 2408 5870 Intot
2449 5811 2773 5881 pastionibus
2816 5811 2969 5882 hujus
3012 5814 3274 5886 corporis,
3306 5813 3441 5869 inter
3477 5819 3554 5866 tot

1960 5883 2245 5944 illecebras.
2267 5891 2373 5939 etc;
