4082 6370
547 343 644 399 57!
685 347 690 352 ’

1895 331 2144 398 SANCTI
2185 335 2512 396 AMBROSII

3799 345 3914 401 5τέ

545 462 602 518 Si
645 459 829 518 videas
877 457 1158 515 mulierem
1206 455 1272 512 ad
1331 455 1864 530 concupiscendum,
1919 457 2141 514 intravit
2170 459 2357 520 Atros
2405 455 2545 512 ultra
2591 455 2890 514 Iordanem
2947 459 3218 528 civitates,
3261 469 3318 516 et
3357 469 3475 516 tres
3525 461 3580 517 in
3651 465 3910 534 regione

545 569 695 612 mors
737 571 750 612 :
797 553 843 610 si
905 551 1093 606 audias
1142 565 1422 607 sermones
1488 551 1870 617 meretricios,
1925 551 2148 608 intravit

550 663 728 705 mors:
751 649 794 704 si
825 649 1032 703 luxuria
1064 661 1257 702 sensus
1285 657 1404 702 tuos
1426 647 1624 716 capiat,
1653 647 1958 716 penetravit
1977 663 2142 704 mors.

555 741 623 797 Et
681 741 800 795 ideo
827 739 916 811 qui
965 737 1080 794 vttlt
1119 739 1438 806 ascendere,
1479 755 1586 794 non
1629 739 1750 794 laeta
1793 740 2000 802 smculi,
2039 755 2146 794 non

551 851 787 902 amoena,
822 851 928 890 non
959 835 1319 900 delectabilia,
1349 835 1442 890 sed
1477 835 1638 906 plena
1667 835 1875 890 doloris
1906 847 1959 891 et
1989 834 2149 892 ﬂetus

546 937 840 1001 sequatur;
891 929 1086 985 melius
1117 939 1198 984 est
1251 931 1396 985 enim
1443 929 1524 985 ire
1570 931 1621 984 in
1661 929 1884 986 domum
1927 930 2102 987 luctus
2131 971 2146 998 ,

546 1041 706 1097 quam
737 1027 788 1080 in
817 1025 1036 1081 domum
1069 1025 1270 1096 gaudii.
1306 1025 1552 1095 Denique
1581 1039 1682 1080 nec
1713 1025 1882 1080 Adam
1937 1027 2004 1081 tle
2055 1043 2148 1096 pa-

546 1119 728 1176 radiso
759 1119 1152 1182 tlescettdis~t-t,
1185 1121 1283 1174 nisi
1313 1119 1676 1176 delcclationo
1699 1119 1959 1188 deceptus
1981 1129 2144 1178 esset.

618 1215 672 1268 4.
705 1213 938 1269 Pulchre
967 1213 1130 1278 igitur
1154 1213 1344 1278 David,
1367 1213 1460 1284 qui
1500 1224 1526 1251 ³
1555 1213 1886 1286 periculosos
1917 1215 2153 1272 hominis

547 1305 716 1362 etiam
747 1306 898 1375 ipsas
925 1297 1180 1377 aspectus
1231 1303 1409 1360 fuerat
1433 1315 1709 1370 expertus,
1743 1307 1956 1361 beatum
2001 1307 2150 1362 illum

548 1399 702 1465 dicit,
727 1399 812 1454 cui
843 1411 968 1468 spes
997 1398 1178 1454 omnis
1210 1399 1262 1453 in
1293 1398 1388 1455 Dei
1415 1399 1632 1454 nomine
1655 1409 1737 1454 est
1763 1397 1930 1472 (Paul.
1963 1415 2151 1468 xxxix,

550 1491 628 1566 5).
681 1493 774 1549 Sic
799 1493 948 1548 enim
980 1509 1086 1547 non
1121 1493 1342 1564 restricit
1390 1495 1442 1548 in
1476 1495 1778 1559 vnnitates,
1813 1505 1869 1551 et
1917 1497 2155 1550 insanias

554 1587 749 1650 falsas,
797 1587 843 1640 si
892 1601 1110 1657 semper
1165 1585 1216 1640 in
1261 1585 1538 1642 Chri~tttm
1595 1587 1877 1654 intendat,
1939 1605 2157 1658 semper

557 1677 837 1734 Christum
886 1677 1237 1735 interioribus
1275 1682 1447 1735 oculis
1489 1681 1733 1751 aspiciat.
1765 1681 1918 1738 Unde
1959 1683 2153 1738 iterum

555 1773 624 1826 ad
657 1775 832 1844 ipsum
861 1762 1158 1828 conversus
1189 1773 1258 1828 ait
1297 1791 1309 1828 :
1349 1773 1532 1830 dvorte
1573 1777 1750 1831 oculos
1793 1793 1952 1840 meos,
1987 1793 2050 1832 ne
2083 1777 2158 1832 ri-

2247 549 2554 606 Cltananaea
2589 549 2870 622 dispositae
2900 551 3028 620 sint,
3061 567 3183 623 qua:
3233 553 3450 625 refugio
3507 557 3906 620 peccantibus

2252 643 2450 700 forent.
2489 645 2786 714 Quartum,
2821 661 2920 702 cur
2947 645 3315 702 dinumeratio
3343 657 3400 704 et
3441 649 3722 704 definitio
3759 659 3908 706 tem-

2251 739 2402 810 poris
2422 739 2818 806 comprehensa
2847 741 2934 805 sit,
2971 741 3112 796 intra
3153 741 3298 813 quod
3345 743 3560 798 habitet
3595 743 3904 800 homicida

2253 834 2306 888 in
2335 833 2558 890 civitate
2581 837 2794 908 rel'ttgii,
2827 835 3002 906 quoad
3029 837 3292 892 moriatur
3319 837 3590 892 sacerdos
3619 855 3902 910 magnus,

2252 939 2304 984 et
2331 939 2448 998 post
2475 939 2706 985 mortem
2735 931 3034 986 sacerdotis
3063 933 3242 1001 magni
3269 931 3902 988 revertatur-homicida

2253 1022 2304 1076 itt
2333 1022 2611 1078 civitatem
2641 1023 2990 1078 habitationis
3023 1041 3133 1080 sunt
3159 1023 3350 1098 (Ιὺἰόη
3375 1025 3498 1092 25).
3533 1027 3616 1081 De
3649 1027 3900 1094 singulis

2253 1131 2386 1188 ergo
2415 1125 2630 1186 oportet
2665 1117 2871 1186 dicere,
2911 1129 3073 1190 atque
3115 1135 3182 1175 eo
3213 1119 3406 1177 ordine
3435 1135 3550 1192 quo
3584 1121 3902 1193 proposui-

2253 1225 2395 1277 mus,
2435 1211 2660 1280 qutcsita
2693 1211 2998 1266 absolvere.
3333 1261 3340 1268 .

2327 1307 2378 1357 ti.
2421 1299 2813 1371 Competentcr
2843 1305 3026 1375 itaque
3077 1304 3364 1360 levitarum
3411 1303 3684 1360 civitates
3737 1305 3894 1362 datas

2255 1393 2322 1450 ad
2353 1395 2622 1465 refugium
2657 1395 2834 1464 primo
2859 1395 3240 1466 explicandum
3263 1403 3368 1451 est.
3397 1395 3676 1466 Cutigrue
3703 1411 3892 1453 autem

2259 1501 2535 1558 prensum
2567 1489 2780 1558 liquet:
2811 1490 2932 1556 quia
2959 1489 3135 1544 levita:
3168 1489 3464 1560 fugitantes
3508 1502 3642 1546 sunt
3699 1491 3892 1546 mundi

2256 1582 2443 1653 hujus,
2477 1591 2536 1636 ut
2565 1583 2814 1651 placeant
2843 1581 2978 1648 Deo,
3025 1583 3330 1654 relinquant
3367 1583 3610 1654 patriam
3635 1628 3650 1644 .
3693 1600 3894 1654 parcu-

2261 1689 2362 1745 tes,
2397 1679 2562 1742 illius,
2608 1693 2828 1734 omnem
2855 1677 3258 1748 cognationem,
3291 1687 3350 1733 ut
3401 1677 3752 1734 adhaereant
3807 1679 3890 1734 uni

2259 1773 2392 1829 De".
2449 1773 2690 1841 Denique
2743 1779 2797 1827 ct
2827 1771 3062 1827 Abrabtc
3091 1772 3294 1828 dictum
3327 1781 3452 1828 est:
3485 1771 3702 1826 Exi-de
3757 1783 3892 1826 terra

561 1866 718 1920 deant
745 1867 1018 1921 vanitatem
1042 1863 1160 1938 (Ps.
1195 1879 1372 1922 cxvm
1391 1907 1404 1932 ,
1429 1868 1540 1934 37).
1577 1863 1800 1922 Vanitas
1841 1869 2018 1923 circus
2049 1881 2152 1934 cst,
2185 1859 2234 1920 B
2263 1875 2371 1924 tua.
2397 1875 2446 1920 et
2475 1865 2542 1920 de
2571 1865 2878 1936 cognatione
2899 1873 3010 1929 tua,
3039 1875 3084 1918 et
3117 1863 3180 1917 de
3209 1865 3364 1918 domo
3402 1865 3574 1936 patris
3605 1865 3686 1917 tui
3733 1863 3878 1935 (Gen.

559 1961 684 2032 quia
726 1960 858 2016 nihil
907 1960 1125 2031 prodest
1157 1979 1170 2015 :
1201 1963 1410 2016 vanitas
1431 1971 1522 2016 est
1551 1977 1812 2033 equorum
1861 1963 2152 2030 velocitas,

566 2055 690 2124 quia
723 2054 956 2110 mendax
981 2054 1046 2108 ad
1076 2054 1307 2110 salutem
1349 2064 1430 2110 est
1457 2073 1471 2109 :
1501 2055 1710 2110 vanitas
1739 2054 2008 2110 theatrum
2029 2065 2108 2110 est
2139 2073 2153 2110 :

556 2146 773 2201 vanitas
823 2146 981 2201 ludus
1024 2147 1238 2203 omnis:
1272 2147 1460 2201 Omnia
1486 2147 1706 2215 vanitas,
1755 2148 1928 2214 inquit
1971 2147 2160 2203 Eccle-

555 2233 773 2303 siastes,
800 2255 913 2306 qua:
935 2238 992 2293 in
1020 2239 1116 2294 hoc
1140 2239 1330 2294 sarculo
1352 2247 1470 2294 sunt
1493 2237 1716 2308 (Eccles.
1747 2255 1786 2300 ι.
1811 2237 1888 2312 2).
1919 2240 2159 2312 Denique

555 2333 644 2404 qui
676 2333 856 2388 salvus
883 2347 1006 2389 esse
1029 2333 1162 2396 vult,
1187 2349 1348 2403 supra
1374 2335 1632 2389 mundum
1684 2333 1962 2401 ascendat,
2012 2351 2162 2406 qum-

560 2435 648 2482 rat
679 2427 916 2484 Verbum
947 2429 1088 2493 apud
1109 2427 1304 2494 Deum,
1329 2427 1493 2498 fugiat
1518 2429 1658 2484 hunc
1682 2431 1963 2494 mundum,
1987 2439 2162 2486 terras

557 2518 1161 2592 relinquat.519N0n
1194 2520 1338 2575 enim
1371 2530 1547 2584 [toteSt
1569 2519 1849 2590 percipere
1873 2523 2000 2578 illud
2019 2517 2162 2592 quod

560 2619 666 2673 est,
689 2621 842 2666 etest
871 2627 1112 2676 seum-er,
1132 2613 1232 2666 nisi
1259 2613 1404 2682 prius
1423 2613 1547 2667 hinc
1573 2611 1790 2684 fugerit.
1810 2613 1965 2670 Unde
1986 2625 2038 2670 et
2063 2616 2168 2670 Do-

560 2707 740 2760 minus
781 2705 970 2759 volens
1005 2704 1282 2761 PatriDeo
1313 2706 1860 2776 appmpinquare,ad
1887 2709 2165 2780 apostolos

559 2801 637 2853 ait
665 2815 678 2852 :
706 2797 924 2871 Surgite
949 2815 1126 2854 camus
1153 2799 1274 2854 hinc
1304 2797 1489 2871 (Joan.
1524 2815 1634 2868 xw,
1667 2797 1785 2872 51).

1196 2935 1425 2992 CAPUT
1465 2935 1530 2993 Il.

561 3047 826 3106 Surculum
858 3050 1164 3122 fugiendum
1205 3049 1348 3104 docet
1403 3051 1487 3104 lca:
1526 3049 1590 3104 de
1611 3051 1900 3106 ciuitatibus
1947 3051 2157 3122 refugit,

631 3143 694 3196 de
719 3143 902 3213 quibus
925 3156 1150 3214 quatuor
1171 3143 1559 3210 discutiuntur;
1583 3143 1827 3212 primum,
1858 3160 1948 3196 cur
1971 3144 2077 3198 illa:
2104 3144 2160 3197 in

629 3245 766 3290 sorte
799 3236 1062 3291 levitarum
1089 3237 1334 3294 delectat:
1357 3238 1659 3304 secundum,
1678 3255 1770 3292 cur
1799 3255 2012 3294 numero
2037 3255 2158 3294 rex:
2187 3249 2232 3312 (ζ

634 3331 864 3394 tertium,
900 3347 991 3386 cur
1019 3348 1194 3386 earum
1230 3343 1334 3386 tres
1363 3332 1502 3386 ultra
1527 3330 1833 3398 Iordanem,
1858 3349 1918 3387 ac
1947 3333 2158 3386 totidem

633 3425 688 3478 in
709 3434 846 3478 terra
875 3423 1206 3480 Clumanaza:
1233 3437 1498 3496 quartum,
1543 3441 1634 3478 cur
1660 3424 1924 3479 homicida
1947 3435 2160 3478 mortem

633 3517 898 3590 pontiﬁcis
927 3518 998 3572 ibi
1019 3519 1261 3592 jubcatur
1291 3527 1607 3588 exspectare.
1664 3519 1793 3586 Qua:
1845 3520 2020 3574 omnia
2077 3521 2161 3574 di-

632 3613 792 3668 uersis
824 3614 1089 3667 virtutibus
1117 3612 1592 3668 accommodantur.

638 3728 692 3784 5.
733 3727 902 3784 Docet
929 3735 983 3781 te
1013 3727 1176 3782 etiam
1219 3727 1300 3782 lett
1333 3711 1648 3797 fugiendum
1679 3725 1962 3790 sarculum,
1997 3725 2166 3782 Deum

564 3819 924 3890 sequendum.
959 3819 1100 3887 Quid
1133 3819 1278 3874 enim
1307 3819 1450 3874 aliud
1481 3818 1662 3884 docet,
1688 3835 1808 3874 cum
1841 3819 1972 3874 dicit
1999 3838 2014 3875 :
2045 3817 2168 3874 Dis-

562 3916 768 3986 ponetis
810 3916 952 3970 nobis
981 3916 1212 3972 civitates
1253 3917 1322 3970 ad
1347 3918 1627 3988 refugium,
1652 3925 1700 3971 et
1727 3927 1874 3972 erunt
1915 3917 2056 3972 vobis
2084 3933 2168 3971 τε-

567 4012 736 4082 fugio,
761 4025 865 4081 quo
913 4009 1140 4084 refugiat
1185 4010 1446 4066 homicida
1485 4013 1692 4080 'omnis,
1742 4011 1832 4082 qui
1861 4013 2168 4081 percusserit

563 4103 790 4158 animum
815 4101 1003 4156 inuitus
1029 4101 1224 4172 (Num.
1255 4119 1418 4166 xxxv,
1445 4103 1578 4170 ii)?
1603 4105 1669 4158 Et
1702 4103 1840 4159 infra
1867 4123 1882 4158 :
1909 4103 2015 4160 Sea:
2037 4105 2164 4158 ciui-

567 4205 696 4251 tates
729 4198 797 4250 ad
830 4198 1036 4271 refugio
1065 4207 1212 4250 erunt
1241 4197 1406 4262 vobis,
1431 4207 1534 4252 tres
1557 4198 1786 4252 ciuitates
1815 4199 2002 4254 dabitis
2021 4209 2166 4254 trans

565 4288 872 4348 Jordunem,
921 4301 968 4342 et
1011 4299 1116 4342 tres
1143 4292 1373 4344 ciuitates
1413 4291 1600 4344 dabitis
1639 4291 1694 4344 in
1741 4299 1878 4344 terra
1913 4289 2166 4346 Chanaan

571 4379 767 4454 (Ibid..
819 4381 889 4436 15
936 4390 982 4436 et
1015 4381 1144 4454 M)?
1171 4380 1200 4420 δ
1233 4385 1433 4452 Aperte
1463 4383 1682 4451 quidem
1727 4383 2166 4452 cttnfugietttibtts

566 4475 670 4530 hoc
715 4475 928 4531 crimen
987 4475 1264 4531 homicidii
1325 4477 1528 4547 refugia
1561 4477 1837 4547 proposita
1871 4485 2015 4531 sunt.
2056 4477 2166 4532 Sed

565 4567 982 4626 consideremus
1009 4567 1195 4622 altius.
1245 4569 1490 4637 Quatuor
1533 4577 1662 4624 sunt
1705 4585 1826 4640 qua:
1871 4569 2166 4626 admonent

2258 1973 2355 2026 xu,
2389 1957 2466 2030 1).
2497 1958 2602 2013 Sed
2633 1957 2772 2014 ἴθι-ιθ
2801 1958 2954 2013 dicas
2981 1976 2992 2011 :
3021 1955 3212 2012 Levila
3247 1973 3352 2012 non
3387 1970 3530 2014 erat.
3561 1958 3682 2015 Sed
3722 1959 3884 2014 habe-

2259 2051 2350 2106 bat
2381 2052 2432 2106 iu
2471 2052 2668 2107 lumbis
2699 2051 2812 2106 suis
2843 2049 2992 2116 Levi,
3017 2061 3072 2105 ttt
3095 2051 3319 2122 legimus
3345 2052 3414 2106 ad
3443 2052 3730 2107 Hchrtcus
3753 2055 3876 2108 scri-

2261 2153 2410 2215 ptum
2445 2143 2629 2215 (llebr.
2666 2159 2756 2210 vtt,
2787 2143 2898 2214 10).
2935 2144 3001 2198 Et
3035 2143 3298 2198 Dominus
3331 2145 3516 2200 Ιθνίιίε
3563 2145 3734 2209 dicit,
3759 2161 3874 2199 cum

2261 2237 2544 2305 discipulis
2565 2235 2700 2302 suis,
2725 2238 2827 2291 hoc
2857 2245 2960 2300 est,
2992 2236 3204 2306 apostol
3231 2251 3256 2291 s
3287 2237 3448 2292 dicit:
3471 2235 3538 2292 Si
3569 2239 3696 2304 quis

2264 2331 2370 2386 vult
2389 2341 2501 2402 post
2519 2347 2596 2386 me
2619 2329 2810 2398 venire,
2829 2331 3040 2402 abneget
3057 2329 3402 2397 semetipsum.
3421 2339 3470 2386 et
3493 2331 3652 2384 tollat
3675 2349 3872 2384 crucem

2263 2441 2430 2490 suam,
2459 2437 2503 2478 et
2543 2433 2785 2492 aequatur
2835 2439 2913 2476 me
2949 2421 3106 2493 (Luc.
3153 2439 3228 2488 Ix,
3261 2423 3380 2484 23).
3412 2424 3770 2492 Quamquam
3813 2424 3868 2476 ad

2265 2533 2456 2573 omnes
2481 2519 2590 2587 jam
2615 2515 2818 2572 dictum
2853 2517 2960 2570 sit:
3003 2514 3108 2569 Vos
3137 2527 3304 2569 autem
3335 2531 3502 2585 genus
3533 2515 3868 2580 electum,”-

2265 2613 2381 2684 gale
2413 2611 2779 2670 sacerdotium.
2815 2627 2938 2682 gens
2967 2621 3167 2670 sancta,
3201 2613 3424 2679 papulas
3453 2611 3510 2662 in
3537 2611 3866 2681 adoptiones:

2267 2705 2312 2776 (1
2347 2701 2486 2759 Petr.
2513 2720 2572 2764 ll,
2599 2703 2678 2770 9).
2715 2703 2870 2758 Venit
2909 2703 3188 2774 plenitudo
3212 2742 3228 2768 ,
3261 2701 3509 2773 reliquias
3561 2717 3860 2759 ces.~arunt.

2265 2795 2514 2854 Christus
2549 2799 2693 2850 cnim
2723 2811 2917 2852 omnes
2965 2797 3208 2864 vocavit,
3257 2807 3278 2834 ο
3311 2795 3570 2850 Omnibus
3631 2797 3862 2866 profecto

2267 2902 2434 2964 patet,
2464 2901 2521 2946 ut
2549 2907 2744 2948 omnes
2767 2903 3092 2962 sequantur,
3121 2893 3376 2947 omnibus
3405 2907 3642 2963 regnum
3679 2907 3860 2964 propo-

2265 2985 2452 3050 situm,
2484 2995 2538 3039 et
2569 2986 2676 3038 vita
2719 2993 2944 3038 teterna.

2337 3079 2368 3134 7
2437 3079 2575 3150 Ergo
2601 3081 2684 3134 cui
2715 3079 2855 3134 Dens
2899 3077 3080 3148 portio
3109 3089 3192 3132 cst
3235 3079 3357 3144 (12,
3391 3087 3580 3148 quam.
3621 3082 3674 3144 1,
3699 3098 3746 3134 c.
3779 3081 3860 3135 Cui

2265 3173 2478 3247 portio).
2516 3174 2650 3228 nihil
2678 3173 2842 3228 debet
2865 3187 3062 3228 curare
3083 3171 3184 3229 nisi
3217 3173 3407 3240 Deum,
3431 3187 3498 3227 ne
3521 3173 3750 3228 alterius
3775 3177 3858 3228 itu-

2267 3269 2517 3340 pediatur
2546 3266 2889 3322 neceSsitatis
2917 3281 3162 3322 munere.
3191 3267 3348 3334 Quod
3383 3270 3528 3322 enim
3559 3268 3626 3322 ad
3655 3269 3758 3322 alia
3789 3267 3856 3320 oi-

2267 3363 2385 3418 ficia
2414 3363 2711 3428 confertur,
2746 3362 2849 3418 hoc
2889 3363 3164 3432 religioois
3191 3353 3576 3433 cultui,atque
3601 3365 3724 3418 huic
3745 3379 3854 3416 nos..-

2267 3467 2348 3512 lro
2377 3458 2558 3512 ofﬁcio
2591 3457 2924 3526 decerpitur.
2961 3456 3086 3512 Haec
3113 3457 3258 3512 enim
3289 3474 3414 3513 vera
3443 3469 3526 3513 est
3565 3459 3850 3513 sacerdotis

2267 3549 2414 3620 fuga,
2449 3549 2720 3605 abdicmio
2750 3549 3205 3614 domesticorum,
3237 3559 3288 3605 et
3321 3549 3572 3618 quaedam
3615 3551 3848 3606 alit-natio

2266 3643 2711 3698 charissimornm
2735 3657 2748 3706 ;
2773 3651 2828 3696 ut
2853 3643 2967 3696 suis
2995 3643 3157 3697 etiam
3181 3657 3241 3698 se
3266 3643 3516 3714 abneget,
3547 3645 3640 3714 qui
3664 3646 3849 3699 servire

2271 3737 2382 3793 Deo
2407 3736 2593 3808 gestit.
2629 3735 2797 3791 Recte
2839 3751 2972 3808 ergo
3011 3735 3227 3808 fugaces
3259 3735 3538 3806 fugacibus
3585 3753 3844 3794 Commen-

2269 3831 2412 3886 davit
2467 3841 2684 3886 auertite
2739 3831 2872 3900 legis
2915 3833 3154 3896 sanctio;
3185 3841 3244 3886 ut
3292 3831 3382 3902 qtti
3425 3831 3572 3887 hunc
3604 3833 3842 3888 mundum

2269 3925 2422 3980 obliti
2455 3935 2606 3988 sunt,
2649 3939 2746 3980 eos
2796 3924 3062 3992 recipiant
3103 3927 3192 3994 qui
3223 3935 3446 3996 peccata
3479 3942 3576 3981 sua
3609 3929 3841 3982 condem-

2271 4029 2464 4073 nantes
2493 4027 2655 4088 atque
2685 4032 2874 4084 opera,
2907 4017 3236 4072 oblivionem
3269 4019 3394 4072 vita:
3433 4021 3732 4088 superioris
3763 4037 3844 4075 c1-

2272 4119 2477 4181 petaut,
2508 4121 2564 4166 et.
2593 4111 2880 4166 steculat-ia
2905 4127 3025 4182 qua:
3045 4112 3358 4181 gesserint,
3383 4111 3610 4168 abolere
3653 4115 3842 4169 deside-

2271 4213 2414 4260 rent.
2461 4203 2724 4274 Fugitaus
2767 4205 2930 4276 igitur
2968 4213 3052 4258 est
3079 4219 3300 4258 suorum
3347 4207 3488 4260 sacri
3533 4206 3718 4260 altaris
3743 4206 3840 4276 ejus

2271 4301 2538 4354 minister.
2566 4296 2722 4353 Unde
2751 4297 3010 4352 Dominus
3037 4298 3186 4368 quasi
3213 4297 3470 4369 princeps
3492 4301 3836 4362 Sacerdotuat,

2269 4391 2498 4447 formam
2529 4391 2710 4446 levitis
2741 4393 2792 4446 in
2825 4391 3077 4462 Evangeli
3099 4411 3112 4440 ι
3137 4391 3274 4445 dans
3299 4406 3402 4446 suo
3427 4391 3566 4446 dixit
3595 4411 3608 4445 :
3639 4393 3758 4460 Quae
3776 4403 3838 4447 est

2269 4495 2432 4541 mater
2463 4501 2598 4554 mea,
2629 4497 2718 4542 aut
2749 4487 2836 4554 qui
2862 4497 2980 4541 sunt
3009 4489 3198 4558 fratres
3224 4488 3324 4542 mei
3355 4487 3574 4557 (Matth.
3607 4507 3700 4553 xu,
3723 4489 3838 4554 48)?

2269 4579 2384 4634 Hoc
2408 4587 2512 4640 est.
2547 4595 2654 4634 non
2685 4593 2922 4649 agnosco
2966 4591 3219 4646 matrem,
3254 4595 3360 4634 non
3395 4597 3722 4651 recognosco
3741 4582 3834 4637 fra-

563 4661 888 4736 profuudius
921 4679 1042 4719 esse
1092 4665 1383 4733 spectanda
1423 4679 1617 4721 arcana
1673 4665 1922 4721 lectionis
1979 4666 2158 4721 istius.
2189 4676 2244 4738 1)
2271 4685 2404 4738 tres,
2431 4673 2624 4744 ignoro
2653 4673 2949 4743 proximos.
2984 4672 3156 4728 Mater
3191 4689 3310 4728 mea
3349 4681 3406 4728 et
3445 4676 3642 4730 fratres
3687 4675 3780 4730 mei
3805 4674 3834 4728 ii

569 4756 768 4824 Unum,
801 4771 910 4828 qua
937 4761 1150 4812 ratione
1185 4773 1254 4813 ex
1289 4758 1375 4812 his
1409 4759 1722 4815 civitatibus
1743 4775 1863 4831 quae
1893 4759 2070 4816 lcvitis
2101 4762 2154 4816 in

564 4851 872 4921 portionem
901 4861 1054 4906 sorte
1089 4851 1450 4919 obvenerunt,
1493 4867 1590 4908 sex
1637 4853 1884 4910 civitates
1915 4856 1981 4910 ad
2015 4855 2162 4912 refu-

561 4947 708 5016 gium
737 4945 878 5002 datae
915 4947 1022 5002 sint
1057 4946 1336 5002 homicidii
1368 4947 1616 5004 crimine'
1638 4949 2034 5014 laborantibus,
2063 4967 2162 5008 cur

565 5059 674 5100 non
705 5046 874 5100 etiam
911 5045 1142 5100 aliarum
1177 5044 1412 5100 tribuum
1450 5047 1698 5102 civitates
1725 5047 1794 5100 ad
1828 5049 1928 5101 hoc
1965 5061 2166 5102 munus

563 5139 854 5208 deputans.
903 5138 1242 5202 Secundum,
1275 5153 1382 5210 qua
1415 5141 1626 5195 ratione
1645 5153 1744 5194 sex
1770 5139 2026 5206 numero;
2053 5155 2160 5195 non

561 5231 706 5286 enim
737 5230 914 5288 otiose
941 5245 1202 5287 numerus
1237 5232 1322 5288 hic
1353 5235 1706 5304 prtescripttts
1734 5233 1950 5289 videtur
1984 5249 2162 5305 neque

561 5325 795 5396 plurium
841 5341 1016 5398 neque
1051 5327 1364 5399 pauciorum
1406 5327 1712 5384 civitatum.
1767 5327 2033 5398 Tertium,
2061 5343 2160 5384 cur

633 5459 658 5486 ἰ
701 5451 774 5505 lta
803 5465 933 5506 mss.
961 5467 1152 5506 novem
1177 5453 1396 5512 optione
1427 5459 1592 5506 notte.
1618 5447 1740 5504 Vat.
1767 5445 1889 5503 cod.
1915 5457 1968 5503 et
1993 5447 2152 5502 Rom.

563 5521 694 5576 edit.
729 5526 1011 5585 omittunt,
1056 5526 1298 5578 hominis.
1347 5523 1450 5579 Alii
1505 5537 1635 5577 mss.
1683 5535 1804 5575 eum
1841 5531 1954 5574 ant.
1999 5521 2156 5586 edit.,

567 5593 882 5662 periculosos
927 5595 1160 5650 homines
1213 5599 1366 5651 etiam
1417 5597 1530 5665 ipso
1575 5603 1802 5666 aspectu.
1833 5592 1963 5660 Quae
1994 5591 2159 5646 verba

569 5667 792 5735 minime
812 5668 972 5719 etiam
997 5670 1248 5721 videntur
1273 5667 1632 5735 aspernanda.

651 5733 679 5770 ἲν
713 5733 857 5788 Etlit.
889 5737 1046 5790 Rom.
1078 5741 1214 5802 sola,
1265 5733 1398 5806 Apte
1426 5783 1437 5796 .
1483 5753 1606 5793 Cum
1637 5737 1757 5792 aliis
1788 5735 1943 5799 etlit.,
1990 5737 2171 5806 confu-

582 5806 834 5877 gientibus
857 5807 920 5877 ob
946 5809 1156 5863 crimen.
1187 5805 1322 5875 Mss.
1343 5825 1472 5866 vero
1497 5821 1552 5864 ut
1573 5813 1626 5865 in
1649 5817 1818 5863 textu.
1845 5807 1969 5870 Uhi,
1993 5805 2174 5877 confu-

580 5876 830 5950 gientibus
845 5876 942 5944 [too
963 5881 1153 5942 crimen
1165 5924 1177 5947 ,
1191 5883 1331 5938 idem
1357 5881 1498 5942 valet
1515 5893 1678 5956 atque
1695 5878 2024 5954 fugientibus
2035 5876 2175 5937 hanc

2265 4777 2409 4830 sunt,
2435 4769 2527 4837 qui
2557 4766 2786 4822 audiunt
2815 4765 3040 4822 verbum
3068 4767 3182 4832 Dei,
3213 4777 3270 4821 et
3295 4765 3498 4821 faciunt
3528 4766 3714 4838 μύω..
3735 4769 3830 4836 50).

2270 4863 2463 4918 Solum
2489 4875 2621 4932 ergo
2648 4860 2870 4916 verbum
2901 4859 2996 4914 Dei
3027 4860 3176 4913 novit
3207 4859 3476 4923 minister,
3498 4875 3620 4915 cum
3650 4875 3736 4916 eos
3755 4877 3838 4914 tto-

2269 4957 2346 5012 vit
2376 4957 2428 5010 in
2459 4955 2656 5024 quibus
2707 4961 2968 5025 operatur
2996 4952 3234 5009 Verbum
3267 4955 3379 5009 Dei.
3434 4953 3498 5009 Et
3536 4955 3655 5010 ideo
3701 4955 3836 5011 emtl

2271 5059 2356 5103 est
2385 5048 2606 5114 mundi,
2649 5047 2882 5118 fugitans
2927 5047 3204 5117 corporis,
3237 5045 3474 5118 fugitans
3515 5048 3830 5116 passionum,

2270 5141 2487 5196 abdicat
2525 5155 2588 5196 se
2618 5139 2892 5206 utnuihus,
2923 5147 2984 5194 ut
3019 5139 3168 5195 solus
3207 5151 3508 5204 remaneat,
3543 5141 3678 5195 sicut
3713 5141 3832 5196 Elias

2268 5235 2440 5290 dixit:
2470 5234 2538 5289 Et
2571 5251 2663 5308 ego
2707 5236 2918 5289 relictus
2947 5251 3058 5288 sum
3091 5235 3238 5289 solus
3267 5233 3366 5305 (Ill
3411 5235 3543 5307 Reg.
3589 5252 3690 5300 xix,
3723 5236 3826 5308 Η).

2266 5327 2372 5384 Sed
2405 5343 2510 5384 non
2537 5337 2659 5384 erat
2679 5329 2830 5383 solus
2859 5325 2886 5366 ἀ
2909 5343 3031 5384 cum
3058 5343 3166 5398 quo
3195 5335 3316 5382 erat
3345 5325 3616 5382 Christus.
3648 5327 3706 5384 Et
3736 5331 3830 5398 ipse

2265 5451 2701 5512 accu:ationem;
2727 5463 2756 5502 a
2788 5461 2890 5518 qua
2941 5445 3196 5517 loquendi
3224 5447 3392 5501 l'orma
3421 5455 3528 5500 non
3562 5445 3824 5502 abhorrent

2269 5520 2479 5576 classici
2512 5529 2782 5574 auctores.

2346 5603 2367 5630 ε
2399 5592 2491 5648 Sto
2537 5607 2664 5646 mss.
2712 5589 3098 5657 anticwiSsitni,
3126 5597 3184 5644 ct
3219 5589 3349 5645 edit.
3389 5589 3512 5642 Am.
3548 5599 3696 5655 atque
3720 5589 3823 5642 lira.

2273 5663 2486 5733 Reliqui
2517 5679 2672 5728 mss.,
2701 5663 2934 5717 omnibus
2972 5663 3220 5734 perfectio
3265 5669 3421 5730 patet.
3455 5659 3570 5714 Non
3595 5661 3724 5734 male
3767 5665 3822 5715 At

2276 5731 2604 5790 edit.'thl...
2639 5737 2907 5804 profectio.
2935 5737 3045 5800 Qua
3066 5731 3200 5786 voce
3221 5735 3430 5787 sublata
3461 5735 3512 5784 in
3541 5731 3665 5787 edit.
3691 5733 3818 5786 litua.

2280 5815 2483 5877 tantum
2517 5806 2733 5877 legitur,
2765 5806 3002 5877 omnibus
3024 5815 3180 5876 patet.

2351 5875 2379 5917 ά
2406 5873 2724 5948 ἢοωῖῡᾱὶι.
2755 5875 2896 5950 sola,
2917 5873 3036 5943 cum
3063 5892 3164 5958 quo
3200 5881 3308 5935 erat
3337 5873 3613 5942 Dentium.
3653 5873 3714 5932 Et
3733 5875 3817 5956 ipse
