4082 6370
186 418 298 472 575

1281 405 1370 461 DE
1414 401 1600 460 FUGA
1638 397 1910 456 SECULI
1950 395 2152 454 LIBER
2197 396 2392 454 UNUS.

3385 381 3489 435 57%

188 523 455 590 Dominus
493 533 719 589 relictus
756 539 838 586 cst
881 527 1064 582 solus:
1111 524 1216 580 Sed
1247 537 1348 577 non
1379 533 1491 575 sum
1516 560 1531 584 ,
1575 517 1788 588 inquit,
1821 519 1868 577 A
1897 529 2054 570 ccssu
2089 513 2207 580 Dei,
2243 511 2330 567 tibi
2386 519 2469 567 est
2514 509 2635 564 l‘ous
2682 507 2989 576 sapientiae,
3022 501 3162 557 unde
3191 513 3289 572 pro
3320 497 3512 552 morte’

196 628 372 693 solus,
402 628 644 694 quoniam
678 623 837 680 Pater
865 635 1066 677 mecum
1096 628 1170 674 est
1198 615 1377 690 (Joan.
1412 627 1525 676 xvi,
1557 609 1672 679 '59.).

273 719 329 774 8.
377 718 474 774 Est
505 718 668 773 etiam
715 715 805 770 illa
837 727 997 768 causa
1037 711 1159 782 quia
1193 709 1372 764 levitae
1401 702 1634 760 ministri
1673 707 1801 755 sunt

196 813 320 870 Dei.
353 812 423 868 Et
471 811 593 866 ideo
621 813 858 881 ipsorum
887 807 1130 862 civitates
1157 799 1486 870 fugientibus
1513 793 1802 850 homicidis

196 921 303 977 per
331 907 506 976 legem
531 902 887 970 deputamur,
919 897 1040 966 quia
1069 896 1198 964 ipsis
1223 895 1312 963 jus
1339 901 1419 946 est
1440 889 1617 944 divina
1652 903 1800 940 man-

198 999 335 1054 data
363 995 589 1066 exsequi
621 997 763 1050 circa
793 1008 888 1048 eos
917 990 1005 1060 qui
1037 986 1242 1042 crimen
1284 984 1515 1039 mortale
1562 980 1802 1036 admise-

200 1095 336 1150 rint.
364 1090 552 1147 Nescit
576 1088 823 1144 Ecclesia
854 1095 879 1123 ιι
908 1083 1186 1151 publiCare
1221 1081 1370 1150 leges
1391 1093 1537 1134 suas.
1563 1075 1721 1130 Novit
1745 1081 1804 1128 ttt

205 1183 490 1240 Dmninico
514 1179 768 1236 sacerdos
799 1177 1017 1232 obediat
1049 1174 1361 1242 imperatui.
1397 1167 1533 1224 Audi
1559 1166 1799 1222 Levitatn

201 1276 476 1331 dicentem
507 1290 520 1327 :
557 1270 772 1326 Tradidi
803 1267 1103 1342 hujusntodi
1127 1266 1384 1318 hominem
1408 1274 1602 1316 satante
1636 1261 1688 1312 in
1719 1259 1800 1312 in-

203 1369 415 1422 teritum
447 1366 655 1429 carnis;
685 1373 737 1416 ut
759 1362 973 1434 spiritus
1003 1364 1173 1414 salvus
1193 1359 1254 1412 sit
1273 1357 1327 1410 in
1354 1355 1436 1409 die
1459 1352 1669 1407 Domini
1687 1367 1805 1405 nos-

204 1464 274 1517 tri
305 1460 336 1514 J
345 1479 432 1515 esu
457 1461 651 1515 Christi
677 1457 718 1529 (l
751 1457 870 1512 Cor.
897 1472 953 1518 v,
977 1455 1054 1526 5).
1087 1454 1388 1509 Percussus
1409 1451 1569 1520 igitur
1593 1446 1806 1502 levitico

205 1554 392 1625 gladio
419 1552 682 1607 moriatur
708 1563 902 1604 sensus
925 1547 1106 1602 carnis
1135 1546 1187 1599 in
1228 1545 1404 1607 nobis,
1440 1552 1495 1595 ut
1525 1538 1807 1594 vivatani-

210 1664 298 1702 ma
329 1655 536 1700 nostra.
573 1644 684 1699 Nisi
716 1645 857 1696 enim
885 1654 1077 1695 sensus
1103 1636 1285 1694 carnis
1311 1633 1591 1699 occiderit,
1628 1631 1809 1687 nullus

212 1749 396 1812 potest
424 1754 548 1795 esse
576 1737 783 1793 lrnctus
813 1736 936 1790 vita:
961 1744 1200 1789 attentas.

286 1836 340 1887 9.
383 1831 489 1888 Sex
523 1839 702 1885 autem
726 1831 1005 1882 civitatum
1036 1825 1236 1894 relugia
1265 1825 1423 1886 'sunt,
1449 1821 1518 1874 ita
1552 1828 1610 1873 nt
1637 1817 1807 1888 prima

1899 609 2021 662 vita:
2048 614 2267 661 internae
2296 604 2512 659 hauriat
2545 609 2727 672 potum
2760 597 3145 656 immortalem.
3180 589 3513 648 ScCundum’

1897 707 1981 756 est
2006 698 2328 764 remedium,
2364 696 2528 766 utqui
2562 711 2666 750 non
2723 702 2900 764 potest
2951 689 3316 760 cognitionem
3366 683 3494 739 boni

1901 793 2044 848 illius
2078 791 2388 860 praelibare.
2419 801 2473 844 et
2501 789 2704 842 tardior
2741 789 2826 841 vel
2879 785 3093 855 ingenio
3122 792 3227 847 est,
3264 781 3342 835 vel
3375 778 3498 832 lidci

1900 877 2438 948 comprehensione;
2466 874 2721 945 quoaiam
2753 872 2928 928 veloci
2976 870 3173 924 mentis
3204 868 3390 937 vigore
3420 867 3510 919 at?

1901 989 2006 1046 quc
2036 971 2239 1043 ingenii
2271 973 2522 1025 acumine
2569 969 2634 1023 ad
2665 967 2991 1038 cognitionis
3035 979 3242 1018 summa
3271 969 3514 1016 eonten-'

1902 1066 2068 1128 ditur,
2102 1064 2295 1118 saltem
2342 1077 2504 1132 opera
2535 1060 2747 1115 Domini
2780 1057 3112 1115 consideret.
3146 1067 3308 1124 atque
3330 1068 3397 1106 ex
3423 1051 3505 1104 his

1905 1174 2024 1231 qua:
2050 1158 2184 1212 facta
2212 1166 2358 1220 sunt,
2390 1154 2524 1208 tanti
2555 1152 2960 1219 contempletur
2977 1149 3159 1218 operis
3184 1157 3458 1201 auctorem
3486 1158 3510 1208 ;-

1907 1253 2160 1325 quoniam
2184 1267 2248 1306 ex
2267 1252 2348 1306 his
2374 1249 2528 1304 bouis
2552 1261 2670 1318 quae
2698 1253 2827 1300 sunt
2854 1244 2904 1298 in
2929 1242 3317 1298 constitutione
3349 1239 3504 1294 istius

1906 1357 2171 1404 ereatura:
2213 1345 2377 1418 (bona
2425 1343 2571 1398 enim
2608 1337 2765 1394 valde
2820 1349 2939 1392 sunt
2976 1335 3190 1407 (Germ,
3217 1331 3333 1404 3i),
3363 1332 3507 1386 sicut

1911 1441 2176 1496 Dominus
2205 1434 2366 1510 dixit)
2412 1438 2611 1490 bonum
2668 1429 2794 1484 illini
2827 1441 3099 1482 smumum
3145 1433 3306 1496 atque
3345 1436 3508 1478 atter-

1911 1550 2038 1590 num
2071 1531 2578 1604 comprehenditur.
2610 1524 2714 1596 Qui
2744 1525 2878 1580 ordo
2925 1529 3147 1576 rerum?
3175 1521 3307 1586 Quae
3339 1517 3522 1572 disci-'-

1911 1631 2057 1701 pliua
2083 1629 2107 1681 ?
2136 1628 2264 1696 Quae
2291 1626 2462 1698 gratia
2487 1625 2510 1677 ?
2547 1621 2739 1679 Nonne
2767 1622 2850 1674 his
2879 1617 3129 1690 quamvis
3178 1615 3388 1670 lardum
3427 1612 3524 1666 ill--

1911 1723 2133 1794 genium
2153 1719 2379 1789 diligere
2405 1726 2682 1772 auctorem
2711 1729 2866 1770 suum
2895 1708 3265 1782 provocatur?
3300 1705 3510 1760 Etenim

1916 1819 1960 1871 si
1997 1821 2271 1886 parentes,
2321 1813 2445 1882 quia
2488 1825 2588 1864 nos
2634 1815 2962 1879 genuerunt,
2993 1815 3238 1859 amanms
3269 1817 3280 1851 :
3310 1807 3520 1869 quanto

208 1927 404 1983 civitas
425 1929 499 1980 sit
519 1924 759 1994 cognitio
787 1921 973 1988 Verbi,
999 1929 1053 1976 et
1081 1919 1149 1974 ad
1179 1918 1469 1987 imaginem
1497 1915 1616 1984 ejus
1637 1912 1810 1968 forma
1845 1913 1888 1976 Β
1917 1909 2090 1980 magis
2118 1907 2346 1978 diligere
2368 1905 2630 1960 debemus
2652 1911 2956 1956 creatorem
2989 1905 3296 1969 parentum,
3323 1901 3514 1948 aucto-

210 2019 454 2078 vivendi.
503 2018 842 2086 Quicumque
890 2015 1034 2070 enim
1083 2029 1199 2068 eam
1251 2013 1614 2082 cognitionem
1651 2008 1815 2063 fuerit

213 2114 522 2183 ingressus,
551 2121 698 2164 tutus
737 2124 765 2163 a
796 2123 957 2178 paena
987 2117 1089 2172 εει,
1122 2105 1424 2160 secundum
1455 2103 1598 2173 quod
1629 2113 1681 2156 et
1709 2100 1814 2154 Do-

215 2208 403 2263 minus
454 2204 566 2259 ait:
607 2201 730 2256 Jum
773 2218 860 2256 vos
899 2200 1078 2254 mundi
1126 2200 1246 2254 estis
1280 2207 1485 2270 promer
1530 2209 1816 2250 sermonem

214 2315 365 2370 quem
401 2297 606 2352 locutus
629 2311 741 2349 sum
767 2294 903 2349 vobis
925 2292 1104 2365 (Joau.
1133 2308 1220 2356 xv,
1247 2291 1324 2363 5).
1356 2291 1424 2345 Ει
1455 2290 1583 2344 alibi
1610 2306 1622 2342 :
1651 2287 1811 2360 421

217 2390 352 2446 Ιιωε
394 2401 467 2446 est
520 2400 692 2444 autem
736 2388 840 2442 vita
879 2399 1106 2452 artemo,
1139 2397 1194 2439 ut
1225 2395 1534 2455 cognoscant
1572 2391 1619 2436 te
1645 2389 1816 2436 solum

216 2483 385 2538 Deum
412 2498 605 2546 verum,
631 2493 678 2536 et
707 2495 856 2553 quem
899 2481 1078 2535 misisti
1123 2478 1301 2533 Iesum
1331 2477 1591 2534 Christum
1614 2477 1630 2547 (
1652 2473 1812 2528 Joan.

217 2592 347 2640 xvtt,
380 2574 460 2647 ὃ).
497 2575 623 2629 Haec
649 2584 732 2628 est
759 2572 920 2643 igitur
949 2571 1138 2626 civitas
1171 2571 1316 2625 velut
1367 2567 1702 2638 metr0polis,
1731 2566 1818 2621 cui

218 2669 603 2739 adjaceutaliic
621 2667 860 2736 quinque
887 2664 1138 2719 civitates
1153 2663 1460 2717 levitarum.
1478 2659 1724 2716 Secunda
1744 2660 1822 2713 ci-

223 2762 391 2826 vitas,
419 2761 792 2814 consideratio
823 2757 1026 2812 divinas
1057 2757 1394 2826 operationis
1418 2795 1433 2822 ,
1471 2770 1574 2825 qua
1606 2765 1823 2809 creatus

224 2864 309 2910 est
337 2853 597 2907 mundus.
619 2851 800 2906 Tertia
827 2850 1039 2917 civitas,
1074 2847 1101 2887 ι)
1131 2848 1522 2919 contemplatio
1545 2848 1825 2916 petestatis

227 2948 394 3018 regiae
423 2953 481 3001 ct
509 2945 809 3015 tnajestatis
867 2956 1108 2999 internae.
1150 2946 1351 3010 Quarta
1381 2943 1571 2997 civitas
1592 2982 1608 3007 ,
1641 2939 1826 3012 prOpi-

231 3041 480 3097 tiattonis
509 3038 707 3094 divina:
733 3039 1030 3094 contuitus.
1064 3039 1264 3107 Quinta
1307 3039 1498 3093 civitas
1521 3079 1535 3103 ,
1573 3040 1704 3108 legis
1746 3037 1827 3090 di-

230 3136 376 3190 vina:
404 3135 840 3204 contemplatio,
889 3150 1010 3202 qua:
1055 3133 1296 3204 praecipit
1345 3130 1474 3202 quid
1521 3131 1828 3184 iaciendum

229 3231 320 3285 sit.
353 3232 518 3284 Sexta
546 3245 760 3300 quoque
785 3228 997 3296 civitas,
1019 3229 1199 3300 portio
1223 3227 1352 3299 legis
1384 3241 1504 3298 quas
1534 3223 1831 3295 przcscribit

1918 2018 2140 2072 remque
2170 1999 2454 2056 nostrum?
2480 1997 2625 2068 Ergo
2651 1995 2958 2065 Operatoria
2981 1993 3151 2048 virtus
3167 1989 3261 2045 Dei
3281 1990 3380 2044 etsi
3405 1999 3528 2040 non“

1916 2098 2152 2159 videtur,
2203 2103 2384 2149 tamen
2411 2108 2479 2148 ex
2535 2091 2650 2147 suis
2679 2089 2938 2161 operibus
2968 2085 3286 2144 a‘stimatur.
3321 2076 3530 2151 operai'

1917 2201 2197 2260 torcmque
2226 2202 2394 2257 opera
2424 2201 2518 2239 sua
2545 2182 2804 2255 produnt.
2836 2193 2894 2235 ut
2926 2179 3260 2248 intelligatur
3289 2175 3379 2245 qni
3409 2187 3514 2227 nou

1917 2281 2420 2352 comprehenditur.
2456 2277 2613 2336 Unde
2635 2285 2691 2333 et
2719 2275 2977 2332 Dominus
3008 2272 3085 2327 ait
3115 2288 3126 2324 :
3165 2270 3228 2327 Si
3269 2268 3396 2323 mihi
3417 2283 3518 2322 non

1918 2381 2172 2435 creditis:
2226 2376 2304 2431 vel
2343 2376 2582 2448 operibus
2634 2371 2824 2426 credite
2857 2368 3058 2439 (Joan.,
3110 2383 3163 2428 Χ,
3195 2363 3310 2435 '58).
3371 2365 3518 2417 Bona

1919 2476 2082 2546 igitur
2109 2473 2268 2528 etiam
2306 2470 2422 2524 haec
2444 2469 2636 2523 civitas
2660 2465 2725 2520 ad
2758 2464 3048 2533 refugium,
3081 2477 3199 2532 qum
3227 2459 3523 2514 a'dilicato-

1919 2568 1996 2624 ris
2044 2569 2126 2622 sui
2185 2561 2513 2621 testiﬁcatur
2543 2559 2798 2632 gratiam,
2853 2565 2907 2612 et
2962 2554 3220 2609 allectum
3272 2561 3520 2604 nostrum

1921 2660 2156 2723 excitat,
2193 2670 2248 2710 ut
2271 2656 2391 2727 ejus
2421 2655 2592 2708 simus
2621 2650 2958 2721 cupidiores,
3007 2646 3098 2716 qui
3132 2653 3332 2699 tantam
3365 2641 3524 2697 nobis

1923 2753 2146 2808 fabricae
2193 2751 2358 2822 hujus
2407 2749 2658 2804 videatur
2705 2744 3005 2800 contulisse
3041 2737 3524 2810 pulchritudinem.

1927 2851 2146 2905 Tertius
2177 2849 2311 2904 ordo
2341 2857 2427 2904 est
2473 2846 2668 2916 regalis
2702 2843 2986 2917 potestatis
3017 2836 3432 2907 contemplatio,
3465 2841 3526 2888 ut

1927 2942 2280 3012 subjiciauiur
2305 2944 2444 3011 regi,
2465 2940 2511 2994 si
2536 2955 2639 2993 non
2658 2936 2955 2991 deferimus
2970 2934 3230 2987 honorem
3254 2942 3528 2999 tamquam

1929 3034 2332 3106 parenti.Metu
2362 3034 2508 3088 enim
2559 3029 2903 3101 praesidentis
2957 3027 3274 3094 plerumque
3318 3025 3378 3078 iit
3400 3022 3532 3077 obe-

1929 3129 2085 3184 diens
2111 3127 2390 3198 potestati,
2418 3127 2506 3196 qui
2540 3137 2622 3179 cst
2663 3124 2857 3178 salutis
2892 3123 3170 3193 ingratus;
3206 3129 3262 3174 ut
3294 3119 3534 3173 necessi-

1932 3229 2097 3274 tatem
2129 3219 2441 3274 sobrietatis
2487 3225 2766 3286 agnoscat,
2808 3215 2898 3282 qui
2952 3215 3124 3269 noluit
3170 3228 3232 3266 ac
3290 3211 3533 3279 nequivit

234 3324 364 3395 quid
402 3339 510 3378 non
545 3324 851 3378 iaciendum
893 3323 981 3378 sit.
1014 3323 1226 3390 Quanta
1253 3318 1578 3387 abundantia
1628 3316 1826 3370 divina:
1856 3329 1901 3392 ρ
1931 3315 2162 3387 gratiam
2200 3313 2411 3382 pietatis
2433 3325 2750 3382 agnoscere.
2783 3309 3015 3379 Corrigit
3052 3321 3182 3378 ergo
3208 3307 3528 3372 necessitas,

231 3415 649 3481 misericordia),
681 3426 896 3485 quanta:
923 3416 1133 3469 divitia:
1163 3414 1378 3483 pietatis
1397 3415 1534 3482 ejus,
1563 3422 1621 3467 ut
1641 3413 1826 3482 singu-

200 3511 406 3565 lorum
456 3508 633 3561 studia
661 3546 678 3572 ,
728 3506 1156 3576 l'ragilitatesque
1203 3505 1454 3559 humana:
1501 3503 1832 3559 conditionis

231 3601 818 3672 considerans,quibas
839 3613 894 3656 et
927 3601 1080 3655 iuvui
1102 3615 1164 3654 ac
1195 3597 1601 3654 reluctantesad
1615 3597 1830 3664 culpam

235 3697 506 3760 ducimur,
544 3705 598 3750 et
634 3711 740 3748 non
785 3693 1088 3749 voluntaria
1138 3691 1334 3747 delicta
1386 3691 1513 3745 victi
1561 3689 1866 3758 illecebris

237 3793 554 3862 frequenter
583 3790 994 3853 committimus,
1019 3787 1232 3842 diversa
1277 3785 1431 3840 nobis
1464 3783 1666 3854 relugia
1709 3799 1833 3854 pro-

242 3894 428 3954 ponat,
453 3900 552 3938 sex
578 3880 1094 3946 videliceturbiutn;
1145 3890 1328 3949 utque
1353 3894 1576 3931 numero
1599 3876 1832 3930 mundus

241 3977 505 4030 formatus
525 3985 632 4041 est,
655 3973 845 4028 eodem
868 3987 1094 4026 numero
1107 3971 1369 4024 adversus
1396 3969 1663 4022 mundana
1705 3969 1833 4022 vitia

246 4078 299 4124 et
333 4068 516 4122 saeculi
563 4065 723 4136 hujus
757 4065 1038 4134 naufragia
1092 4062 1394 4117 remedium
1436 4060 1832 4130 provideretur.

318 4162 405 4217 10.
437 4159 677 4214 Primum
701 4160 863 4229 igitur
912 4155 1210 4211 remedium
1257 4163 1363 4219 est,
1401 4163 1458 4207 ut
1503 4152 1548 4206 si
1597 4149 1685 4205 cui
1715 4147 1844 4204 boni

244 4253 508 4325 propesiti
542 4255 660 4307 viro
708 4251 868 4321 culpa
923 4249 1232 4319 irrepserit,
1261 4248 1306 4303 is
1333 4247 1450 4302 sine
1484 4245 1590 4300 ulla
1619 4258 1842 4314 compe-

242 4349 643 4411 rendinationc,
674 4347 718 4401 si
748 4346 1044 4414 perlectam
1076 4343 1206 4398 velit
1243 4342 1445 4398 habere
1467 4341 1839 4406 securitatem,

241 4448 308 4502 ad
339 4448 510 4517 ipsam
543 4461 726 4500 rerum
779 4443 1022 4497 omnium
1063 4456 1244 4497 arcem
1273 4450 1551 4511 properet,
1584 4440 1674 4493 ubi
1711 4439 1843 4494 Ver-

244 4545 368 4600 bum
395 4553 480 4599 est
511 4541 605 4597 Dei
637 4542 691 4596 in
720 4539 811 4595 illo
833 4541 955 4594 sinu
986 4539 1184 4610 patrio,
1218 4537 1270 4593 id
1293 4546 1402 4602 est,
1431 4551 1633 4591 arcano
1662 4551 1724 4592 ac
1754 4549 1845 4592 re-

243 4669 478 4725 Christus
517 4665 744 4733 relictus,
783 4677 888 4721 etc.
924 4662 1038 4721 Sed
1088 4665 1222 4719 nihil
1274 4663 1327 4720 in
1357 4672 1577 4734 recepta
1611 4663 1842 4719 lectione

246 4740 588 4795 mutandum.
630 4737 720 4792 Sic
743 4739 888 4794 enim
924 4737 1011 4791 hic
1033 4735 1167 4791 dicit
1205 4738 1526 4791 Ambrosinus
1568 4735 1840 4790 Christum

1932 3434 2090 3490 quem
2125 3419 2296 3488 pietas
2325 3427 2621 3484 provocare
2649 3409 2932 3465 debuerat.

2005 3513 2093 3570 ll.
2131 3513 2220 3566 lla:
2248 3519 2374 3564 sunt
2403 3518 2514 3564 tres
2537 3507 2782 3582 civitates
2809 3515 2958 3559 trans
2983 3501 3296 3565 Iordanem,
3325 3501 3533 3582 perii-c-

1935 3607 2057 3664 tiori
2095 3603 2395 3675 prudentia:
2423 3602 2491 3655 ad
2517 3601 2784 3671 refugium
2816 3601 2951 3654 tlatzu
2982 3609 2995 3661 ;
3027 3608 3082 3650 ιη
3109 3597 3285 3666 primo
3316 3575 3532 3664 «ulparit

1937 3701 2212 3772 fugiamus
2240 3696 2555 3750 inductione
2585 3693 2771 3750 animi.
2807 3690 3119 3746 coulormes
3148 3688 3214 3743 ad
3247 3688 3533 3757 imaginem

1942 3797 2055 3851 Dei.
2083 3794 2156 3849 Ila
2191 3791 2334 3846 enim
2366 3791 2530 3844 creati
2587 3803 2795 3852 sumus,
2829 3787 3044 3839 dicente
3074 3784 3185 3838 Dco
3211 3800 3224 3836 :
3255 3779 3537 3836 Faciamus

1940 3887 2197 3941 hominem
2225 3885 2292 3938 ad
2315 3884 2589 3955 imaginem
2618 3891 2666 3934 et
2696 3879 3090 3932 similitudinem
3123 3885 3351 3930 nostram
3383 3873 3534 3944 (Cen.

1941 3997 1978 4048 ι,
2003 3980 2121 4051 9.6).
2157 3980 2282 4034 llaec
2312 3994 2442 4047 ergo
2480 3976 2668 4047 primm
2697 3974 2842 4028 illius
2873 3974 3108 4027 civitatis
3129 3970 3291 4044 422
3318 3972 3400 4022 lex
3435 3979 3538 4022 est.

1946 4073 2155 4128 Deinde
2179 4070 2227 4125 si
2251 4086 2344 4139 per
2367 4069 2715 4138 fragilitatem
2743 4065 2925 4121 carnis
2953 4072 3008 4118 et
3046 4066 3228 4116 mutuli
3251 4060 3540 4115 illecebras

1947 4167 2020 4221 ita
2077 4173 2314 4220 mentem
2371 4174 2609 4217 nostram
2645 4160 2883 4215 formare
2912 4176 3017 4213 non
3052 4170 3360 4225 possumus,
3391 4169 3545 4208 reve-

1950 4259 2123 4316 rentia
2157 4273 2399 4330 paterna:
2439 4254 2806 4328 generationis
2835 4264 2888 4308 et
2916 4253 3204 4309 sedulitate
3229 4249 3397 4320 prolis
3417 4265 3544 4318 pce-

1948 4365 2126 4412 catum
2153 4351 2416 4408 levemus.
2434 4349 2679 4406 Charitas
2706 4356 2849 4403 enim
2872 4347 3265 4402 multitudinem
3295 4353 3545 4416 peccato-

1947 4463 2066 4505 rnm
2098 4447 2294 4518 operit.
2353 4447 2453 4515 Qui
2505 4460 2632 4515 ergo
2674 4441 2740 4498 ad
2792 4444 3082 4512 imaginem
3134 4441 3226 4495 Dei
3276 4456 3403 4496 esse
3436 4455 3542 4493 non

1947 4541 2203 4612 potuerit,
2263 4541 2334 4594 sit
2359 4537 2425 4593 ad
2457 4535 2846 4608 plenitudinem
2879 4533 3180 4591 charitatis.
3217 4529 3306 4587 Illa
3353 4530 3546 4586 CiVllas

1949 4669 2125 4723 vitam.
2183 4668 2280 4722 His
2321 4660 2586 4721 accedunt
2618 4680 2752 4718 mss.
2803 4663 3011 4730 aliquot
3038 4662 3368 4717 recentiores
3391 4660 3550 4723 ,‘uisi

1952 4740 2093 4810 quod
2143 4740 2219 4793 illi
2249 4737 2532 4810 ,duobus
2559 4731 3238 4810 exceptis,interi-ungunt
3297 4732 3348 4785 in
3407 4730 3547 4810 hunc

248 4828 367 4866 cum
405 4811 518 4864 Elia
548 4810 736 4874 luisse,
765 4814 836 4863 uti
867 4809 1007 4864 libro
1034 4809 1340 4877 superiore.
1368 4823 1488 4876 cap.
1517 4808 1574 4868 2.
1605 4825 1755 4862 ηιιιιι.
1779 4810 1844 4874 8,
1874 4777 1930 4838 Β
1957 4777 2175 4865 titodum
2204 4854 2216 4871 .
2249 4781 2453 4863 ,Nescit
2488 4777 2726 4862 Ecclesth
2761 4777 3012 4874 piib’it:(:;'
3037 4777 3194 4874 bigas.
3217 4777 3380 4867 suas;
3410 4777 3550 4856 tto-bii

249 4883 316 4938 de
351 4882 567 4944 ltavide,
598 4881 801 4936 Sciebat
839 4883 995 4945 enim,
1044 4881 1238 4951 inquit,
1289 4880 1564 4951 gloriosius
1608 4896 1717 4934 esse
1747 4896 1847 4951 pro

248 4953 452 5012 Christo
483 4955 632 5018 mori,
663 4959 768 5008 etc.
796 4953 973 5006 Multae
999 4948 1132 5005 alim'
1158 4948 1361 5004 sunt—et
1404 4948 1548 5020 apud
1581 4951 1720 5003 hunc
1746 4948 1848 5003 Pa-

248 5037 383 5081 trem
424 5037 475 5080 et
521 5025 661 5091 apud
694 5036 920 5080 caeteros
961 5023 1264 5090 hujusmodi
1311 5022 1630 5086 locutiones,
1653 5024 1848 5090 quibus

191 5133 202 5137 -
250 5100 622 5170 signiﬁcarunt
651 5096 1048 5170 locat-nationis
1077 5093 1400 5170 mysterium
1444 5095 1683 5170 :llllitjllis
1736 5093 1841 5146 illis

249 5164 417 5226 fuisse
441 5173 753 5238 cognitum;
778 5168 1078 5236 quibusque
1129 5164 1233 5220 non
1267 5165 1429 5238 modo
1466 5164 1688 5238 Paulum
1729 5164 1849 5218 imi-

251 5243 347 5297 tati
371 5237 529 5301 sunt,
555 5256 583 5292 a
608 5255 714 5310 quo
762 5241 972 5310 Moyses
1003 5239 1298 5308 Algyptum
1326 5237 1634 5310 deseritisSc
1661 5253 1848 5289 narra-

251 5325 359 5375 tur,
389 5315 610 5382 Majores
629 5306 865 5382 idieitias'
889 5306 1149 5363 aestimans
1180 5311 1420 5382 thesauro
1447 5306 1844 5382 As'gyptiorttm,

250 5380 620 5454 improperimn
664 5380 1119 5454 Christisveriim
1163 5386 1325 5454 t'liattt
1353 5380 1638 5434 Dominum
1673 5381 1848 5450 ipsutu

253 5450 342 5526 qui
373 5450 530 5526 Joatt.
559 5468 679 5526 _vttt,
706 5450 795 5526 5_6,
825 5452 952 5504 dicit
981 5468 992 5502 :
1017 5451 1280 5506 Abraham
1319 5465 1464 5523 pater
1496 5464 1655 5505 vester
1676 5453 1852 5506 exsul-

255 5522 376 5582 tat-it
403 5536 453 5579 ut
486 5522 674 5577 rideret
715 5523 850 5575 diem
894 5539 1057 5594 meum
1085 5525 1248 5578 :vidit
1275 5522 1326 5578 et
1345 5525 1548 5594 gavisus
1594 5533 1686 5578 est.
1742 5523 1853 5578 lloc

253 5613 431 5655 autem
483 5605 709 5661 utroque
761 5593 1088 5657 testimonio,
1152 5598 1244 5648 sed
1318 5593 1614 5662 pra-sertiut
1665 5597 1854 5648 ultimo

257 5671 512 5741 pluribth
536 5667 668 5720 locis
697 5668 864 5741 utitur
889 5663 1232 5741 Ambrosius.
1264 5677 1319 5718 ut
1367 5669 1514 5719 Verbi
1545 5666 1716 5734 gratia
1760 5665 1850 5719 lib.

257 5737 322 5798 de
354 5740 625 5796 Abraham
661 5753 779 5804 cap.
813 5737 869 5799 '5,
903 5755 1051 5791 num.
1078 5737 1169 5802 21,
1197 5747 1252 5794 el.
1291 5738 1598 5795 Comment.
1647 5740 1700 5794 in
1729 5738 1858 5792 Luc.

259 5831 365 5870 non
401 5817 556 5882 longe
587 5807 931 5882 abiinitioet
961 5809 1113 5882 alibi.

335 5879 601 5963 “prope:
621 5881 776 5963 edit._,
811 5879 992 5953 Nescit
1022 5881 1274 5963 .Ecclesia
1299 5883 1535 5963 publicas.
1556 5881 1862 5963 lege.s._'st_tas

267 5958 427 6018 norit.
466 5955 530 6020 Ut
555 5952 831 6018 Dominico
852 5953 1090 6013 sacerdos
1117 5955 1322 6016 obediat
1353 5952 1737 6026 imperio,'audi
1765 5952 1863 6012 Lu-

1955 4893 2029 4936 ιιι.
2064 4922 2078 4937 .
2110 4923 2123 4936 .
2152 4924 2164 4936 .
2199 4883 2333 4935 Audi
2362 4880 2609 4934 Levitam.
2662 4880 2738 4933 Ex
2767 4879 2961 4948 quibus
2986 4877 3125 4931 idem
3157 4882 3328 4948 ferme
3356 4889 3548 4948 sensus

1956 4955 2080 5009 elici
2111 4965 2309 5021 potest.
2342 4952 2432 5006 hic
2476 4952 2707 5016 scilicet,
2741 4946 2978 5004 Ecclesia
3024 4951 3074 5003 in
3121 4946 3549 5021 administranda

1957 5019 2274 5096 pmnitentia
2307 5021 2750 5096 pulitwasuleges
2784 5019 3193 5096 nonagnoscit;
3237 5033 3384 5096 suas
3404 5019 3548 5070 enim

1959 5087 2140 5163 habet,
2175 5087 2426 5151 nimirum
2452 5102 2514 5148 ut
2533 5087 2732 5146 Christi
2767 5087 2980 5145 ohediat
3013 5089 3323 5163 imperatis.
3348 5087 3546 5141 Verum

1955 5160 2196 5228 Thuan..
2245 5169 2416 5232 Prat.,
2449 5166 2619 5228 Fisc.,
2655 5163 2942 5232 Ehrnlpln,
2997 5160 3201 5223 Alhiu.,
3263 5161 3444 5232 Alnet.
3495 5167 3550 5213 ct

1957 5243 2072 5313 Btg.
2102 5229 2444 5296 lectioueuta
2480 5238 2634 5313 nobis
2667 5229 2896 5313 i-u_te\_in_
2918 5233 3206 5299 repositam
3233 5229 3546 5313 prjtil'cr‘uut,

1955 5301 2186 5382 escejtto
2213 5308 2555 5380 tamenquod
2588 5307 2641 5360 in
2678 5305 2938 5374 Ebrulph.
2982 5322 3081 5382 p_ro
3109 5301 3380 5382 sacerdos.
3415 5302 3550 5382 legi-

1957 5398 2043 5440 tnr
2069 5371 2372 5440 sitcerdotis.
2403 5371 2604 5437 Sensus
2645 5389 2824 5432 autem
2850 5371 2963 5432 'est.
2994 5375 3293 5430 Ecclesium
3323 5371 3449 5425 dum
3480 5373 3550 5426 li-

1957 5469 2068 5528 gat,
2099 5458 2280 5516 solvil,
2312 5471 2339 5507 a
2372 5465 2651 5508 sacrorum
2699 5449 3109 5528 participatione
3137 5454 3401 5528 τειιιοχθῐ.
3438 5455 3548 5499 etc.-

1960 5515 2036 5583 iiti
2058 5515 2340 5597 potestate
2377 5542 2483 5577 non
2542 5515 2709 5597 quam
2735 5520 2810 5573 illi
2854 5515 2962 5570 sua-
3003 5519 3154 5597 leges
3180 5515 3550 5577 attribuerint,

1961 5592 2249 5668 scd-quam
2280 5598 2355 5650 illi
2387 5598 2633 5668 Christus
2664 5593 2780 5668 ipse
2819 5592 3174 5650 con'ttnisi-ril,
3217 5595 3380 5668 alque
3399 5603 3555 5641 exer-

1962 5690 2088 5727 cere
2108 5658 2373 5743 praecepet
2390 5671 2446 5722 it.
2464 5666 2614 5733 Quod
2642 5664 2858 5743 quidem
2882 5678 3003 5743 cum
3024 5658 3468 5743 antecedentibus
3491 5673 3556 5714 ac

1964 5733 2421 5812 subsequentibus
2452 5743 2630 5808 aptius
2655 5735 2922 5812 quadrate
2955 5733 3278 5812 ilillitehitttr
3300 5747 3478 5812 nemo:

2035 5819 2062 5858 ιι
2088 5803 2221 5870 Mss.
2249 5803 2978 5885 aliquot,routemplationem
3003 5805 3159 5878 regia:
3184 5804 3421 5858 civitatis.
3458 5803 3555 5858 Mi-

1963 5906 2066 5956 nus
2086 5887 2248 5949 bene.
