4082 6370
553 305 663 363 575
1907 281 2150 344 SANCTI
2187 279 2517 341 AMBROSII
3837 273 3944 327 δῖε,

551 420 768 493 culpam
800 413 1060 480 excludit,
1093 409 1210 467 haec
1263 406 1444 464 solvit.
1482 403 1613 461 Haec
1636 401 1872 474 denique
1917 400 2006 458 lex
2053 414 2142 456 se-
2170 403 2221 464 Α
2251 395 2428 470 quoad
2451 395 2586 464 vult,
2618 409 2718 452 suo
2749 393 2978 466 imperio
2995 400 3220 450 coercet
3250 401 3309 448 et
3362 387 3536 493 regit,
3565 393 3634 444 et
3671 391 3940 492 naturali

553 481 747 576 eundo:
781 509 1019 570 civitatis
1049 524 1063 562 :
1113 504 1310 577 Diliges
1336 499 1620 557 Dominum
1673 495 1845 553 Deum
1895 504 2039 551 tuum
2084 510 2150 550 ex
2253 490 2546 548 concordia
2577 489 2727 562 ligat.
2749 488 2892 544 Vivit
2918 488 3082 560 igitur
3109 485 3362 542 Verbum
3397 483 3525 549 Dei,
3558 491 3619 538 et
3673 481 3938 538 maxime

554 623 663 671 toto
690 609 844 667 corde
871 615 980 672 tuo,
1009 613 1055 659 et
1085 618 1148 657 ex
1174 609 1281 656 tota
1325 598 1502 652 anima
1529 605 1639 662 tua,
1667 603 1714 649 et
1742 608 1807 648 ea:
1835 599 1939 646 tota
1966 589 2154 644 virtute
2254 586 2310 643 in
2331 586 2527 641 animis
2573 584 2703 640 vivit
2729 584 2966 656 piorum,
3001 597 3103 638 nec
3142 595 3411 652 umquam
3443 577 3716 634 moritur
3750 577 3933 648 pleni-

553 715 644 763 tua
675 701 880 775 (Deut.,
905 712 980 764 vt,
1005 695 1085 767 5).
1112 692 1219 752 Sed
1252 691 1296 748 si
1323 705 1513 747 rursus
1535 685 1754 759 angusti
1775 683 1941 740 animi
1968 691 2023 738 et
2047 683 2151 738 mi-
2253 680 2384 737 tudo
2403 677 2723 736 divinitatis.
2761 677 3060 747 Numquam
3088 676 3236 732 enim
3273 677 3525 730 moritur
3551 673 3932 742 sempiterna

553 768 842 858 nuti‘sunt,
874 790 968 862 qui
988 784 1379 844 abundantiam
1411 781 1694 838 charitatis
1717 787 1773 835 et
1801 777 2035 849 gratiam
2064 792 2152 830 re-
2256 775 2537 842 divinitas,
2569 785 2624 831 et
2655 784 2858 830 acterna
2887 774 2979 830 Dei
3013 773 3207 828 virtus.
3242 771 3395 827 Sane
3423 768 3697 826 moritur
3743 769 3926 834 nobis,

553 891 737 962 cipere
758 901 867 943 non
913 888 1161 954 possunt,
1197 878 1366 934 hahes
1397 875 1613 932 tertiam
1644 873 1920 928 civitatem
1949 886 1965 936 ;
1991 876 2048 924 ut
2067 867 2153 922 dio
2257 871 2302 926 si
2332 885 2361 925 a
2392 879 2574 926 nostra
2629 868 2790 942 5.23
2836 867 3014 923 anima
3071 876 3394 938 separatur,
3433 878 3556 918 non
3590 877 3725 932 quo
3751 871 3928 916 morte

555 961 698 1042 vina:
727 977 1016 1054 potestatis
1045 972 1278 1032 formido
1309 980 1364 1027 te
1392 969 1637 1026 sobrium
1675 966 1858 1031 iaciat,
1882 972 1936 1020 et
1964 961 2153 1018 inﬂec-
2257 975 2658 1035 corrumpatur,
2678 962 2774 1019 sed
2802 977 2909 1032 quo
2927 961 3266 1017 dissolvatur
3283 969 3455 1030 atque
3470 963 3748 1013 exuatur
3771 971 3927 1010 mens

555 1087 634 1137 tat
654 1049 852 1135 melus.
883 1074 952 1131 Et
981 1073 1096 1128 hmc
1123 1071 1212 1127 lex
1268 1067 1474 1124 tertia:
1508 1063 1788 1119 Dominum
1819 1059 1988 1114 Deum
2014 1068 2158 1112 tuum
2259 1068 2442 1114 nostra
2493 1057 2562 1113 ab
2614 1057 2733 1127 ejus
2772 1055 3185 1126 conjunctione.
3233 1053 3387 1108 Mors
3445 1049 3615 1106 enim
3651 1064 3804 1104 vera
3848 1058 3925 1102 est

554 1171 821 1236 adorabis,
846 1177 894 1224 et
916 1167 1018 1237 ipsi
1039 1155 1138 1221 soli
1165 1163 1352 1219 servies
1379 1153 2000 1235 (Ibid.,15).lizeigitur
2027 1165 2160 1222 prte-
2261 1151 2426 1208 Verbi
2465 1160 2520 1206 et
2567 1151 2762 1204 animae
2815 1148 3107 1219 separatio.
3161 1146 3416 1216 Denique
3465 1143 3686 1200 statim
3731 1143 3920 1213 incipit

555 1265 734 1336 cipua:
756 1263 1017 1326 virtutes,
1051 1269 1105 1315 et
1128 1256 1254 1313 ideo
1277 1267 1576 1327 paucorum
1624 1264 1737 1306 non
1777 1247 2040 1320 plurium,
2068 1260 2160 1300 su-
2259 1246 2440 1300 anima
2469 1242 2710 1316 peccatis
2739 1250 2929 1314 patere
2949 1239 2976 1279 δ
3008 1238 3358 1296 voluntariis.

556 1373 653 1431 pra
679 1355 975 1414 Iordanem
999 1350 1222 1424 positae;
1249 1359 1310 1404 ut
1352 1347 1628 1418 exprimas
1667 1342 1819 1414 quasi
1849 1342 2028 1411 imago
2057 1353 2163 1393 ar-

556 1453 879 1524 chetypum,
920 1446 1117 1519 diligas
1145 1441 1301 1516 quasi
1335 1441 1477 1497 tilius
1506 1448 1734 1511 patrem,
1783 1434 1982 1492 adores
2006 1431 2162 1504 quasi

558 1517 816 1606 subditus
847 1517 1055 1613 regem.
2262 1521 2555 1579 Memorato
2588 1521 2848 1593 superiori
2892 1521 3062 1593 capite
3104 1521 3353 1575 virtutum
3392 1534 3613 1590 genera
3659 1517 3830 1573 etiam
3869 1517 3909 1571 ξι

636 1638 730 1695 12.
757 1637 860 1705 Qui
889 1609 1070 1691 autem
1093 1631 1384 1690 Iordanem
1415 1626 1754 1692 transierint,
1790 1621 2046 1680 Iordanis
2067 1635 2164 1676 au-
2338 1616 2586 1687 Apostolo
2609 1631 2710 1670 non
2729 1626 2833 1669 tam
2854 1613 3184 1680 adumbrata,
3205 1629 3363 1680 quam
3393 1627 3681 1682 expressa
3715 1609 3904 1672 haberi.

565 1740 678 1791 tem
717 1729 1005 1787 descensio
1033 1741 1222 1783 eorum
1257 1723 1458 1780 dicitur
1479 1740 1492 1776 :
1517 1721 1606 1793 qui
1632 1717 2165 1785 descenderintergo
2336 1711 2563 1766 collectis
2600 1709 2835 1784 ejusdem
2864 1710 3020 1765 variis
3047 1709 3356 1764 testimoniis
3383 1707 3776 1763 demonstrat.

567 1838 636 1881 ex
667 1823 778 1880 illis
808 1818 1184 1892 superioribus
1211 1815 1504 1872 virtutibus
1550 1813 1618 1868 ad
1651 1813 1768 1868 haec
1795 1808 2076 1874 inferiora,
2111 1805 2164 1862 id
2195 1813 2244 1875 Β
2344 1826 2432 1882 η,
2463 1825 2738 1883 “abemus
2763 1825 2882 1881 hac
2901 1839 3101 1897 genera
3146 1839 3254 1880 ηοη
3281 1823 3668 1888 “umbram,
3689 1821 3796 1878 sed
3823 1839 3900 1878 ες,

2905 1401 3132 1460 CAPUT
3164 1402 3254 1459 lll.

563 1929 670 1984 eet,
704 1917 756 1972 in
780 1916 976 1987 quibus
1007 1913 1316 1984 integritas,
1344 1909 1605 1976 Charitas,
1639 1906 1918 1963 humilitas
1943 1902 2168 1958 vacilla-

561 2011 728 2077 verit,
765 2009 969 2065 habent
999 2007 1250 2080 propiora
1307 2003 1512 2060 homini
1558 2000 1765 2070 rel'ugia
1795 2013 1916 2070 quae
1947 2003 2165 2068 petant;

564 2116 627 2161 ut
650 2105 740 2177 qui
769 2101 992 2160 obnoxii
1023 2099 1256 2165 delictis,
1281 2106 1338 2154 et
1363 2094 1548 2153 inﬂexi
1589 2092 1736 2149 vitiis
1763 2098 1890 2147 sunt
1939 2104 2048 2146 non
2076 2103 2171 2144 vo-

566 2198 841 2265 luntariis,
873 2204 1104 2268 sperent
1133 2192 1424 2250 Dominum
1456 2189 1560 2245 sibi
1615 2186 1953 2244 reconciliari
1982 2198 2170 2257 posse,

567 2297 615 2353 si
637 2294 850 2351 veniam
884 2298 1074 2364 petant
1103 2308 1119 2358 ;
1146 2295 1373 2360 sperent
1419 2299 1581 2356 posse
1605 2298 1664 2339 se
1708 2281 1930 2353 corrigi,
1954 2281 2002 2336 si
2034 2294 2173 2350 pra:-

2271 1937 2458 1994 pressa
2480 1922 2742 1978 virtutum
2772 1921 2824 1974 in
2856 1919 3142 1991 Apostolo,
3164 1918 3385 1974 dicente
3410 1932 3484 1973 eo
3511 1935 3526 1969 :
3556 1914 3661 1970 Ita
3691 1917 3836 1985 quod
3855 1916 3896 1968 in

2271 2033 2352 2072 me
2374 2026 2467 2085 est,
2503 2024 2770 2086 promptus
2790 2029 2904 2067 sum
2931 2024 2977 2068 et
3004 2013 3146 2067 vobis
3166 2013 3258 2082 qui
3282 2011 3472 2066 Roma!
3501 2011 3670 2076 estis,
3696 2023 3896 2079 πεπιε-

2274 2110 2451 2167 lizare.
2486 2109 2610 2166 Non
2651 2110 2786 2166 enim
2835 2108 3074 2164 erubesco
3129 2105 3504 2179 Evangelium.
3548 2105 3753 2159 Virtus
3779 2105 3892 2159 ιιιὶιι

2270 2205 2371 2260 Dei
2401 2216 2475 2261 est
2524 2207 2578 2259 in
2603 2205 2821 2260 salutem
2845 2203 2989 2258 omni
3038 2203 3288 2269 credenti,
3334 2199 3534 2255 Iudaeo
3569 2199 3813 2270 primum
3848 2207 3886 2250 et

2273 2299 2714 2355 GrrecoJustitia
2751 2299 2887 2353 enim
2919 2296 3017 2352 Dei
3039 2299 3091 2352 in
3114 2313 3173 2352 eo
3203 2296 3487 2363 revelatur,
3520 2295 3578 2349 id
3613 2301 3730 2361 est,
3759 2292 3810 2346 in
3834 2305 3888 2347 eo

565 2399 728 2460 cepta
752 2395 1052 2459 sequantur
1094 2383 1402 2440 etelestium
1451 2378 1950 2438 Testamentorum.
1977 2373 2174 2446 quibus

2285 2394 2364 2464 qui
2388 2391 2761 2465 eredit(Rom.
2785 2409 2824 2459 ι,
2858 2391 2926 2446 15
2950 2401 2997 2446 et
3041 2390 3201 2462 seq.).
3228 2389 3477 2460 Denique
3507 2387 3738 2443 addidit
3767 2403 3782 2440 :
3810 2384 3880 2440 Ει

566 2492 663 2540 aut
707 2481 1068 2538 informamur
1120 2477 1186 2534 ad
1237 2475 1642 2540 innocentiam,
1675 2481 1768 2529 aut
1797 2483 2116 2530 revocamur
2141 2483 2173 2524 a

569 2563 752 2651 culpa.
786 2575 882 2632 Hae
913 2575 1076 2644 igitur
1098 2574 1240 2629 intra
1266 2570 1564 2628 Iordanem
1591 2568 1844 2626 civitates
1883 2572 2175 2636 sequentes

569 2679 719 2737 sunt,
749 2677 809 2725 ut
835 2666 1192 2739 propitiemus
1223 2663 1380 2722 nobis
1404 2664 1596 2732 Deum,
1619 2677 1912 2734 sequamur
1935 2676 2057 2732 quae
2081 2660 2172 2730 ju-

572 2765 688 2832 bet,
717 2763 950 2818 vitemus
975 2774 1096 2832 qute
1122 2759 1398 2831 prohibet.
1441 2756 1523 2815 Sit
1549 2771 1679 2829 ergo
1706 2753 2063 2827 pr0pitianda:
2091 2751 2175 2807 di-

570 2857 818 2914 vinitatis
867 2855 1117 2922 ambitio,
1168 2851 1462 2926 sequenda:
1494 2850 1880 2922 praeceptionis
1909 2848 2172 2915 obeditio,

575 2951 886 3012 interdicta:
911 2949 1377 3022 prmvaricationis
1397 2947 1598 3012 cautio,
1623 2945 1820 3017 quibus
1852 2943 2172 3015 propitiato-

573 3049 712 3108 riam
743 3049 844 3106 Dei
894 3044 1350 3112 misericordiam,
1385 3052 1440 3100 et
1470 3042 1876 3098 nomotheticen
1903 3039 2020 3111 ejus
2048 3053 2176 3110 pro-

573 3141 871 3200 videntiam
919 3141 1008 3197 vel
1038 3139 1410 3199 institutorum
1439 3134 1721 3208 obsequio,
1749 3133 1836 3192 vel
1861 3132 2176 3190 interdicto-

575 3250 698 3292 rum
752 3234 1116 3291 declinatione
1146 3246 1494 3289 veneremur.

647 3329 737 3384 l5.
757 3328 1017 3396 Quartum
1067 3322 1566 3396 superestﬂquod
1619 3323 1689 3378 de
1753 3329 1932 3376 morte
1978 3319 2178 3376 summi

577 3418 884 3477 sacerdotis
913 3418 988 3472 ait
1012 3437 1026 3473 :
1063 3417 1202 3484 Quia
1228 3433 1390 3489 usque
1417 3417 1487 3470 ad
1517 3416 1652 3470 illud
1674 3424 1874 3484 tempus
1900 3414 1995 3469 erit
2026 3415 2081 3468 in
2107 3413 2182 3467 ci-

521 3539 530 3545 ε
575 3515 729 3570 vitate
756 3513 948 3585 refugii
995 3511 1260 3566 homicida
1310 3510 1423 3577 ille,
1459 3508 1622 3563 donec
1666 3507 1918 3562 moriatur
1941 3505 2182 3561 sacerdos

581 3624 801 3680 ntagnus
829 3605 1035 3680 (Iosue,
1057 3621 1150 3672 xx,
1174 3603 1325 3677 6).lu
1355 3619 1463 3676 quo
1490 3603 1786 3660 secundum
1811 3603 2048 3658 litteram
2074 3603 2182 3658 ha:-

579 3710 667 3758 ret
694 3699 1093 3770 interpretatio.
1111 3697 1354 3754 Primum
1375 3697 1490 3767 ipsa
1507 3695 1631 3768 fuga
1657 3706 1804 3752 sorte
1834 3695 2004 3767 magis
2024 3711 2183 3768 quam

583 3794 847 3866 mquitate
870 3791 1099 3862 alicujus
1119 3790 1390 3847 examinis
1417 3789 1643 3847 deﬁnita
1670 3788 1900 3845 :deinde
1930 3789 1982 3843 in
2007 3791 2186 3845 causis

583 3888 804 3962 paribus
837 3887 1012 3958 impar
1051 3894 1320 3952 eventus;
1350 3891 1564 3955 poterat
1613 3885 1758 3940 enim
1816 3882 1936 3940 fieri
1978 3891 2038 3938 ut
2066 3891 2188 3954 post

583 3981 873 4038 homicidae
901 3979 1047 4036 illius
1081 3976 1347 4049 refugium
1369 3978 1615 4048 sequenti
1643 3977 1731 4034 die
1755 3977 1937 4033 obiret
1963 3991 2188 4048 magnus

581 4075 866 4134 sacerdos.
899 4073 1031 4144 Quae
1060 4081 1240 4128 autem
1291 4071 1394 4127 sub
1442 4073 1648 4128 incerto
1699 4059 2016 4126 sententia?
2047 4069 2190 4141 Ergo

585 4172 712 4242 quia
744 4168 914 4224 lueret
944 4168 1147 4235 littera,
1172 4181 1480 4237 qtueramus
1511 4165 1800 4236 spiritalia.
1824 4164 1960 4234 Quis
1981 4172 2066 4220 est
2087 4163 2191 4219 iste

590 4276 822 4332 magnus
852 4261 1130 4328 sacerdos,
1162 4260 1266 4316 nisi
1299 4260 1395 4315 Dei
1425 4259 1620 4324 Filius,
1641 4257 1877 4315 Verbum
1897 4258 2015 4322 Dei,
2036 4258 2192 4329 cujus

590 4356 1003 4412 advocationem
1035 4369 1134 4424 pro
1166 4353 1324 4410 nobis
1373 4353 1636 4410 habemus
1665 4352 1807 4423 apud
1831 4351 2068 4420 Patrem,
2100 4353 2190 4423 qui

589 4463 784 4508 exsors
805 4457 891 4505 est
909 4448 1149 4504 omnium
1172 4446 1602 4503 voluntariorum
1630 4455 1686 4502 et
1715 4444 2078 4502 accidentium
2099 4444 2192 4502 de-

591 4543 869 4607 lictorum,
891 4542 944 4595 in
977 4556 1083 4610 quo
1108 4541 1416 4598 consistunt
1437 4540 1618 4595 omnia
1640 4553 1761 4612 qute
1785 4538 1840 4594 in
1867 4548 2015 4595 terra
2043 4548 2189 4608 sunt,

2275 2486 2380 2556 ﬁde
2399 2486 2455 2540 in
2482 2483 2659 2554 ﬁdem,
2681 2484 2815 2538 sicut
2839 2483 3089 2555 scriptum
3106 2492 3184 2538 est
3210 2497 3228 2536 :
3256 2481 3448 2537 Justus
3477 2491 3673 2536 autem
3707 2496 3772 2535 ex
3796 2480 3878 2548 ﬁde

2274 2582 2418 2637 vivit.
2450 2579 2508 2635 In
2536 2593 2646 2651 quo
2688 2579 2850 2650 igitur
2875 2578 3081 2649 justitia
3118 2577 3212 2633 Dei
3265 2576 3570 2644 reveletur,
3611 2576 3725 2632 nisi
3758 2577 3877 2631 ineo

2275 2674 2368 2745 qui
2393 2671 2693 2729 conformis
2737 2681 2824 2728 est
2850 2672 3101 2742 imaginis
3125 2670 3248 2726 Filii
3275 2669 3372 2725 Dei
3393 2669 3632 2724 “labes
3661 2670 3871 2741 primum

2277 2776 2608 2838 praeceptum
2641 2766 2706 2820 ad
2737 2765 3026 2836 imaginem
3058 2765 3175 2820 Dei.
3221 2762 3565 2830 Secundum,
3594 2763 3730 2834 quia
3757 2763 3872 2817 invi-

2277 2858 2457 2914 sibilia
2484 2859 2628 2914 illius
2661 2873 2760 2929 per
2779 2873 2844 2913 ea
2872 2874 2992 2929 quae
3040 2857 3178 2913 facta
3221 2867 3370 2925 sunt,
3399 2856 3811 2927 intelliguntur,
3832 2854 3870 2910 id

2277 2962 2379 3018 est,
2403 2945 2735 3021 sempiterna
2759 2951 2932 3006 virtus
2957 2951 3077 3021 ejus
3116 2959 3174 3006 et
3197 2950 3451 3005 divinitas
3477 2949 3747 3020 operibus
3775 2949 3868 3018 ejus

2277 3047 2644 3116 cognoscitur,
2691 3043 2808 3100 hate
2838 3053 2922 3100 est
2969 3043 3276 3113 operatoria
3305 3043 3501 3098 virtus.
3538 3041 3788 3098 Tertium
3814 3040 3865 3094 de

2281 3138 2550 3209 imperiali
2594 3149 2886 3211 potestate,
2911 3139 3035 3210 quia
3063 3138 3301 3194 Verbum
3339 3138 3436 3193 Dei
3484 3138 3679 3210 regale
3707 3145 3804 3200 est,
3826 3145 3867 3190 et

2205 3209 2251 3274 Ο
2279 3234 2560 3307 judiciale,
2585 3209 2642 3290 et
2667 3233 2886 3305 plenum
2906 3209 3132 3304 justitia;
3153 3230 3534 3294 sacerdotalis,
3570 3245 3865 3286 remunera-

2284 3330 2486 3386 tionem
2518 3327 2781 3385 bonorum
2811 3337 3052 3393 actuum,
3083 3337 3139 3382 et
3167 3326 3594 3382 retributionem
3625 3325 3860 3381 malorum

2259 3421 2528 3495 venturis
2571 3422 2626 3477 in
2655 3419 2920 3492 judicium
2970 3436 3127 3476 suum
3177 3434 3425 3486 servans,
3453 3418 3524 3474 de
3584 3420 3778 3490 quibus
3804 3418 3862 3471 ait

2286 3513 2586 3584 Apostolus
2616 3531 2628 3567 :
2663 3513 2869 3569 Scimus
2894 3522 3066 3568 autem
3092 3513 3335 3581 quoniam
3378 3511 3650 3585 judicium
3698 3512 3785 3566 Dei
3804 3522 3863 3566 est

2287 3606 2566 3661 secundum
2587 3605 2850 3660 ueritatem
2875 3607 2930 3660 in
2952 3621 3038 3660 eos
3063 3607 3150 3675 qui
3171 3604 3298 3659 talia
3325 3613 3486 3675 agunt
3510 3602 3691 3676 (Rom.
3719 3622 3770 3673 tt,
3797 3603 3859 3675 ‘2).

2287 3702 2474 3774 Itaque
2521 3703 2614 3774 qui
2645 3703 2930 3757 veritatem
2963 3709 3020 3757 et
3051 3700 3320 3772 justitiam
3350 3699 3445 3754 Dei
3475 3702 3752 3771 cognovit,
3777 3715 3860 3755 non

2289 3797 2456 3855 debet
2480 3813 2541 3853 ea
2569 3811 2732 3868 agere
2771 3811 2891 3866 qua:
2921 3803 3101 3850 morte
3122 3795 3289 3865 digna
3340 3803 3490 3849 sunt.
3521 3794 3772 3865 Sequitur
3788 3796 3861 3850 bo-

2290 3892 2429 3948 nitas
2459 3892 2549 3946 Dei
2582 3890 2956 3961 propitiatoria
3004 3888 3211 3960 utique,
3245 3888 3312 3944 de
3359 3904 3465 3960 qua
3496 3888 3671 3944 dicit:
3707 3891 3779 3943 An
3801 3889 3860 3942 di-

2290 3987 2438 4042 vitias
2459 3986 2700 4040 bonitatis
2728 3986 2860 4055 ejus,
2875 3987 2877 3990 ⁴
2894 3993 2940 4038 et
2955 3984 3236 4056 patientiae,
3261 3983 3744 4055 et.longanimitatis
3766 3999 3863 4037 cau-

2292 4077 2521 4132 temuis?
2551 4075 2774 4149 Ignoras
2794 4077 3037 4147 quoniam
3067 4076 3267 4130 bonitas
3311 4074 3410 4129 Dei
3431 4075 3502 4128 ad
3548 4076 3859 4145 prandentium

2293 4181 2342 4226 te
2359 4169 2572 4224 adducit
2593 4168 2786 4242 (lbid.,
2809 4167 2893 4239 4)?
2923 4179 2944 4208 ο
2965 4167 3020 4222 ld
3044 4176 3148 4234 est,
3180 4161 3424 4224 debet'te
3453 4166 3862 4224 addueere.Pro-

2294 4270 2453 4318 vocat
2475 4273 2547 4328 te,
2577 4261 2701 4332 quia
2743 4262 2918 4316 bonus
2943 4270 3027 4315 est
3048 4260 3214 4328 Deus,
3242 4269 3300 4314 ut
3321 4273 3549 4329 sperare
3578 4261 3744 4330 possis
3768 4271 3861 4315 tuo-

2294 4371 2414 4411 rum
2443 4363 2792 4427 peccatorum
2821 4353 3235 4424 indulgentiam.
3267 4351 3383 4408 Non
3406 4352 3526 4406 vult
3551 4352 3688 4408 enim
3717 4351 3861 4408 vindi-

2296 4461 2422 4504 care
2453 4487 2470 4515 ,
2518 4447 2611 4519 qui
2661 4457 2745 4503 est
2784 4455 3006 4517 paratus
3047 4446 3354 4517 ignoscere.
3398 4444 3682 4500 Subtexuit
3725 4445 3858 4500 etiam

2299 4541 2716 4612 legislationem,
2760 4540 2813 4596 id
2855 4548 2961 4607 est,
2993 4538 3436 4604 nomotheticen;
3467 4538 3594 4593 utsi
3619 4539 3728 4610 quis
3751 4553 3860 4593 con-

592 4644 650 4693 et
677 4649 801 4706 quae
823 4634 876 4690 in
905 4633 1092 4690 caelo?
1122 4632 1352 4690 Vinculo
1379 4630 1526 4688 enim
1558 4631 1722 4689 Verbi
1744 4634 2040 4689 constricta
2069 4642 2200 4689 sunt
2227 4626 2274 4687 D
2303 4634 2659 4705 templatione
2701 4632 2897 4689 divinae
2923 4632 3190 4690 bonitatis
3214 4632 3530 4699 resolvitur,
3563 4640 3618 4686 et
3646 4630 3858 4702 magisad

594 4726 798 4793 omnia,
831 4735 886 4783 et
916 4727 1034 4797 ejus
1053 4725 1404 4782 continentur
1429 4725 1692 4796 potentia,
1723 4735 1778 4782 et
1808 4727 1860 4782 in
1894 4726 2013 4799 ipso
2039 4741 2198 4784 cons-

593 4829 748 4888 tant;
781 4821 1038 4893 quoniam
1072 4819 1129 4875 in
1177 4820 1295 4890 ipso
1324 4828 1508 4875 creata
1536 4828 1665 4876 sunt
1685 4820 1889 4885 omnia,
1917 4829 1972 4876 et
1996 4819 2050 4876 in
2080 4820 2198 4891 ipso

597 4914 807 4970 habitat
861 4914 1042 4969 omnis
1093 4911 1393 4983 plenitudo.
1427 4911 1489 4967 Et
1543 4911 1668 4969 ideo
1719 4914 1902 4970 omnia
1953 4922 2196 4980 manent,

597 5011 725 5080 quia
756 5008 979 5067 dissolvi
1034 5007 1125 5063 illa
1166 5021 1276 5063 non
1324 5006 1494 5075 sinit,
1546 5007 1818 5078 qum-ipse
1847 5007 2196 5075 constrinxit,

598 5104 856 5174 quoniam
910 5102 963 5158 in
1004 5102 1124 5172 ejus
1152 5100 1434 5158 voluntate
1479 5103 1806 5158 consistunt.
1833 5101 2028 5158 Omnia
2051 5101 2196 5157 enim

675 5264 700 5293 ιι
728 5252 808 5308 De
827 5261 990 5307 morte
1017 5249 1204 5305 summi
1243 5245 1550 5302 sacerdotis.
1579 5244 1707 5300 Haec
1735 5244 1962 5298 deerant
1985 5245 2039 5296 in
2064 5242 2198 5297 edit.

603 5327 857 5385 omnibus
890 5365 906 5388 ,
958 5337 1079 5392 qua:
1130 5335 1231 5376 nos
1274 5319 1328 5373 in
1369 5333 1503 5375 mss.
1561 5315 1848 5372 duodecim
1903 5322 2120 5384 reperta
2151 5316 2203 5368 in

608 5407 814 5455 textum
835 5393 1233 5451 transtulimus.

678 5470 706 5510 ὶι
733 5470 823 5525 Sic
849 5481 1040 5521 omnes
1070 5465 1293 5520 omnino
1333 5475 1464 5516 mss.
1489 5468 1546 5516 et
1575 5458 1709 5514 edit.
1741 5468 1940 5526 praeter
1959 5456 2119 5512 Rom.
2150 5459 2207 5512 in

610 5557 738 5612 qua,
762 5539 986 5612 peccatis
1008 5546 1184 5612 patere
1226 5532 1623 5612 inuoluptariis.
1665 5529 1819 5612 [laud
1868 5529 2053 5612 dubie,
2085 5530 2206 5612 quia

611 5600 1053 5682 a'pud'Philnnem
1087 5605 1286 5682 lib_._de
1300 5603 1567 5682 ltrol'ugis,
1611 5600 1755 5682 unde
1775 5601 1877 5682 ima
1903 5600 2210 5682 desumpta,

616 5673 810 5752 légitur
826 5697 840 5732 :
857 5679 1073 5741 κάθοδος
1090 5675 1462 5752 εὖθὺςέδίδοτᾳι
1476 5673 1583 5752 rei;
1605 5675 1863 5734 ἁκουσίοις
1882 5673 2172 5747 σφάλμασιν
2195 5689 2210 5737 ;

619 5747 715 5810 δεῖι
771 5750 1353 5820 Αιηιηοδὶιιιηιιεκὶεεθ
1397 5747 1644 5820 iuuenior:
1685 5758 1990 5820 cumnmss.
2052 5754 2216 5820 atque

625 5821 756 5878 edit.
788 5815 1090 5876 consensus
1130 5815 1384 5875 evincere
1412 5817 1610 5889 petest,
1655 5825 1766 5870 tum
1815 5815 1932 5887 ipse
1954 5815 2217 5874 orationis

2302 4728 2695 4800 negligentiam
2746 4742 2908 4797 quam
2938 4728 3006 4783 ad
3039 4727 3413 4798 penitentiam
3444 4735 3774 4794 provocatur,
3798 4724 3860 4779 le-

2301 4837 2422 4892 gem
2470 4830 2752 4894 sequatur.
2805 4822 3072 4891 Quoniam
3115 4831 3161 4876 et
3213 4820 3540 4892 quicumque,
3574 4819 3859 4890 inquit,sine

2302 4918 2412 4987 lege
2457 4925 2818 4986 peccaverunt,
2847 4915 2957 4970 sine
3000 4915 3109 4985 lege
3155 4924 3202 4968 et
3233 4912 3512 4984 peribunt:
3539 4922 3585 4966 et
3605 4912 3858 4982 quicumque

2298 5010 2356 5064 in
2407 5009 2568 5081 legem
2599 5017 2935 5079 peccaverunt
2963 5049 2978 5076 ,
3027 5023 3117 5080 per
3173 5007 3335 5078 legem
3370 5002 3857 5076 judicabuuturUbi-

2303 5101 2441 5168 dem,
2475 5101 2589 5172 12).

2313 5241 2649 5297 Philonianze
2694 5250 3000 5298 contextus.
3065 5242 3280 5298 Etenim
3333 5256 3456 5296 eum
3499 5242 3657 5312 priori
3689 5241 3852 5313 periodi

2314 5314 2561 5369 membro
2591 5313 2890 5379 docuisset,
2925 5325 3195 5383 praesente
3242 5313 3444 5378 Verho,
3473 5314 3659 5368 anima:
3700 5314 3851 5367 volun-

2314 5387 2507 5441 tariam
2531 5386 2606 5457 (in
2640 5385 2817 5456 pejus)
2845 5387 3256 5440 conversionem
3289 5387 3550 5440 advenire
3574 5401 3666 5440 non
3692 5400 3846 5456 posse;

2314 5473 2494 5512 annon
2518 5456 2860 5527 consequens
2881 5466 2995 5511 erat
3019 5467 3074 5510 ut
3104 5458 3340 5524 diceret,
3391 5457 3581 5512 eodem
3609 5456 3756 5514 Verbo
3781 5458 3848 5511 ah-

2317 5542 2494 5594 sente,
2527 5529 2814 5584 confestim
2856 5527 3161 5583 voluntarie
3221 5529 3295 5598 (in
3348 5528 3522 5599 pejus)
3565 5529 3845 5584 conversioni

2318 5611 2506 5671 patere
2532 5599 2946 5666 animam,sive,
2975 5599 3120 5671 quod
3152 5599 3295 5656 idem
3317 5609 3419 5666 est,
3445 5600 3731 5655 Voluntariis
3749 5613 3843 5669 pec-

2316 5673 2451 5729 catis
2479 5672 2709 5726 reditum
2737 5671 2875 5726 dari.
3607 5674 3616 5682 '

2397 5756 2416 5780 ο
2447 5743 2594 5817 Edit.
2623 5751 2755 5817 vet.,
2778 5743 2835 5796 id
2861 5753 2958 5811 est,
3010 5743 3154 5817 debet
3203 5752 3250 5798 te
3312 5739 3583 5817 adducere,
3611 5750 3838 5814 provocari.

2327 5812 2514 5883 Rom.~,
2541 5815 2594 5871 id
2613 5813 2967 5884 enipi-avocat
2996 5823 3062 5869 te.
3098 5813 3226 5872 Mss.
3254 5822 3407 5884 vero,
3430 5822 3488 5868 ut
3518 5814 3567 5872 in
3597 5812 3730 5871 textu.
