4082 6370
150 289 313 442 r47

1300 313 1389 371 ne
1428 307 1614 374 rues
1652 309 1926 374 SECULI
1962 299 2166 373 LIBER
2204 311 2407 372 unus.

3411 311 3519 374 518

277 433 373 488 15.
432 432 541 488 Lex
574 439 756 489 autem
788 431 1001 504 gemina
1032 439 1136 500 est,
1165 431 1446 501 naturalis,
1493 440 1548 487 et
1585 433 1808 505 scripta.
1837 437 1892 498 Α
1916 432 2038 498 Dei,
2062 432 2115 488 in
2147 446 2254 504 quo
2274 440 2360 490 est
2388 444 2641 502 magnum
2689 428 3075 499 sacerdotium,
3113 428 3268 502 cujus
3305 429 3520 504 Moyses

187 525 484 582 Naturalis
543 525 597 582 in
628 526 794 582 corde
829 545 842 581 :
868 531 1071 598 scripta
1103 527 1156 582 in
1203 525 1417 583 tabulis.
1449 524 1654 582 Omnes
1679 542 1809 598 ergo

190 621 313 678 sub
343 623 484 693 lege,
514 620 610 677 sed
643 620 897 676 naturali.
924 619 1028 677 Sed
1055 635 1158 675 non
1190 629 1274 676 est
1294 620 1532 675 omnium
1563 628 1622 674 ut
1645 634 1812 674 unus-

193 714 446 785 quisque
475 713 579 769 sibi
611 712 681 770 sit
709 713 815 769 lex.
845 713 940 769 ille
976 721 1156 768 autem
1182 710 1286 766 sibi
1313 711 1399 767 lex
1432 719 1538 778 est,
1563 711 1651 782 qui
1685 709 1812 765 facit

194 814 412 876 sponte
432 821 551 877 quae.
581 805 715 877 legjs
735 815 882 873 sunt,
906 815 956 860 et
985 803 1041 860 in
1069 802 1235 860 corde
1255 818 1353 858 suo
1381 801 1642 873 scriptum
1671 817 1810 874 opus

190 897 345 970 legis
397 895 867 963 ostendit/Habes
895 913 1014 968 qua:
1036 897 1176 952 bona
1207 895 1340 967 legis
1377 904 1542 960 sunt;
1577 908 1700 966 quae
1731 903 1813 950 ta-

192 1007 338 1047 men
370 1007 478 1049 non
506 993 681 1048 solum
731 993 873 1047 seire
910 989 997 1046 vel
1057 988 1242 1045 audire
1289 988 1679 1059 perfunctorie,
1711 985 1811 1044 sed

192 1087 377 1142 etiam
400 1085 577 1142 facere
597 1085 879 1141 debemus.
911 1082 1028 1138 Non
1057 1082 1204 1139 enim
1233 1081 1510 1138 auditores
1529 1079 1667 1153 legis
1678 1080 1811 1151 justi

195 1189 339 1235 sunt
367 1177 510 1250 apud
542 1178 730 1244 Deum,
765 1177 861 1232 sed
913 1177 1147 1232 factores
1188 1175 1325 1247 legis
1348 1173 1809 1246 justificabuntur.

193 1271 523 1347 Cognovisti
540 1274 703 1329 etiam
718 1269 883 1345 424
897 1287 1016 1343 quae
1031 1272 1174 1328 mala
1190 1279 1336 1327 sunt.
1352 1269 1592 1326 Primum
1615 1277 1814 1324 natura

194 1368 320 1440 ipsa
346 1369 475 1424 boni
513 1368 697 1438 Operis
727 1365 986 1437 magistra
1011 1375 1112 1422 est.
1132 1365 1253 1422 Scis
1285 1379 1390 1421 non
1421 1363 1730 1430 furandum,
1758 1370 1814 1418 et

197 1477 429 1518 servum
445 1471 595 1518 tuum
612 1461 656 1516 si
673 1459 876 1515 furtum
897 1459 988 1516 tibi
1007 1459 1212 1526 fecerit,
1232 1458 1484 1514 verberas
1503 1475 1518 1525 ;
1537 1465 1590 1513 et
1620 1457 1666 1512 si
1688 1455 1813 1528 quis

199 1555 274 1610 ad
307 1571 536 1612 uxorem
569 1565 714 1610 tuam
769 1553 1129 1622 affectaverit,
1161 1551 1596 1624 persequendum
1629 1560 1807 1623 putas.

198 1648 366 1716 Quod
398 1663 529 1720 ergo
550 1649 605 1704 in
641 1648 760 1704 aliis
791 1647 1167 1719 reprehendis,
1198 1647 1312 1718 ipse
1340 1645 1678 1702 committis?
1708 1645 1812 1712 Qtti

203 1745 480 1816 prmdicas
505 1759 612 1800 non
640 1743 949 1808 furandum,
978 1741 1207 1798 furoris?
1234 1741 1334 1811 Qui
1358 1741 1492 1797 dicis
1525 1756 1630 1796 non
1658 1740 1812 1797 adul-

1914 522 2113 595 (Exod.
2139 541 2288 592 xxtx,
2317 524 2348 582 5
2372 532 2419 580 et
2466 523 2599 597 seq.)
2630 523 2686 580 in
2731 523 2827 580 illo
2876 522 3205 580 vestimento
3252 523 3516 595 principis

1913 618 2256 674 sacerdotum
2289 618 2604 676 indumenta
2661 617 2922 676 describit
2959 617 3338 691 intelligibilia,
3370 615 3516 690 quod

1912 712 2113 766 virtute
2133 725 2229 766 sua
2260 711 2436 768 induit
2481 712 2764 779 mundum,
2793 720 2852 771 et
2875 722 3151 784 tamquam
3181 727 3246 769 eo
3282 712 3516 768 amictus

1910 801 2082 872 fulget
2104 802 2157 858 in
2175 802 2453 862 omnibus.
2468 803 2648 860 Induit
2669 804 2814 862 enim
2834 803 2863 844 ιι
2891 807 3274 878 cognationem
3298 803 3516 877 generis

1914 897 2134 954 humani
2159 913 2256 969 per
2288 897 2448 970 ltujus
2485 901 2731 972 corporis
2759 902 3184 973 susceptionem,
3209 909 3266 957 et
3296 899 3517 956 inenar-

1914 990 2141 1046 rabilem
2169 989 2517 1056 eltaritatem,
2542 991 2833 1050 infundens
2862 1010 2924 1051 se
2944 994 3197 1052 omnibtts
3235 993 3431 1066 spiritu
3460 1000 3518 1050 et

1917 1082 2253 1154 plenitudine
2278 1083 2584 1141 divinitatis
2610 1101 2745 1154 suae,
2768 1087 2837 1144 de
2858 1086 3012 1158 cujus
3038 1087 3378 1160 plenitudine
3399 1102 3518 1143 om-

1915 1192 2011 1234 nes
2034 1178 2343 1250 accepimus
2364 1195 2380 1246 ;
2406 1189 2464 1236 ut
2482 1165 2721 1238 sciamus
2741 1182 3238 1253 supereminetttem
3270 1182 3518 1240 scientia

1913 1272 2238 1329 charitatem
2267 1271 2490 1342 Christi,
2517 1285 2572 1331 et
2595 1274 2920 1346 impleantur
2949 1275 3002 1331 in
3030 1291 3247 1333 omnem
3279 1277 3516 1349 plenitu-

1914 1366 2097 1422 dinem
2128 1367 2246 1424 Dei.
2275 1366 2450 1439 Caput
2478 1375 2563 1424 est
2585 1369 2730 1425 enim
2750 1369 2990 1424 omnium
3013 1366 3286 1439 Christus,
3316 1386 3382 1427 ex
3404 1384 3515 1442 quo

1917 1468 2088 1516 totum
2117 1474 2317 1530 corpus
2344 1459 2684 1532 producitur,
2712 1469 2768 1517 et
2792 1469 2976 1516 mutua
3029 1460 3130 1517 sibi
3171 1461 3516 1518 connexione

1914 1558 2287 1631 conjungitur,
2315 1559 2709 1616 incrementum
2741 1558 2826 1614 sui
2851 1559 2904 1615 in
2934 1557 3355 1615 aediﬁcationem
3379 1558 3514 1614 cha-

1915 1651 2096 1707 ritatis
2136 1651 2426 1722 accipiens.
2457 1652 2570 1709 Hoc
2595 1662 2679 1710 est
2719 1651 2882 1724 igitur
2905 1652 3144 1709 Verbum
3175 1649 3338 1724 425
3369 1651 3516 1722 quod

1916 1743 2306 1815 supereminet,
2353 1745 2498 1816 quod
2523 1745 2695 1818 Moysi
2741 1745 2792 1800 in
2827 1744 2972 1801 illius
3014 1760 3157 1800 area:
3211 1744 3515 1800 testimonii

201 1837 521 1902 terandum,
545 1837 863 1893 adulteras?
894 1836 1089 1892 Secuta
1121 1845 1204 1890 est
1227 1836 1391 1890 etiam
1423 1835 1512 1890 lex
1543 1851 1662 1907 quae
1685 1833 1811 1890 data
1841 1852 1890 1914 Β
1917 1837 2274 1894 aedificatione
2294 1837 2459 1894 dicit:
2497 1837 2744 1893 Immittes
2770 1840 2825 1893 in
2854 1856 3030 1894 arcam
3060 1839 3349 1894 testimonia
3375 1855 3518 1910 ᾳιιαν-

197 1937 290 1984 est
321 1943 419 1998 per
465 1927 709 2000 Moysen.
745 1927 851 1982 Per
902 1927 1074 1998 legem
1122 1935 1304 1980 autem
1345 1926 1548 1996 agnitio
1579 1926 1808 1996 peccati.

200 2022 486 2093 Accepisti
525 2021 690 2076 etiam
740 2019 871 2092 quid
925 2019 1265 2087 deelinares,
1314 2028 1367 2076 et
1403 2035 1464 2075 ea
1523 2020 1639 2092 agis
1691 2035 1812 2091 qute

199 2115 482 2186 prohibita
511 2114 834 2187 cognoscis?
864 2113 980 2169 Lex
1027 2121 1208 2170 autem
1237 2112 1367 2184 quid
1396 2122 1674 2184 operatur,
1704 2112 1813 2170 nisi

197 2220 266 2266 ut
288 2209 468 2267 omnis
502 2208 742 2266 mundus
774 2209 931 2264 fieret
956 2206 1208 2263 subditus
1237 2207 1348 2264 Deo
1373 2224 1387 2274 ;
1417 2208 1547 2279 quia
1569 2223 1678 2264 non
1715 2224 1808 2266 so-

199 2305 317 2359 lum
348 2303 580 2360 Hebraeo
610 2303 716 2358 lata
735 2310 846 2372 est,
874 2316 1062 2358 verum
1088 2301 1250 2356 etiam
1280 2299 1541 2358 advenam
1574 2302 1808 2372 vocavit,

196 2412 324 2467 qua:
351 2411 458 2452 non
489 2396 721 2453 exclusit
774 2395 1129 2467 proselytttm.
1157 2393 1266 2452 Sed
1297 2395 1420 2465 quia
1468 2394 1555 2451 lex
1605 2409 1669 2451 os
1693 2409 1812 2450 om-

198 2492 357 2548 nium
386 2492 560 2564 potuit
587 2491 896 2557 obstruere,
930 2504 1038 2545 non
1083 2491 1260 2562 potuit
1304 2498 1541 2546 mentem
1573 2504 1811 2546 conver-

200 2595 342 2654 tere,
375 2586 498 2642 ideo
529 2585 778 2641 ultimum
802 2585 1104 2641 remedium
1138 2593 1427 2655 postrema-
1459 2581 1604 2638 illius
1624 2583 1813 2639 civita-

200 2681 274 2735 tis
304 2680 628 2747 debebatur,
653 2680 708 2735 in
761 2693 869 2750 quo
917 2689 1066 2734 esset
1106 2676 1375 2748 refugium
1431 2677 1715 2745 salutare;
1753 2686 1815 2733 ut

202 2789 360 2830 mors
388 2772 654 2844 principis
684 2772 1028 2828 sacerdotum
1053 2771 1121 2827 ab
1153 2774 1300 2827 omni
1325 2786 1424 2827 nos
1459 2773 1652 2827 mortis
1678 2772 1814 2828 libe-

202 2879 354 2923 raret
383 2867 691 2935 formidine,
716 2868 898 2938 atque:
924 2876 1148 2924 exueret
1179 2875 1322 2923 metu
1356 2867 1374 2938 (
1409 2866 1526 2921 Vid.
1568 2866 1629 2922 S.
1672 2867 1807 2938 Aug.

204 2962 242 3016 l.
270 2977 345 3027 tv,
375 2969 510 3016 cont.
545 2961 676 3015 duas
707 2959 857 3027 epist.
903 2959 1118 3028 Pelag,
1151 2977 1266 3032 cap.
1301 2958 1414 3031 Η).

279 3053 372 3112 16.
402 3055 537 3124 Quis
595 3055 686 3110 ille
733 3062 837 3120 est,
867 3054 971 3110 nisi
1001 3053 1070 3110 de
1119 3069 1226 3125 quo
1277 3053 1477 3110 lectum
1519 3062 1601 3110 est
1635 3071 1648 3108 :
1680 3053 1814 3109 Ecce

206 3149 382 3222 Agnus
396 3147 518 3218 Dei,
541 3165 658 3205 ecce
685 3148 773 3219 qui
791 3147 926 3202 tollit
947 3158 1216 3219 peccatum
1234 3147 1411 3201 mundi
1441 3145 1623 3219 (Joan.
1649 3162 1687 3214 ι,
1713 3145 1812 3217 29)

352 3248 519 3314 Quem
545 3247 812 3319 prOposuit
859 3243 1000 3300 Deus
1033 3244 1422 3317 prapitiatorem
1466 3260 1556 3314 per
1579 3243 1733 3312 ﬁdem
1759 3243 1811 3296 in
1839 3256 1887 3322 α

205 3341 454 3415 sanguine
481 3341 645 3412 ipsius
687 3340 754 3396 ad
783 3341 1128 3396 ostensionem
1147 3339 1374 3412 justitia:
1401 3353 1507 3394 sua:
1527 3337 1705 3409 (Rom.
1734 3352 1814 3405 ttt,

207 3433 322 3506 25).
355 3434 558 3505 Accipe
579 3445 759 3491 autem
785 3436 910 3506 quia
940 3435 1057 3506 ipse
1082 3435 1334 3504 princeps
1361 3443 1446 3489 est
1472 3431 1814 3488 sacerdotum

207 3542 450 3597 magnus.
487 3526 651 3600 Pater
698 3526 904 3598 juravit
927 3527 994 3583 de
1023 3542 1090 3582 eo
1121 3525 1308 3583 dicens
1337 3543 1350 3580 :
1383 3524 1464 3581 Tu
1490 3543 1544 3582 es
1571 3526 1814 3580 sacerdos

207 3619 258 3673 in
282 3630 531 3675 (sternam
562 3619 681 3691 (Ps.
711 3636 821 3688 crx,
854 3620 932 3692 4).
977 3620 1146 3677 Recte
1176 3621 1230 3676 in
1283 3631 1568 3688 atomum,
1593 3637 1698 3692 qua
1720 3620 1812 3676 alii

212 3715 536 3786 temporales
562 3729 755 3772 omnes
781 3716 882 3770 sub
920 3726 1164 3786 peccato,
1196 3713 1286 3770 hic
1311 3724 1488 3771 autem
1520 3715 1812 3786 imprzevao

211 3807 426 3864 ricabile
471 3808 634 3865 habet
675 3807 1042 3864 sacerdotium
1076 3826 1088 3861 :
1121 3822 1314 3864 omnes
1344 3809 1443 3863 sub
1495 3816 1689 3873 morte,
1723 3806 1812 3863 hic

211 3911 387 3959 autem
419 3917 638 3973 semper
658 3902 886 3969 vivens;
915 3902 1169 3974 quoniam
1192 3903 1286 3974 qui
1307 3901 1516 3957 salvare
1539 3901 1674 3955 alios
1704 3913 1804 3970 po-

215 4005 337 4063 test,
363 3996 376 4051 i
387 4012 482 4068 pse
504 3995 688 4067 perire
717 3995 1174 4068 quemadmodum
1206 4006 1394 4068 posset
1420 3997 1442 4050 'l
1476 3995 1620 4051 Talis
1648 3997 1810 4065 enim,

212 4090 407 4162 inquit,
431 4089 578 4146 nobis
617 4089 826 4146 decebat
868 4089 1062 4162 (Hebr.
1094 4106 1190 4158 vtt,
1216 4090 1252 4144 2
1283 4099 1328 4144 et
1355 4091 1431 4160 5).
1478 4090 1644 4146 Recta
1687 4089 1809 4146 elo-

211 4184 370 4242 cutio.
405 4183 685 4256 Siquidem
715 4192 770 4240 et
790 4183 932 4255 apud
966 4199 1060 4240 eos
1085 4184 1178 4256 qui
1209 4183 1495 4240 verborum
1526 4193 1580 4240 et
1622 4183 1809 4240 elocu-

212 4280 413 4336 tiouum
446 4277 717 4335 delectum
769 4277 1098 4346 habuerunt,
1150 4277 1460 4349 ltujusmodi
1515 4278 1803 4346 invenitur,

211 4374 418 4430 dicente
445 4372 629 4444 aliquo
655 4389 668 4426 :
693 4369 900 4428 Locum
925 4370 1214 4428 editiorem
1245 4386 1408 4443 quam
1452 4371 1754 4428 victoribus
1781 4381 1807 4409 α

213 4466 431 4523 decebat
453 4465 732 4538 (Sallust.,
759 4466 799 4523 ι.
833 4482 851 4522 t
882 4464 1243 4538 Hist.).Quod
1272 4465 1398 4522 ideo
1416 4480 1524 4521 non
1549 4465 1806 4537 prteterii,

215 4571 268 4615 ut
290 4561 517 4617 sciamus
544 4561 669 4632 quia
702 4559 1000 4632 Apostolus
1048 4558 1387 4616 naturalibus
1417 4560 1589 4632 magis
1643 4574 1806 4630 quam

1918 1947 2133 2001 cumque
2160 1931 2292 1985 dabo
2324 1931 2435 1998 tibi,
2468 1940 2514 1986 et
2560 1931 2718 2001 facies
2765 1932 3139 2004 impositionem
3166 1931 3518 2004 prapitiatorii

1918 2025 2137 2098 (Exod.,
2161 2043 2290 2094 xxv,
2313 2026 2529 2095 16,17).
2548 2026 2615 2082 Et
2635 2027 2805 2084 infra:
2836 2025 3080 2098 Impones
3095 2029 3516 2100 prapitiatorium

1913 2117 2068 2190 super
2085 2136 2258 2176 arcam
2285 2121 2524 2190 desuper,
2555 2130 2600 2176 et
2621 2121 2862 2176 immittes
2892 2121 3186 2176 testimonia
3211 2137 3326 2192 qua:
3343 2122 3518 2188 dabo;

1914 2220 1964 2267 et
1991 2212 2308 2268 innotescam
2334 2212 2424 2267 tibi
2467 2212 2610 2280 inde,
2638 2221 2686 2267 et
2740 2213 2923 2285 loquar
2953 2214 3046 2268 tibi
3084 2213 3304 2286 desuper
3326 2212 3516 2288 (Ibid.,

1913 2303 2032 2377 22),
2065 2304 2168 2360 hoc
2190 2313 2295 2370 est,
2329 2303 2456 2362 inde
2483 2306 2574 2361 ubi
2603 2320 2770 2378 super
2796 2305 2964 2363 cmlos
2995 2314 3102 2374 est,
3131 2305 3222 2362 ubi
3245 2305 3387 2380 apud
3413 2306 3519 2362 Pa-

1915 2406 2054 2457 trem
2080 2409 2185 2469 est,
2208 2400 2336 2457 inde
2359 2399 2454 2457 tibi
2485 2399 2701 2473 loquar.

2539 2536 2770 2596 CAPUT
2807 2537 2902 2594 IV.

1918 2652 2058 2721 Quid
2085 2656 2150 2711 sit
2186 2658 2366 2728 fugere
2405 2657 2688 2725 saxulum,
2735 2675 2854 2712 cum
2894 2657 3253 2715 exhortatione
3281 2657 3352 2712 ad
3381 2657 3518 2714 illud

1985 2753 2200 2823 ejusque
2225 2752 2582 2826 contagionem
2620 2752 2948 2824 fugiendam.
2997 2750 3200 2823 Fugam
3228 2753 3375 2808 illam
3399 2752 3519 2825 glo-

1987 2845 2178 2900 riosam
2227 2862 2340 2902 esse
2397 2863 2515 2900 cum
2575 2848 2926 2918 plurimorum
2979 2847 3199 2903 Patrum
3271 2848 3521 2918 exemplis

1988 2937 2300 3004 ostenditur,
2341 2947 2448 2992 tum
2485 2940 2747 3012 pracipue
2773 2941 2940 2995 sancti
2972 2938 3155 2995 Jacob.
3202 2941 3371 3008 Quam
3402 2941 3524 3013 feli-

1989 3031 2117 3085 citer
2140 3031 2221 3086 illi
2261 3033 2466 3088 cesserit
2503 3034 2577 3088 ita
2617 3035 2856 3108 fugisse;
2894 3043 2943 3088 et
2979 3051 3072 3089 cur
3095 3033 3240 3106 apud
3269 3050 3382 3090 eum
3408 3032 3520 3090 La-

1989 3124 2087 3179 ban
2118 3124 2250 3180 nihil
2277 3143 2429 3181 suum
2457 3129 2684 3199 reperire
2715 3128 2934 3199 potuerit
2957 3129 2984 3182 ?

1989 3242 2076 3297 l7.
2118 3238 2458 3300 Aceedamus
2486 3243 2693 3316 itaque,
2734 3243 2858 3302 ﬁdei
2889 3243 3156 3317 suffragio
3184 3245 3442 3312 subnixi,
3465 3254 3524 3303 et

1914 3333 2032 3406 ejus
2063 3339 2306 3408 remigiis
2337 3337 2646 3404 sublevati,
2679 3337 2748 3392 ad
2778 3337 2932 3392 illam
2964 3336 3154 3394 sedent
3184 3337 3396 3410 gratim,
3428 3336 3518 3394 fu-

1915 3429 2128 3502 gientes
2170 3430 2273 3486 hoc
2304 3431 2566 3488 saeculum
2601 3438 2657 3486 et
2688 3431 2806 3502 ejus
2836 3431 3238 3503 contagionem.
3291 3430 3404 3488 Hoc
3433 3439 3522 3488 est

1915 3535 2098 3582 autem
2129 3528 2336 3599 fugere,
2361 3527 2638 3584 abstinere
2659 3541 2689 3581 a
2723 3525 2980 3598 peccatis,
3009 3525 3077 3582 ad
3109 3525 3520 3582 similitudinem

1916 3630 1972 3678 ct
2003 3622 2294 3694 imaginem
2324 3620 2418 3678 Dei
2447 3619 2678 3676 formam
2711 3621 2972 3676 virtutum
3003 3635 3310 3687 assumere,
3335 3627 3524 3676 exten-

1915 3715 2047 3772 dere
2095 3715 2243 3773 vires
2287 3725 2507 3773 nostras
2553 3714 2621 3771 ad
2664 3715 3022 3772 imitationem
3066 3715 3161 3772 Dei
3211 3715 3516 3772 secundum

1917 3826 2227 3867 mensuram
2262 3820 2463 3866 nostra:
2495 3809 2893 3881 possibilitatis.
2942 3809 3040 3865 Vir
3066 3811 3213 3866 enim
3244 3809 3520 3880 perfectus

1915 3905 2094 3976 imago
2125 3911 2180 3960 et
2208 3903 2385 3974 gloria
2413 3911 2497 3960 est
2528 3904 2644 3959 Dei.
2678 3902 2835 3960 Unde
2865 3912 2921 3959 et
2946 3902 3212 3959 Dominus
3243 3903 3359 3958 ait:
3392 3901 3524 3958 Per-

1915 4000 2036 4070 fecti
2062 4007 2240 4064 estote,
2272 3998 2404 4054 sicut
2434 4006 2481 4052 et
2508 3996 2665 4052 Pater
2693 4007 2857 4053 vester
2880 3998 2971 4067 qui
3010 3998 3064 4052 in
3101 3997 3242 4052 caelis
3266 4006 3363 4064 est,
3403 4013 3523 4067 per-

1915 4094 2080 4163 fectus
2101 4100 2175 4145 est
2206 4088 2428 4161 (Matth.
2463 4088 2644 4161 v,48).
2667 4088 2782 4146 Hoc
2806 4098 2890 4144 est
2939 4087 3102 4157 igitur
3133 4088 3365 4145 similem
3397 4103 3522 4146 esse

1917 4183 2049 4250 Dei,
2083 4183 2284 4239 habere
2307 4181 2596 4254 justitiam,
2635 4181 2840 4238 habere
2865 4181 3211 4254 sapientiam,
3241 4191 3294 4238 et
3324 4182 3376 4237 in
3411 4183 3524 4240 vir-

1919 4287 2032 4335 tute
2053 4291 2175 4334 esse
2195 4275 2495 4348 perfectum
2510 4275 2530 4346 (
2538 4274 2615 4332 De
2637 4275 2827 4332 Paenit.
2853 4276 2976 4331 dist.
3005 4277 3063 4345 2,
3082 4294 3201 4346 cap.
3233 4275 3517 4352 Similem).

1917 4371 2063 4429 Deus
2122 4370 2270 4428 enim
2316 4379 2400 4427 est
2428 4369 2547 4426 sine
2579 4378 2819 4442 peccato.
2853 4369 2921 4426 Et
2952 4369 3078 4427 ideo
3105 4369 3197 4442 qui
3235 4363 3520 4442 peceatum

1914 4463 2086 4537 fugit,
2130 4463 2198 4520 ad
2227 4461 2519 4535 imaginem
2552 4471 2638 4519 est
2667 4463 2781 4519 Dei.
2843 4461 2960 4518 Non
2991 4473 3076 4520 est
3103 4462 3268 4536 igitur
3295 4463 3522 4524 dubium

1915 4557 2060 4629 quod
2077 4559 2130 4613 .is
2152 4557 2294 4629 quia
2321 4565 2547 4628 peccato
2567 4557 2830 4625 abstinet,
2852 4557 3007 4627 fugit.
3042 4558 3198 4615 Unde
3219 4558 3523 4630 etApostoo

217 4652 465 4724 vulgatis,
508 4662 601 4709 aut
627 4652 934 4710 secundum
973 4663 1150 4710 artem
1205 4654 1377 4710 utitur
1423 4653 1623 4710 verbis.
1665 4651 1810 4710 Talis
1836 4687 1892 4750 Β
1916 4651 2002 4708 lus
2027 4652 2266 4708 clamat:
2298 4649 2491 4725 Fugite
2523 4651 2916 4724 fornicationem
2945 4648 3353 4724 (lCor.vt,l8).
3381 4651 3520 4708 Per-

219 4763 348 4818 ergo,
378 4747 575 4819 inquit,
607 4748 754 4804 nobis
785 4746 990 4803 decebat
1035 4747 1294 4820 princeps,
1325 4746 1591 4820 sacerdos,
1612 4750 1807 4819 justus,

221 4851 438 4908 sanctus,
468 4843 736 4910 innocens,
769 4840 1158 4908 imntaculatus,
1193 4849 1488 4915 segregatus
1513 4857 1545 4894 a
1575 4849 1811 4910 peccato-

219 4935 372 5002 ribus,
398 4943 446 4990 et
471 4938 719 4993 excelsior
749 4937 890 4992 caelis
915 4934 1237 5007 factus.lloc
1265 4945 1348 4990 est
1374 4932 1811 5006 igiturVerbum,

219 5028 349 5102 quod
379 5045 542 5100 supra
569 5031 740 5087 caelos
777 5029 1031 5086 habitans
1057 5026 1329 5084 illuminat
1363 5025 1736 5082 omnia.Unde
1757 5033 1814 5081 et

218 5133 402 5180 unctus
430 5126 751 5181 naturaliter
778 5125 978 5196 legitur
1003 5140 1032 5178 a
1066 5124 1176 5180 Deo
1205 5123 1364 5178 Patre
1393 5122 1536 5192 (Act.
1562 5137 1638 5188 tv,
1666 5119 1761 5191 ‘27)
1792 5137 1808 5187 ;

219 5219 331 5288 quia
360 5217 545 5274 lumen
585 5226 668 5274 est
709 5230 922 5284 verum,
954 5216 1097 5288 quod
1143 5215 1415 5272 illuminat
1441 5229 1658 5271 omnem
1707 5211 1812 5270 ho-

223 5308 410 5366 minem
427 5309 737 5365 venientem
764 5311 816 5365 in
849 5309 997 5365 hunc
1018 5308 1299 5366 mundum.
1330 5308 1445 5365 Hoc
1465 5317 1551 5366 est
1571 5307 1813 5366 Verbum

1917 4754 2225 4816 sequuntur
2268 4743 2416 4801 enim
2454 4760 2556 4801 nos
2594 4753 2942 4816 peccatorum
2984 4744 3290 4812 illecebrae,
3334 4759 3524 4815 perse-

1917 4839 2104 4910 quitur
2133 4837 2342 4895 libido:
2391 4838 2490 4895 sed
2537 4848 2593 4894 tu
2637 4838 2762 4909 fuge
2807 4848 3082 4910 tamquam
3129 4838 3389 4894 furiosam
3417 4836 3518 4893 do-

1920 4933 2122 4988 minam
2151 4972 2166 4998 ,
2203 4946 2328 5003 quae
2355 4931 2400 4986 si
2430 4929 2948 5002 comprehenderit,
2976 4944 3079 4987 nec
3105 4930 3193 4986 die
3220 4943 3321 4986 nec
3352 4938 3516 4986 nocte

1919 5023 2268 5096 requiescere
2319 5022 2490 5092 sinit,
2541 5023 2818 5095 exagitat,
2868 5022 3013 5090 urit,
3061 5019 3322 5078 incendit.
3365 5018 3518 5091 Fuge

1919 5117 2205 5173 avaritiam
2224 5157 2242 5186 ,
2269 5131 2342 5173 ne
2370 5125 2424 5173 te
2452 5116 2680 5174 interius
2705 5115 3158 5188 comprehendat.
3205 5127 3226 5154 ο
3253 5113 3402 5187 Fuge
3429 5114 3518 5171 in-

1921 5212 2141 5280 vidiam,
2172 5226 2296 5284 qua:
2323 5225 2432 5268 non
2461 5211 2640 5268 solum
2670 5211 2898 5277 alienos,
2925 5225 3112 5267 verum
3143 5208 3317 5265 multo
3347 5207 3518 5280 magis

1920 5321 2046 5364 cum
2090 5319 2254 5377 quem
2302 5301 2652 5376 possederit,
2706 5301 2950 5358 lacerare
2997 5299 3302 5358 consuevit.
3367 5298 3518 5372 Fuge

287 5449 309 5477 ει
332 5437 638 5495 Rom.edit.
658 5449 781 5509 post
810 5437 1058 5504 verbum,
1077 5439 1306 5505 decebat,
1329 5453 1395 5494 ex
1427 5437 1687 5496 SalluStio
1708 5437 1804 5494 ad-
1908 5435 2186 5494 communi
2216 5449 2339 5504 usu,
2371 5431 2963 5508 grammaticorumque
2993 5429 3296 5489 canonibus
3322 5431 3517 5504 paulu-

223 5510 370 5574 didit,
398 5511 558 5582 capit,
598 5509 742 5580 quod
766 5526 947 5582 neque
981 5511 1034 5582 in
1063 5525 1223 5577 mss.,
1247 5525 1422 5581 neque
1444 5510 1497 5565 in
1524 5511 1657 5566 edit.
1691 5519 1802 5565 vet.

225 5586 403 5642 Ambr.
435 5581 724 5654 reperitur.
780 5581 1424 5654 Eamde’m‘antevocem,
1455 5581 1803 5654 naturalibus,

1912 5510 2025 5565 lum
2056 5517 2286 5564 remota.

1985 5579 2013 5619 ι)
2060 5579 2294 5652 Quidam
2326 5592 2489 5652 "mss.
2525 5621 2568 5652 ,η
2603 5577 2944 5652 cognitionem
3010 5576 3210 5648 generis
3277 5575 3516 5632 humani.

225 5656 471 5729 praemisit
495 5649 994 5729 negatione-armari.
1020 5651 1176 5729 Male.
1203 5652 1299 5729 Hie
1321 5653 1465 5729 enim
1496 5653 1636 5729 nihil
1658 5653 1806 5729 aliud
1913 5651 2265 5729 Commodius
2287 5651 2389 5729 alii
2405 5660 2462 5706 et
2487 5651 2647 5719 edit.,
2669 5649 3057 5729 cognationem,
3080 5656 3189 5704 etc.

227 5722 550 5793 Ambrosius,
572 5722 742 5798 quam
773 5723 1008 5780 ostendit
1029 5722 1274 5798 Apostqli
1293 5726 1499 5798 _verba,
1549 5725 1695 5780 nobis
1716 5726 1809 5779 de-

229 5801 371 5868 cebat,
394 5800 587 5856 vitiosa
602 5795 826 5869 quidem
849 5809 956 5850 non
979 5804 1194 5869 e_s_sc,gttt
1215 5795 1603 5869 Sallustianum
1626 5812 1810 5853 exem-

230 5865 367 5946 plum
395 5871 590 5944 probat
623 5865 644 5927 Ξ
684 5867 779 5928 sed
813 5865 1079 5926 naturalia
1117 5865 1194 5939 (id
1235 5876 1340 5938 est,
1384 5867 1678 5940 simplicia)
1703 5879 1812 5926 eta

1992 5736 2013 5763 ο
2049 5721 2476 5796 Fugeinvidiam
2511 5762 2524 5776 .
2664 5762 2677 5776 .
2718 5719 2948 5796 lacerare
2974 5719 3258 5796 consueuit.
3302 5719 3369 5776 Et
3400 5729 3523 5796 post

1918 5810 2090 5868 pauca
2119 5793 2156 5859 ,⁷
2188 5793 2343 5868 Quod
2364 5793 2417 5868 _s_i
2443 5795 2500 5847 in
2528 5793 2638 5848 alia
2679 5835 2692 5850 .
2738 5831 2755 5849 .
2800 5831 2813 5846 .
2861 5830 2876 5847 .
2918 5793 3121 5866 fugite;
3176 5794 3232 5852 in
3269 5793 3522 5852 omnibus

1917 5864 2062 5925 Call.
2092 5880 2226 5924 mss.
2257 5864 2663 5928 desiderantur.
