4082 6370
585 215 690 270 ὕἹΟ

569 324 896 396 perfidiam,
929 337 996 380 ne
1025 331 1074 380 te
1101 323 1216 378 suis
1245 319 1484 378 involvat
1518 319 1746 376 retibus.
1801 317 1956 376 Unde
1985 329 2038 374 et
2072 320 2176 374 Do-

585 421 768 476 minus
799 419 910 472 ait:
955 417 1084 472 Cum
1125 426 1292 470 autent
1341 421 1702 484 persequentur
1743 427 1832 468 vos
1871 414 1928 468 in
1971 413 2176 468 civitate

584 514 724 580 ista,
781 513 942 586 fugite
979 512 1034 564 in
1064 510 1242 565 aliam.
1299 507 1450 576 Quod
1489 507 1534 564 si
1577 508 1628 562 in
1666 507 1770 564 alia
1811 517 2178 576 persequemur

585 621 690 672 uos,
729 604 782 658 in
810 605 968 658 aliam
990 603 1175 674 (agite.
1206 601 1364 656 Amen
1386 600 1502 656 dico
1529 601 1689 664 vobis,
1717 617 1821 656 non
1851 616 2180 656 consumma-

585 699 699 752 ln'tis
745 699 974 754 civitates
1029 696 1238 762 Israel,
1307 697 1466 752 donec
1517 697 1688 752 veniat
1735 695 1908 752 Filius
1957 695 2180 752 hominis

569 789 798 866 (Matth.
829 809 886 860 x,
918 791 1036 866 25).
1091 791 1304 848 Etenim
1337 791 1586 864 quamvis
1631 799 1856 862 protiter
1895 789 2180 846 infirmita-

583 893 692 941 tem
743 886 927 942 carnis
975 885 1154 954 fugam
1207 885 1366 940 nobis
1403 884 1634 940 suadere
1667 881 1952 939 videatur:
1999 892 2178 938 tamen

581 979 778 1034 melius
828 977 1004 1048 fugit,
1057 979 1150 1050 qtti
1194 977 1329 1048 fugit
1375 977 1690 1034 illecebratu
1723 977 2078 1042 surcularem;
2123 983 2182 1030 ιιι

571 1086 686 1132 non
730 1081 981 1126 teneatur
1012 1069 1326 1126 divitiarum
1359 1085 1576 1125 suarum
1618 1067 1983 1124 sollicitudine
2009 1111 2024 1134 ,
2069 1085 2176 1126 non

570 1163 822 1240 thesauri
851 1163 1337 1230 contemplatione,
1373 1177 1478 1216 non
1510 1160 1634 1216 vita:
1664 1163 1817 1216 istius
1849 1160 2175 1230 cupiditate;

577 1257 672 1312 sed
729 1255 936 1312 directa
993 1255 1166 1312 animi
1225 1255 1530 1310 intentione
1580 1255 1800 1310 festinet
1839 1253 1905 1308 ad
1951 1253 2178 1324 gloriam

573 1353 724 1420 regni
757 1350 1032 1410 caelestis.
1071 1357 1328 1419 properet
1357 1347 1422 1402 ad
1457 1363 1714 1402 coronam
1743 1388 1757 1412 ,
1801 1361 1902 1402 nec
1934 1356 2180 1402 tet-reno-

581 1461 698 1500 rum
729 1443 972 1498 contuitu
1002 1457 1034 1496 a
1063 1440 1148 1496 sui
1179 1441 1427 1511 corporis
1463 1442 1714 1510 passione
1745 1449 2056 1495 revocetur.

659 1535 742 1592 18,
779 1535 924 1602 Fuga
949 1549 1082 1604 ergo
1108 1545 1131 1569 ἰ
1153 1549 1300 1588 mors
1331 1543 1410 1588 est
1437 1535 1520 1589 vel
1555 1533 1850 1596 celebrata,
1885 1533 1964 1588 vel
1993 1531 2178 1588 adum-

581 1627 756 1684 brata.
801 1625 966 1702 426
999 1626 1062 1681 Et
1094 1625 1236 1680 forte
1281 1625 1404 1681 illas
1433 1625 1686 1696 exprimit
1718 1625 1912 1696 refugii
1955 1625 2180 1696 legitimi

1927 203 2172 262 SANCTI
2213 203 2538 285 tunnosu

3825 200 3948 255 5313

2298 309 2302 314 ’
2343 317 2438 374 9.0.
2467 317 2576 376 Sed
2606 317 2650 372 si
2679 316 2918 384 dubitas,
2946 318 3154 374 doceat
3179 325 3242 372 te
3265 311 3532 372 Rebecca
3561 327 3718 384 quam
3755 313 3938 368 beati

2281 411 2350 466 sit
2393 411 2548 482 fuga,
2593 427 2754 482 quam
2781 411 3026 482 suscepit
3053 411 3262 468 Jaeoh.
3311 409 3510 468 Suasit
3541 406 3820 463 ﬂeltecca.
3879 405 3944 462 Et

2279 509 2424 578 fuge.
2451 507 2648 576 inquit,
2673 507 2728 562 in
2755 506 3196 578 HesOpotamiam
3227 505 3394 575 (Gen.
3429 519 3635 569 xxuu,
3657 503 3742 576 2);
3779 505 3944 558 [me

2279 601 2410 658 dicit
2451 620 2464 656 :
2513 601 2744 674 Snrgens
2787 601 2916 658 uade
2961 603 3018 658 in
3061 601 3534 670 Mesopotamiam
3563 642 3580 662 ,
3619 601 3674 654 in
3713 601 3940 654 doma

2281 693 2524 752 Batftuel.
2581 695 2694 750 01o
2743 695 2960 768 hymnis
3013 696 3100 752 vel
3147 693 3412 750 oraculis
3459 707 3492 746 a
3543 691 3824 762 plerisque
3861 695 3940 758 (ut

2282 800 2410 846 ante
2439 804 2538 846 nos
2565 791 2826 858 scriptum
2851 791 2958 863 est)
2993 790 3230 846 Bathttel
3259 789 3562 857 sapientia
3589 787 3816 846 dicitur,
3855 786 3940 841 in-

2281 883 2672 952 terpretatione
2701 893 2882 938 autem
2909 882 3124 944 Latina,
3159 883 3278 938 filia
3315 881 3422 936 Dei
3461 877 3834 949 significatur.
3879 879 3928 932 in

2281 975 2502 1030 domum
2543 991 2674 1048 ergo
2711 977 2992 1046 sapientiae
3031 975 3278 1030 mittitur
3301 973 3535 1040 Jacob,
3583 981 3642 1028 et
3685 972 3932 1041 accipere

2280 1068 2606 1124 admonetur
2632 1083 2856 1124 usurem
2901 1085 2930 1123 a
2961 1069 3176 1124 filiabus
3205 1068 3412 1124 Lahan
3441 1109 3462 1136 ,
3511 1067 3610 1136 qui
3657 1066 3928 1122 habitabat

2281 1159 2334 1214 in
2361 1159 2584 1216 Charris
2603 1203 2618 1228 ,
2669 1159 2816 1232 quod
2847 1161 3118 1234 signiﬁcat
3145 1176 3464 1226 cavernas,
3499 1160 3560 1214 in
3589 1159 3778 1230 quibus
3807 1175 3932 1229 spe-

2280 1253 2392 1308 cies
2431 1261 2514 1307 est
2543 1267 2806 1310 sensuum
2835 1295 2852 1321 ,
2897 1255 2988 1326 qui
3031 1263 3160 1309 sunt
3203 1261 3522 1318 tam-tuam
3577 1253 3636 1306 in
3685 1259 3920 1306 cavernis

2281 1347 2550 1416 εοτροτίει.
2587 1355 2642 1402 ιιι
2671 1349 2818 1402 visos
2843 1347 2896 1402 in
2925 1347 3126 1414 oculis,
3149 1347 3394 1402 auditus
3421 1346 3484 1401 in
3519 1345 3772 1410 aurbus,
3797 1347 3922 1398 τιθεῖς-ι.

2279 1451 2432 1494 ratus
2461 1440 2514 1494 itt
2547 1441 2798 1506 naribus,
2829 1439 2882 1495 in
2913 1455 3008 1496 ore
3045 1456 3234 1510 sapor.
3281 1440 3396 1506 Qui
3431 1440 3602 1494 enim
3633 1439 3916 1494 delectata-

2281 1533 2382 1588 hoc
2425 1535 2648 1598 mundo,
2697 1543 2752 1590 et
2793 1534 3057 1606 tripttdiat
3101 1535 3154 1590 in
3207 1535 3630 1606 voluptatibus
3661 1535 3910 1604 corpus-is,

2282 1627 2554 1682 obnovius
2584 1637 2664 1682 est
2695 1643 2952 1684 sensuum
2985 1629 3340 1698 passionibus
3361 1671 3380 1698 ,
3415 1639 3608 1701 atque
3640 1629 3696 1683 in
3729 1631 3800 1684 his
3829 1629 3912 1682 h3-

579 1719 862 1784 civitates;
907 1729 964 1774 ιιι
991 1718 1367 1788 confugiamus
1397 1717 1462 1772 ad
1489 1719 1742 1772 virtutum
1763 1717 2018 1784 culmina,
2047 1732 2182 1786 quas
2215 1727 2261 1788 Β
2290 1721 2425 1776 bitat
2451 1731 2506 1776 et
2535 1721 2867 1780 (livet-satur,
2911 1721 3070 1780 Unde
3099 1727 3150 1780 ei
3185 1725 3322 1778 dicit
3357 1723 3642 1779 Rebecca
3691 1724 3914 1780 habitan-

577 1830 677 1884 pro
711 1813 942 1882 prmmiis
977 1813 1118 1866 bono
1153 1811 1464 1866 fmueratori
1495 1810 1624 1866 alibi
1654 1809 1930 1880 tliSpcns:tt
1957 1809 2174 1864 dicens:

584 1905 721 1974 Quia
751 1906 802 1958 in
850 1903 1048 1959 modico
1077 1903 1248 1974 ﬁdelis
1291 1903 1477 1976 fuisti,
1516 1903 1622 1958 eris
1653 1913 1956 1972 potestatem
1991 1903 2182 1956 (iubens

578 2016 733 2070 super
776 1999 945 2053 decem
999 1998 1228 2052 civitates
1279 1995 1432 2072 (Luc.
1469 2013 1580 2063 χιι,
1615 1993 1730 2067 l7).
1799 1993 1827 2034 ι’
1863 1997 1972 2050 Lex
2025 2005 2180 2051 vetns

578 2093 726 2148 novit
753 2092 1040 2146 civitates:
1083 2091 1176 2147 sed
1205 2106 1330 2162 quia
1363 2093 1538 2164 legem
1569 2089 1844 2160 implevit,
1875 2089 1966 2159 qui
2003 2090 2182 2160 potuit

577 2183 760 2240 dicere
786 2203 798 2238 :
849 2183 968 2240 Non
997 2185 1110 2240 veni
1136 2186 1332 2240 solvere
1361 2186 1526 2258 legem
1548 2225 1564 2252 ,
1591 2183 1681 2238 sed
1712 2185 1926 2254 implere
1955 2183 2176 2258 (Matth.

573 2260 787 2347 v.17),
833 2280 1214 2350 perfectioretn
1260 2293 1548 2335 numerum
1597 2279 2052 2335 remunerationis
2099 2280 2180 2334 itt-

581 2373 788 2444 dulget.

654 2465 742 2520 i9.
783 2465 902 2521 Non
929 2481 1062 2538 ergo
1087 2467 1476 2523 erubescamus
1505 2467 1714 2536 fugere.
1752 2466 2006 2524 Gloriosa
2033 2467 2178 2523 enim

579 2558 698 2634 lucc
730 2557 852 2632 fuga
885 2571 970 2616 erit
997 2561 1186 2632 fugere
1213 2576 1241 2614 a
1275 2559 1415 2616 facie
1445 2561 1676 2630 peccati.
1715 2563 1806 2616 Sic
1835 2561 1968 2632 fugit
1991 2560 2176 2628 Jacob,

581 2661 756 2704 matre
802 2649 1088 2706 suadente.
1151 2651 1300 2708 Dixit
1341 2653 1490 2706 enim
1541 2651 1832 2708 Rebecca:
1881 2650 2180 2724 Exsurgens

581 2747 704 2818 fuge
733 2745 788 2800 in
819 2742 1248 2814 Mesopotamiam
1276 2743 1431 2818 (Gen.
1460 2761 1608 2802 xxvn
1627 2787 1644 2812 ,
1674 2745 1800 2817 .45).
1841 2746 1934 2804 Sic
1963 2745 2100 2818 fugit
2129 2755 2184 2801 et

574 2839 800 2912 Moyses
839 2857 868 2896 a
909 2841 1045 2896 facie
1085 2841 1223 2911 regis
1253 2841 1501 2910 Pharao,
1553 2857 1621 2896 ne
1671 2841 1826 2904 illum,
1867 2841 1990 2898 aula
2035 2843 2182 2911 regia

574 2934 698 2990 eoin
723 2934 988 3002 minaret,
1023 2950 1090 2990 ne
1119 2936 1359 2992 irretiret
1391 2935 1653 3004 potentia.
1697 2934 1944 3006 Denique
1973 2935 2180 3004 pretio-

575 3028 690 3082 sius
715 3025 935 3100 Aﬁgypti
979 3027 1186 3084 divitiis
1229 3029 1518 3084 aestimavit
1556 3029 1912 3100 Opprobrium
1942 3027 2178 3082 Christi.

2288 1813 2416 1868 dum
2443 1829 2646 1884 paucos
2673 1815 2790 1872 dies
2815 1831 2936 1872 cum
2971 1817 3099 1884 illo,
3133 1833 3244 1872 non
3291 1818 3486 1872 multo
3519 1827 3810 1886 tempore;
3855 1833 3908 1871 es
3975 1807 3977 1890 l

2287 1909 2567 1976 corporeis
2595 1909 2874 1966 coloretnr
2901 1910 3314 1982 voluptatibus,
3351 1924 3412 1966 et
3445 1911 3664 1968 saeculi
3693 1911 3906 1983 capiatur

2287 2003 2584 2060 illecebris.

2359 2099 2450 2154 21.
2495 2098 2796 2156 Persuadet
2819 2110 3002 2158 autem
3031 2099 3308 2168 habitare,
3341 2109 3408 2158 ut
3435 2101 3642 2158 discat
3673 2101 3700 2139 ἀ
3729 2102 3906 2158 studie-

2286 2195 2400 2246 sius
2427 2191 2734 2264 disciplinae
2761 2195 2986 2250 virtutis
3009 2210 3260 2262 sensum,
3300 2207 3356 2252 et
3393 2196 3562 2252 velut
3593 2197 3740 2252 situs
3763 2213 3902 2264 qnes-

2287 2285 2410 2342 daut
2435 2285 2618 2342 carnis
2637 2297 2802 2358 atque
2825 2289 3096 2358 regiones,
3117 2299 3178 2344 ιιι
3197 2304 3258 2346 se
3277 2303 3600 2360 Cognosral
3615 2331 3634 2354 ,
3647 2299 3710 2346 et
3729 2289 3904 2344 uereri

2289 2377 2688 2434 vehementiam
2715 2383 2920 2444 carnis,
2943 2381 3072 2452 quid
3095 2391 3144 2436 et
3171 2397 3278 2454 qua
3303 2398 3482 2438 causa
3515 2382 3700 2456 427
3720 2394 3900 2438 creatas

2283 2471 2378 2540 sit,
2407 2481 2464 2528 et
2489 2472 2944 2544 quemadmodum
2979 2461 3358 2548 unusquisque
3395 2492 3616 2532 sensus
3643 2491 3894 2544 oneretur.

2291 2563 2392 2630 Qui
2419 2565 2626 2630 uiderit,
2661 2567 2852 2636 inquit.
2887 2569 3156 2624 mulierem
3185 2569 3256 2622 ad
3289 2571 3790 2642 concupiscendum
3811 2587 3894 2623 res;

2289 2657 2506 2731 (Matth.
2541 2675 2594 2725 v,
2623 2661 2739 2732 28).
2781 2663 2922 2718 Male
2964 2665 3046 2720 sic
3080 2664 3228 2720 videt
3269 2665 3498 2722 oculus.
3555 2666 3764 2720 Videat
3793 2682 3892 2736 ergo

2287 2755 2500 2820 oculos,
2523 2764 2577 2810 et
2606 2753 2862 2826 fungatur
2889 2773 2988 2812 suo
3021 2773 3272 2824 munere,
3301 2775 3416 2814 non
3449 2759 3706 2816 lubrica:
3737 2761 3892 2816 utentis

2291 2849 2521 2918 imperio
2547 2837 2809 2920 dirigatur
2835 2851 2900 2906 ad
2927 2851 3172 2924 lapsum.
3219 2863 3276 2906 ιιι
3317 2854 3532 2908 vitium
3585 2853 3794 2910 referat
3825 2869 3890 2922 [irt-

2291 2945 2490 3000 officio.
2525 2943 2698 3001 Breve
2725 2961 2856 3016 ergo
2885 2956 3102 3016 tempus
3129 2947 3196 3001 ad
3225 2949 3682 3020 cognoscendus
3713 2965 3886 3006 sensus.

2293 3039 2378 3092 vel
2405 3039 2584 3110 potius
2617 3040 2984 3110 experiendos
3009 3041 3206 3108 datur,
3249 3054 3306 3098 et
3335 3041 3600 3100 fortasse
3635 3044 3888 3100 tenerioris

579 3119 672 3177 Sic
717 3123 850 3192 fugi!
899 3123 1063 3178 ﬁliam
1097 3122 1262 3176 Dav“
1307 3137 1336 3175 3
1388 3122 1524 3176 Γίιϐῖθ
1569 3125 1710 3194 regis
1743 3121 1906 3184 Silul.
1957 3138 1988 3176 8
2039 3122 2176 3177 faeie
2209 3127 2255 3192 C
2287 3130 2672 3186 adolescentiae
2719 3131 2888 3202 prima
2932 3133 3198 3202 exordia;
3235 3135 3552 3206 statimque
3603 3147 3884 3194 teneatur.

575 3214 904 3271 Abessalon.
935 3215 1176 3288 Denique
1204 3214 1414 3284 fugiens
1440 3215 1674 3269 addebat
1703 3215 2044 3272 incrementa
2069 3216 2185 3286 pie-

579 3297 705 3362 tatis
727 3349 740 3372 ,
771 3312 860 3382 qui
894 3321 950 3365 et
978 3310 1280 3364 insidiatori
1314 3311 1558 3380 pepercit
1581 3353 1594 3376 ,
1621 3321 1675 3366 et
1717 3311 2004 3382 parricida:
2031 3311 2181 3366 salu-

581 3411 689 3458 tem
737 3405 964 3474 rogavit.
1032 3405 1122 3460 Sic
1161 3405 1292 3474 fugit
1321 3415 1376 3460 et
1417 3405 1647 3478 populus
1681 3407 2034 3461 llebrmorum
2060 3445 2076 3474 ,
2128 3411 2186 3458 ιιι

585 3495 722 3550 fides
759 3496 875 3565 ejus
917 3505 972 3550 et
1021 3499 1124 3551 vita
1172 3499 1311 3552 inter
1349 3497 1546 3552 fluetus
1592 3499 1696 3553 sibi
1739 3498 1976 3568 aperiret
2015 3499 2182 3554 viam.

579 3571 731 3652 Fuga
767 3588 852 3642 illa
883 3597 1004 3644 erat
1033 3597 1236 3644 trames
1273 3591 1606 3645 innocentia:
1626 3633 1641 3658 ,
1676 3592 1882 3644 virtutis
1912 3594 1993 3644 via
2020 3633 2033 3656 ,
2070 3593 2184 3662 pie-

587 3681 710 3737 fatis
739 3685 1062 3754 assmnptio.
1113 3681 1307 3740 Auden
1335 3683 1550 3752 dicere,
1583 3683 1663 3739 sic
1695 3685 1826 3756 fugit
1859 3693 1911 3738 et
1935 3683 2104 3739 Jonas
2133 3683 2184 3738 in

585 3773 810 3832 Tltarsis
837 3792 942 3831 non
972 3779 1220 3844 corporis
1250 3773 1373 3850 fuga
1399 3819 1414 3842 ,
1463 3777 1560 3833 sed
1603 3777 1796 3832 mentis
1841 3777 2186 3846 ascensione,

583 3872 673 3944 qui
705 3887 874 3940 usiluc
897 3869 1180 3928 athhristi
1209 3872 1456 3929 ascendit
1481 3871 1918 3938 similitudinem,
1941 3883 2000 3926 ut
2029 3873 2186 3928 fleret

585 3976 750 4038 typus
779 3965 1004 4022 Christi.
1066 3965 1218 4023 Sicut
1273 3969 1408 4022 enim
1451 3969 1549 4037 [uit
1578 3969 1744 4023 Jonas
1785 3968 1838 4023 iu
1881 3979 2056 4022 uentre
2096 3970 2194 4024 ceti

587 4061 752 4114 tribus
780 4059 957 4113 diebus
980 4101 992 4122 ,
1022 4069 1068 4114 et
1110 4062 1272 4115 tribus
1313 4063 1546 4116 noctibus
1575 4077 1593 4116 .'
1623 4063 1698 4116 sic
1745 4062 1873 4130 erit,
1907 4063 2114 4132 inquit,
2145 4071 2194 4118 et

583 4139 638 4206 1F
643 4157 765 4210 ilius
791 4157 1011 4211 hominis
1052 4158 1104 4211 in
1123 4159 1274 4212 corde
1313 4169 1461 4214 terra:
1497 4157 1660 4214 tribus
1693 4157 1890 4228 diebus,
1939 4170 1986 4212 et
2023 4159 2192 4213 tribus

589 4249 819 4302 noctibus
856 4247 1073 4320 (Matth.
1105 4265 1201 4316 xu,
1233 4249 1348 4318 40).
1394 4251 1524 4304 Nam
1573 4252 1617 4305 si
1664 4251 1744 4306 sic
1791 4267 1900 4306 non
1937 4249 2186 4320 fugisset,

592 4357 884 4412 numquam
916 4342 985 4398 de
1015 4353 1207 4398 ventre
1237 4344 1345 4398 ceti
1377 4352 1524 4398 esset
1553 4345 1795 4400 auditus.

665 4473 692 4500 α
725 4464 870 4521 Mors
911 4505 924 4520 .
975 4505 988 4518 .
1037 4505 1050 4520 .

589 4539 882 4611 oppetita‘:
939 4554 1075 4593 mors
1113 4551 1291 4594 autem
1315 4539 1630 4611 adumbrata
1656 4538 1854 4598 dicitur
1893 4540 2187 4598 mortifica-

588 4607 704 4674 tio;
759 4609 810 4664 ln'
842 4607 943 4665 hac
975 4611 1118 4665 enim
1149 4621 1234 4665 est
1271 4607 1458 4666 anima:
1487 4628 1540 4666 se
1584 4629 1615 4665 a
1645 4627 1861 4680 corpore
1897 4615 2185 4680 separantis

587 4682 890 4756 speculum,
942 4695 998 4736 ιιι
1027 4683 1120 4737 lib.
1159 4685 1222 4737 de
1249 4682 1394 4738 Bono
1435 4685 1612 4740 mortis
1644 4700 1765 4756 cap.
1796 4685 1864 4751 4-,
1910 4701 2060 4739 num.
2093 4683 2184 4751 M,

588 4755 830 4823 loquitur
853 4756 1210 4812 'Alllbl'."SlllS.

657 4825 684 4865 ι)
715 4827 788 4882 ita
829 4828 946 4882 Vat.
977 4827 1100 4900 cod.
1136 4833 1204 4883 At
1241 4828 1534 4886 duodecim
1579 4829 1788 4896 nostri,
1827 4827 1935 4882 Lex
1964 4829 2190 4900 quinque

584 4902 725 4954 novit
762 4901 1012 4956 ciuitates.
1055 4899 1224 4968 Quem
1257 4917 1500 4957 errorem
1533 4901 1658 4956 ltittc
1689 4899 1983 4971 irrepsisse
2004 4899 2186 4956 credi-

583 4971 860 5037 derimus,
894 4975 1016 5044 quia
1043 4974 1230 5040 dictio,
1261 4985 1430 5036 vetus,
1470 4975 1520 5026 iu
1548 4973 1872 5042 quibusdam
1905 4989 2000 5042 per
2032 4975 2176 5044 litte-

583 5059 700 5098 ram
729 5061 776 5098 υ.
809 5043 1086 5114 designata
1117 5049 1220 5113 sit,
1273 5063 1432 5114 quam
1467 5061 1566 5116 pro
1593 5057 1714 5098 uota
1745 5048 2022 5100 nuttterica
2049 5043 2172 5098 reli-

585 5129 818 5240 puorum
871 5120 1064 5173 SCI‘llJaB
1115 5129 1466 5187 acceperunt.
1519 5116 1942 5172 Desiderahatur
1992 5127 2176 5172 autem

605 5189 674 5240 tie
703 5197 880 5240 textus
909 5189 960 5240 in
989 5198 1102 5240 aut.
1135 5192 1266 5240 edit.
1299 5206 1456 5240 niuem
1491 5191 1542 5240 in
1570 5189 1724 5240 Rom.
1758 5189 1904 5240 lenas
1936 5187 2038 5240 hoc
2067 5203 2176 5240 mo-

605 5189 674 5261 tic
703 5197 880 5261 textus
909 5189 960 5244 in
989 5198 1102 5244 aut.
1135 5192 1266 5246 edit.
1299 5206 1456 5261 quem
1491 5191 1542 5261 in
1565 5189 1904 5261 Romulegas
1936 5187 2038 5261 hoc
2067 5203 2178 5244 mo-

585 5259 677 5322 do,
717 5257 824 5315 Leo:
853 5261 988 5314 novit
1022 5276 1111 5315 sex
1139 5257 1386 5316 civitates.
1423 5259 1530 5318 Sed
1563 5260 1614 5312 itt
1648 5257 1770 5312 cod.
1799 5259 1918 5314 Vat.
1954 5260 2183 5314 habetur

587 5339 752 5404 pctus,
783 5345 838 5388 et
862 5348 952 5386 sex
981 5335 1271 5400 omittitur,
1303 5349 1462 5404 qttam
1494 5343 1671 5404 tamen
1703 5345 1892 5386 vocem
1921 5331 2183 5388 subintel-

589 5389 682 5470 ligi
715 5389 782 5476 ex
813 5405 1185 5472 superioribus
1213 5389 1393 5476 quivis
1423 5403 1710 5476 intelligat.

619 5501 630 5543 ί
667 5487 686 5509 ετ
745 5473 854 5528 Hoc.
884 5482 1110 5543 petitum
1139 5473 1322 5531 est'cx
1353 5479 1444 5530 litt.
1483 5475 1622 5530 Phil.
1657 5473 1720 5528 de
1757 5473 2038 5542 Profugis.
2091 5473 2180 5526 ubi

591 5541 668 5628 eis
723 5541 922 5628 hab-es,
977 5547 1158 5628 σςοφίας
1207 5546 1266 5628 δὲ.
1319 5547 1478 5628 Erotio:
1525 5545 1767 5628 Βαιθουήλ
1815 5541 1875 5628 ita
1919 5541 2184 5628 gorgoneis

594 5611 791 5686 ᾄδεται.
819 5614 961 5670 ldum
996 5611 1136 5674 itt'lt'a
1167 5621 1362 5675 eodem
1393 5611 1530 5674 lium
1557 5635 1568 5670 :
1597 5615 1689 5674 Ὃν
1718 5615 1886 5672 ἰσοιάκ
1913 5611 2182 5686 dicandam

595 5683 643 5760 ἐξ
693 5690 941 5760 χρησμοιξ
1000 5689 1088 5760 Ex
1129 5693 1322 5760 quibus
1362 5699 1506 5760 patet
1557 5703 1740 5760 sacras
1767 5683 2074 5760 act-ipturas
2118 5690 2184 5760 ab

599 5751 887 5810 Ambrosio
913 5751 1164 5816 Philonis
1199 5751 1501 5818 imitatione
1541 5759 1717 5817 dictas
1749 5751 1984 5815 oracula.
2032 5758 2186 5826 Quod

2291 3239 2359 3279 ne
2402 3224 2608 3280 diutius
2653 3225 2852 3280 titubet
2893 3225 2946 3280 in
3001 3226 3216 3284 lubrico
3243 3269 3258 3292 ,
3299 3239 3358 3284 et
3399 3229 3648 3286 dividua
3697 3231 3886 3300 quadrat

2291 3319 2644 3374 inundatione
2670 3321 2920 3390 corporis
2945 3320 3108 3390 hujus
3130 3331 3184 3377 et
3209 3325 3402 3378 szeculi
3435 3334 3782 3396 mergantur
3803 3323 3886 3378 ani-

2291 3415 2364 3468 ιιιί
2389 3414 2650 3470 interiora
2677 3416 2922 3484 vesngia.
2947 3414 3084 3470 Cum
3107 3425 3290 3470 autem
3317 3417 3402 3472 vel
3427 3429 3720 3488 expertus
3737 3419 3882 3476 fuerit.

2291 3509 2378 3564 vel
2435 3509 2652 3564 steterit
2699 3509 2754 3563 in
2803 3509 3048 3566 instabili
3097 3519 3148 3564 et
3195 3511 3408 3566 incerto
3457 3523 3642 3584 atque
3695 3511 3886 3568 [timida

2289 3601 2430 3664 solo,
2463 3611 2749 3658 revocatur
2775 3619 2806 3658 a
2835 3611 3008 3658 matre
3047 3603 3304 3674 patientia
3344 3605 3432 3662 vel
3471 3608 3882 3676 perseverantia.

2292 3709 2414 3764 qua:
2445 3693 2622 3748 dicit-z
2669 3695 2878 3750 Mittam
2909 3695 2978 3750 ad
3003 3705 3076 3762 te,
3105 3706 3152 3750 et
3185 3699 3480 3752 accersiam
3517 3709 3576 3754 te
3605 3701 3736 3754 inde
3761 3700 3882 3766 ilia.

2295 3801 2466 3850 xxvii,
2509 3785 2642 3854 45);
2687 3801 2744 3842 ιιι
2771 3796 2830 3843 et
2858 3789 2974 3844 illic
3015 3789 3068 3842 in
3106 3789 3316 3844 lubrico
3359 3801 3540 3846 tutum
3579 3801 3802 3862 portum
3835 3793 3888 3844 ia-
3975 3785 3977 3816 ⁵

2295 3881 2484 3933 Vettius
2507 3879 2810 3949 sapientiae,
2835 3895 2955 3950 qum
2987 3889 3040 3936 te
3067 3896 3175 3936 non
3207 3883 3350 3936 sinat
3385 3892 3680 3954 tamquam
3712 3885 3766 3940 in
3795 3897 3890 3937 usi:-

2300 3971 2474 4042 fragio
2503 3971 2800 4040 fluctuare,
2844 3981 2898 4030 et
2934 3989 3190 4032 reversus
3223 3991 3594 4046 perseverare
3637 3980 3786 4035 circa
3823 3975 3888 4032 Dei

2299 4065 2518 4120 noveris
2547 4065 2780 4126 cultum.
2815 4077 2870 4122 et
2896 4067 2971 4124 sis
3001 4068 3054 4122 iu
3087 4079 3418 4124 conventum
3444 4072 3732 4140 gi-ntium,
3763 4073 3892 4143 signi-

2302 4159 2472 4216 ficans
2500 4160 2618 4231 ejus
2663 4160 2768 4217 fide
2816 4162 3112 4218 Ecclesium
3152 4164 3398 4234 gentium
3447 4167 3888 4238 congregandam.

2367 4253 2456 4307 22.
2504 4253 2598 4310 llis
2639 4254 2802 4325 igitur
2847 4255 3124 4326 patientiae
3158 4265 3214 4312 et
3253 4259 3698 4326 perseverantia:
3727 4261 3890 4314 instrn-

2297 4356 2418 4404 ctus
2445 4346 2748 4418 disciplinis
2775 4345 2932 4420 (Gen.
2965 4364 3116 4414 χχιι,
3149 4349 3220 4404 25
3246 4360 3292 4404 et
3321 4349 3488 4421 seq.),
3527 4352 3808 4422 profectus
3825 4348 3888 4404 1.1-

1097 4506 1110 4520 .
1151 4467 1435 4531 celebrata,
1470 4466 1524 4522 id
1549 4477 1654 4532 est,
1687 4467 1950 4524 naturalis
1975 4482 2038 4522 ac
2063 4483 2190 4526 vere
2215 4471 2269 4531 D
2296 4479 2475 4524 autem
2503 4468 2572 4524 ait
2591 4510 2606 4534 ,
2642 4466 2706 4522 In
2737 4467 2944 4538 hymnis
2963 4509 2978 4530 ,
3019 4467 3104 4538 vel
3133 4467 3276 4522 idem
3307 4477 3396 4524 est
3423 4476 3598 4534 atque
3627 4469 3888 4524 oraculis;

2298 4551 2584 4616 utrumque
2637 4537 2792 4616 enim;
2831 4537 3112 4616 xpna’pdcn
3121 4539 3405 4616 interdum
3445 4541 3780 4616 _signifit_:at:
3825 4545 3890 4592 vel

2296 4609 2696 4680 referri’potest
2727 4609 2793 4664 atl
2825 4609 3045 4666 vIErbu'm
3079 4609 3288 4673 ἄδεται,
3333 4609 3578 4665 canitur.
3643 4611 3890 4668 Creterum

2299 4684 2626 4755 hymnorum
2665 4689 2886 4755 nomine
2930 4682 3092 4736 etiam
3127 4683 3411 4755 Davidicits
3459 4685 3714 4752 psalmos
3741 4683 3892 4750 signi-

2299 4753 2450 4809 f‘n-ari
2467 4753 2665 4810 dot-ent
2683 4753 2908 4808 etPhilo
2931 4755 3071 4822 ipse,
3091 4765 3140 4808 et
3171 4754 3504 4822 Interpretes
3525 4755 3598 4810 ad
3625 4771 3750 4822 cap.
3781 4769 3892 4808 mi

2297 4825 2488 4882 Matth.
2529 4841 2676 4882 vers.
2715 4827 2808 4892 '50,
2849 4841 3076 4898 nempe,
3129 4825 3192 4882 Et
3232 4827 3424 4898 hymno
3463 4826 3609 4882 dicto
3651 4829 3890 4892 exierunt,

2301 4910 2407 4954 etc.

2356 4968 2380 5007 ἀ
2417 4971 2508 5025 Sic
2536 4984 2666 5024 mss.
2703 4969 2951 5024 melioris
2981 4979 3152 5036 notat,
3199 4969 3392 5039 quibus
3425 4969 3706 5025 accedunt
3731 4971 3884 5025 etiam

2283 5043 2532 5098 nonnulli
2563 5042 2922 5107 recentiores,
2953 5042 3055 5096 nisi
3087 5043 3232 5110 quod
3265 5042 3456 5111 legunt
3496 5081 3508 5095 .
3559 5081 3572 5095 .
3623 5082 3638 5094 .
3687 5083 3702 5094 .
3737 5051 3886 5094 virts-

2283 5114 2451 5186 lisque
2493 5130 2724 5168 sensum.
2772 5113 2890 5168 Vat.
2917 5127 2968 5170 et
3000 5113 3154 5186 Coll).
3204 5128 3378 5178 unus,
3419 5113 3696 5186 studiosus
3741 5113 3884 5165 disci-

2287 5183 2446 5254 plina:
2475 5185 2686 5240 uirtutes
2716 5201 2978 5256 sensuum.
3022 5183 3138 5238 Non
3165 5186 3348 5256 inepte
3379 5185 3603 5256 quidem
3623 5225 3638 5247 ,
3688 5201 3806 5256 nam
3835 5189 3882 5236 et

2288 5253 2385 5312 inf.
2417 5273 2538 5326 cap.
2580 5273 2697 5326 seq.
2743 5253 2912 5311 Jactib
2959 5265 3160 5310 amator
3211 5253 3510 5320 disciplina:
3557 5255 3878 5326 appellatur.

2289 5329 2434 5404 ΕιιιιΤ
2461 5339 2568 5404 vet.
2601 5329 2687 5404 ab_
2695 5329 2775 5382 eis
2809 5331 2912 5404 hoc
2942 5335 3150 5404 tantum
3181 5329 3636 5404 recetlunt,__quod
3671 5327 3878 5404 habent,

2287 5401 2592 5456 studiosius.
2655 5400 2812 5454 Rom.
2849 5397 3124 5464 "denique.
3181 5414 3244 5454 ac
3291 5415 3396 5454 nts.
3447 5397 3658 5454 'l'lieod.
3720 5397 3878 5468 prima

2288 5489 2450 5528 manu
2477 5514 2490 5532 .
2535 5473 2799 5526 studiosus
2830 5470 3125 5540 disciplina:
3159 5470 3362 5525 virtutis
3407 5486 3641 5524 sensum.
3693 5469 3880 5524 Ibidem

2288 5543 2640 5625 edin-Rom"
2695 5541 2856 5609 Quis,
2909 5553 2956 5596 et
3006 5558 3300 5625 qua-causa
3340 5553 3546 5596 creatus
3591 5543 3690 5595 sit.
3749 5540 3878 5621 ἵεις,

2293 5615 2432 5682 Quid
2477 5655 2490 5669 .
2534 5656 2548 5670 .
2593 5655 2606 5669 .
2655 5655 2668 5667 .
2710 5625 2939 5669 creatum
2982 5611 3069 5668 sit.
3113 5613 3188 5668 Ita
3231 5629 3422 5670 Omnes
3467 5629 3606 5668 mss.
3655 5611 3882 5682 exceptis

2295 5689 2507 5758 ltctnig.
2537 5695 2592 5742 et
2615 5687 2826 5768 Themi:
2859 5683 3098 5744 secunda
3124 5700 3286 5742 manu
3311 5728 3328 5754 ,
3365 5688 3456 5768 qui
3489 5684 3723 5750 habent,
3757 5681 3882 5750 Quid

2488 5799 2500 5811 .
2545 5769 2750 5814 creatus
2778 5769 2870 5814 διε.
