4082 6370
181 292 313 349 ’881

1294 291 1384 350 ne
1423 292 1612 358 FUGA
1653 275 1926 360 stoicum
1964 275 2172 358 LlBER
2211 293 2415 353 usus.

3417 295 3520 350 589.

190 405 316 460 col)
348 402 602 472 copulam
649 402 754 462 sibi
795 403 1132 480 acqttisittit'I
1169 402 1236 462 de
1265 405 1528 478 sapientia
1565 415 1818 460 consorte
1843 413 1893 474 Α
1997 405 2177 478 Moyse
2206 448 2220 472 ,
2265 416 2320 460 ut
2364 404 2627 464 videamus
2672 403 2838 464 Deum
2864 425 2908 474 ,'
2937 405 3287 462 raleeamenta
3332 405 3518 474 pedum

192 499 512 569 propositi,
565 499 798 570 opimam
842 499 968 555 dote
1016 499 1352 570 prttdcntite,
1397 513 1518 554 cum
1549 514 1653 570 qua
1685 500 1808 553 vita:

194 599 460 658 tempora
494 593 613 647 sine
642 593 744 647 ulla
787 592 1088 650 ollensione
1131 601 1550 648 transcurreret.
1611 590 1811 648 Add‘to

195 685 380 759 igitur
413 685 668 744 thesauro
696 687 978 758 sapientia:
1003 729 1018 750 ,
1066 689 1336 742 variarum
1367 683 1469 740 sibi
1501 685 1682 738 ovium
1729 685 1812 737 in-

195 782 391 838 stituit
439 799 698 853 gregem:
743 781 835 838 sed
887 783 1036 838 illum
1085 781 1502 847 rationabilem,
1547 779 1807 834 virtutum

199 874 568 943 plurimarum
599 875 913 934 diversitate
955 874 1271 946 fulgentem.
1330 871 1487 929 Unde
1516 882 1570 928 et
1595 871 1807 942 jactan-

198 969 343 1024 tiam
374 971 552 1028 Carnis
574 969 691 1038 ejus
724 968 910 1024 recidit
942 967 1094 1041 (Gen.
1125 983 1291 1032 usu,
1313 966 1431 1038 25),
1465 965 1610 1040 quod
1643 965 1811 1038 signi-

185 1059 336 1137 .iicat
385 1061 608 1116 femoris
653 1070 880 1129 stupor,
949 1059 1101 1114 salva
1153 1060 1294 1114 sacri
1359 1058 1809 1129 interpretatione

197 1152 477 1224 mystcrii.
520 1153 613 1208 llis
640 1169 769 1225 ergo
800 1153 1087 1208 virtutibus
1116 1153 1284 1210 veluti
1309 1151 1568 1224 gradibus
1595 1153 1808 1226 quibus-

193 1245 329 1300 dam
366 1264 516 1301 tuens
561 1249 680 1318 ejus
725 1249 969 1304 ascendit
1015 1249 1066 1303 in
1100 1249 1330 1316 caelum,
1375 1256 1430 1304 et
1464 1247 1554 1304 Dei
1595 1258 1806 1304 secreta

189 1341 492 1409 Cognovit,
543 1351 597 1396 et
637 1341 994 1396 coolirmatus
1024 1349 1109 1396 est
1137 1352 1190 1395 et
1221 1341 1502 1412 repletus;
1539 1348 1596 1396 nt
1622 1339 1806 1396 Lahan

189 1442 456 1488 SCl'UlaDS
482 1434 701 1488 domum
729 1435 847 1505 ejus
885 1435 1020 1489 nihil
1062 1437 1201 1504 apud
1247 1451 1370 1490 eum
1426 1433 1626 1494 inane.
1673 1433 1807 1488 nihil

195 1542 441 1581 vacuum
471 1529 755 1596 reperiret,
803 1527 949 1582 nulla
978 1528 1289 1595 simulacra,
1334 1528 1534 1582 nttllam
1571 1525 1804 1598 elﬁgiem

193 1617 484 1674 vanitatis.
528 1619 645 1674 Non
675 1618 819 1674 enim
849 1620 990 1691 apud
1014 1637 1137 1676 eum
1174 1631 1294 1676 erat
1333 1621 1540 1691 imago,
1580 1621 1676 1676 Sed
1713 1635 1807 1678 ve-

195 1713 341 1766 ritas
369 1729 380 1764 :
426 1728 530 1767 non
562 1713 771 1784 elﬁgtes
801 1714 1052 1786 ignavi-.8,
1097 1714 1190 1769 sed
1219 1713 1393 1768 solida
1435 1713 1608 1767 forma
1643 1712 1804 1784 justi-

1987 499 2234 552 solventes
2260 517 2278 553 :
2306 501 2559 569 quomodo
2587 501 2742 556 etiam
2768 500 3056 571 relinquere
3081 501 3315 556 umbram
3354 499 3515 572 hujus

1984 591 2134 658 oitw,
2176 602 2221 644 et
2271 609 2387 646 cum
2431 603 2607 648 sancto
2643 591 2810 646 David
2832 634 2846 655 ,
2883 594 2928 648 si
2957 611 3058 647 non
3087 604 3140 648 ut
3167 592 3377 663 aquila,
3407 591 3514 644 sal-

1984 691 2082 738 tem
2115 693 2171 738 ut
2199 700 2420 756 passer;
2464 685 2510 742 si
2539 701 2640 742 non
2673 686 2739 742 ad
2768 687 2974 754 caelum,
3006 687 3188 746 saltem
3210 684 3278 740 ad
3319 694 3515 742 montes

1982 775 2206 830 evolare.

1979 887 2072 946 25.
2118 887 2411 960 Fugiamus
2441 907 2572 963 ergo
2603 892 2754 958 hinc,
2785 893 2876 949 ubi
2913 893 3044 950 nihil
3073 903 3189 961 est,
3225 893 3312 949 ubi
3347 893 3507 948 inane

1912 993 1998 1038 est
2030 998 2195 1037 omne
2223 984 2366 1048 quod
2400 986 2745 1056 magniﬁcum
2777 997 2996 1055 putatur
3023 1002 3181 1055 esse,
3215 987 3302 1042 ubi
3334 996 3389 1042 et
3419 985 3512 1056 qui

1908 1091 1970 1134 se
2003 1085 2154 1146 putat
2186 1077 2313 1147 quid
2342 1093 2466 1134 esse
2489 1119 2504 1144 ,
2558 1079 2690 1138 nihil
2721 1091 2839 1149 est,
2898 1090 2953 1138 et
2988 1082 3210 1137 omnino
3253 1097 3359 1136 non
3402 1089 3508 1136 est.

1918 1171 2063 1236 Vidi,
2087 1174 2276 1240 inquit.
2300 1173 2517 1245 impium
2545 1176 2984 1241 supernaltamm
3012 1187 3060 1231 et
3088 1178 3336 1232 eleuatum
3369 1175 3511 1229 ultra

1911 1265 2090 1322 miros
2117 1262 2324 1331 Libani,
2351 1276 2401 1324 et
2431 1266 2663 1330 transivi.
2697 1277 2746 1322 et
2777 1284 2890 1323 ecce
2921 1285 3024 1322 non
3054 1279 3160 1324 erat
3179 1267 3302 1339 (Ps.
3324 1284 3512 1335 xxxvr,

1911 1357 2028 1425 55).
2079 1357 2142 1414 Et
2189 1367 2244 1414 tu
2286 1357 2456 1414 transi
2484 1359 2628 1416 sicut
2670 1360 2872 1424 David,
2927 1362 3096 1416 transi
3149 1362 3290 1415 sicut
3338 1361 3514 1414 bonus

1909 1466 2122 1518 servus,
2158 1462 2215 1506 ut
2245 1453 2461 1510 dicatur
2494 1453 2589 1508 tibi
2621 1471 2634 1508 :
2685 1451 2892 1517 Transi,
2925 1453 3162 1509 recumbe
3187 1452 3342 1526 (Luc.
3377 1469 3514 1521 χιιι,

1911 1543 1989 1614 7).
2033 1543 2228 1604 Transi
2257 1545 2396 1600 sicut
2423 1544 2670 1616 Moyses.
2705 1554 2762 1602 ut
2790 1546 2974 1602 videas
3005 1547 3174 1602 Deum
3207 1544 3510 1610 Abraham,

1910 1634 2061 1694 Isaac
2085 1678 2102 1702 ,
2154 1648 2207 1692 et
2237 1636 2407 1694 Jacob
2433 1679 2448 1705 ,
2483 1647 2552 1695 'et
2582 1637 2608 1676 δ
2649 1637 2836 1694 videas
2863 1640 3036 1694 visum
3072 1654 3352 1709 magnum.
3403 1636 3516 1692 Hoc

1909 1741 1995 1788 est
2025 1731 2201 1790 visum
2229 1747 2520 1802 ntagnutn,
2555 1733 2648 1792 sed
2682 1733 2728 1789 si
2760 1735 2944 1790 videre
2973 1736 3056 1788 vis
3077 1775 3092 1800 ,
3127 1734 3282 1788 solve
3307 1734 3522 1788 calcea-

195 1807 331 1874 tiae,
364 1817 586 1862 etvcra:
621 1809 837 1863 vit-tntis
860 1813 1143 1880 expressio
1184 1807 1552 1879 intelligibilis.
1620 1809 1804 1880 itaque
1836 1833 2155 1902 Bmemum
2211 1825 2412 1896 pedum
2484 1836 2739 1895 lum-um,
2808 1831 2959 1884 εοιγε
3011 1845 3175 1884 omne
3235 1829 3517 1883 νίηρυτυηι

193 1896 387 1954 Lahan
426 1913 796 1968 perscrutatus
825 1914 906 1958 est
937 1903 1156 1956 dotnttttt
1192 1904 1309 1974 ejus
1353 1904 1696 1974 spiritalem,
1749 1914 1807 1962 ct

193 2007 311 2048 non
345 1993 556 2048 invenit
578 1993 805 2066 cliigics.
839 1994 1002 2050 Plena
1030 1995 1174 2052 enim
1203 2005 1323 2051 erat
1349 2013 1455 2050 non
1483 1995 1804 2067 ﬁgurarum,

193 2089 296 2144 sed
334 2091 700 2161 negotiorum.

270 2183 366 2239 9.3.
415 2184 686 2238 i‘oluissct
735 2193 916 2241 autem
958 2185 1208 2242 invenire
1240 2185 1592 2242 fundamenta
1627 2186 1803 2243 virtu-

196 2286 314 2332 tum
350 2290 402 2332 et
436 2276 670 2334 culmina
702 2321 714 2345 ,
770 2279 876 2334 nisi
905 2280 1204 2336 caecitatem
1236 2281 1420 2336 cordis
1443 2321 1456 2344 ,
1491 2290 1546 2338 et
1584 2280 1807 2351 perﬁda:

194 2373 404 2428 ntenlis
435 2373 724 2444 caliginem
761 2373 1070 2431 detulisset.
1118 2375 1361 2445 Denique
1393 2391 1454 2432 ea
1489 2373 1807 2445 improbita-

196 2466 268 2520 tis
298 2465 548 2522 cwcitate
578 2465 767 2522 suﬂ‘usi
809 2479 1045 2524 mentem
1079 2469 1385 2526 Sodomin
1408 2513 1422 2537 ,
1476 2470 1675 2524 osduut
1712 2483 1806 2523 ne-

193 2575 470 2631 quaquam
502 2564 678 2616 sanCti
706 2561 804 2617 Lot
840 2563 1087 2622 invenire
1121 2577 1430 2634 potuerunt.
1477 2562 1631 2621 Unde
1659 2565 1803 2619 enim

198 2669 357 2708 tuens
409 2653 576 2724 impia
628 2654 816 2710 videre
866 2658 1040 2728 potuit
1082 2658 1185 2712 viri
1235 2659 1410 2714 sancti
1451 2659 1538 2714 vel
1573 2658 1805 2723 exitum,

198 2747 284 2798 vel
320 2745 675 2814 ingressum?
718 2745 837 2816 Ipse
867 2764 978 2820 quo
1002 2765 1088 2816 tuo
1121 2749 1382 2804 Dominus
1417 2751 1467 2803 in
1505 2749 1806 2818 Evangelia

199 2839 276 2896 ait
307 2857 320 2892 :
380 2836 527 2892 Venit
560 2843 693 2896 enim
725 2843 964 2912 princeps
997 2843 1177 2895 mundi
1219 2843 1411 2912 ltujns,
1461 2851 1508 2896 et
1536 2842 1590 2895 in
1618 2857 1699 2894 me
1727 2841 1809 2894 in-

202 2933 339 2986 venit
379 2933 510 2986 nihil
550 2932 730 3003 (Joan.
767 2951 878 3003 xrv,
910 2935 1026 3004 50).
1076 2935 1361 3002 Quomodo
1390 2934 1523 2988 nihil
1557 2933 1809 2994 invenire

205 3027 386 3094 potuit
420 3028 470 3078 in
503 3041 595 3092 eo,
625 3027 676 3080 itt
710 3042 816 3096 quo
851 3025 1132 3096 plenitudo
1164 3026 1469 3081 divinitatis
1507 3023 1808 3090 habitabat,

203 3129 260 3176 et
289 3119 628 3175 inhabitabat
659 3120 1049 3192 corporaliter,
1083 3121 1151 3178 de
1174 3137 1281 3193 quo
1310 3121 1482 3175 virtus
1515 3121 1724 3184 exibat,
1756 3130 1810 3176 et

1911 1917 2242 1987 iniquitatis,
2293 1921 2446 1976 solve
2474 1922 2687 1992 cingula
2738 1924 2964 1988 saeculi,
3012 1923 3261 1994 relinque
3297 1926 3509 1977 calcea-

1911 2025 2156 2070 mentum
2199 2015 2346 2087 quod
2399 2027 2674 2074 terrenum
2715 2027 2823 2076 est.
2885 2019 3010 2075 Ideo
3035 2020 3196 2076 Jesus
3241 2020 3359 2075 sine
3404 2019 3520 2074 cal-

1910 2117 2224 2174 eeamento,
2261 2126 2399 2166 auro
2429 2124 2480 2168 et
2510 2125 2741 2182 argento
2771 2115 3051 2183 apostolos
3087 2115 3404 2178 destinavit,
3447 2129 3516 2170 ne

1910 2215 2094 2258 secum
2127 2211 2343 2258 Ierrena
2378 2215 2680 2275 portarent.
2737 2206 2842 2275 Qui
2870 2208 3014 2262 enim
3060 2207 3264 2261 bonttm
3295 2206 3512 2276 quaerit,

1911 2309 2019 2352 non
2055 2295 2107 2350 in
2136 2296 2544 2363 calceatnento,
2573 2299 2670 2355 sed
2699 2307 2752 2354 in
2780 2301 2978 2371 pvduut
3011 2301 3302 2356 velocitate
3331 2309 3386 2355 et
3415 2299 3518 2356 de-

1909 2403 2037 2442 core
2079 2387 2370 2454 laudatur.
2429 2391 2645 2449 dicente
2694 2392 3028 2464 Scriptura:
3076 2395 3246 2462 Quam
3297 2393 3518 2464 speciosi

1911 2483 2064 2552 pedes
2103 2486 2568 2556 eomrgelizontium
2609 2504 2789 2560 pacem
2810 2531 2824 2553 ,
2877 2490 3340 2562 euangelizandum
3389 2488 3522 2543 bona

1911 2575 2083 2646 (Esai.
2125 2594 2228 2643 tu,
2270 2579 2328 2651 7)
2375 2581 2388 2634 l
2431 2580 2599 2638 Solve
2647 2598 2780 2654 ergo
2831 2585 3264 2638 calceatnentum
3314 2582 3518 2654 pedum

1912 2678 2126 2728 tuorum
2147 2712 2163 2738 ,
2195 2681 2251 2728 ut
2280 2673 2514 2740 speciosi
2545 2675 2658 2730 sint
2685 2674 2752 2729 ad
2784 2675 3297 2744 erartgelizattdum.
3350 2675 3516 2730 Solve

1911 2762 2051 2818 dixit
2076 2764 2277 2838 (Exod.
2303 2783 2381 2832 ut,
2415 2768 2492 2837 5).
2524 2785 2630 2824 non
2661 2769 2792 2841 liga.
2835 2771 3024 2837 Solve,
3059 2780 3118 2825 ut
3143 2779 3426 2835 transeas,
3462 2779 3518 2826 ct

1914 2857 2067 2911 illum
2098 2876 2256 2926 quem
2287 2860 2573 2917 mirabaris
2613 2863 2666 2918 in
2708 2874 2853 2918 terra
2901 2865 3166 2932 impium,
3224 2863 3354 2918 nihil
3407 2864 3518 2920 illic

1913 2964 2038 3004 esse
2063 2989 2080 3013 ,
2127 2949 2260 3004 nihil
2295 2967 2452 3022 posse
2481 2955 2744 3022 reperias.
2793 2955 2990 3010 Transi
3022 2959 3186 3026 igitur
3207 2999 3223 3024 ,
3277 2956 3381 3012 hoc
3409 2968 3514 3024 est,

1914 3039 2040 3110 fuge
2069 3041 2138 3098 de
2162 3043 2325 3098 terris
2350 3085 2366 3109 ,
2411 3045 2502 3100 ubi
2536 3047 2741 3102 malitia
2777 3058 2904 3112 est,
2953 3049 3040 3103 ubi
3083 3050 3330 3104 avaritia.
3391 3050 3519 3106 Ideo

1914 3135 2045 3192 dicit
2079 3137 2172 3193 tibi
2205 3137 2409 3194 David:
2457 3138 2679 3196 Declina
2719 3160 2750 3197 α
2786 3143 2944 3208 malo,
2982 3155 3029 3198 et
3061 3146 3145 3213 fac
3178 3144 3364 3199 bonum
3398 3145 3516 3216 (Ps.

205 3212 434 3266 sanabat
483 3214 717 3269 omnes‘l
775 3215 1061 3283 Quomodo
1093 3215 1225 3269 nihil
1261 3215 1508 3270 invenire
1542 3217 1724 3284 potuit
1755 3215 1806 3268 in
1837 3235 1883 3298 ρ
1921 3245 2127 3294 χχχιιι,
2173 3231 2287 3302 15),
2333 3232 2622 3290 Declina“,
2671 3235 2859 3306 fugere
2908 3248 2989 3291 εει
3041 3238 3252 3308 “nque.
3316 3212 3514 3294 Maium

205 3307 483 3361 Soliditatc
518 3307 762 3369 virtutis.
796 3309 1047 3364 ubertate
1079 3309 1360 3380 sapientia:
1382 3350 1398 3376 ,
1438 3307 1465 3346 δ
1496 3309 1810 3379 intelligen-

207 3400 334 3466 tite,
377 3400 654 3470 ju~titiae?
702 3401 823 3472 Ipse
855 3402 1043 3456 dixisti
1076 3421 1090 3457 :
1135 3403 1362 3457 Domine
1398 3420 1410 3456 :
1447 3399 1642 3455 Plenus
1692 3417 1808 3456 sum

206 3493 377 3566 (lfsai.
413 3511 459 3554 ι.
501 3496 628 3563 Η);
671 3495 786 3563 ipse
823 3496 1010 3552 dixisti
1045 3513 1060 3550 :
1105 3493 1257 3550 Mitte
1306 3513 1513 3550 manum
1564 3504 1707 3550 tuam
1753 3495 1808 3550 in

208 3587 339 3641 latus
372 3606 568 3655 nteant,
601 3600 648 3662 et
674 3591 779 3645 noli
809 3607 916 3646 esse
944 3592 1264 3657 incredulus,
1296 3594 1386 3648 sed
1415 3591 1586 3660 ﬁdelis
1617 3589 1802 3663 (101m.

208 3697 298 3746 xx,
329 3680 440 3752 9.7).
488 3682 629 3737 illisit
659 3700 878 3739 manum
911 3685 1004 3756 qui
1057 3702 1160 3738 non
1201 3685 1490 3750 credebat,
1535 3695 1589 3740 et
1624 3684 1806 3740 Domi-

209 3790 334 3828 num
364 3788 415 3828 te
443 3786 496 3829 et
528 3775 696 3830 Deum
729 3778 956 3844 reperit.
1000 3775 1115 3831 Non
1146 3792 1276 3847 ergo
1315 3786 1370 3831 tu
1423 3791 1622 3832 vacuus
1645 3819 1658 3841 ,
1707 3775 1806 3834 sed

209 3866 300 3920 ille
343 3881 526 3921 ca-cus
575 3877 630 3922 ct
681 3868 859 3922 inanis
916 3869 1171 3937 princeps
1223 3868 1380 3924 iSlittS
1431 3867 1661 3934 mundi,
1717 3867 1810 3938 qui

210 3958 378 4011 nescit
423 3959 525 4011 nisi
569 3973 664 4014 Sua
711 3975 976 4023 cernere,
1035 3961 1210 4014 neseit
1255 3960 1358 4014 nisi
1391 3976 1486 4014 sua
1519 3959 1804 4026 invenire;

209 4065 272 4105 ca
303 4067 421 4118 quas
454 4047 658 4104 Christi
695 4061 852 4118 sunt,
889 4053 1064 4106 nescit
1093 4067 1410 4123 agno~cerc.

279 4139 445 4215 428
480 4141 573 4199 24.
612 4143 720 4198 Aut
765 4144 808 4198 si
843 4145 921 4199 sic
951 4144 1405 4213 quemadmodum
1439 4144 1685 4216 plerique
1714 4143 1811 4199 ha-

208 4236 366 4292 bent:
395 4235 520 4291 Non
543 4239 758 4291 inveniet
787 4237 838 4290 in
871 4253 952 4292 me
983 4236 1134 4298 nihil,
1162 4243 1263 4292 hoc
1292 4246 1397 4303 est,
1424 4255 1530 4292 non
1567 4239 1810 4293 inveniet

213 4329 262 4384 in
296 4346 380 4384 me
411 4330 699 4397 malitiam,
726 4330 849 4401 quia
884 4331 1089 4386 tnalitia
1120 4331 1253 4385 nihil
1283 4341 1402 4386 est:
1432 4349 1538 4386 non
1571 4331 1812 4386 inveniet

215 4436 504 4490 mortuum,
537 4426 659 4491 quia
689 4435 934 4480 mortuus
963 4440 1072 4480 non
1103 4437 1208 4480 est.
1257 4424 1365 4482 Sed
1394 4425 1668 4495 quomodo
1699 4436 1720 4463 ε
1754 4425 1806 4480 in

215 4533 275 4574 eo
298 4527 566 4573 mortuum
599 4520 854 4588 reperiat,
879 4519 970 4589 qui
998 4521 1240 4576 vivilicat
1270 4530 1538 4584 mortuos,
1564 4528 1618 4574 et
1649 4529 1809 4574 vocat

1913 3333 2100 3378 autem
2130 3324 2180 3377 iu
2212 3327 2409 3392 terris,
2457 3327 2662 3382 bonum
2693 3329 2745 3382 in
2772 3329 2914 3385 coelo
2941 3338 3046 3385 est.
3096 3327 3252 3386 Unde
3281 3338 3338 3386 et
3362 3331 3518 3386 addi-

1913 3415 1992 3469 dit
2017 3436 2029 3472 :
2072 3414 2286 3486 Inquiro
2311 3433 2511 3486 pacem,
2532 3428 2579 3473 et
2603 3435 2816 3490 sequere
2839 3437 2973 3476 eain.
3011 3421 3120 3477 Pax
3153 3423 3206 3478 in
3232 3426 3378 3480 εωιυ
3406 3433 3512 3479 est.

1913 3508 2157 3580 Denique
2202 3511 2271 3566 de
2313 3515 2457 3568 τωῑο
2505 3517 2732 3568 veniens
2782 3515 2948 3570 dicit:
2996 3513 3188 3571 Pacem
3232 3533 3397 3570 meatu
3444 3517 3514 3570 do

1912 3603 2055 3656 vobis
2083 3645 2096 3669 ,
2151 3621 2328 3674 pacem
2376 3606 2611 3676 relinquo
2660 3607 2801 3664 vobis
2833 3607 3014 3677 (Joan.
3056 3625 3168 3673 xlv,
3200 3609 3316 3681 27).
3374 3611 3513 3681 Ergo

1909 3698 2032 3768 quia
2065 3694 2320 3768 fugienda
2354 3708 2410 3753 et
2439 3699 2763 3756 declinanda
2791 3707 2920 3756 sunt
2947 3701 3082 3755 mala
3109 3717 3125 3766 ;
3159 3705 3298 3756 mala
3323 3712 3508 3760 autem

1913 3790 1967 3846 in
2002 3793 2182 3852 terris,
2218 3791 2272 3845 in
2302 3792 2460 3847 terris
2487 3791 2840 3864 iniquitates:
2872 3793 3143 3863 lugiamus
3176 3802 3413 3859 terrena,
3448 3809 3517 3850 ne

1913 3901 2014 3940 nos
2043 3885 2509 3954 Compreheudant
2540 3888 2881 3959 iniquitates,
2915 3906 3042 3958 quas
3064 3890 3229 3944 etiam
3262 3901 3514 3945 sanctum

1913 3981 2446 4049 comprehenderunt
2468 3981 2635 4038 David
2656 4023 2672 4048 ,
2703 3982 2844 4036 sicut
2874 3983 2992 4052 ipse
3023 3993 3258 4038 testatur
3285 3984 3474 4038 dicens
3499 4000 3514 4038 :

1913 4069 2428 4138 Compreltentlerunt
2457 4090 2537 4127 me
2564 4073 2862 4143 iniquitates
2893 4091 3051 4142 metu,
3089 4085 3136 4129 et
3162 4091 3264 4128 non
3291 4076 3433 4143 potui
3465 4085 3520 4129 ut

1915 4164 2140 4218 uiderent
2173 4162 2291 4237 (Ps.
2323 4181 2487 4222 xm:
2510 4206 2526 4232 ,
2580 4164 2666 4238 l5)
2697 4183 2710 4232 ;
2756 4184 2821 4220 eo
2849 4168 2992 4238 quod
3030 4167 3182 4223 futuo
3219 4169 3521 4240 iniquitatis

1914 4259 2110 4313 oculus
2135 4275 2334 4314 animat
2375 4271 2611 4316 caecatur
2635 4301 2651 4327 ,
2696 4275 2767 4318 ne
2802 4261 2985 4316 videat
3010 4276 3134 4334 qua:
3159 4275 3282 4318 sunt
3314 4263 3517 4320 lucida.

1915 4349 2008 4406 Sic
2033 4367 2165 4422 ergo
2190 4359 2248 4410 et
2279 4351 2464 4408 Laban
2495 4353 2636 4408 bona
2659 4351 2834 4410 Jacols
2860 4353 3046 4410 videre
3078 4370 3188 4411 ιιοιι
3217 4357 3393 4426 potuit
3416 4398 3430 4424 ,
3460 4369 3517 4414 et

1917 4445 2170 4516 princeps
2201 4446 2361 4522 hujus
2388 4447 2575 4504 mtntdi
2609 4447 2840 4519 gloriam
2872 4449 3099 4504 Christi.

1985 4541 2077 4597 26.
2117 4541 2226 4598 Sed
2262 4541 2404 4600 forte
2433 4540 2592 4599 dicas.
2626 4559 2639 4595 :
2689 4541 2802 4598 Cur
2842 4543 3008 4612 igitur
3033 4543 3204 4599 .lacob
3229 4542 3297 4599 ad
3335 4543 3518 4600 Laban

217 4626 273 4666 ea
306 4628 424 4682 qua:
457 4631 563 4667 non
593 4622 721 4668 sunt
742 4654 757 4681 ,
791 4626 1066 4686 tamquam
1099 4631 1161 4670 ea
1193 4631 1314 4687 qua!
1343 4615 1514 4672 sunt?
1570 4615 1684 4670 Non
1721 4615 1807 4671 in-

1917 4638 2112 4694 missus
2149 4646 2272 4704 est,
2321 4638 2368 4694 si
2420 4637 2602 4694 Liban
2653 4637 3156 4707 reprehensibihs?
3217 4640 3272 4696 Si
3317 4655 3515 4695 nomen

219 4707 410 4774 veniet,
444 4707 649 4779 inquit,
702 4719 981 4778 peccatum
1016 4711 1068 4764 in
1105 4727 1218 4774 tne,
1265 4712 1354 4781 qui
1388 4711 1576 4772 mundi
1609 4727 1804 4783 pecca-

221 4808 325 4855 tum
355 4803 574 4855 abstuli.
616 4801 900 4871 Quomodo
932 4806 1079 4860 enim
1111 4805 1246 4860 nihil
1277 4806 1461 4872 habet,
1497 4806 1586 4875 qui
1620 4806 1805 4861 omnia

222 4891 414 4948 habet?
459 4895 544 4961 Et,
576 4896 717 4966 qttod
752 4899 871 4967 plus
900 4909 1012 4967 est,
1049 4900 1232 4954 omnia
1267 4902 1450 4965 habet,
1497 4917 1616 4970 qum
1647 4899 1810 4956 Pater

221 4985 374 5044 habet
397 5030 412 5052 ,
443 4988 585 5044 sicut
617 4991 734 5059 ip~e
763 4989 876 5046 ait:
925 4990 1116 5052 Onmia
1140 5008 1258 5063 qua:
1291 4993 1448 5048 Pater
1484 4993 1656 5060 habet,
1693 5009 1810 5050 mea

195 5093 327 5137 sunt
358 5080 536 5153 (Joan.
569 5071 690 5151 ivt,
733 5082 842 5154 t5).

944 5201 1080 5256 PUT
1126 5202 1186 5256 ν.

944 5201 982 5255 Ρ
1173 5243 1186 5256 .

220 5287 315 5344 Cur
343 5291 463 5344 hinc
490 5289 670 5362 fugere
696 5200 972 5347 debeafn‘its
989 5201 1103 5360 fuit
1126 5202 1395 5365 :uoiatodo
1432 5295 1656 5352 transire
1690 5311 1811 5349 cum

287 5410 308 5434 η
341 5399 642 5480 Edit._cum
692 5406 874 5471 paucis
915 5423 1044 5480 mss.
1095 5409 1267 5480 iisque
1305 5408 1627 5466 recentioris
1671 5408 1799 5475 sevi,

223 5473 565 5550 desqpientiw
593 5478 776 5550 domo,
796 5477 1080 5534 consortem
1107 5473 1372 5550 propositi.

286 5545 309 5583 ι)
343 5547 414 5626 Ita
447 5564 576 5626 mss.
613 5549 728 5626 fere
768 5551 835 5606 ad
875 5567 1037 5604 unum
1082 5545 1117 5603 τ’
1149 5555 1299 5626 pauci
1331 5562 1513 5610 tamen
1548 5569 1612 5610 ac
1638 5551 1802 5617 edit.,

225 5619 500 5689 integritate
533 5622 775 5693 justitite.

292 5706 308 5727 ιτ
346 5693 483 5746 Edit.
519 5690 643 5748 cum
674 5690 1069 5748 recentioribus
1096 5691 1300 5764 aliquot
1323 5710 1479 5761 mss.,
1509 5712 1626 5752 eum
1659 5711 1806 5750 mor-

227 5771 354 5816 tuum
385 5765 650 5819 inveniret.

289 5831 312 5871 ⁴¹
345 5835 466 5893 Vet.
499 5835 632 5893 edit.
662 5849 725 5891 ac
767 5849 898 5891 mss.
931 5824 1059 5903 duo,
1107 5835 1279 5895 videas
1329 5838 1490 5894 visum
1546 5855 1811 5912 magnum.

1914 4730 2360 4799 Considerentus,
2413 4739 2436 4769 ε’
2470 4729 2733 4787 candidus
2762 4729 2965 4786 dicitur
2995 4731 3210 4812 Latine.
3262 4730 3407 4799 Ergo
3451 4732 3520 4786 ad

1914 4825 2290 4896 splendidiora
2329 4825 2556 4896 jubetur
2602 4827 2790 4898 egredi
2819 4826 3008 4884 laeuis.
3060 4826 3172 4882 Sed
3199 4825 3323 4896 quia
3353 4825 3523 4899 529

1915 4922 2152 4977 carnalis
2171 4931 2292 4978 erat
2317 4963 2331 4985 .
2377 4922 2572 4980 melius
2605 4921 2963 4992 intelligimus.
2987 4920 3360 4992 splendidiora
3396 4913 3520 4980 vita:

1918 5015 2097 5085 hujus.
2130 5014 2302 5082 Quasi
2327 5015 2568 5072 nondum
2601 5014 2878 5086 perfectus
2907 5015 3086 5087 primo
3105 5013 3173 5068 ad
3195 5028 3317 5068 eum
3353 5013 3520 5079 vadit,

1918 5108 2060 5180 apud
2087 5124 2249 5179 quem
2281 5108 2352 5164 ad
2377 5107 2567 5164 horam
2597 5109 2908 5165 exsultant
2939 5110 2990 5161 in
3021 5107 3144 5162 luce
3171 5107 3310 5176 ejus.
3350 5106 3520 5164 Filios

1922 5215 2102 5262 autem
2147 5203 2451 5262 deteriores
2482 5203 2742 5269 habebat,
2791 5202 2844 5260 id
2875 5209 2990 5268 est,
3049 5200 3390 5257 tolerabilius
3420 5217 3521 5254 tto-'-

1925 5313 2044 5352 men
2072 5340 2086 5364 ,
2138 5313 2302 5369 quam
2334 5311 2522 5368 opera.
2583 5295 2651 5351 Et
2698 5295 2826 5352 ideo
2865 5304 2923 5351 et
2957 5294 3150 5350 matris
3173 5295 3436 5361 consilio,
3468 5305 3524 5352 et

1919 5407 2023 5464 Sed
2052 5409 2128 5474 si,
2159 5417 2267 5465 etc.
2298 5406 2484 5478 Rom.,
2532 5445 2545 5460 .
2593 5447 2606 5462 .
2651 5447 2666 5463 .
2707 5422 2991 5478 magnum,
3041 5403 3142 5459 hoc
3185 5416 3301 5471 est,
3357 5409 3522 5464 uisum

1917 5481 2301 5606 gnysteriorum.
2347 5477 2458 5536 Sed
2489 5478 2557 5543 si,
2591 5488 2696 5534 etc.
2744 5477 2872 5533 uss.
2907 5491 3106 5548 magno
3145 5492 3413 5547 numero,
3464 5492 3524 5539 ut

1943 5569 1972 5605 tt
2004 5560 2173 5606 textu.

1943 5569 1972 5605 ιι
2004 5560 2173 5605 textu.

2004 5567 2173 5608 ιωιιυ.

1995 5631 2018 5658 °
2043 5621 2347 5706 :1‘63"_Eo'riv,
2391 5623 2462 5706 εἰς
2490 5623 2586 5684 τὰς
2628 5625 2718 5706 τ’οΞ
2749 5619 3526 5706 βίοι)-’λοξμτῖθὸτηῖας-ῥφεξεῖα.

1918 5695 2090 5772 hunc;
2115 5697 2216 5772 γὰρ
2240 5696 2568 5772 ἑρμηνιύιςαι
2596 5692 2788 5747 Ademt-
2834 5692 2987 5772 Philo
3021 5692 3115 5748 lib.
3151 5696 3217 5772 de
3250 5692 3516 5767 Protugis,

1919 5761 2139 5847 quicum
2176 5761 2371 5822 i'ou'tios
2405 5764 2564 5834 hujus
2595 5772 2857 5818 tractatus
2888 5761 3040 5819 locos
3063 5762 3314 5824 conferre
3342 5761 3524 5838 Opera:

1923 5846 2157 5907 pretium
2190 5848 2296 5894 est.
