4138 6366
508 292 616 351 583

1866 286 2114 355 SANCTI
2148 291 2472 356 AMBROSII

3708 290 3815 349 584

500 414 695 471 divino
723 415 978 484 oraculo,
1017 423 1073 473 et
1099 415 1270 488 ipsius
1294 414 1464 474 Jacob
1493 416 1755 474 amatoris
1796 416 2105 491 disciplinae
2132 420 2189 481 Α
2279 418 2371 475 29.
2416 415 2569 475 Adde
2605 414 2763 484 illud,
2791 415 2937 488 quod
2980 415 3073 473 ille
3118 429 3188 473 ex
3235 427 3470 487 persona
3510 413 3816 471 Salvatoris

508 510 791 569 voluntate
818 514 926 569 cito
955 512 1229 568 deseritur
1256 526 1321 569 ac
1349 513 1700 584 relinquitur.

575 603 669 658 27.
708 603 1005 660 Abscondit
1029 614 1208 662 autem
1241 606 1529 663 simulacra
1562 614 1752 664 sancta
1785 606 2025 674 Rachel,
2055 605 2110 663 id

506 703 621 762 est,
664 695 938 763 Ecclesia,
973 696 1058 753 vel
1103 697 1425 769 prudentia,
1458 699 1585 771 quia
1631 698 1875 755 Ecclesia
1920 700 2111 757 inanes

503 787 676 855 ideas,
709 798 765 847 et
791 806 958 847 vanas
984 791 1158 848 nescit
1185 792 1601 849 simulacrorum
1630 792 1831 864 ﬁguras
1859 806 1874 844 :
1905 792 2001 849 sed
2021 807 2112 849 ve-

506 899 623 940 ram
664 885 816 942 novit
854 886 1137 944 Trinitatis
1167 889 1546 946 substantiam.
1577 890 1822 961 Denique
1862 890 2109 946 umbram

502 979 782 1051 abolevit,
811 982 1157 1053 splendorem
1179 985 1366 1057 gloriae
1397 984 1787 1042 manifestavit.
1816 985 2112 1057 Relinqua-

507 1091 629 1132 mus
655 1092 784 1149 ergo
811 1077 1085 1148 umbram,
1105 1080 1198 1151 qui
1225 1079 1396 1137 solem
1425 1082 1717 1151 quaerimus
1749 1096 1763 1134 :
1794 1079 2111 1135 deseramus

502 1170 746 1239 fumum,
777 1172 870 1244 qui
896 1173 1080 1232 lumen
1117 1176 1418 1246 sequimur.
1451 1173 1656 1231 Fumus
1702 1174 1958 1246 iniquitas
1985 1183 2107 1240 est;

500 1263 626 1336 quia
670 1264 814 1321 sicut
855 1265 1033 1324 fumus
1072 1268 1246 1324 oculis
1269 1308 1284 1336 ,
1313 1268 1394 1324 sic
1437 1268 1750 1340 iniquitates
1781 1277 1807 1304 α
1837 1266 2111 1323 utentibus

503 1372 570 1415 ea
599 1358 731 1414 vita.
758 1357 963 1416 Umbra
992 1360 1100 1417 vita
1122 1368 1241 1417 est:
1271 1361 1464 1418 umbra
1493 1360 1638 1417 enim
1661 1370 1746 1417 est
1776 1367 1961 1416 nostra
1993 1358 2111 1415 haec

502 1450 610 1507 vita
640 1452 697 1507 in
726 1461 903 1519 terra,
930 1453 1075 1510 sicut
1111 1452 1218 1510 Job
1243 1453 1382 1510 dixit
1409 1453 1552 1526 (Job.
1585 1469 1701 1521 vnt,
1726 1452 1805 1526 9).
1849 1452 1989 1521 Quid
2025 1452 2112 1508 in-

500 1558 666 1615 super
705 1544 799 1602 hic
836 1546 940 1602 nisi
972 1546 1337 1604 tentationes?
1366 1547 1541 1604 Omne
1580 1555 1793 1618 tempus
1822 1548 1877 1603 iu
1910 1546 2113 1605 sollici-

503 1634 725 1704 tudine,
766 1639 945 1696 omnis
989 1640 1098 1696 vita
1143 1641 1196 1696 in
1245 1641 1529 1697 molestiis.
1576 1640 1646 1695 In
1689 1641 1880 1708 medio,
1914 1639 2109 1712 inquit,

498 1728 802 1800 laqueorum
838 1732 1169 1789 ambulamus
1194 1732 1387 1805 (Eccli.
1420 1750 1494 1800 ιιι,
1524 1733 1639 1806 20).
1664 1734 1732 1790 Et
1761 1734 1901 1791 alius
1938 1734 1990 1789 in
2023 1734 2110 1791 via

2213 511 2451 582 psalmus
2471 510 2703 580 dicitur;
2730 512 2833 567 iste
2856 526 2928 567 ex
2956 524 3192 581 persona
3221 509 3410 575 David,
3442 508 3536 581 qui
3564 509 3618 563 in
3650 506 3819 581 E30

2212 613 2482 677 potestate
2531 620 2640 661 non
2690 604 2924 662 habebat
2968 606 3295 672 victoriam,
3331 603 3429 660 sed
3483 602 3734 674 sperabat
3781 616 3817 657 a

2211 698 2462 767 Christo;
2484 709 2541 757 et
2565 699 2681 771 ipse
2707 708 2886 756 tamen
2909 707 3258 771 posteaquam
3276 698 3532 770 expandit
3553 698 3622 754 ad
3645 699 3813 753 Deum

2212 808 2405 850 manus
2432 809 2581 862 suas,
2614 802 2887 865 tamquam
2920 807 3126 863 pennas
3150 793 3345 848 anima:
3370 807 3506 860 suae,
3538 800 3594 847 et
3617 789 3815 847 confuo

2210 885 2289 957 git
2311 885 2380 941 ad
2418 886 2735 953 Dominum,
2763 894 2819 942 et
2854 885 3087 957 Spiritus
3118 885 3291 942 sancti
3320 884 3695 941 deductionem
3720 898 3818 955 po:

2211 980 2408 1051 poscit,
2448 994 2556 1051 quo
2588 984 2957 1052 cognosceret
2995 980 3136 1034 viam
3170 995 3266 1050 per
3307 994 3469 1049 quam
3508 986 3693 1050 posset
3721 992 3810 1034 as-

2210 1073 2464 1142 cendere,
2500 1074 2750 1130 inclinari
2778 1074 2912 1130 vidit
2942 1075 3133 1142 emlos,
3163 1082 3221 1130 ut
3244 1072 3489 1130 Christus
3515 1072 3816 1130 descende-

2211 1178 2318 1235 ret,
2347 1176 2405 1225 et
2442 1168 2651 1239 rogavit
2681 1179 2739 1224 ut
2779 1184 2903 1224 eum
2936 1170 3141 1225 levaret
3177 1184 3343 1224 manu
3370 1183 3489 1223 sua.
3523 1171 3630 1224 Aut
3676 1168 3816 1224 forte

2213 1259 2336 1317 ideo
2367 1276 2573 1332 pennas
2602 1276 2730 1317 suas
2754 1261 2865 1332 jam
2896 1277 3005 1319 non
3037 1262 3337 1334 qumrebat,
3365 1262 3493 1333 quia
3526 1262 3815 1335 perfectior

2210 1353 2388 1412 factus
2417 1371 2634 1412 manum
2655 1355 2859 1413 Christi
2888 1357 3252 1414 desiderabat.

2283 1450 2373 1507 50.
2415 1450 2519 1519 Qui
2542 1452 2657 1506 vult
2684 1451 2846 1523 igitur
2876 1468 3039 1508 manu
3075 1450 3277 1509 Christi
3305 1452 3511 1520 levari,
3541 1462 3670 1509 ante
3695 1453 3813 1526 ipse

2211 1545 2409 1613 evolet,
2436 1544 2635 1603 habeat
2664 1562 2874 1619 pennas
2896 1563 3044 1604 suas.
3068 1547 3171 1614 Qui
3204 1547 3338 1619 fugit
3368 1547 3651 1611 saeculum,
3683 1563 3821 1618 pen-

2214 1657 2313 1698 nas
2341 1641 2576 1709 habeat;
2619 1652 2674 1699 et
2700 1644 2745 1700 si
2775 1658 2902 1699 suas
2939 1658 3048 1699 non
3075 1641 3240 1698 habet
3268 1642 3373 1716 (ne
3401 1640 3582 1698 forteb
3610 1642 3701 1697 ille
3728 1657 3820 1699 so-

2213 1739 2297 1795 lus
2346 1738 2541 1794 habeat
2582 1753 2708 1794 suas
2757 1739 2847 1810 qui
2901 1746 3220 1809 potestatem
3275 1736 3438 1794 habet
3466 1736 3721 1807 volandi)
3772 1737 3820 1792 si

500 1836 604 1893 qua
632 1823 1229 1895 ambulabat,extentos
1259 1827 1361 1882 sibi
1392 1826 1491 1883 sed
1515 1826 1866 1884 absconditos
1887 1827 2112 1898 laqueos
2140 1832 2188 1894 B
2216 1848 2365 1899 suas,
2395 1832 2637 1904 inquam,
2668 1849 2775 1889 non
2806 1833 2991 1901 habet,
3024 1833 3092 1890 ab
3122 1848 3189 1890 eo
3222 1832 3313 1905 qui
3347 1832 3532 1900 habet,
3564 1832 3820 1901 accipiat.

496 1915 830 1984 querebatur
864 1916 984 1991 (Ps.
1015 1934 1168 1985 cxu,
1214 1920 1303 1990 4),
1344 1934 1413 1976 ne
1458 1919 1833 1990 deprehensus
1866 1918 2110 1976 caderet.

510 2007 739 2065 Volebat
766 2008 952 2082 fugere
978 2012 1118 2068 sicut
1144 2026 1334 2084 passer
1366 2030 1380 2066 :
1410 2013 1505 2069 sed
1529 2013 1707 2070 adhuc
1734 2013 1963 2085 laqueus
1982 2027 2115 2069 con-

506 2101 667 2158 tritus
684 2118 794 2160 non
819 2111 956 2160 erat.
982 2102 1173 2172 Periit,
1192 2104 1387 2176 inquit,
1406 2108 1533 2178 fuga
1558 2123 1592 2161 a
1611 2123 1691 2162 me
1719 2104 1838 2179 (Ps.
1862 2120 2007 2173 cm,
2029 2104 2111 2175 5).

503 2193 771 2257 Gravatas
840 2195 1075 2254 habebat
1122 2213 1331 2270 pennas
1400 2215 1499 2270 per
1549 2199 1700 2256 illam
1764 2200 2113 2256 tenebrosam

504 2306 700 2363 aquam
733 2291 789 2348 in
814 2292 1045 2350 nubibus
1070 2294 1238 2361 aeris,
1263 2302 1321 2351 et
1360 2294 1595 2352 fortasse
1633 2295 1851 2351 evolare
1881 2305 1986 2351 non
2017 2309 2117 2366 po-

506 2395 669 2445 terat.
721 2387 962 2461 Denique
1005 2388 1129 2445 illas
1167 2403 1372 2459 pennas
1415 2389 1698 2461 quatrebat
1737 2389 2019 2461 accipere,
2060 2396 2122 2444 ut

504 2478 751 2538 evolaret
792 2488 851 2537 et
896 2482 1296 2552 requiesceret,
1345 2482 1486 2538 sicut
1522 2483 1783 2553 scriptum
1824 2491 1951 2539 est:
1992 2481 2121 2549 Quis

504 2573 645 2629 dabit
672 2575 799 2629 mihi
835 2592 1034 2648 pennas
1058 2577 1190 2632 sicut
1216 2577 1489 2645 columbas,
1516 2586 1563 2632 et
1589 2578 1792 2645 volabo,
1820 2587 1867 2631 et
1891 2577 2123 2647 requies-

2214 1928 2315 1997 Qui
2345 1927 2479 2000 fugit
2504 1944 2634 2001 ergo
2655 1930 2939 1996 smculum,
2967 1930 3147 1985 volat:
3173 1928 3328 1998 Ecce,
3357 1929 3553 2001 inquit,
3582 1928 3825 1999 elongasi

2217 2021 2442 2095 fugiens,
2480 2032 2528 2076 et
2579 2022 2746 2076 mansi
2786 2024 2841 2076 in
2883 2021 3163 2076 solitudine
3191 2019 3363 2092 (Psal.
3405 2037 3513 2088 LIV,
3567 2019 3647 2090 8).
3682 2020 3826 2075 Evo-

2217 2116 2348 2172 lavit
2375 2130 2508 2187 ergo
2530 2114 2700 2171 David
2730 2114 2870 2171 sicut
2902 2116 3219 2187 nycticorax
3245 2114 3300 2169 in
3338 2113 3618 2170 domicilio
3640 2154 3657 2178 ,
3685 2113 3828 2168 sicut

2219 2224 2407 2281 passer
2452 2209 2745 2280 singularis
2785 2210 2838 2264 in
2884 2209 3066 2264 domo.
3115 2209 3172 2265 Si
3214 2217 3394 2264 autem
3443 2207 3514 2263 ad
3545 2205 3826 2263 Christum

2219 2303 2453 2370 referas,
2475 2303 2712 2360 evolavit
2737 2303 2790 2358 in
2825 2302 3071 2373 corporis
3100 2301 3352 2372 passione
3374 2342 3389 2367 ,
3420 2309 3481 2356 ut
3501 2300 3605 2356 sub
3632 2300 3829 2357 umbra

2220 2396 2429 2452 alarum
2476 2410 2697 2451 suarum
2743 2400 3055 2466 protegeret
3083 2392 3312 2465 p0pulos
3341 2392 3644 2447 nationum.
3684 2392 3829 2445 Evo-

2223 2490 2356 2546 lavit
2393 2489 2676 2546 divinitate
2698 2531 2712 2555 ,
2745 2488 2948 2544 mansit
2994 2503 3247 2559 corpore,
3280 2497 3444 2558 atque
3470 2484 3734 2541 habitavit
3773 2485 3830 2541 in

2222 2583 2475 2651 deserto;
2501 2583 2768 2655 ut'plures
2814 2583 3012 2638 fierent
3056 2580 3460 2645 desertze'ﬁlii,
3494 2595 3656 2650 quam
3705 2578 3828 2649 ejus

509 2682 626 2722 eam
661 2666 836 2740 (Psal.
888 2684 1000 2737 uv,
1033 2668 1127 2740 7)?
1168 2667 1269 2727 Ubi
1314 2670 1461 2725 enim
1496 2669 1729 2739 volatus,
1759 2670 1832 2726 ibi
1878 2669 2119 2742 requies.

511 2759 753 2833 Denique
784 2761 917 2818 alibi
945 2762 1079 2820 dicit
1109 2780 1124 2818 :
1158 2763 1222 2820 Si
1247 2763 1517 2820 dormiatis
1536 2766 1675 2821 inter
1698 2766 1895 2821 medios
1915 2767 2080 2822 cteros
2105 2804 2122 2834 ,

515 2871 698 2927 penna:
720 2856 977 2912 columbae
997 2856 1346 2930 deargentatte
1372 2857 1492 2931 (Ps.
1524 2874 1697 2929 vatt,
1732 2858 1843 2931 14).

579 2948 672 3006 28.
716 2949 824 3008 Sed
870 2949 1102 3007 fortasse
1146 2950 1339 3008 dicas:
1372 2952 1657 3022 Quomodo
1691 2968 1823 3026 ergo
1870 2952 1961 3009 hic
1995 2953 2127 3011 dicit
2227 2971 2437 3028 passer.
2467 2956 2569 3024 Qui
2616 2972 2721 3012 non
2771 2964 2952 3028 potest
2995 2956 3062 3012 ad
3092 2954 3291 3013 cmlum
3318 2954 3537 3019 volare,
3566 2952 3716 3008 volet
3759 2950 3830 3007 ad

513 3040 695 3113 fugam
724 3056 754 3097 a
781 3056 842 3099 se
868 3041 1099 3114 periisse
1118 3083 1137 3112 ,
1160 3045 1253 3115 qui
1295 3060 1463 3116 supra
1487 3045 1739 3103 dixerat:
1771 3046 1835 3103 Si
1861 3062 2126 3120 sumpsero
2229 3058 2465 3117 montes,
2500 3049 2667 3122 fugiat
2695 3055 2823 3106 ante
2846 3048 3121 3105 vallestria
3141 3089 3157 3116 ,
3186 3064 3305 3119 qum
3331 3047 3442 3104 cito
3468 3061 3831 3116 corrumpun-

515 3151 710 3208 pennas
751 3152 890 3192 meas
938 3147 1056 3193 ante
1087 3137 1251 3193 lucem
1294 3136 1467 3212 (Psal.
1516 3154 1787 3208 cxxxvm,
1819 3140 1913 3212 9)?
1961 3139 2129 3195 Num—
2230 3150 2317 3199 tur
2360 3143 2589 3199 humore
2614 3184 2629 3209 ,
2660 3151 2717 3199 et
2765 3141 2833 3197 ad
2876 3150 3091 3198 montes
3128 3148 3385 3198 transeat.
3439 3138 3711 3196 Transivit
3758 3136 3828 3193 ad

511 3229 643 3301 quid
685 3230 1021 3287 contrarium
1074 3230 1197 3288 est?
1243 3231 1424 3290 Absit.
1466 3232 1633 3289 Multa
1673 3232 1818 3289 enim
1850 3233 2118 3303 justorum
2146 3227 2191 3289 C
2225 3246 2467 3293 montem
2493 3236 2663 3307 Segor
2693 3249 2863 3307 nepos
2889 3234 3147 3302 Abrahm,
3179 3244 3233 3290 et
3275 3234 3465 3289 salvus
3500 3233 3672 3288 factus
3701 3240 3826 3288 est:

514 3326 837 3381 certamina.
864 3322 1140 3395 Numquid
1170 3325 1337 3381 semel
1366 3325 1571 3383 athleta
1601 3326 1873 3382 luctatur?
1895 3326 2125 3395 Quoties
2225 3347 2348 3403 quas
2382 3340 2562 3387 autem
2632 3344 2740 3387 non
2796 3331 2969 3402 potuit
3014 3329 3309 3386 ascendere
3348 3326 3544 3383 affectu
3592 3326 3829 3382 femineo

516 3426 640 3488 post
656 3431 888 3473 coronas
910 3417 1109 3474 multas
1136 3419 1372 3477 vincitur
1395 3422 1448 3476 in
1478 3421 1587 3478 alio
1611 3422 1911 3478 certamine
1937 3422 1950 3477 ε
1979 3422 2128 3491 Quo-
2227 3427 2486 3483 reclinata
2508 3468 2523 3493 ,
2552 3426 2781 3481 salutem
2832 3424 3029 3480 amisit.
3064 3435 3090 3463 ε
3120 3424 3544 3497 Appropinquate
3573 3421 3831 3476 montibus

518 3512 623 3567 ties
650 3512 744 3581 qui
772 3526 921 3582 saepe
944 3512 1171 3581 vicerat,
1198 3513 1468 3570 interdum
1497 3515 1743 3585 ﬂuctuat,
1767 3519 1895 3573 etin
1919 3518 2127 3573 incerto
2226 3522 2449 3589 retentis,
2469 3521 2731 3576 Dominus
2751 3519 2882 3576 dicit
2902 3534 3001 3590 per
3021 3517 3299 3574 Michzeam
3323 3517 3668 3589 prophetam:
3702 3514 3833 3571 Sur-

518 3605 717 3662 hteret!
751 3606 822 3662 Et
866 3621 1013 3679 saepe
1055 3609 1117 3663 fit
1161 3617 1216 3664 ut
1261 3608 1492 3665 fortibus
1525 3612 1680 3666 fortis
1717 3612 2125 3683 congrediatur,
2228 3617 2333 3686 gite
2356 3615 2478 3669 hinc
2502 3655 2518 3681 ,
2545 3616 2667 3686 quia
2695 3630 2801 3668 non
2840 3622 2915 3667 est
2939 3611 3080 3667 vobis
3107 3610 3191 3664 hic
3216 3610 3561 3682 refrigeratio.
3607 3606 3833 3675 Propter

520 3698 836 3770 maioraque
885 3700 1132 3756 oriantur
1174 3701 1496 3767 certamina,
1535 3703 1625 3758 ubi
1674 3702 1880 3774 majora
1928 3705 2124 3760 virium
2230 3707 2534 3779 spurcitiam
2571 3707 2800 3777 corrupti
2854 3705 2972 3761 estis
3021 3705 3379 3775 corruptione,
3425 3702 3831 3772 persecutionem

2223 2694 2343 2749 quae
2375 2678 2610 2733 habebat
2639 2677 2837 2732 virum.
2862 2674 3001 2731 illud
3028 2689 3158 2746 ergo
3195 2689 3393 2745 corpus
3421 2687 3740 2745 sequamur,
3767 2678 3831 2726 ut

2223 2781 2279 2827 et
2307 2784 2407 2827 nos
2428 2784 2796 2839 resurgamus.
2830 2767 2931 2825 Ubi
2958 2769 3105 2824 enim
3130 2782 3349 2838 corpus,
3380 2764 3454 2821 ibi
3477 2773 3533 2821 et
3552 2764 3769 2836 aquila).

2297 2864 2386 2920 51.
2429 2862 2531 2932 Qui
2580 2878 2686 2919 non
2733 2871 2913 2935 potest
2962 2873 3019 2918 ut
3064 2862 3245 2934 aquila
3274 2859 3498 2927 volare,
3528 2859 3719 2915 volitet
3770 2866 3832 2914 ut

517 3789 867 3849 documenta.
902 3792 1047 3865 Ergo
1071 3791 1241 3849 David
1266 3793 1357 3849 ubi
1388 3792 1569 3866 fugam
1592 3796 1890 3867 quaerebat,
1920 3806 1980 3852 ut
2005 3813 2124 3854 eva-

517 3884 674 3943 deret
706 3884 1103 3956 adversarium,
1136 3896 1191 3943 et
1217 3902 1326 3944 non
1365 3888 1676 3947 inveniebat
1706 3905 1913 3961 pennas
1950 3906 2080 3949 suas
2106 3934 2121 3960 ,

518 3978 740 4050 ancipiti
766 3978 1062 4037 ﬂuetuabat
1088 3980 1411 4037 certamine.
1441 3981 1720 4053 Siquidem
1748 3982 1838 4039 ubi
1864 3984 1915 4039 in
1942 3991 2124 4055 potes-

2214 3800 2373 3872 'passi
2424 3801 2543 3857 estis
2583 3800 2818 3873 (Michw.
2855 3815 2915 3864 ll,
2950 3798 2985 3853 9
3011 3808 3056 3852 et
3091 3797 3202 3869 l0).
3249 3798 3315 3852 Et
3350 3797 3613 3852 Dominus
3654 3795 3824 3852 dicit:

2229 3894 2381 3951 Tunc
2406 3895 2495 3966 qui
2530 3894 2584 3947 in
2611 3892 2800 3947 Iudaea
2836 3898 2956 3946 sunt
2986 3890 3189 3964 fugiant
3208 3891 3277 3944 ad
3308 3897 3500 3943 montes
3520 3887 3678 3961 (Luc.
3709 3902 3827 3953 ιιι,

2227 3989 2345 4062 21),
2376 3988 2466 4045 ubi
2492 4002 2649 4044 mons
2678 3986 2844 4053 Sion,
2869 3995 2925 4041 et
2952 3985 3142 4039 civitas
3170 3983 3318 4054 pacis
3350 3982 3684 4038 llierusalem
3718 3995 3829 4036 non

520 4080 630 4129 tate
670 4073 835 4129 habet
873 4089 1078 4145 pennas
1110 4088 1267 4142 suas,
1300 4075 1487 4132 titulus
1520 4077 1712 4147 psalmi
1749 4078 1803 4133 in
1842 4078 1998 4147 finem
2040 4088 2127 4136 est
2232 4084 2461 4141 terrenis
2504 4083 2602 4140 sed
2650 4081 2790 4136 vivis
2832 4086 3141 4136 constructa
3191 4078 3487 4150 lapidibus,
3530 4085 3586 4133 et
3637 4075 3826 4132 decem

519 4162 692 4235 (Psal.
717 4168 1013 4239 cxxxvnt),
1041 4167 1095 4223 id
1125 4175 1230 4236 est,
1259 4166 1326 4222 ad
1357 4167 1751 4239 perfectionem
1786 4178 1844 4227 et
1870 4186 2125 4227 consum-

520 4260 817 4318 mationem
843 4263 1112 4320 victorias.
1144 4264 1387 4335 Denique
1424 4265 1579 4336 quasi
1616 4266 1794 4322 vietor
1817 4266 1987 4323 dicit:
2019 4266 2126 4323 Do-

520 4353 679 4421 mine,
710 4353 941 4425 probasti
971 4372 1050 4412 me
1068 4366 1115 4413 et
1136 4357 1420 4431 cognouisti
1446 4374 1526 4413 me
1556 4374 1576 4413 :
1605 4368 1662 4414 tu
1695 4361 1978 4431 cognovisti
2017 4378 2125 4417 ses-

520 4446 718 4501 sionem
764 4464 929 4503 nteam
951 4489 966 4515 ,
1024 4459 1074 4504 et
1124 4452 1553 4507 resurrectionem
1608 4469 1773 4508 meam
1819 4453 1985 4526 (Ibid.
2048 4454 2124 4528 1).

521 4536 713 4594 Merito
750 4538 988 4597 habebat
1030 4540 1343 4599 facultatem
1373 4543 1633 4616 volandi},
1662 4546 1755 4617 qui
1799 4560 2004 4617 pennas
2038 4563 2128 4604 reo

2230 4180 2403 4237 millia
2432 4177 2794 4250 Angelorum,
2823 4174 3217 4248 primitivorum
3250 4171 3491 4229 Ecclesia
3512 4212 3527 4237 ,
3559 4170 3832 4242 perfecto-

2228 4291 2348 4330 rum
2395 4271 2639 4343 spiritus,
2664 4269 2933 4342 justorum
2984 4267 3165 4336 Deus,
3196 4252 3289 4337 qui
3329 4267 3382 4321 in
3425 4265 3687 4337 sanguine
3726 4279 3828 4319 suo

2230 4367 2423 4423 melius
2473 4365 2685 4422 locutus
2712 4374 2817 4430 est,
2849 4378 3011 4434 quam
3042 4360 3203 4417 Abel.
3237 4361 3329 4415 llle
3358 4358 3502 4416 enim
3532 4358 3826 4413 vindictam

2226 4459 2502 4528 clamavit,
2530 4459 2620 4514 hic
2642 4457 3065 4529 indulgentiam:
3102 4454 3194 4511 ille
3214 4461 3497 4525 peccatum
3525 4451 3707 4507 fratris
3736 4466 3830 4506 ac-

2229 4553 2458 4619 cusavit,
2498 4551 2587 4608 hic
2633 4560 2913 4623 peccatum
2956 4547 3143 4605 mundi
3187 4545 3439 4604 remisit:
3465 4546 3559 4602 ille
3588 4541 3830 4615 prodidit

519 4634 874 4691 surrectionis
903 4646 1212 4708 acceperat.
1242 4637 1342 4695 llic
1370 4648 1551 4695 autem
1580 4639 1760 4697 adhuc
1784 4641 1838 4696 in
1866 4642 2126 4713 spelunca
2153 4680 2205 4743 Β
2231 4647 2460 4715 crimen,
2510 4644 2597 4700 hic
2645 4644 2780 4700 texit
2834 4643 3133 4700 secundum
3187 4640 3333 4713 quod
3380 4640 3646 4712 scriptum
3698 4648 3822 4694 est:

520 4734 628 4795 est,
661 4725 714 4782 id
740 4736 845 4797 est,
869 4727 924 4785 in
944 4743 1129 4799 carne,
1159 4733 1212 4787 in
1228 4744 1386 4788 antro
1410 4732 1647 4804 quodam
1679 4734 1835 4790 istius
1856 4737 2124 4806 corporis,

519 4835 644 4878 cum
695 4836 822 4894 rege
862 4812 993 4881 Saul
1043 4824 1155 4881 lilio
1212 4825 1446 4896 duritiae,
1473 4836 1527 4885 et
1572 4828 1930 4902 intelligibilis
1979 4830 2122 4890 illius

522 4916 781 4989 principis
822 4927 1093 4990 potestate
1118 4920 1424 4982 decernens
1445 4966 1460 4991 ,
1492 4925 1585 4997 qui
1621 4941 1727 4983 non
1758 4927 1994 4996 videtur,
2022 4928 2122 4987 sed

524 5008 863 5081 intelligitur.
911 5012 1067 5071 Unde
1109 5024 1167 5071 et
1215 5016 1405 5087 psalmi
1449 5018 1669 5089 titulus,
1701 5021 1993 5078 intellectus
2037 5032 2121 5080 est

524 5100 699 5176 (Psal.
729 5105 860 5175 LIV),
887 5123 1049 5179 quem
1082 5118 1263 5168 tamen
1295 5111 1464 5169 David
1495 5114 1703 5185 positus
1729 5116 1781 5172 in
1803 5132 1967 5174 carne
1991 5132 2123 5175 con-

522 5196 687 5255 clusit
718 5215 732 5254 :
764 5198 860 5256 sed
885 5208 946 5257 ut
970 5204 1321 5265 concluderet
1344 5209 1590 5281 rogando
1619 5212 1840 5267 meruit.
1872 5211 2123 5284 Denique

520 5302 554 5345 a
579 5305 717 5349 voce
744 5294 1079 5366 precationis
1105 5298 1291 5371 coepit.

594 5429 624 5459 ⁸
650 5421 782 5509 Mss.
811 5426 1204 5509 propemodum
1235 5445 1426 5509 omnes
1469 5437 1547 5492 sic
1574 5436 1795 5509 habent.
1838 5436 1985 5493 Edit.
2027 5452 2125 5494 au-

521 5500 629 5578 tem
642 5498 1128 5578 vet.,utentibus__ea
1150 5502 1426 5578 umbraest
1448 5510 1581 5564 vitta.
1613 5508 1806 5563 Umbra
1833 5510 1989 5578 enim,
2010 5520 2123 5566 etc.

519 5562 863 5697 ἓῗὲιὲιέθιο,
895 5572 1151 5629 utentibus
1177 5591 1259 5630 ea.
1301 5575 1496 5635 Umbra
1524 5562 1677 5635 etiam
1709 5562 1989 5637 estnostra
2008 5562 2123 5638 inii

593 5679 925 5790 E’E’d'itavet.
954 5726 1011 5774 et
1029 5719 1273 5790 quaedam
1303 5721 1503 5788 Paris.,
1522 5723 1613 5780 ille
1637 5725 1780 5781 solus
1805 5740 1909 5780 non
1936 5725 2122 5782 habeat

518 5795 665 5866 suas.
716 5784 905 5866 Melius
918 5784 1061 5866 Δειιίειὲ
1080 5806 1205 5866 cum
1244 5809 1374 5849 mss.
1419 5784 1672 5853 omnibus
1695 5840 1709 5866 ,
1736 5796 1825 5853 ille
1846 5799 1988 5853 solus
2018 5800 2116 5853 lia-

522 5852 635 5909 beat
654 5871 816 5925 suas;
847 5860 1057 5919 videtur
1078 5864 1219 5921 enim
1242 5880 1339 5936 per
1361 5868 1476 5925 hate
1505 5852 1935 5928 indicarisolum
1955 5852 2114 5930 Chri-

2228 4738 2377 4797 Beati
2402 4756 2621 4813 quorum
2649 4746 2780 4795 tecta
2802 4746 2923 4794 sunt
2946 4746 3155 4809 peccata
3175 4733 3353 4808 (Psal.
3378 4750 3449 4790 xx
3461 4749 3539 4801 ιι,
3566 4732 3644 4804 1).

2845 4872 3074 4932 CAPUT
3120 4870 3213 4929 Vl.

2228 4998 2346 5067 Qua
2366 4999 2565 5054 ratione
2586 4998 2676 5069 qui
2703 4997 2824 5053 velit
2854 4995 3047 5067 fugere,
3071 5008 3187 5048 eum
3214 4991 3453 5047 velociter
3472 4991 3651 5063 fugere
3675 4965 3829 5061 oper;

2302 5102 2401 5149 teat
2423 5108 2443 5147 :
2466 5108 2567 5163 quo
2605 5091 2758 5146 etiam
2805 5088 3110 5162 fugiendum
3149 5086 3252 5154 sit;
3289 5095 3340 5142 et
3378 5084 3446 5140 ad
3473 5084 3612 5155 quod
3641 5082 3823 5138 bonum

2302 5186 2504 5242 animos
2524 5194 2727 5241 nostras
2752 5184 2948 5255 erigere
2976 5181 3299 5238 debeamus?

2306 5308 2398 5365 '52.
2439 5306 2547 5365 Sed
2585 5306 2679 5378 qui
2706 5304 2842 5378 fugit
2870 5306 3131 5366 velociter
3158 5306 3350 5379 fugiat,
3374 5319 3444 5363 ne
3468 5303 3825 5378 comprehen-

2229 5448 2372 5496 stum
2403 5438 2650 5510 proprias
2680 5454 2882 5510 pennas
2905 5438 3105 5497 habere
3131 5458 3144 5494 :
3170 5449 3399 5496 cmteros
3424 5448 3603 5497 autem
3634 5439 3823 5495 alienis

2228 5512 2443 5583 pennis,
2472 5510 2575 5567 hoc
2600 5522 2706 5578 est,
2729 5524 2950 5583 accepto
2976 5512 3229 5568 divinitus
3259 5511 3499 5568 subsidio
3527 5512 3786 5583 indigere.

2306 5582 2545 5639 cOmnes
2591 5583 2747 5657 edit.,
2796 5582 3336 5657 Appropinquantibus
3373 5582 3666 5652 montibus,
3713 5594 3816 5639 etc.

2226 5654 2429 5712 Omnes
2474 5669 2609 5712 mss.
2657 5656 2849 5711 saltem
2878 5654 3118 5723 ’Ga’llic.,
3170 5657 3592 5727 Appropinquate
3638 5657 3821 5709 monti-

2230 5729 2352 5794 bus,
2388 5737 2534 5799 etc._,
2564 5742 2756 5799 nempe
2793 5727 3087 5784 secundum
3132 5725 3308 5796 LXX,
3334 5725 3550 5798 quisic
3591 5727 3822 5794 habent,

2224 5801 2462 5883 ᾆγγὶσοετε
2498 5797 2669 5875 ὄρεσιν
2695 5797 2951 5863 ίαίωνίοις.
2992 5800 3145 5867 Quod
3188 5801 3241 5856 in
3288 5797 3418 5857 edit.
3459 5801 3672 5872 vulgata
3718 5815 3822 5856 non

2224 5889 2279 5929 Ill
2291 5882 2521 5929 venitur.
