4082 6370
646 313 758 372 887

1970 299 2216 360 SANCTI
2255 297 2581 360 AIIBROSII
3894 306 3969 360 5S8

714 429 822 483 lata
852 424 1095 494 deferat?
1115 423 1315 490 Quibus
1337 416 1530 473 accedit
1549 416 1775 489 ejusdem
1799 416 2050 469 sententia
2075 430 2239 485 θαιρο-
2270 419 2320 480 Α
2347 415 2470 484 quia
2498 413 2698 468 malum
2725 413 2867 468 Deus
2897 427 3002 468 non
3027 411 3182 478 fecit,
3216 409 3322 468 sed
3360 410 3621 481 nequitia
3666 408 3870 468 diaboli
3906 416 3966 470 is-

719 521 862 574 sitio.

719 614 808 668 31.
855 612 951 667 Est
994 609 1156 681 igitur
1192 622 1302 662 non
1344 603 1634 660 mediocris
1671 616 1834 658 causa
1866 616 1965 656 cur
1995 599 2123 654 hinc
2160 598 2247 654 fu-

645 724 773 780 gere
801 707 1097 763 debeamus
1123 745 1138 771 ,
1162 703 1626 775 ut-perveniamus
1649 715 1677 754 a
1707 698 1867 754 malis
1887 697 1955 751 ad
1985 696 2149 761 bona,
2178 694 2248 750 ab

641 801 862 857 incertis
893 799 958 855 ad
1000 797 1175 854 ﬁdelia
1211 808 1265 852 et
1299 796 1456 864 plena
1480 794 1725 849 veritatis
1752 835 1766 859 ,
1797 807 1828 846 a
1867 801 2044 845 morte
2074 789 2140 843 ad
2169 789 2248 843 vi-

639 909 770 954 tam.
814 897 934 968 ipse
973 907 1188 964 quoque
1229 890 1491 946 Dominus
1533 887 1812 942 dicendo:
1854 884 2015 938 Posui
2045 892 2162 937 ante
2202 891 2250 937 te

637 993 823 1048 bonum
868 999 916 1046 et
959 989 1178 1052 malum,
1207 988 1365 1041 vitam
1411 995 1457 1040 et
1487 994 1702 1038 mortem
1742 981 1923 1054 (Deut.
1968 996 2104 1046 xxx,
2132 979 2243 1049 15),

634 1084 1030 1141 demonstravit
1079 1081 1202 1151 quia
1251 1080 1454 1134 bonum
1487 1079 1595 1131 vita
1629 1084 1750 1142 est,
1779 1074 1877 1130 sed
1918 1081 2142 1128 aeterna.
2186 1070 2251 1128 Si

637 1182 752 1236 haec
796 1179 940 1235 enim
973 1175 1209 1231 obnoxia
1263 1174 1468 1229 saeculo
1510 1183 1672 1242 atque
1705 1170 1823 1240 ejus
1878 1168 2240 1239 malignitati,

635 1274 819 1344 utique
851 1272 946 1326 illa
977 1280 1059 1325 est
1092 1269 1261 1333 bona,
1287 1283 1408 1338 qua:
1434 1280 1542 1321 non
1575 1263 1943 1332 corrumpitur
1971 1273 2026 1318 et
2068 1273 2244 1317 muta-

632 1379 740 1433 tur,
772 1381 892 1437 quin
921 1364 1068 1420 nullo
1095 1362 1226 1418 vitio
1251 1360 1550 1431 degenerat
1577 1400 1591 1423 ,
1625 1374 1744 1428 (iure
1769 1358 1967 1414 virtute
2007 1356 2242 1428 acquiri-

632 1468 741 1515 tur.
775 1459 1069 1528 Fugientes
1097 1469 1227 1526 ergo
1267 1453 1530 1508 malitiam
1579 1452 1762 1506 δευουΙί
1807 1450 1966 1520 hujus
1992 1491 2005 1514 ,
2039 1449 2091 1503 in
2133 1462 2242 1518 quo

634 1553 739 1622 ipsi
782 1551 892 1605 dies
915 1591 929 1617 ,
976 1550 1150 1618 inquit
1175 1547 1398 1619 (Epiros.
1423 1562 1476 1610 v,
1509 1545 1601 1617 l6)
1625 1587 1638 1609 ,
1669 1545 1794 1598 mali
1815 1553 1968 1610 sunt;
1991 1551 2044 1597 et
2072 1541 2242 1612 fugia-

632 1659 752 1699 mus
799 1643 1048 1713 impigre.
1090 1640 1326 1711 ldeoquc
1371 1639 1561 1694 Esaias
1601 1639 1799 1692 clamat
1834 1653 1847 1689 :
1889 1636 2240 1690 Convalescile

633 1754 814 1792 manus
840 1736 1089 1801 remissw,
1125 1743 1170 1787 et
1200 1750 1368 1805 genua
1392 1729 1643 1786 dissoluta
1667 1729 1842 1796 (Esai.
1876 1745 2049 1793 xxxv,
2072 1726 2153 1799 5),
2182 1726 2236 1782 id

2350 508 2540 572 seruit,
2575 507 2866 563 vindictam
2897 507 3042 563 Deus
3064 506 3330 575 distulit;
3374 514 3437 564 ut
3468 504 3546 560 ab
3573 505 3710 574 ipsis
3735 522 3866 576 quos
3891 509 3963 563 tie-

2350 616 2588 676 ceperat,
2613 605 2864 666 diabolus
2892 604 3440 674 vinceretur(Can/.
3492 603 3557 660 S.
3617 604 3758 674 Aug.
3805 604 3887 658 ω.
3924 623 3959 660 tr

2351 710 2530 754 contra
2555 701 2684 754 duas
2706 700 2856 770 epist.
2881 698 3066 771 Pelag.
3097 716 3148 755 ο.
3178 697 3299 771 ll).

2420 791 2510 847 40.
2555 791 2892 850 Exercentur
2914 807 3047 863 ergo
3076 792 3325 862 decepti,
3376 799 3442 848 ut
3483 799 3546 847 et
3577 789 3817 859 pretium
3848 789 3963 846 least

2349 886 2646 948 facilitatis,
2675 897 2724 940 et
2749 897 2964 942 sumant
2993 887 3172 942 studia
3200 889 3465 950 virtutis,
3502 885 3844 942 industria.
3863 902 3961 946 cas-

2352 980 2533 1035 tiouis.
2565 981 2716 1037 Unde
2738 982 2810 1038 ait
2840 1000 2853 1036 :
2889 980 3069 1036 Estote
3099 983 3264 1051 astuti
3287 983 3437 1042 sicut
3466 991 3753 1051 serpentes
3781 979 3959 1051 (Metti.

2350 1089 2408 1141 x,
2443 1074 2553 1144 16).
2594 1076 2771 1140 Quare
2811 1075 2952 1130 sicut
2997 1075 3337 1146 serpentes?
3383 1073 3461 1130 Ut
3507 1083 3573 1129 et
3609 1074 3705 1130 ille
3739 1076 3962 1144 spatietur

2348 1184 2471 1236 suo,
2503 1177 2558 1224 et
2584 1170 2671 1240 qui
2704 1169 2843 1224 alios
2864 1185 3068 1225 exuere
3094 1171 3289 1235 voluit,
3315 1171 3559 1226 amittat
3588 1186 3722 1240 quas
3758 1180 3879 1224 sunt
3903 1171 3958 1239 ίρν

2348 1266 2481 1329 sius,
2518 1281 2623 1318 non
2652 1279 2882 1332 venena,
2914 1264 3011 1320 sed
3039 1265 3232 1321 merita
3268 1274 3525 1319 naturae.
3561 1265 3823 1334 Denique
3860 1265 3952 1331 deji-

2347 1359 2489 1413 citur
2523 1357 2617 1412 ille
2654 1372 2776 1412 cum
2824 1368 2880 1412 tu
2929 1358 3261 1413 ascenderis.
3308 1358 3621 1428 Scriptum
3670 1368 3763 1412 est
3805 1360 3948 1414 enin.

2359 1449 2599 1504 Videbam
2626 1461 2858 1506 satanam
2897 1452 3029 1505 sicut
3055 1452 3231 1524 fulgur
3265 1451 3559 1506 cadentem
3582 1451 3658 1506 de
3679 1453 3810 1506 coelo
3833 1451 3945 1523 (Lee.

2344 1557 2399 1604 x.
2431 1543 2546 1613 18).
2580 1543 2696 1597 Non
2728 1543 2939 1613 lulgur,
2968 1545 3139 1612 inquit
3161 1568 3191 1609 ,-
3226 1543 3324 1600 sed
3369 1546 3529 1600 sicut
3585 1545 3781 1615 fulgur
3809 1562 3822 1609 ;
3861 1546 3943 1614 etiis

2343 1651 2500 1690 suum
2552 1635 2730 1691 lumen
2780 1637 2997 1703 amisit,
3044 1637 3188 1708 quod
3235 1639 3484 1694 habebat
3534 1651 3842 1709 antequam
3881 1642 3940 1694 tu.”

2345 1739 2494 1784 tuum
2527 1731 2710 1786 lumen
2739 1731 2900 1786 vellet
2926 1731 3161 1786 auferre.
3199 1731 3402 1788 Verum
3456 1732 3622 1789 forte
3667 1734 3824 1788 dicas
3854 1736 3936 1803 quis

626 1839 732 1896 est,
768 1847 874 1884 non
897 1827 1165 1899 corporis,
1185 1826 1279 1882 sed
1303 1828 1500 1880 anima:
1528 1823 2148 1895 genua,convalescite;
2182 1831 2236 1876 ut
2267 1821 2315 1881 B
2344 1835 2396 1879 et
2417 1825 2485 1878 de
2513 1825 2796 1880 Salvatore
2828 1825 3075 1896 legimus,
3101 1827 3227 1895 quia
3267 1827 3405 1882 sicut
3455 1830 3662 1898 fulgur
3709 1845 3933 1882 causam

625 1924 891 1980 directura
924 1922 988 1976 ad
1033 1921 1156 1976 cmli
1197 1919 1460 1974 altissima
1503 1916 1702 1972 mentis
1733 1918 2022 1986 vestigium
2062 1916 2234 1985 possit

625 2019 834 2084 attolli,
871 2023 928 2070 ttt
957 2015 1272 2071 sitlductus
1303 2011 1558 2077 solidior,
1597 2013 1702 2065 vita
1733 2009 2029 2077 maturior,
2066 2006 2228 2080 ‘33

624 2113 794 2182 gratia
827 2110 1060 2179 plenior,
1093 2108 1376 2179 prudentia
1405 2105 1872 2174 circnmspectior.

696 2205 788 2260 58.
817 2203 928 2258 iloc
945 2211 1027 2258 est
1045 2203 1187 2257 enim
1213 2193 1421 2271 fugere,
1450 2199 1591 2253 scire
1611 2212 1719 2267 quo
1749 2195 2228 2263 tendas,ablevare

621 2314 684 2354 se
723 2313 752 2351 a
797 2295 997 2351 satculo
1031 2337 1047 2362 ,
1106 2294 1358 2347 ablevare
1413 2306 1472 2345 se
1519 2305 1549 2343 a
1599 2303 1874 2359 corpore;
1921 2304 1989 2342 ne
2029 2290 2226 2342 iterum

621 2393 825 2446 frustra
847 2405 907 2444 se
933 2386 1130 2458 aliquis
1152 2386 1402 2449 extollat,
1455 2392 1510 2438 et
1557 2382 1775 2436 inﬂatus
1820 2389 2000 2435 mente
2045 2381 2226 2435 carnis

621 2500 734 2540 suae
766 2499 874 2537 non
903 2489 1086 2536 teneat
1135 2486 1318 2548 caput,
1353 2486 1409 2531 et
1438 2475 1650 2529 dicatur
1669 2474 1736 2529 de
1769 2474 1852 2527 his
1883 2490 1895 2524 :
1934 2471 2222 2544 Fugerunt,

617 2587 789 2631 etnon
813 2575 1047 2630 uiderunt
1071 2571 1192 2644 (Job
1211 2587 1297 2636 rx,
1327 2567 1456 2639 25).
1483 2567 1588 2622 Sed
1616 2566 1717 2621 hoc
1749 2576 1833 2620 est
1864 2565 2049 2636 fugere
2071 2565 2221 2632 hinc,

617 2671 756 2725 mori
783 2667 1073 2724 elementis
1118 2665 1272 2719 istius
1317 2660 1545 2726 mundi,
1593 2658 1930 2722 abscondere
1960 2658 2124 2714 vitam
2167 2660 2222 2715 in

621 2764 753 2830 Deo,
777 2760 1056 2816 declinare
1081 2757 1482 2826 corruptiones,
1534 2771 1643 2822 non
1684 2753 2024 2808 adtarninare
2071 2751 2224 2820 (κυρίη

615 2855 834 2921 ditates,
869 2853 1082 2909 nescire
1103 2866 1222 2921 qua}
1250 2859 1375 2904 sunt
1404 2847 1590 2902 mundi
1625 2847 1797 2914 istius,
1823 2847 1912 2917 qui
1944 2845 2100 2902 nobis
2131 2859 2222 2900 va-

615 2951 729 3005 rios
777 2947 947 3020 gignit
998 2945 1219 3001 dolores
1250 2942 1496 2998 exinanit
1559 2955 1683 2997 cum
1729 2938 2040 3009 repleverit,
2093 2953 2218 2994 cum

614 3040 992 3106 exinaniverit,
1027 3041 1220 3110 replet.
1249 3037 1318 3093 Et
1343 3036 1462 3091 lucc
1485 3037 1666 3090 omnia
1715 3034 1896 3089 inania
1925 3043 1980 3088 et
2025 3047 2215 3098 vacua,

612 3138 664 3192 in
689 3137 883 3208 quibus
912 3135 1094 3190 nullus
1131 3133 1337 3188 solidus
1365 3141 1447 3185 est
1480 3130 1706 3185 fructus.
1745 3129 1984 3185 Mortuus
2013 3137 2098 3184 est
2137 3127 2218 3182 di-

2335 1919 2397 1970 de
2419 1919 2511 1970 sub
2541 1918 2737 1972 cutio...
2770 1919 2844 1972 ita
2865 1918 2958 1971 erit
2988 1927 3036 1973 et
3061 1918 3310 1972 adventus
3356 1918 3496 1974 Filii
3528 1920 3778 1975 hotttinis
3823 1919 3928 1990 (Lit.

2334 2025 2465 2075 xvu,
2491 2009 2606 2078 24).
2645 2009 2790 2066 Bene
2816 2021 2870 2066 et
2893 2010 2979 2066 itic
3003 2011 3144 2064 sicut
3166 2010 3372 2080 fulgur,
3401 2010 3539 2081 quia
3564 2026 3752 2081 supra
3778 2011 3923 2081 fulgur.

2334 2103 2574 2172 Denique
2622 2102 2800 2172 fulgur
2845 2103 2913 2158 de
2949 2103 3050 2158 sub
3083 2103 3262 2158 celo:
3303 2103 3496 2159 lumen
3541 2116 3748 2172 autem
3785 2121 3923 2160 veru

2330 2211 2494 2265 supra
2523 2197 2741 2252 cmium.
2775 2196 2916 2268 Ergo
2944 2196 3173 2254 Satanas
3202 2198 3344 2254 sicut
3372 2199 3591 2269 fulgur,
3624 2200 3764 2270 quia
3790 2202 3922 2254 amisit

2332 2291 2435 2346 hoc
2477 2293 2618 2362 quod
2647 2291 2873 2352 habuit:
2903 2303 2959 2350 tu
2994 2301 3171 2350 autem
3197 2293 3452 2363 recepisti
3487 2294 3652 2365 quod
3677 2298 3916 2352 amiseras.

2400 2385 2491 2441 ii.
2532 2385 2650 2442 Non
2677 2385 2820 2442 enim
2853 2386 2921 2442 ita
2951 2388 3094 2442 circa
3131 2386 3284 2442 illum
3324 2387 3471 2442 sicut
3506 2390 3670 2444 circa
3701 2397 3757 2444 te
3785 2389 3915 2444 Saluta

2327 2490 2411 2534 est
2448 2480 2741 2536 sententia.
2782 2478 2914 2536 Nam
2964 2479 3164 2536 Christi
3205 2481 3381 2551 gratia
3429 2498 3562 2550 (ιιιιε
3608 2491 3668 2540 te
3713 2484 3913 2548 resolvit,

2326 2572 2475 2628 illum
2526 2573 2800 2630 astrinxit.
2845 2573 3022 2632 “anet
3067 2575 3210 2630 enim
3259 2576 3588 2634 maledictio
3641 2578 3840 2634 directa
3876 2579 3912 2631 is

2325 2680 2636 2736 serpentem
2663 2677 2885 2738 propter
2912 2678 3057 2726 tuam
3083 2668 3494 2740 deceptionem.
3539 2673 3642 2727 Sic
3673 2675 3816 2728 cim
3833 2673 3911 2727 di:-

2325 2760 2548 2819 tum'est
2569 2764 2634 2819 ad
2659 2781 2784 2820 eum
2805 2781 2818 2818 ι
2840 2765 3143 2822 Maledictus
3172 2777 3227 2822 tu
3254 2768 3320 2820 alt
3343 2767 3592 2822 omuibus
3610 2766 3907 2841 mpera-

2323 2858 2464 2913 ribus
2493 2871 2640 2914 terra
2674 2860 2829 2931 (Gen.
2861 2877 2921 2918 nt
2947 2903 2961 2926 ,
2994 2861 3107 2930 Η).
3144 2861 3401 2918 Omnium
3428 2865 3585 2922 enim
3639 2869 3906 2921 cruentans

2322 2952 2574 3010 inimicus
2603 2964 2707 3021 εει,
2731 2955 2828 3026 qui
2850 2955 2944 3009 fuit
2968 2955 3138 3010 hostis
3163 2957 3456 3022 bonorum,
3479 2966 3545 3013 et
3573 2974 3682 3028 pro
3704 2961 3766 3015 iis
3791 2959 3905 3015 dast-

2321 3057 2478 3102 natur
2495 3063 2632 3117 qnos
2653 3049 2831 3102 adhuc
2857 3065 2964 3103 non
2987 3049 3238 3116 laeserat;
3259 3031 3527 3120 quoiam
3546 3053 3648 3121 qui
3674 3053 3900 3108 incuriosa

2321 3138 2478 3204 laesit,
2511 3143 2594 3194 cui
2622 3140 2711 3196 illa
2733 3141 2914 3196 omnia
2937 3142 3179 3211 subjecta
3199 3152 3349 3209 sunt,
3375 3143 3523 3199 laesit
3544 3145 3760 3202 omnia.
3781 3145 3900 3200 Cou-

611 3243 724 3292 ves,
757 3238 813 3284 et
844 3227 973 3281 nihil
999 3226 1205 3291 habet;
1231 3225 1357 3295 quia
1381 3231 1596 3278 nonest
1630 3223 1684 3276 itt
1721 3221 1890 3277 Deum
1926 3220 2118 3276 dives:
2159 3227 2215 3275 et

2323 3249 2538 3289 munem
2569 3236 2765 3289 etenim
2791 3236 2964 3304 legem
2995 3235 3176 3303 solvit,
3201 3251 3306 3306 qua
3330 3247 3383 3292 et
3415 3238 3540 3306 ipse
3572 3238 3788 3293 homini
3812 3253 3896 3292 cui

609 3322 736 3376 ideo
760 3319 1048 3390 insipiens,
1075 3317 1201 3387 quia
1227 3316 1491 3386 sapientia
1523 3315 1736 3368 cultura
1757 3322 1841 3368 est
1869 3313 1961 3369 Dei
1986 3353 2000 3378 ,
2049 3311 2212 3368 absti-

610 3429 742 3469 nere
771 3420 950 3466 autem
973 3427 1003 3464 a
1033 3408 1189 3464 malis
1217 3408 1501 3476 disciplina
1531 3415 1635 3462 est.

678 3506 768 3562 '59.
809 3505 940 3574 Quis
962 3519 1092 3575 ergo
1119 3519 1225 3558 non
1255 3503 1420 3574 fugiat
1445 3501 1665 3556 malitiae
1697 3501 1875 3556 locum
1899 3542 1913 3566 ,
1937 3500 2209 3558 officinam

608 3597 1002 3669 improbitatis,
1062 3611 1179 3665 quae
1222 3595 1442 3649 interire
1491 3593 1741 3647 nesciat?
1798 3593 2040 3663 Denique
2099 3607 2207 3650 non

605 3697 780 3750 otiose
809 3693 1021 3764 signum
1053 3693 1286 3762 positum
1313 3701 1397 3746 est
1418 3706 1582 3759 supra
1607 3689 1761 3755 Cain,
1810 3706 1877 3746 ne
1916 3691 2039 3760 quis
2082 3707 2206 3746 eum

604 3787 915 3853 cecideret;
944 3795 1000 3839 ut
1027 3782 1423 3856 signiﬁcaretur
1443 3782 1586 3853 quod
1619 3799 1725 3836 non
1750 3783 2127 3853 exstinguatur
2153 3791 2208 3839 et

603 3881 877 3936 auferatur
905 3894 933 3931 a
960 3878 1122 3934 terris
1154 3875 1380 3931 malitia.
1405 3875 1650 3931 'fimebat
1691 3873 1822 3931 Cain
1873 3890 1942 3930 ne
1991 3875 2209 3931 occide~

559 3972 562 3973 ⁷
601 3985 771 4040 retur,
803 3972 930 4042 quia
970 3970 1154 4042 fugere
1184 3970 1478 4025 nesciebat.
1535 3972 1774 4042 Augetur
1823 3969 1970 4025 enim
2016 3981 2070 4026 et
2115 3987 2208 4026 cu-

605 4067 842 4122 mulatur
867 4067 986 4137 ipso
1017 4080 1117 4120 usu
1147 4062 1375 4129 malitia,
1417 4071 1471 4119 et
1511 4075 1596 4119 est
1647 4065 1764 4118 sine
1803 4064 2201 4132 moderatione,

602 4159 720 4215 sine
751 4160 877 4224 line,
899 4157 1028 4213 dolo
1053 4168 1108 4213 et
1138 4156 1328 4213 fraude
1357 4157 1662 4212 decernens
1688 4199 1701 4222 ,
1745 4173 1866 4228 quae
1907 4159 2064 4214 lactis
2091 4158 2205 4214 suis

604 4251 850 4322 proditur
869 4261 924 4306 et
953 4251 1214 4322 sanguine
1231 4262 1661 4320 peremptorum,
1689 4251 1830 4306 sicut
1849 4250 2048 4307 etCain
2082 4269 2206 4322 pro-

600 4346 746 4401 ditus
775 4353 876 4400 est.
899 4344 1159 4400 Versatur
1207 4345 1387 4414 itaque
1428 4343 1484 4398 in
1531 4344 1688 4398 terris
1726 4346 1962 4409 malitia,
1989 4345 2014 4385 δ
2044 4355 2204 4417 atque

608 4440 732 4494 istic
755 4448 904 4493 errat
931 4453 947 4504 ;
981 4446 1035 4492 et
1062 4437 1186 4492 idco
1212 4451 1466 4508 rogamus
1495 4435 1831 4491 voluntatem
1866 4439 1956 4493 Dei
1987 4438 2100 4492 fieri
2150 4442 2202 4492 in

601 4534 763 4590 terris
793 4532 933 4588 sicut
959 4544 1011 4586 et
1040 4531 1091 4585 in
1121 4531 1274 4585 caelis
1305 4529 1522 4600 (Matth.
1554 4546 1629 4592 vt,
1664 4530 1776 4601 10),
1825 4540 1883 4585 ut
1917 4540 1972 4586 et
2001 4531 2088 4588 hic
2133 4534 2203 4588 sit

2316 3327 2529 3382 caeteris
2562 3328 2807 3383 subditus
2836 3340 2938 3384 est.
2966 3329 3092 3384 ideo
3117 3330 3394 3386 cr'tmmuui
3415 3329 3554 3388 odio
3582 3332 3826 3392 onutiuut
3842 3343 3896 3384 st-

2315 3434 2422 3488 que
2442 3421 2818 3475 exsecratione
2838 3420 3146 3476 maledictio
3167 3421 3285 3490 ejus
3306 3433 3599 3481 oneratur.
3631 3423 3813 3480 Genus
3829 3437 3894 3480 ιι·

2317 3519 2422 3566 tem
2451 3511 2813 3567 damnationis
2842 3527 2948 3567 non
2974 3528 3140 3580 mors,
3165 3513 3259 3568 sed
3289 3529 3455 3586 pinna
3482 3515 3755 3572 diuturna
3793 3525 3891 3570 est:

2316 3601 2486 3674 Super
2505 3611 2698 3671 pectus,
2724 3603 2917 3674 inquit,
2931 3615 3078 3659 tuum
3097 3615 3143 3660 et
3165 3615 3388 3662 veritum
3407 3605 3890 3676 ambulabisilbidl

2315 3696 2611 3751 Premenda
2643 3698 2787 3753 enim
2818 3699 2916 3752 fuit
2945 3699 3104 3754 noxia
3133 3700 3490 3765 conscientia,
3516 3712 3574 3755 et
3599 3702 3891 3773 proletarii

2313 3791 2540 3856 malitia,
2570 3791 3081 3861 fraudulentumque
3111 3802 3383 3850 secretum
3425 3803 3716 3864 tamquam
3756 3812 3784 3854 ει
3823 3794 3890 3856 Dii

2310 3881 2446 3938 facie
2470 3883 2850 3955 relegandum:
2875 3886 3034 3941 simul
3063 3887 3372 3944 ostenditur
3393 3887 3544 3957 quod
3571 3896 3790 3944 terrena
3808 3902 3890 3941 sta-

2312 3977 2425 4032 litia
2454 3978 2544 4043 sit,
2577 3995 2697 4048 qua:
2733 3979 2787 4033 in
2830 3988 3030 4034 terram
3062 3989 3330 4035 recurvet.
3373 3980 3630 4049 Denique
3678 3981 3886 4038 addidit:

2310 4070 2379 4124 Et
2409 4081 2599 4125 terram
2621 4077 2736 4128 edes
2758 4089 2929 4128 omnes
2953 4072 3066 4128 dies
3097 4074 3211 4128 vita
3233 4084 3353 4130 tutu.
3383 4071 3610 4147 (Hist).

2380 4167 2472 4221 49.
2521 4167 2761 4221 Describi
2789 4167 3006 4239 quidem
3034 4168 3118 4223 his
3148 4176 3338 4224 natura
3363 4170 3651 4238 serpentis
3683 4170 3883 4233 videtur,

2307 4261 2402 4317 sed
2427 4263 2594 4332 magis
2618 4277 2780 4317 omne
2805 4278 2901 4318 vas
2938 4263 3158 4318 malitiae
3179 4262 3547 4330 describitur,
3579 4265 3764 4326 omnis
3797 4279 3886 4319 ser-

2308 4368 2440 4422 pens
2471 4351 2861 4422 improbitatis,
2883 4355 2972 4426 qui
2999 4354 3053 4409 in
3097 4365 3344 4411 ventrem
3374 4371 3436 4412 se
3475 4356 3671 4426 dejicit
3694 4399 3712 4426 ,
3751 4366 3882 4427 atque

2307 4445 2447 4500 intra
2473 4461 2530 4500 se
2552 4463 2819 4502 venenum
2849 4464 3005 4502 suum
3055 4447 3276 4512 claudit,
3319 4458 3376 4505 et
3413 4450 3564 4506 intus
3607 4452 3665 4508 in
3700 4461 3883 4522 pectore

2305 4553 2406 4594 suo
2446 4539 2641 4608 volvit,
2687 4541 3105 4608 cogitationibus
3155 4542 3270 4598 suis
3319 4542 3612 4610 lubricus,
3657 4555 3716 4600 et
3751 4559 3882 4615 super

599 4625 928 4682 innocentia.
957 4624 1143 4693 Itaque
1169 4622 1372 4677 malitia
1393 4623 1647 4694 quoniam
1697 4623 1808 4676 illic
1853 4623 1963 4691 jam
2015 4625 2191 4680 locum

2323 4631 2517 4688 raudes
2540 4649 2666 4688 suas
2695 4635 2996 4701 ambulans,
3033 4636 3148 4690 suis
3177 4635 3316 4690 dolis
3341 4651 3404 4692 se
3434 4636 3554 4704 ipse
3599 4637 3878 4708 implicant,

600 4737 707 4776 non
741 4719 921 4784 habet,
953 4719 1040 4771 hic
1061 4716 1284 4781 circuit,
1322 4715 1407 4770 hic
1450 4715 1622 4781 saevit,
1673 4731 1903 4788 seseque
1947 4719 2193 4786 effundit,

598 4832 704 4870 non
736 4814 1011 4869 mundano
1041 4811 1132 4867 illo
1165 4825 1342 4866 mersa
1392 4811 1597 4879 diluvio
1621 4852 1633 4872 .
1685 4828 1792 4866 non
1841 4811 2196 4869 Soduntitano

601 4919 791 4965 exusta
821 4905 1090 4961 incendio.
1120 4903 1362 4972 Denique
1391 4905 1615 4973 gravius
1643 4913 1831 4975 postea
1867 4907 1921 4963 in
1961 4909 2197 4961 semina—-

594 5003 689 5056 riis
721 5000 1026 5070 pullulavit,
1054 5014 1223 5066 usque
1256 4999 1307 5051 in
1342 4997 1517 5064 ipsmn
1545 4999 1900 5068 parricidales
1937 5015 1999 5055 ac
2026 5001 2193 5056 sacri-

589 5094 737 5165 legas
761 5093 1013 5163 injiciens
1045 5080 1237 5148 manus
1268 5093 1644 5148 universorum
1676 5105 1950 5150 auctorem
1975 5098 2186 5151 salutis.

589 5187 702 5244 Lex
724 5190 918 5243 tactum
952 5187 1194 5251 damnat,
1226 5203 1332 5242 non
1363 5186 1542 5241 aufert
1591 5187 1873 5242 malitiam.
1919 5189 2037 5257 ipse
2087 5190 2186 5244 Do-

587 5285 767 5339 minus
812 5283 972 5338 Jesus
1023 5291 1304 5351 peccatum
1359 5281 1681 5344 damnavit,
1738 5289 2014 5336 auctorem
2070 5283 2187 5352 ejus

585 5376 826 5443 distulit;
852 5385 909 5432 ut
931 5388 1078 5432 esset
1099 5391 1194 5446 per
1217 5391 1374 5445 quem
1391 5375 1522 5444 justi
1547 5374 1929 5445 probarentur.
1969 5375 2183 5432 Etenim

655 5565 681 5590 ⁸
697 5555 820 5608 Mss.
854 5562 1083 5621 septem,
1103 5551 1286 5604 doetus
1311 5550 1547 5604 solidior.
1567 5550 1722 5616 Quod
1757 5550 1896 5605 forte
1917 5560 1975 5604 ut
2002 5567 2185 5608 emen-

586 5624 774 5678 darout
797 5625 930 5678 edit.
962 5638 1276 5691 reposuere,
1311 5624 1545 5676 doctrina
1570 5622 1807 5677 solidior.
1842 5625 1906 5678 At
1931 5640 2060 5677 mss.
2086 5638 2179 5680 sex

584 5693 784 5764 legunt.
811 5695 995 5764 ductus
1017 5693 1252 5753 solidior,
1277 5709 1398 5762 qua:
1425 5710 1546 5746 vera
1573 5694 1732 5748 lectio
1759 5694 1916 5748 nobis
1941 5694 2174 5750 videtur.

581 5761 717 5820 Tres
749 5776 924 5818 tamen
953 5763 1172 5829 habent,
1201 5761 1346 5816 actus
1377 5765 1614 5818 solidior.
1644 5764 1760 5819 Non
1785 5766 1947 5819 male.

614 5850 617 5853 '
657 5833 684 5872 δ
717 5835 842 5890 Mss.
872 5833 1059 5906 plures
1096 5842 1261 5904 atque
1288 5834 1420 5889 edit.
1461 5845 1573 5892 vet.
1603 5876 1619 5904 ,
1664 5845 1817 5907 atque
1859 5837 1973 5892 istis
2017 5847 2171 5905 erat;

2302 4740 2525 4780 movens
2552 4741 2771 4798 semper
2799 4736 2959 4797 atque
2986 4728 3268 4796 exagitans
3293 4743 3390 4782 sua
3419 4743 3637 4788 venena
3662 4747 3786 4788 cum
3805 4745 3879 4783 ωο

2297 4821 2451 4890 gitat,
2485 4831 2730 4874 ventrem
2762 4835 2998 4890 quoque,
3033 4819 3138 4878 hoc
3176 4830 3279 4886 est,
3324 4823 3688 4879 seminarium
3724 4823 3879 4879 cordis

2296 4914 2381 4968 sui
2410 4925 2710 4982 proterens.
2750 4913 2906 4971 Unde
2930 4916 3154 4984 pulchre
3180 4917 3345 4971 David
3367 4918 3439 4972 ait
3476 4935 3492 4971 :
3523 4919 3754 4974 Alienati
3781 4928 3876 4974 satu

2295 5016 2583 5077 peccatores
2628 5009 2690 5062 ab
2736 5017 2912 5075 utero,
2957 5021 3249 5064 erraverunt
3285 5027 3316 5063 a
3346 5023 3543 5079 ventre,
3589 5014 3750 5067 locuti
3779 5019 3876 5066 sust

2295 5099 2450 5165 falsa.
2487 5101 2656 5154 [εἰη-επ
2676 5102 2782 5157 illis
2803 5103 3085 5158 secundum
3110 5103 3506 5159 similitudinem
3528 5108 3797 5176 serpentis,
3816 5105 3874 5158 si-

2291 5202 2374 5246 cut
2399 5194 2597 5259 aspidis
2623 5196 2796 5250 surdis
2830 5207 2880 5251 et
2924 5199 3234 5254 obstruentis
3269 5215 3423 5254 aures
3450 5216 3613 5268 suas,
3650 5216 3766 5271 qua
3787 5215 3870 5254 nos

2288 5290 2526 5343 exaudiet
2553 5305 2725 5343 vocem
2756 5290 3166 5362 iucantautium;
3208 5305 3256 5348 et
3288 5294 3533 5364 veneﬁci,
3566 5309 3684 5348 cstas
3710 5293 3871 5348 incau-

2289 5392 2428 5438 tatur
2457 5403 2489 5440 a
2525 5387 2750 5458 sapiente
2791 5385 2971 5457 (Psal.
3029 5404 3158 5456 Lm,
3183 5387 3218 5442 4
3247 5398 3292 5443 st
3330 5388 3485 5460 seq.).
3519 5388 3752 5460 Propter
3782 5386 3866 5443 hoc

2293 5561 2434 5626 quod
2459 5577 2579 5616 cum
2611 5564 2888 5619 videretur
2920 5564 3195 5634 frigidum.
3225 5566 3276 5620 in
3305 5564 3437 5620 edit.
3465 5564 3625 5626 Rom.
3673 5575 3865 5627 reswi'

2293 5637 2400 5704 tum
2437 5644 2538 5686 cst.
2591 5635 2658 5688 At
2701 5651 2885 5690 verum
2925 5638 3212 5700 lectionem
3253 5637 3407 5694 nobis
3448 5637 3746 5704 exhibuere
3781 5649 3862 5687 ω·

2287 5700 2434 5758 dices
2464 5705 2719 5768 Ebrulph.
2753 5722 2816 5762 ac
2847 5707 3056 5762 Theod.
3088 5709 3232 5764 Idem
3255 5711 3397 5763 enim
3434 5700 3517 5763 est
3563 5709 3676 5762 istic
3715 5714 3859 5772 errat,

2284 5781 2446 5844 atque
2476 5775 2595 5830 istic
2625 5789 2847 5849 vagatur
2873 5795 2937 5835 ac
2957 5795 3016 5836 se
3055 5779 3321 5836 diffundit.
