4082 6370
85 313 210 370 58:)

94 609 265 664 doleo
303 609 439 682 (Jer.
486 628 561 678 tv,
596 612 722 684 l9);
751 611 874 679 quia
914 612 985 668 ibi
1029 623 1112 667 est
1156 610 1381 676 malitia,
1426 610 1516 670 ubi
1559 609 1720 666 debet

93 717 232 757 eSse
256 703 572 760 innocentia
599 721 612 760 :
643 715 698 760 et
726 705 856 760 illud
882 704 1000 774 plus
1025 705 1252 768 laborat,
1285 702 1429 774 quod
1470 703 1523 759 in
1563 701 1720 759 nobis

97 794 284 851 debet
332 810 458 856 esse
505 797 846 866 tranquillius
881 810 1083 867 :atque
1121 796 1173 852 id
1205 795 1459 864 nequitiae
1483 793 1723 866 vestigiis

103 887 492 955 proculcetur,
527 889 829 948 stimulatur
852 888 1138 959 unguibus,
1186 903 1442 958 processu
1485 885 1719 958 quodam

103 979 504 1048 improbitatis,
535 983 975 1052 incrementoque
1005 981 1336 1045 concutitur.
1374 982 1464 1040 ubi
1510 990 1592 1038 est
1631 995 1726 1051 ge-

106 1074 292 1130 nitale
325 1077 675 1134 seminarium
710 1075 1043 1145 posteritatis
1068 1085 1307 1134 internae.
1338 1074 1562 1132 Videtur
1599 1073 1723 1144 qui-

104 1165 240 1221 dem
277 1165 382 1221 hoc
411 1167 476 1220 ad
508 1166 560 1221 id
586 1181 708 1222 esse
736 1165 1080 1228 referendum
1107 1208 1124 1235 ,
1173 1167 1320 1237 quod
1363 1166 1582 1221 dolebat
1629 1179 1726 1235 pe-

105 1258 256 1314 risse
281 1274 419 1330 quos
441 1263 647 1320 creavit
669 1261 811 1315 filios
840 1270 895 1318 et
923 1261 1185 1330 suscepit,
1215 1261 1310 1318 sed
1339 1259 1509 1316 multo
1536 1261 1727 1330 magis,

106 1350 261 1420 quod
294 1353 347 1406 in
377 1361 568 1412 ventre
599 1367 699 1414 suo
733 1354 882 1410 verbi
920 1354 1279 1412 seminarium
1331 1369 1436 1408 non
1479 1352 1727 1412 habebat.

109 1443 248 1500 Ideo
284 1446 534 1502 ventrem
565 1461 721 1504 suum
745 1445 900 1512 dicit,
924 1445 1078 1516 quasi
1103 1445 1575 1517 pretiosissimum.
1608 1444 1736 1506 Pre—

120 1535 301 1591 tiosus
331 1539 475 1591 enim
505 1537 701 1592 mentis
728 1547 912 1593 uterus
944 1549 1045 1602 est,
1078 1537 1133 1591 in
1174 1551 1281 1609 quo
1316 1536 1539 1596 fecunda
1579 1551 1736 1607 seges

116 1631 489 1688 consiliorum
521 1631 671 1688 verbi
694 1631 900 1688 semine
927 1631 1196 1704 pullulare
1215 1632 1516 1697 consuevit,
1537 1639 1593 1693 et
1613 1631 1736 1685 vita:

120 1727 304 1784 latius
325 1726 501 1785 solent
523 1735 687 1797 atque
707 1726 963 1783 virtutum
987 1741 1050 1781 ac
1072 1725 1480 1796 disciplinarum
1493 1723 1736 1798 quaedam

118 1819 376 1878 membra
401 1819 642 1876 formari.

193 1914 292 1970 l5.
335 1913 440 1969 Sed
473 1923 529 1968 ut
554 1923 895 1968 revertamur
917 1913 982 1968 ad
1012 1913 1371 1983 pr0p0silttm,
1404 1912 1544 1984 quod
1570 1911 1730 1968 mali-

119 2009 259 2066 tiam
295 2007 434 2061 Deus
465 2006 868 2076 reprimendam
900 2016 924 2043 α
949 2006 1111 2060 interi
1135 2025 1186 2070 ιι,
1223 2022 1383 2076 quant
1410 2003 1732 2064 abolendam

122 2102 432 2175 putaverit,
483 2103 559 2156 ait
611 2102 676 2158 ad
726 2110 1073 2173 serpentem:
1107 2099 1175 2154 Et
1211 2101 1510 2156 inimicitias
1547 2115 1734 2170 ponam

122 2197 264 2256 inter
282 2204 330 2250 te
355 2207 400 2250 et
424 2195 557 2248 inter
589 2195 876 2260 mulierem,
906 2203 952 2247 et
977 2210 1145 2248 semen
1178 2202 1323 2248 tuum
1348 2203 1396 2246 et
1425 2208 1595 2248 semen
1622 2208 1739 2246 mu-

127 2289 296 2344 lieris.
342 2287 470 2358 Ipsa
517 2287 608 2342 tibi
660 2288 941 2344 obseruabit
986 2296 1170 2357 caput,
1214 2296 1261 2340 et
1292 2295 1345 2342 tu
1380 2287 1524 2342 illius
1563 2285 1736 2342 calca-

128 2399 288 2440 neum
316 2379 470 2452 (Gen.
492 2396 572 2448 nt,
610 2381 725 2451 l5).
760 2380 857 2437 Ubi
883 2380 1180 2436 inimicitia:
1205 2390 1350 2446 sunt,
1381 2379 1452 2434 ibi
1473 2378 1740 2434 discordia

131 2484 242 2542 est,
270 2474 613 2544 nocendique
641 2473 881 2530 studium
914 2493 927 2530 :
962 2475 1050 2531 ubi
1092 2474 1320 2530 nocendi
1364 2473 1626 2542 studium,
1670 2473 1742 2530 ibi

134 2569 340 2626 malitia
379 2568 616 2640 ponitur.
667 2568 806 2639 Ergo
853 2566 1124 2624 discordia
1164 2567 1305 2622 inter
1342 2575 1650 2638 serpentem
1692 2575 1747 2622 et

137 2661 424 2717 mulierem
465 2661 752 2718 discordia:
797 2662 998 2716 inalitia
1034 2663 1240 2716 subest.
1275 2661 1388 2719 Non
1407 2669 1638 2732 estergo
1659 2677 1749 2718 su-

140 2754 287 2808 blata
316 2753 540 2808 malitia.
573 2753 815 2822 Denique
841 2761 1113 2808 servatum
1145 2763 1228 2808 est
1261 2753 1527 2824 serpenti,
1563 2762 1619 2807 ut
1641 2754 1751 2810 cal-

147 2862 379 2902 caneum
410 2847 652 2902 mulieris
677 2856 729 2903 et
750 2847 976 2904 seminis
1019 2847 1139 2916 ejus
1183 2846 1460 2913 observet,
1513 2863 1620 2917 quo
1659 2862 1754 2902 no—

145 2949 288 3006 ceat,
312 2947 366 2994 ct
394 2953 662 2996 venenum
691 2954 846 2994 suum
877 2937 1140 2996 infundat.
1188 2938 1304 2993 Non
1344 2955 1473 3009 ergo
1510 2939 1753 2998 ambulev

146 3046 269 3085 mus
298 3030 350 3084 in
375 3031 629 3098 terrenis,
658 3039 711 3090 et
743 3047 970 3104 serpens
998 3031 1154 3087 nobis
1181 3046 1378 3087 nocere
1400 3047 1508 3086 non
1535 3031 1754 3102 poterit.

145 3126 438 3202 Sumamus
468 3125 849 3196 Evangelicnm
873 3125 1296 3184 calceamentum
1343 3141 1450 3194 quo
1494 3139 1759 3182 venenum

1207 311 1296 369 DE
1334 312 1523 375 FUGA
1561 311 1836 373 SECULI
1873 314 2078 376 LIBER
2117 313 2319 376 UNUS.

87 425 274 479 etiam
306 423 435 482 illud
452 423 676 496 pulchre
699 423 902 480 dictum
926 422 1160 487 videtur,
1191 422 1333 492 quod
1361 422 1412 478 in
1431 421 1568 478 libro
1591 436 1718 492 pro—
1746 445 1792 502 Α
1822 424 2019 481 factum
2037 435 2122 482 est
2143 436 2330 483 contra
2345 432 2673 486 sententiam
2700 429 2818 493 Dei.
2837 443 2962 486 cum
2974 428 3253 486 sitdivine
3295 446 3427 486 con-

90 518 338 588 phetico
363 519 589 589 legimus
615 539 629 575 :
666 517 902 574 Ventrem
931 535 1100 576 meum
1117 519 1285 578 doleo.
1312 527 1536 574 uentrem
1551 532 1717 572 meum

3320 319 3426 380 590

1823 516 1957 571 ditio
1989 518 2206 588 impleta
2246 524 2555 578 sententiae.
2590 523 2939 582 Maledictum
2982 523 3126 580 enim
3159 537 3331 593 usque
3357 524 3427 580 ad

1824 620 2079 678 mortem,
2115 622 2237 682 post
2264 625 2494 672 mortem
2527 626 2709 672 autem
2741 616 2938 685 gratia.
2965 616 3157 672 Murtui
3177 631 3306 685 ergo
3327 633 3430 670 sa:-

1822 701 1947 758 enlo
1976 717 2184 768 sumus,
2206 716 2228 745 ο
2259 705 2388 775 quid
2409 706 2586 764 adhuc
2607 709 2808 766 suaequ
2829 708 3418 765 decernimushnortui

1825 809 2010 852 sumus
2038 811 2160 852 cum
2191 796 2430 867 Christo,
2463 799 2588 869 quid
2620 800 2796 856 adhuc
2827 800 2950 858 vita:
2984 800 3142 869 hujus
3170 811 3323 856 actus
3344 818 3427 857 re-

1827 889 2137 959 quiritnus?
2166 891 2391 946 Mortem
2413 891 2616 946 Christi
2648 893 2700 948 in
2729 908 2960 963 corpore
2989 905 3178 950 nostro
3201 895 3439 954 circum-

1827 980 2091 1047 feritnus;
2128 991 2188 1038 ut
2232 991 2288 1038 et
2337 984 2446 1040 vita
2485 981 2686 1040 Christi
2737 985 2787 1042 iu
2831 985 2986 1040 nobis
3038 985 3432 1049 manifesletur.

1827 1074 1944 1132 Non
1968 1092 2098 1144 ergo
2117 1075 2229 1146 jam
2264 1087 2507 1134 nostram
2539 1076 2682 1136 illam
2709 1078 2895 1144 vitam,
2919 1079 3015 1134 sed
3037 1077 3239 1135 Christi
3271 1080 3436 1136 vitam

1829 1170 2083 1234 vivimus,
2116 1170 2278 1229 vitam
2311 1169 2661 1236 innocentiae,
2688 1172 2850 1228 vitam
2881 1173 3240 1241 castimoniae,
3270 1175 3436 1234 vitam

1831 1267 2215 1335 simplicitatis,
2246 1266 2606 1338 omniumque
2631 1269 2912 1323 virtutum.
2947 1269 3080 1328 Cum
3108 1269 3327 1327 Christo
3350 1287 3439 1326 re—
3502 1337 3504 1340 ι

1834 1359 2192 1429 surreximus,
2236 1360 2289 1417 iu
2337 1360 2457 1428 ipso
2480 1362 2763 1426 vivamus,
2797 1361 2850 1418 in
2883 1361 3003 1432 ipso
3028 1363 3388 1422 ascendamus
3423 1381 3438 1428 ;

1837 1460 1898 1505 ut
1941 1466 2166 1521 serpens
2211 1451 2525 1512 calcaneum
2579 1463 2822 1512 nosuum
2885 1453 3027 1525 quod
3069 1454 3358 1524 vulneret,
3390 1455 3444 1514 in
3519 1523 3522 1527 .

1838 1544 1999 1600 terris
2027 1543 2266 1615 reperire
2289 1560 2393 1601 non
2421 1547 2610 1618 possit.

2438 1683 2667 1740 CAPUT
2709 1684 2842 1740 γιιι.

1847 1795 2118 1866 Quomodo
2143 1796 2259 1850 licet
2279 1797 2360 1850 hic
2383 1797 2695 1854 retineamur
2719 1814 2950 1874 corpore,
2978 1807 3146 1854 (auten
3173 1799 3348 1854 animo
3371 1802 3451 1871 {u-

1908 1904 2028 1961 gere
2055 1889 2332 1958 possimus,
2363 1897 2514 1962 atque
2552 1891 2680 1946 adeo
2713 1889 3020 1959 debeamus;
3053 1909 3114 1946 ne
3148 1909 3263 1946 cum
3300 1908 3436 1965 pra:-

1912 1989 2138 2034 tereunte
2159 1980 2328 2053 ﬁgura
2349 1982 2504 2051 hujus
2527 1983 2705 2035 mundi
2725 1999 2883 2052 Opera
2903 1995 3080 2040 nostra
3115 2003 3302 2058 nosque
3336 1987 3438 2060 ipsi

1910 2081 2312 2143 prietereamus:
2349 2075 2488 2144 quod
2525 2092 2587 2130 ne
2627 2077 2911 2150 contingat,
2951 2081 3194 2134 mandata
3219 2079 3314 2135 Dei
3336 2097 3439 2136 non

1914 2179 2294 2238 prwtereamus,
2329 2170 2457 2223 sicut
2481 2187 2573 2223 nec
2610 2172 2768 2225 ullius
2791 2173 3082 2243 disciplina:
3103 2178 3384 2246 profectum
3410 2191 3432 2242 ,°

1915 2264 2336 2335 quemadmodum
2360 2263 2534 2336 plures
2557 2281 2584 2319 e
2606 2266 2796 2320 sanctis
2831 2268 3080 2324 veteribus
3104 2269 3283 2342 fecisse
3303 2286 3415 2324 com
3430 2299 3444 2308 -

1918 2367 2117 2427 pertum
2155 2367 2248 2412 est.

1915 2470 2006 2532 45.
2051 2470 2340 2542 Fugiamus
2402 2471 2549 2532 hinc.
2607 2471 2770 2536 Potes
2808 2473 2994 2530 animo
3041 2474 3267 2546 fugere,
3310 2485 3365 2531 et
3410 2475 3461 2531 si

1849 2565 2106 2620 rctineris
2143 2580 2395 2636 corpore.
2438 2565 2601 2622 Potes
2639 2575 2695 2624 et
2745 2566 2834 2628 hic
2875 2582 3021 2634 esse,
3065 2577 3122 2624 et
3166 2568 3361 2625 adesse
3391 2570 3459 2624 ad

1849 2658 2160 2728 Dominum,
2191 2660 2236 2714 si
2265 2659 2347 2716 illi
2374 2660 2653 2715 adhaereat
2677 2661 2856 2718 anima
2889 2674 3011 2732 tua,
3046 2663 3091 2718 si
3128 2671 3249 2732 post
3278 2664 3454 2734 ipsum

1853 2753 2273 2823 cogitationibus
2302 2755 2406 2810 tuis
2442 2754 2710 2818 ambules,
2744 2757 2788 2810 si
2824 2755 2951 2822 Ιίιιθ,
2985 2771 3092 2812 nou
3127 2757 3309 2826 specie
3342 2758 3459 2812 vias

1856 2848 1972 2915 ejus
2000 2848 2265 2918 sequaris,
2300 2845 2346 2900 si
2375 2845 2441 2899 ad
2463 2845 2639 2913 ipsum
2670 2839 2974 2916 confugias.
3012 2847 3109 2902 Est
3138 2850 3282 2904 enim
3314 2849 3461 2904 refu~

1858 2939 2004 3009 gium
2032 2948 2086 2992 et
2111 2939 2299 3001 virtus.
2330 2937 2418 2992 cui
2445 2939 2573 2994 dicit
2600 2939 2769 2996 David
2797 2940 2914 2996 :Ad
2937 2951 2982 2994 te
2999 2942 3243 3012 confugi,
3277 2954 3324 3000 et
3359 2960 3462 3000 non

1860 3047 1974 3085 sum
1994 3030 2236 3100 deceptus
2262 3028 2436 3096 (Psul.
2471 3046 2664 3097 Lxxvt,
2700 3031 2781 3103 ὅ).
2815 3032 2959 3102 Ergo
2988 3036 3111 3102 quia
3144 3035 3284 3097 Deus
3312 3037 3466 3093 refu-

1864 3125 2012 3194 gium
2033 3165 2047 3188 ,
2087 3124 2226 3178 Deus
2254 3134 2433 3180 autem
2467 3125 2517 3180 in
2545 3127 2706 3192 cmlo,
2735 3135 2789 3180 et
2835 3141 2998 3196 supra
3027 3129 3198 3184 caelos
3227 3148 3240 3185 :
3271 3135 3463 3200 utique

150 3221 422 3289 serpentis
450 3220 776 3284 excluditur,
806 3234 1015 3275 morsus
1039 3218 1153 3291 ejus
1179 3220 1481 3286 hebetatur,
1513 3229 1570 3274 ut
1595 3218 1764 3274 simus
1791 3258 1836 3319 Ε
1868 3216 2034 3292 436
2063 3217 2185 3274 hinc
2212 3216 2307 3271 illo
2334 3216 2755 3284 confugiendum
2800 3231 2903 3288 est,
2943 3223 3030 3280 ubi
3079 3237 3201 3291 pax,
3248 3223 3336 3280 ubi
3380 3240 3469 3280 re.-

147 3315 374 3370 calceati
400 3315 563 3386 pedes
585 3314 635 3369 in
660 3314 1028 3385 Evangelimn.
1055 3313 1118 3368 Et
1146 3313 1373 3369 fortasse
1400 3313 1523 3370 ideo
1551 3313 1767 3384 Moyses

149 3403 313 3478 435
335 3404 554 3476 iubetur
581 3405 792 3460 solvere
832 3405 1259 3460 calceamcntum
1294 3404 1487 3474 pedum
1512 3387 1765 3475 jsuoruni,

152 3506 210 3551 ut
255 3507 498 3554 sumeret
545 3497 973 3554 calceamentum
1015 3497 1330 3567 Evangelii;
1364 3498 1444 3554 vel
1497 3496 1619 3564 quia
1659 3481 1772 3551 non-

158 3589 351 3662 Moysi,
375 3591 426 3644 id
453 3600 557 3660 est,
589 3607 693 3646 non
729 3590 1028 3661 pmphetis,
1055 3591 1149 3648 sed
1181 3589 1436 3660 apostolis
1459 3588 1769 3661 praedicatio

166 3681 442 3754 Evangelii
463 3683 776 3742 debebatur.
795 3684 867 3739 Ea
883 3692 1135 3754 estquam
1158 3698 1318 3754 supra
1342 3682 1598 3752 diximus,
1629 3683 1769 3743 dicta

160 3777 213 3834 in
237 3786 542 3844 serpentem
567 3779 859 3836 sententia.
878 3777 1222 3850 In'hominem
1239 3793 1452 3849 quoque
1465 3777 1768 3849 cujusniodi

162 3869 368 3928 directa
395 3872 487 3936 sit,
511 3870 939 3926 consideremus.

231 3964 319 4017 ιιι.
362 3961 678 4016 Maledictus
710 3963 802 4018 ille
835 3963 924 4032 qui
955 3970 1144 4018 auctor
1173 3973 1253 4016 est
1283 3961 1455 4032 culpae
1490 3981 1502 4016 :
1537 3962 1633 4018 sed
1664 3977 1768 4016 non

163 4053 486 4114 maledictus
507 4063 590 4109 est
618 4053 721 4110 iste
741 4055 830 4126 qui
859 4055 1035 4109 aliena
1058 4053 1245 4108 fraude
1271 4054 1526 4126 deceptus
1548 4064 1658 4121 est;
1688 4063 1769 4110 ta-

166 4163 290 4204 men
322 4147 444 4218 quia
475 4163 580 4202 non
611 4147 845 4208 servavit
868 4146 1177 4202 mandatum
1208 4147 1329 4214 Dei,
1376 4163 1602 4216 operum
1641 4163 1768 4204 suo-

167 4258 283 4297 rum
319 4241 506 4296 labore
535 4240 842 4296 damnatur.
874 4241 1212 4296 Maledicitur
1243 4256 1374 4295 sane
1399 4251 1540 4295 terra
1561 4284 1574 4306 ,
1599 4241 1690 4296 sed
1719 4242 1769 4295 in

168 4335 423 4408 operibus
454 4337 749 4408 peccatoris
791 4334 943 4409 (Gen.
996 4351 1074 4398 nr,
1122 4336 1255 4406 l7);
1305 4347 1357 4389 ct
1407 4335 1770 4400 tnaledicitur,

170 4429 339 4484 donec
369 4429 671 4484 resolvatur
700 4429 752 4484 in
787 4439 1007 4491 terram.
1034 4427 1164 4508 Ideo
1192 4443 1320 4498 ergo
1343 4429 1586 4498 suscepit
1615 4427 1772 4484 .lesus

171 4539 407 4591 carnem,
431 4533 490 4578 ut
518 4523 864 4579 maledictum
884 4524 1064 4580 carnis
1092 4524 1410 4594 peceatricis
1431 4523 1698 4587 aboleret;
1722 4531 1777 4577 et

1871 3312 2025 3382 quies
2041 3309 2108 3370 ab
2125 3309 2400 3378 Operibus,
2422 3307 2446 3348 ἀ
2465 3311 2555 3366 ubi
2572 3311 2857 3382 epulemur
2878 3315 3162 3372 sabbatum
3187 3332 3465 3386 magnum,

1870 3401 2004 3458 sicut
2035 3402 2171 3458 dixit
2199 3401 2413 3474 Moyses
2442 3420 2455 3456 :
2489 3403 2554 3460 ιιι
2575 3416 2723 3458 erunt
2745 3405 2955 3460 sabbata
2989 3417 3139 3466 terra:
3169 3409 3308 3464 uobis
3340 3425 3468 3465 esca:

1875 3493 2058 3566 (Leuit.
2093 3510 2228 3558 xxv.
2261 3494 2343 3565 6).
2371 3495 2742 3565 Epulatorium
2771 3499 2913 3554 enim
2947 3507 2998 3560 et
3031 3500 3249 3569 plenum
3270 3500 3469 3570 jucun.

1871 3587 2056 3644 ditatis
2087 3596 2143 3646 et
2169 3589 2572 3661 tranquillitatis
2603 3597 2688 3644 est
2710 3632 2726 3655 ,
2762 3592 3107 3662 requiescere
3139 3594 3191 3648 in
3223 3592 3468 3660 Christo,

1872 3691 1924 3736 et
1952 3682 2069 3750 ejus
2095 3681 2510 3737 delectationem
2538 3681 2739 3737 videre.
2765 3682 2863 3751 Qui
2890 3701 3016 3756 ergo
3037 3687 3380 3756 confugimus
3401 3686 3468 3742 ad

1872 3773 2065 3840 Deum,
2098 3773 2163 3827 ad
2189 3775 2444 3827 mundum
2475 3777 2850 3829 revertemur?
2874 3775 2971 3843 Qui
3001 3788 3224 3846 peceato
3267 3779 3469 3834 mortui

1873 3884 2078 3933 sumus,
2111 3875 2330 3938 peccata
2359 3868 2712 3936 repetemus?
2756 3868 2856 3938 Qui
2909 3871 3339 3928 renuntiavimus
3367 3887 3470 3932 sa:-

1872 3964 1994 4018 culo
2015 3973 2067 4017 ct
2097 3963 2216 4018 usui
2247 3961 2384 4031 ejus,
2419 3962 2610 4022 iterum
2643 3962 2694 4016 in
2727 3963 2840 4020 luto
2870 3961 2988 4029 ejus
3018 3961 3392 4024 ltzerebimus?

1945 4056 2034 4110 46.
2080 4054 2369 4120 Fugianius
2397 4052 2542 4117 hinc,
2571 4052 2692 4121 quia
2739 4063 2950 4121 tempus
2989 4055 3158 4110 breve
3198 4065 3300 4110 est.
3333 4056 3475 4111 Audi

1875 4146 2152 4218 quamodo
2179 4147 2351 4217 fugias
2378 4164 2392 4208 ;
2424 4143 2492 4198 Et
2511 4146 2600 4216 qui
2620 4143 2806 4200 habent
2830 4161 3036 4211 uxores,
3076 4147 3149 4200 ita
3185 4148 3288 4200 sint
3332 4165 3392 4202 ac
3430 4150 3476 4204 si

1877 4257 1979 4295 non
2005 4241 2218 4294 habeant
2242 4257 2260 4305 ;
2285 4249 2328 4292 et
2349 4239 2434 4309 qui
2455 4240 2599 4308 ﬂent.
2628 4250 2888 4308 («utquam
2915 4255 3014 4290 non
3037 4238 3216 4308 ﬂentes
3244 4255 3262 4304 ,'
3305 4251 3349 4293 et
3390 4243 3476 4306 qui

1876 4333 2122 4405 gaudent,
2165 4343 2422 4400 tamquam
2445 4347 2544 4384 non
2565 4332 2962 4404 gaudentes;et
2983 4332 3070 4402 qui
3109 4341 3301 4396 emunt,
3349 4342 3479 4388 lunt-

1876 4443 2030 4497 quam
2047 4441 2149 4479 non
2173 4424 2489 4494 possidentes
2513 4441 2531 4490 ;
2555 4434 2601 4478 et
2629 4421 2832 4493 quihoc
2855 4423 3048 4480 mundo
3085 4433 3324 4490 utuntur,
3350 4434 3482 4480 tam-

1877 4537 2030 4591 quam
2058 4537 2158 4574 non
2180 4530 2409 4576 utantur.
2439 4517 2679 4573 Prwterit
2715 4518 2852 4572 enim
2893 4519 3063 4588 ﬁgura
3103 4517 3263 4590 hujus
3304 4522 3482 4575 mundi

171 4617 342 4673 factus
364 4627 446 4672 est
469 4633 564 4688 pro
586 4619 742 4673 nobis
766 4618 1144 4685 maledictum,
1173 4626 1232 4672 ut
1259 4617 1566 4673 benedictio
1583 4617 1771 4674 absor-
1804 4653 1854 4713 Β
1881 4614 2066 4685 (lCor.
2111 4631 2203 4682 vn,
2237 4614 2307 4670 229
2339 4623 2384 4668 et
2405 4630 2509 4683 seq.
2530 4613 2568 4682 ).
2605 4611 2721 4667 Non
2769 4628 2900 4680 ergo
2945 4629 3068 4669 cum
3121 4625 3484 4684 praetereunte

177 4708 321 4768 bcrct
343 4710 796 4773 malediCtiouem,
815 4711 1094 4782 integritas
1115 4721 1420 4782 peccatum,
1448 4709 1776 4781 indulgentia

178 4805 495 4860 sententiam
519 4847 532 4867 ,
565 4805 671 4860 vita
703 4815 953 4861 mortem.
979 4806 1227 4875 Suscepit
1266 4806 1410 4861 enim
1440 4814 1494 4860 et
1519 4814 1744 4861 mortem
1766 4847 1780 4872 ,

181 4907 236 4952 ut
263 4897 571 4966 impleretur
591 4899 886 4964 sententia,
919 4897 948 4936 ι)
975 4897 1528 4968 satisﬂeretjudicato
1575 4915 1586 4949 :
1621 4897 1783 4952 Male-

181 4988 376 5048 dictum
397 4990 572 5047 carnls
593 4992 905 5063 peccatricis
931 5006 1101 5064 usque
1119 4991 1185 5048 ad
1211 4971 1462 5048 mortem.
1487 4987 1631 5044 Nihil
1659 5002 1788 5060 ergo

253 5155 274 5182 τι
301 5143 504 5204 Omnes
533 5145 692 5209 edit.,
718 5145 1042 5216 interimque.
1078 5143 1399 5216 Perperam,
1429 5147 1487 5194 ut
1520 5145 1668 5207 patet
1714 5151 1778 5192 es

185 5228 294 5274 toto
322 5217 513 5284 capitis
536 5227 843 5272 contextu:
887 5212 1010 5270 vera
1063 5213 1227 5283 igitur
1276 5212 1442 5266 lectio
1490 5216 1781 5284 nasturci:

187 5306 312 5346 mss.
345 5278 451 5344 Sed
485 5288 576 5346 hic
612 5300 770 5357 atque
812 5287 940 5342 alibi
984 5278 1244 5357 nun'intto
1273 5285 1392 5357 loco
1440 5278 1786 5357 Sllbllliclllge

186 5349 1380 5438 magisvellpotius.’De”cujnsmodijllipsi
1420 5351 1647 5408 consule
1696 5349 1782 5404 Fr.

191 5427 390 5490 Sanctii
425 5429 742 5486 Minervam.
778 5427 872 5487 lib.
905 5443 979 5492 tv,
1009 5445 1127 5496 pag.
1158 5427 1284 5482 577.

257 5503 284 5542 ἱ)
313 5503 514 5556 Uinm-s
552 5501 707 5556 e«lit..
749 5492 1020 5566 satis/ierat
1056 5492 1295 5571 j’udicuto
1327 5492 1785 5571 per-maledictum

192 5575 376 5630 carnis.
407 5583 516 5627 etc.
543 5571 676 5649 Mss.
707 5564 956 5649 aliquot,
981 5564 1274 5649 “satisﬁat-et
1311 5564 1576 5640 judicuto,
1603 5564 1782 5649 male-

195 5649 379 5702 dictum
408 5645 581 5702 carnis
615 5635 897 5700 sustinens.
935 5640 1034 5694 Alii
1084 5635 1272 5708 majori
1311 5635 1540 5694 numero
1567 5645 1621 5690 et
1650 5635 1790 5708 auti-

196 5721 414 5785 quitate,
449 5725 505 5768 ut
535 5718 587 5767 in
619 5723 792 5768 testu.
825 5713 948 5785 Ejus
994 5705 1183 5785 ςιιιιειιι
1218 5711 1318 5766 loci
1352 5720 1623 5785 putamus
1649 5705 1791 5785 lii-rue

200 5776 312 5844 eSse
341 5776 560 5842 sensum
598 5795 699 5858 :_ut
732 5776 1432 5858 satisfiere_t__jt_ulic:itu_sive
1460 5776 1792 5858 judipiojlli;

204 5877 410 5930 nempe,
446 5855 816 5922 maledictum,
851 5863 955 5909 etc.
993 5851 1090 5908 Ubi
1125 5867 1231 5905 non
1265 5847 1492 5905 obscure
1542 5847 1798 5903 alluditur

1892 4708 2058 4779 figura
2093 4708 2276 4762 mundi
2308 4721 2471 4778 opera
2495 4715 2676 4760 nostra
2714 4712 3060 4774 pra-tereant,
3095 4723 3164 4762 ne
3193 4708 3353 4761 etiam
3383 4708 3485 4776 ipsi

1892 4809 2277 4872 praetereamus
2303 4817 2317 4866 ;
2345 4797 2441 4852 sed
2473 4813 2790 4858 maneamus
2814 4798 2866 4852 in
2904 4801 3154 4856 veritate.
3185 4799 3243 4855 Si
3267 4816 3487 4856 inanes-

1896 4908 2014 4948 tnus
2038 4893 2090 4947 in
2117 4891 2359 4955 Christo,
2390 4905 2674 4945 manemus
2705 4890 2755 4944 in
2789 4893 3038 4955 veritate,
3061 4902 3258 4945 etcum
3285 4906 3351 4945 eo
3381 4908 3494 4945 ina-

1897 4984 2169 5048 nebimus,
2201 4994 2256 5037 et
2285 4996 2390 5037 non
2426 4982 2847 5052 przeteribimus,
2878 4983 2972 5038 sed
3013 4984 3292 5038 dicemus:
3325 4982 3493 5040 Bene-

1885 5131 1953 5186 ad
1983 5128 2312 5184 sententiam
2341 5125 2480 5183 Gen.
2516 5142 2596 5186 ιιι.
2627 5139 2788 5180 versu
2820 5126 2885 5178 17
2918 5135 2970 5179 et
2998 5141 3112 5198 seq.
3142 5124 3305 5180 latam
3329 5171 3344 5192 ,
3391 5144 3494 5199 qua

1888 5203 2055 5258 homo
2079 5201 2354 5254 laboribus
2377 5200 2443 5252 ad
2474 5207 2703 5251 mortem
2750 5211 2920 5264 usque
2964 5199 3244 5266 perpetuis
3291 5201 3497 5256 addici-

1890 5285 2019 5339 tur;
2055 5285 2110 5326 ut
2141 5273 2518 5327 antecedentia
2542 5266 3009 5339 planmnfaciunt.

1967 5357 1987 5385 ε
2008 5337 2198 5405 Εειίι..
2222 5346 2308 5413 qui
2331 5342 2504 5396 adhuc
2523 5337 2714 5396 alecula
2737 5337 3068 5413 deseruimus.
3094 5337 3291 5413 μοι’ιαὶ
3321 5358 3501 5400 sumus

1892 5435 2007 5471 cum
2037 5409 2260 5478 Christo,
2287 5415 2374 5480 qui
2404 5414 2697 5466 ndhuc.....
2731 5409 3059 5476 requirimus.
3095 5410 3314 5464 Mortem
3339 5415 3497 5481 enim,

1896 5499 2002 5543 etc.
2047 5489 2173 5542 Mss.
2201 5487 2418 5556 partim,
2444 5482 2568 5552 quid
2579 5481 2769 5556 adhuc
2791 5482 2854 5531 de
2881 5483 3070 5556 saeculo
3100 5481 3354 5556 cernimus
3384 5499 3403 5548 ;
3449 5487 3499 5541 id

1898 5570 2002 5618 est.
2033 5560 2101 5613 de
2127 5553 2290 5612 rebus
2319 5554 2685 5626 saecularibus
2703 5553 3081 5626 contendimus
3113 5569 3124 5603 :
3156 5553 3349 5626 partim
3379 5559 3506 5626 quid

1900 5632 2068 5685 adhuc
2091 5629 2283 5683 srerulo
2306 5627 2651 5682 decernimus.
2677 5622 2727 5675 id
2756 5631 2862 5677 est.
2895 5623 3095 5675 saeculo
3117 5622 3430 5680 militamus.

1975 5701 2000 5738 ἀ
2035 5702 2163 5756 M58.
2196 5698 2409 5756 Theod.
2456 5706 2511 5750 et
2557 5693 2708 5746 Vale.
2740 5731 2754 5753 ,
2805 5690 2903 5745 Ubi
2939 5693 3206 5760 epulamur
3242 5696 3508 5754 sabbatum

1904 5776 2038 5846 ejus.
2072 5774 2263 5826 scilicet
2288 5763 3196 5846 (ΣΙιιςξδιιὶ,,ξι-ὀνηιιὶιηιιΙυὲνιιιιιέηιί
3240 5770 3511 5846 sabbatum

1909 5835 2175 5916 maguum,
2209 5853 2316 5899 etc.
2351 5839 2486 5898 Vide
2519 5835 2804 5903 Philonem
2839 5835 2933 5896 lib.
2961 5835 3030 5892 de
3062 5837 3330 5910 Profugis.
