4082 6370
652 343 756 401 591

1995 318 2244 378 SANCTI
2280 315 2606 378 AMBROSII

3890 296 3987 354 59-3

652 449 808 504 dictio
830 444 1036 501 Domini
1057 457 1209 504 super
1238 454 1345 505 vos,
1376 435 1724 491 benediximus
1761 431 1903 486 vobis
1941 428 1995 485 in
2036 432 2241 486 nomine
2271 438 2314 495 Α
2347 431 2449 495 ιιίι,
2481 439 2536 485 et
2566 429 2915 484 inventorum
2948 437 3178 481 suorum
3218 428 3540 477 auctorem
3572 412 3883 470 testificatus
3911 424 3979 505 est

652 541 862 596 Domini
886 538 1054 612 (Psal.
1085 548 1306 596 cxxvm,
1337 531 1417 587 8i.
1443 529 1549 598 Qui
1574 529 1718 582 enim
1749 533 2100 598 pra-tereunt,
2136 538 2241 578 non

649 642 877 706 possunt
915 631 1137 692 dicere,
1189 626 1310 696 quia
1365 638 1472 676 non
1527 621 1785 675 dixerunt
1849 625 2243 689 praetereuntes

649 729 790 781 viam
823 742 837 780 :
866 721 1157 777 Benedictio
1180 716 1394 771 Domini
1431 730 1587 787 super
1619 730 1740 780 vos,
1781 709 2240 783 quemadmodum

644 821 778 876 dixit
825 817 1117 887 Propheta.
1172 813 1359 883 Itaque
1410 811 1456 865 si
1510 809 1759 863 Volumus
1808 823 1914 861 non
1965 805 2242 875 przeterire

641 930 802 986 opera
827 923 1003 967 nostra
1015 952 1029 973 ,
1050 926 1154 965 non
1177 919 1559 976 prartereamus
1575 905 1824 958 mandata
1839 901 1958 964 Dei,
1978 916 2084 955 non
2106 913 2244 969 pra:-

648 1017 918 1064 tereamus
948 1003 1263 1075 requirendi
1295 1000 1420 1056 Jesu
1453 998 1663 1053 Domini
1691 997 2061 1068 diligentiam,
2090 1008 2240 1048 eme-

644 1098 798 1155 rendi
827 1097 946 1168 ejus
981 1095 1235 1166 gratiam.
1285 1091 1402 1147 Non
1448 1089 1745 1161 prieterivit
1775 1104 1895 1144 eum
1924 1086 2013 1140 illa
2047 1086 2242 1140 mulier

633 1208 753 1263 quze
772 1189 1006 1260 usquein
1029 1187 1278 1258 ph.tris.t-i
1292 1185 1511 1240 domum
1529 1185 1790 1251 ingressa,
1809 1181 1859 1234 in
1878 1193 1984 1251 qua
1997 1178 2242 1232 Christus

633 1285 1026 1348 recumbebat,
1065 1287 1120 1336 in
1158 1279 1322 1350 pedes
1369 1278 1486 1348 ejus
1534 1275 1837 1345 superfudit
1883 1284 2238 1345 unguentum.

704 1380 796 1435 47.
840 1379 955 1434 Non
986 1386 1378 1448 pra-tereamns
1405 1373 1709 1440 disciplinae
1754 1370 1982 1438 alicujus
2021 1368 2241 1436 prolec-

629 1489 766 1544 tnm,
793 1478 932 1532 sicut
961 1475 1124 1529 etiam
1155 1471 1364 1541 J0se|th
1406 1468 1848 1524 adolescentulus
1876 1484 1980 1522 non
2015 1476 2240 1536 prtrter-

638 1573 776 1638 ivit;
805 1571 927 1643 quia
963 1570 1160 1624 fratres
1185 1581 1316 1621 suos
1363 1564 1695 1635 requirebat,
1744 1574 1797 1617 et
1832 1562 1898 1617 ad
1939 1577 2062 1618 eum
2094 1561 2243 1616 festi-

630 1666 798 1721 nabat
828 1665 1030 1728 locum,
1059 1662 1112 1715 in
1155 1676 1260 1729 quo
1289 1659 1582 1728 pascebant
1606 1671 1736 1711 oves
1762 1672 1776 1718 ς
1810 1665 2006 1710 etcum
2037 1670 2240 1725 cogno-

625 1763 792 1815 visset
818 1758 939 1828 quia
969 1757 1023 1812 in
1059 1755 1302 1811 Dotltaim
1352 1763 1516 1813 sunt,
1551 1753 1790 1822 perrexit
1813 1768 1898 1804 eo.
1947 1749 2236 1821 Significa-

2347 523 2518 578 Deutn
2537 564 2551 585 ,
2583 521 2634 576 in
2659 537 2776 589 quo
2796 531 2849 575 et
2877 518 3178 590 diligentiae
3205 515 3409 586 palma
3438 551 3456 576 ,
3482 517 3542 564 et
3569 505 3766 577 ingenii
3791 504 3978 573 signia.

2347 629 2503 672 catur
2531 614 2770 671 ubertas.
2812 613 2990 668 Prima
3018 627 3154 682 ergo
3204 604 3496 664 deﬁnitio
3549 602 3606 656 in
3654 598 3972 654 inventione:

2346 709 2488 781 quod
2521 707 2811 773 invenitur,
2835 707 3138 778 quaeritur:
3172 713 3232 758 et
3258 698 3426 772 quod
3459 695 3757 767 quaeritur,
3783 703 3972 759 tempo-

2346 803 2422 859 ris
2463 813 2577 859 est:
2623 801 2766 873 qttod
2798 800 3059 870 temporis
3107 806 3238 861 est,
3287 794 3506 862 utique
3542 787 3836 857 diligentia
3885 795 3969 840 est.

2344 897 2498 966 Quod
2526 907 2705 952 autem
2729 895 2990 967 prmvenit
3016 907 3174 948 usum
3207 886 3534 959 temporis,
3575 883 3725 938 Deus
3744 880 3965 940 infundit.

2345 992 2490 1046 Deus
2508 993 2600 1045 dat
2622 990 2790 1061 :qttod
2822 989 2966 1043 Deus
2987 987 3102 1053 dat,
3129 994 3386 1050 natura,
3418 995 3544 1036 non
3569 976 3864 1048 diligentia:
3883 984 3967 1028 est.

2345 1085 2621 1157 Ingenium
2648 1085 2806 1154 igitur
2831 1081 2998 1137 divini
3015 1091 3101 1137 est
3123 1078 3387 1134 muneris
3413 1117 3428 1129 .
3460 1073 3627 1146 quod
3652 1080 3824 1125 autent
3851 1068 3966 1122 diri.

2345 1180 2398 1234 ni
2424 1179 2662 1233 muneris
2691 1219 2706 1243 ,
2733 1177 2836 1232 hoc
2861 1186 3084 1231 naturae.
3123 1171 3429 1244 Ingenium
3458 1183 3611 1238 ergo
3643 1179 3840 1218 natura:
3877 1173 3957 1227 est,

2345 1272 2590 1327 inventio
2630 1271 2964 1342 diligentia}:
2998 1269 3130 1324 illud
3160 1267 3283 1322 sine
3318 1277 3643 1333 tempore,
3671 1258 3777 1314 hoc
3796 1257 3962 1325 indiget

2345 1375 2608 1436 tempore.
2640 1365 2875 1435 Ideoque
2897 1363 3026 1418 illud
3053 1363 3104 1417 in
3138 1367 3409 1430 tempore
3446 1363 3682 1429 praesto
3704 1350 3958 1418 est,hocin

2343 1461 2520 1530 spatio
2547 1461 2807 1530 temporis
2849 1457 3250 1529 invesdgatur:
3287 1453 3441 1510 illud
3499 1465 3691 1522 supra
3728 1464 3857 1514 nos,
3882 1445 3957 1499 hoc

2343 1571 2476 1611 vero
2501 1558 2566 1609 ad
2596 1571 2696 1610 nos
2721 1553 2975 1610 refertur.

2415 1648 2508 1704 49.
2537 1649 2814 1718 Ουηιτθιιιί
2843 1649 3002 1719 igitur
3023 1647 3162 1718 patri
3203 1646 3396 1701 cibum
3445 1641 3620 1699 verbi
3657 1641 3679 1712 (
3705 1654 3809 1696 non
3837 1638 3948 1693 enim

2345 1745 2396 1800 in
2428 1746 2547 1801 solo
2577 1761 2713 1816 pane
2737 1744 2865 1799 vivit
2888 1743 3067 1809 homo,
3101 1741 3196 1797 sed
3227 1741 3280 1796 in
3313 1741 3481 1796 omni
3515 1737 3712 1793 verbo
3748 1735 3863 1788 Dei:
3900 1745 3952 1785 uv

626 1861 714 1908 tur
753 1827 935 1906 autem
978 1849 1071 1904 illo
1120 1847 1288 1901 verbo
1324 1845 1572 1900 Dothztitn
1601 1845 1845 1900 defectus
1877 1843 2132 1910 idoneus,
2172 1841 2224 1896 id
2259 1835 2306 1896 B
2334 1838 2438 1892 lem
2465 1837 2645 1892 cibum
2668 1837 2946 1908 quzerebat
2974 1837 3144 1903 Isaac,
3165 1837 3328 1891 talem
3347 1835 3558 1889 cibum
3583 1827 3949 1886 εδιπίιιιηιΡθ·

622 1957 727 2011 eSI,
752 1933 1010 2000 vanarum
1035 1942 1351 2012 opinionum
1385 1939 1633 1994 defeetus
1656 1955 1761 1992 non
1794 1937 2107 2003 mediocris,
2140 1935 2237 1991 sed

551 2056 554 2059 ·
623 2041 897 2112 perfectus
943 2048 997 2093 et
1041 2038 1268 2105 plenus,
1325 2034 1378 2088 in
1423 2049 1529 2103 quo
1580 2033 1851 2102 prolectus
1899 2040 1983 2085 est
2018 2031 2233 2084 animtr.

635 2144 660 2171 ’³
689 2134 919 2204 Sapaeos
946 2132 1090 2186 enim
1125 2129 1342 2199 quando
1366 2127 1581 2192 minuit,
1607 2125 1774 2180 addit.
1803 2123 2072 2180 Deﬁciunt
2091 2124 2236 2179 enim

627 2232 922 2288 saecularcs
951 2228 1256 2298 opiniones,
1287 2240 1408 2295 qua:
1451 2221 1776 2277 mulieribus
1817 2219 2047 2274 infirmis
2084 2234 2236 2274 com-

614 2336 894 2396 parantur.
925 2321 1080 2377 U.tde
1121 2317 1351 2388 pulchre
1381 2331 1486 2386 quo
1510 2313 1892 2368 Ostenderetur
1918 2310 1947 2349 ι)
1981 2310 2113 2366 Sara
2167 2309 2236 2365 ad

618 2419 926 2493 profectum
951 2414 1188 2477 venisse,
1219 2420 1278 2465 ttt
1317 2418 1610 2480 generaret
1652 2408 1818 2461 ri~um
1847 2417 1902 2461 et
1933 2405 2178 2458 lwtitiam
2216 2422 2230 2457 :

619 2510 961 2582 Defeceruut,
989 2506 1189 2575 inquit,
1222 2503 1372 2558 Sara:
1404 2502 1515 2563 ﬁeri
1555 2498 1832 2553 muliebria
1877 2495 2031 2562 (Gen.
2077 2512 2233 2563 XVIII,

619 2603 738 2674 Η).
777 2603 928 2656 Bona
961 2614 1092 2668 ergo
1118 2595 1356 2652 defectio
1383 2593 1760 2662 cupiditatum,
1802 2591 2035 2646 defectio
2087 2590 2236 2645 vani-

623 2695 792 2758 tatis;
827 2692 953 2762 quia
991 2689 1233 2745 veritatis
1281 2687 1517 2754 adjectio
1568 2694 1674 2740 est.
1727 2683 1881 2740 Unde
1921 2693 1976 2740 et
2016 2696 2235 2740 sanctus

623 2785 798 2842 David
832 2787 904 2838 ait
942 2801 955 2837 :
983 2781 1181 2853 Defecit
1202 2781 1256 2833 in
1277 2779 1504 2834 salutare
1536 2789 1678 2831 tuum
1699 2778 1872 2831 anima
1905 2794 2015 2831 mea
2057 2776 2230 2846 (Psal.

612 2894 804 2943 cxvnt,
835 2877 948 2948 81).
986 2876 1231 2930 Paritura
1275 2872 1476 2927 etenim
1522 2881 1638 2925 erat
1666 2880 1688 2908 ο
1713 2885 1833 2940 qua:
1861 2879 2230 2935 concesserat,

609 2989 788 3043 quue
817 2983 872 3026 et
905 2970 1228 3040 promiserat
1257 2966 1443 3020 Deus:
1475 2965 1716 3035 paritura
1749 2964 2027 3030 laetitiam,
2059 2971 2116 3019 et
2143 2977 2233 3018 so-

616 3065 795 3122 briam
824 3063 972 3118 illam
999 3058 1349 3129 iucunditatis
1383 3057 1704 3113 ebrietatem
1739 3075 1750 3108 :
1783 3060 2023 3125 paritura
2053 3053 2080 3093 ά
2103 3069 2230 3112 ante

617 3168 1014 3232 exspectatum,
1047 3153 1248 3225 ingenii
1292 3153 1572 3209 celeritate
1617 3149 1780 3222 437
1833 3161 2020 3221 partus
2043 3192 2058 3217 ,
2088 3151 2226 3206 facta

2342 1943 2456 1987 Irus
2481 1933 2619 2000 (Act.
2651 1949 2704 1998 κ,
2739 1933 2799 1987 II
2830 1942 2877 1987 et
2902 1929 3294 2002 seq.),quando
3327 1929 3478 1984 vidit
3507 1925 3805 1984 credituri
3824 1924 3948 1994 genti-

2341 2024 2408 2078 lis
2436 2024 2616 2094 populi
2643 2025 2898 2096 mysteria
2924 2023 2942 2094 )
2974 2022 3112 2077 Esau
3143 2031 3350 2092 praesto
3383 2039 3504 2074 non
3552 2019 3772 2073 habuit
3814 2017 3945 2070 cibum

2339 2118 2600 2189 spiritalis
2631 2129 2687 2174 et
2715 2117 3006 2173 velocioris
3054 2116 3281 2188 ingenii.
3337 2115 3489 2169 Dum
3529 2115 3650 2170 iste
3689 2121 3942 2168 venatore

2339 2211 2555 2284 quaerit,
2580 2220 2636 2266 et
2661 2211 2968 2281 prazdurum
2993 2220 3154 2279 atque
3175 2223 3462 2280 agreSIem
3501 2224 3840 2264 sermonem
3859 2221 3943 2275 seg-

2337 2321 2529 2376 geret-e
2554 2314 2733 2374 parat,
2768 2305 3029 2374 prmvenit
3054 2303 3221 2359 Iacob
3266 2303 3444 2358 celeri
3479 2302 3830 2357 inventione
3856 2341 3869 2365 ,
3907 2309 3940 2350 et

2340 2397 2457 2452 tniti
2479 2441 2492 2460 ,
2523 2407 2576 2451 et
2597 2412 2766 2467 prope
2788 2396 3086 2452 domestica
3115 2399 3482 2465 responsione
3515 2410 3714 2450 suave
3766 2393 3939 2448 verbum

2340 2493 2676 2557 ministrans,
2705 2508 2811 2563 quo
2853 2508 2976 2548 eum
3004 2492 3272 2547 mulceret
3292 2506 3360 2546 ac
3412 2491 3779 2546 delectaret.
3829 2485 3938 2543 Unde

2338 2588 2567 2643 miratus
2589 2595 2742 2658 pater
2768 2588 2842 2640 ait
2863 2605 2873 2639 :
2891 2585 3033 2653 Quid
3058 2595 3132 2640 est
3158 2585 3280 2650 hoc,
3301 2583 3448 2656 quod
3463 2596 3585 2638 tarn
3616 2581 3934 2637 citoittrem'to

2339 2680 2398 2746 ti,
2430 2680 2644 2750 ﬁlimi?
2668 2677 2954 2747 Respondit
2998 2675 3196 2732 Jacob:
3232 2676 3388 2744 Quod
3425 2676 3681 2730 tradidit
3725 2674 3935 2729 Domine:

2336 2771 2477 2828 Dens
2509 2784 2625 2827 tuus
2651 2774 2702 2826 in
2727 2789 2912 2827 manus
2938 2789 3077 2826 mea:
3103 2770 3258 2841 (Gen.
3287 2788 3462 2838 xxvii,
3491 2770 3628 2842 9.0).
3665 2772 3844 2826 Prima
3869 2771 3932 2823 de-

2338 2866 2510 2920 linitio
2535 2866 2586 2919 in
2612 2866 3036 2936 interrogatione
3057 2874 3162 2928 est,
3180 2863 3424 2920 secunda
3445 2863 3503 2919 in
3533 2864 3932 2935 responso.Ple-

2339 2973 2408 3014 na
2438 2957 2603 3027 igitur
2643 2959 2822 3012 omnia
2855 2960 3134 3027 reperiens
3160 2967 3318 3027 pater
3346 2974 3475 3028 qua:
3501 2969 3686 3014 erant
3708 2960 3796 3015 vel
3825 2960 3930 3028 inge-

2336 3053 2432 3118 nii,
2451 3053 2534 3106 vel
2552 3051 2864 3122 diligentite,
2881 3051 3212 3108 definitionis
3224 3053 3727 3109 consummatione
3753 3055 3930 3109 concli-

2334 3145 2402 3198 sit
2425 3144 2640 3199 dicens:
2665 3143 2796 3197 Ecce
2819 3143 2942 3198 odor
2961 3145 3059 3214 ﬁlii
3078 3145 3178 3198 mei
3198 3152 3468 3215 tamquam
3483 3145 3629 3200 odor
3648 3148 3774 3218 agri
3800 3148 3924 3216 pleni,

613 3254 919 3324 sapientius.
977 3250 1217 3318 Denique
1246 3255 1303 3302 et
1328 3244 1395 3300 de
1445 3245 1566 3299 aliis
1608 3244 1850 3298 Hebraeis
1903 3244 2223 3300 mulieribus
2258 3233 2304 3296 C
2334 3252 2483 3308 quem
2529 3236 2786 3291 benedixit
2830 3235 3087 3292 Dominus
3115 3236 3308 3308 (lbid.,
3356 3237 3478 3309 27).
3515 3242 3679 3310 Ager
3725 3241 3862 3296 enim
3893 3250 3923 3294 at

618 3347 815 3411 habes,
842 3344 965 3414 quia
1013 3342 1253 3396 Hebraea
1301 3340 1451 3408 prius
1491 3336 1768 3406 pariunt,_
1797 3351 1954 3406 quam
2005 3336 2232 3391 veniant

623 3439 950 3498 obstetrices
991 3432 1188 3506 (Exod.
1219 3448 1258 3497 ι,
1293 3430 1423 3502 19);
1471 3446 1537 3482 eo
1561 3428 1703 3498 quod
1728 3429 1922 3483 anima:
1956 3429 2226 3499 iustorum

626 3547 734 3586 non
762 3533 1080 3597 exspectent
1112 3537 1258 3578 artes
1278 3533 1332 3576 et
1363 3521 1684 3588 disciplinas
1711 3532 1932 3590 propter
1955 3521 2229 3577 itm-utio—

618 3639 747 3680 num
788 3636 1009 3691 genera,
1066 3631 1166 3671 nec
1204 3615 1486 3685 requirant
1522 3613 1830 3681 adjumenta
1882 3613 2175 3682 generandi
2212 3633 2225 3669 :

617 3718 714 3776 sed
745 3723 939 3786 sponte
966 3719 1152 3782 partus
1180 3723 1310 3764 suos
1356 3705 1602 3773 lundant,
1652 3706 2226 3777 ett-Spectationemque

625 3809 989 3883 prteveniant.

686 3903 781 3959 48.
806 3899 917 3956 Nec
939 3895 1117 3952 minus
1146 3893 1375 3963 impiger
1404 3891 1469 3946 ad
1501 3889 1885 3947 inveniendum
1911 3932 1927 3953 ,
1961 3906 2124 3962 quam
2157 3892 2225 3946 ad

619 3990 1034 4065 exsequendum
1075 3987 1265 4051 Jacob,
1299 3984 1386 4040 cui
1423 3999 1546 4040 cum
1577 3995 1752 4039 mater
1778 3983 2026 4051 dixisset,
2061 3992 2120 4039 ut
2145 3984 2225 4039 in-

623 4092 792 4146 t'crret
821 4085 958 4156 patri
999 4097 1154 4138 escas
1197 4078 1353 4153 (Gen.
1389 4094 1557 4142 xxvn,
1589 4077 1623 4133 9
1654 4089 1701 4133 et
1722 4079 1876 4146 seq),
1901 4087 1924 4114 θ
1955 4077 2230 4133 definitio-

628 4196 756 4238 num
785 4192 988 4249 genera
1032 4174 1335 4246 suppetisse
1355 4174 1652 4227 cernimus.
1696 4170 1831 4226 Nam
1865 4179 1918 4226 et
1940 4173 2047 4227 cito
2079 4173 2232 4228 inve-

707 4319 730 4345 η
757 4307 979 4377 Sapiens
1015 4301 1150 4377 enim
1183 4299 1392 4377 quando
1436 4298 1646 4377 minuit,
1688 4299 1884 4377 supple
1919 4314 2005 4377 se,
2040 4298 2090 4377 id
2125 4311 2230 4377 ρει,

633 4368 850 4452 quando
877 4368 1253 4452 tttiltuitut',‘ex
1283 4369 1471 4423 eutlmn
1496 4368 1638 4452 Eltil.
1688 4369 1796 4452 liba
1825 4370 1893 4423 de
1945 4369 2232 4452 [imit-rgias}

633 4441 666 4509 δ’
683 4453 736 4508 δέ
762 4450 915 4522 σοφὸς
941 4449 1028 4500 καὶ
1051 4441 1650 4522 ἐκλείπωνήπροςῖὶεξεῖαι
1677 4441 1807 4493 κατά
1825 4444 2137 4522 Μωσῆν...ιι1ιί
2159 4443 2238 4495 al-

640 4510 844 4579 Illdllttl:
868 4517 934 4572 ad
961 4517 1098 4571 Gen.
1127 4528 1254 4579 xxv,
1283 4512 1336 4575 8,
1357 4510 1449 4564 ἰαὶ
1469 4510 1777 4565 ἐκλείπων...
1801 4514 2106 4585 προσετέθη,
2127 4524 2233 4568 etc.

712 4614 738 4652 b
772 4612 897 4668 M.s.
931 4623 1034 4662 non
1090 4603 1246 4674 pauci
1295 4618 1394 4658 nec
1443 4602 1716 4656 inferioris
1766 4614 1948 4670 nota),
1991 4605 2128 4660 Sara
2171 4607 2239 4661 ad

640 4677 1165 4761 pet'fertuttt_t_tettisse,
1195 4687 1300 4730 etc.
1343 4746 1378 4761 ﬂ
1421 4745 1454 4761 η
1607 4690 1611 4694 ·

717 4745 744 4797 έ
773 4758 863 4810 Sic
883 4751 1017 4808 edit.
1050 4757 1160 4804 vet.
1190 4763 1310 4801 cum
1340 4745 1477 4803 Gall.
1512 4761 1641 4800 mss.
1691 4745 1792 4800 nisi
1841 4746 1984 4817 quod
2033 4748 2082 4800 in
2119 4749 2238 4818 qui-

646 4829 871 4885 busdam
907 4823 1118 4894 legitur,
1161 4835 1311 4894 quent
1345 4828 1664 4894 concesserat
1692 4819 1740 4872 ei
1765 4860 1780 4883 ,
1823 4830 1868 4872 et
1907 4822 2235 4885 promiserat.

644 4904 801 4956 lto-.u.
826 4897 932 4952 edit
948 4889 1108 4951 .vcum
1138 4906 1244 4945 uno
1276 4889 1392 4945 Vat.
1415 4889 1536 4945 cod.
1562 4905 1678 4960 qua:
1695 4902 2020 4961 conceperat,
2041 4901 2095 4945 ut
2117 4910 2246 4962 pro.

648 4975 876 5034 miserat,
901 4976 1007 5024 etc.

717 5063 744 5102 ἀ
773 5065 931 5118 Rom.
960 5057 1089 5114 edit.
1121 5055 1258 5116 sola,
1276 5061 1394 5107 ante
1421 5063 1768 5121 exspectatum
1800 5067 2023 5120 partum,
2050 5057 2244 5125 ingenii

653 5139 912 5193 celeritate
941 5133 1118 5199 fctum.
1149 5125 1306 5199 Aliae.
1336 5136 1453 5178 ante
1475 5139 1821 5186 exspectatum
1852 5128 2137 5195 ingenium.
2158 5145 2240 5182 ce-

647 5211 846 5262 leritate
873 5197 1045 5273 partus
1067 5203 1190 5273 feta.
1220 5197 1350 5273 Mss.
1368 5208 1660 5273 vomu-ante
1681 5208 2046 5273 vespertinum.
2069 5199 2231 5256 Pauci

646 5293 764 5334 ηιιικ
784 5266 1306 5349 exspectavitingenii
1333 5266 1496 5349 (t'IIIIIS
1516 5268 1747 5334 ingenui)
1775 5271 2032 5349 celeritate
2076 5274 2230 5349 (non:

647 5353 774 5406 nulli
801 5336 1113 5409 celebritlte)
1142 5336 1322 5407 portus
1361 5336 1714 5412 (υνυς-μανία
1740 5379 1752 5395 .
1795 5339 1957 5409 aliqui
2005 5336 2229 5412 partum)

645 5428 746 5494 feto
778 5420 891 5492 (alii
922 5419 1114 5488 fetum,
1151 5413 1238 5494 alii
1281 5409 1652 5494 (actu).plianc
1695 5423 1852 5474 porro
1898 5421 2099 5465 tantam
2151 5409 2232 5467 di;-

645 5483 953 5548 ἱωτδῖιςημιίι
988 5502 1093 5540 "till
1123 5483 1337 5536 aliunde
1370 5483 1660 5546 profectam
1696 5496 1878 5534 rentur
1902 5522 1915 5545 ,
1955 5499 2116 5552 quam
2161 5501 2228 5539 ex

650 5582 715 5617 eo
742 5562 880 5630 quod
915 5575 1018 5612 non
1049 5554 1308 5630 viderent:
1329 5562 1446 5630 ante
1473 5561 1836 5630 exspectatum.
1855 5569 1960 5618 quo
1990 5556 2230 5630 redditur

653 5620 783 5686 illud
815 5631 1073 5692 Philonis,
1106 5630 1174 5687 ὡς
1209 5620 1268 5680 ἂν
1288 5622 1565 5696 clpam,
1607 5622 1797 5678 referri
1823 5640 1951 5696 AllOlt
1989 5626 2054 5677 ad
2091 5627 2234 5696 inge-

653 5706 808 5756 nium.
844 5712 935 5754 aut
964 5709 1204 5764 portum;
1235 5694 1334 5749 stth
1342 5694 1416 5770 31d
1447 5706 1643 5764 tempus
1692 5694 1835 5765 quod
1876 5694 2232 5770 subinteltj'gi-

647 5785 751 5837 tur,
783 5783 840 5826 ut
865 5776 915 5825 in
937 5772 1028 5825 illo
1058 5770 1201 5837 Virg.
1231 5783 1305 5822 Iv.
1331 5767 1525 5851 Georg.

767 5874 892 5926 Ante
921 5875 1254 5934 exspectatum
1273 5868 1442 5932 positis
1460 5875 1557 5921 stat
1575 5870 1624 5920 in
1650 5870 1822 5924 ordine
1845 5872 2036 5924 castris.

2335 3332 2580 3386 naturale
2603 3331 2765 3388 habet
2793 3331 3088 3387 fertilitatis
3121 3332 3396 3404 ingeniutn
3425 3374 3440 3398 ,
3485 3345 3547 3389 et
3576 3335 3818 3392 cultura:
3837 3337 3924 3389 dili-

2332 3425 2567 3495 gentiam
2596 3411 2974 3496 temporalem,
3002 3424 3307 3493 meritoque
3337 3425 3390 3479 in
3411 3441 3482 3480 eo
3513 3437 3606 3482 est
3640 3429 3923 3497 plenitudo.

2333 3517 2416 3571 cui
2444 3527 2734 3585 utrumque
2753 3533 2857 3571 non
2882 3517 3056 3572 deest.
3088 3517 3259 3572 Simul
3284 3533 3407 3572 cum
3439 3519 3769 3576 addiderit:
3802 3521 3924 3588 Quem

2333 3610 2592 3666 benediin
2627 3611 2876 3666 Dominus
2897 3654 2913 3677 ,
2963 3611 3181 3667 videtur
3213 3619 3422 3666 natura:
3452 3614 3708 3682 gratiam
3761 3623 3924 3685 pra‘tuo

2334 3704 2463 3760 lisse
2511 3704 2770 3759 cultionis
2817 3705 3016 3760 labori.
3064 3703 3129 3761 Et
3161 3704 3510 3761 conﬁrmavit
3553 3705 3709 3761 Esau
3745 3708 3922 3762 dicens:

2324 3797 2476 3853 Iuste
2495 3809 2726 3854 vocatum
2773 3809 2848 3855 est
2897 3815 3084 3854 nomen
3135 3799 3278 3853 illius
3326 3797 3521 3855 Jacob.
3579 3799 3924 3867 Supplaami.‘

2327 3892 2462 3946 enim
2474 3893 2590 3962 jam
2616 3908 2693 3945 me
2715 3892 2808 3958 bis,
2830 3901 2876 3945 et
2898 3893 3239 3961 primogenita
3261 3908 3376 3947 mea
3396 3894 3607 3964 accepit
3628 3891 3821 3965 (Ibid,
3837 3889 3922 3961 56).

2402 3987 2490 4044 50.
2523 3986 2628 4042 Sed
2659 3986 2795 4042 forte
2823 3986 3012 4044 dicas:
3040 3986 3098 4041 In
3134 4002 3242 4058 quo
3270 4002 3484 4042 moram
3537 3988 3714 4052 fecit,
3749 3990 3832 4059 qui
3874 3984 3922 4039 ad

2332 4080 2673 4138 venationem
2695 4097 2725 4135 a
2760 4091 2909 4149 patre
2937 4079 3140 4135 missus
3159 4083 3278 4136 est?
3297 4080 3401 4137 Sed
3432 4080 3740 4137 considera
3765 4081 3924 4150 quiaet

2337 4184 2487 4244 pater
2511 4174 2874 4242 pronuntiavit
2897 4215 2912 4240 ,
2946 4172 3068 4245 quia
3094 4185 3339 4243 paratum
3365 4172 3575 4229 habere
3600 4189 3717 4229 non
3744 4180 3920 4245 posset,

2344 4301 2545 4355 Deinde
2571 4301 2710 4372 quod
2750 4303 2925 4358 minus
2951 4302 3319 4368 adverterent,
3351 4303 3496 4359 unde
3523 4321 3701 4360 voces
3753 4314 3919 4371 partes,

2343 4381 2397 4427 et
2427 4373 2563 4448 facta
2593 4385 2928 4448 regerentur,
2963 4379 3352 4448 substituerunt
3380 4392 3573 4431 earum
3603 4380 3731 4434 loco
3749 4392 3921 4448 portant

2343 4459 2408 4516 ac
2438 4445 2560 4511 feta.
2599 4445 2688 4499 Est
2717 4458 2896 4500 autem
2938 4447 3144 4513 ellipsis
3192 4452 3490 4516 supplenda
3545 4451 3602 4504 in
3645 4445 3794 4508 hunc
3833 4466 3921 4504 mo-

2343 4515 2508 4592 dum,
2532 4520 2876 4592 paritura"...
2905 4528 3104 4584 partus,
3133 4520 3220 4588 qui
3245 4515 3360 4572 sunt
3391 4523 3559 4592 facta,
3590 4534 3702 4578 etc.
3752 4526 3921 4578 hodetn

2347 4589 2538 4643 recidit
2567 4592 2608 4640 si
2639 4589 2782 4656 legas
2809 4601 3016 4658 partem
3045 4604 3096 4644 et
3124 4592 3299 4659 fetum.
3326 4589 3593 4659 Quamvis
3627 4610 3739 4648 non
3762 4611 3922 4650 eamus

2347 4659 2557 4713 inlicins
2603 4675 2817 4737 sensum
2868 4661 3100 4731 aliquem
3128 4703 3141 4722 .
3181 4677 3394 4716 servata
3444 4681 3579 4737 voce
3623 4669 3775 4737 feta,
3823 4667 3920 4722 elici

2266 4721 2317 4781 D
2344 4745 2548 4808 posse}
2566 4733 2664 4808 sed
2697 4741 2902 4808 nostro,
2927 4721 3290 4808 p'rteterquam
3316 4735 3461 4808 uuod
3485 4721 3666 4808 magis
3687 4721 3919 4794 naiuralis

2346 4811 2450 4866 est,
2482 4802 2635 4874 lfhilo
2663 4803 2826 4857 etiam
2853 4802 3175 4874 sitm-agatur
3200 4805 3290 4858 lib.
3317 4807 3413 4861 cit.

2422 4884 2445 4909 ο
2478 4872 2546 4928 Ut
2567 4875 2714 4953 locus
2741 4872 3068 4953 liii-,alioqui
3101 4877 3233 4953 satis
3259 4876 3550 4945 obscurus,
3581 4879 3915 4953 intelligatur,

2345 4943 2730 4999 advertendum
2760 4948 2895 5000 lianc
2925 4943 3191 5002 Ambrosii
3223 4960 3458 5006 mentem
3489 4943 3647 5016 esse,
3684 4943 3916 5010 nimirum

2350 5028 2403 5068 ut
2433 5016 2762 5094 ostendatin
2790 5017 2953 5094 Jacoh
2975 5035 3190 5094 omnem
3221 5021 3372 5075 bona-
3397 5023 3709 5091 disciplinte
3735 5028 3917 5094 prolec-

2349 5089 2734 5163 tnmArt‘periri,
2764 5090 2904 5160 quod
2936 5089 3006 5143 ita
3054 5105 3085 5146 c
3109 5089 3266 5146 diﬁcit
3293 5109 3306 5145 :
3337 5089 3612 5163 Quidquid
3644 5100 3714 5151 ad
3735 5089 3916 5153 'ltonatn

2347 5157 2686 5236 disciplinam
2709 5157 3071 5236 necessarium
3100 5173 3205 5225 est,
3233 5157 3446 5219 duobus
3471 5157 3630 5236 quasi
3655 5170 3914 5234 limitibus,

2335 5245 2470 5298 quas
2525 5232 2875 5315 definitiones
2917 5242 3075 5315 vocat
3111 5236 3359 5315 etupltilo
3407 5232 3592 5315 ὄρθὐς.
3626 5232 3916 5296 coiitinetur

2335 5311 2495 5380 atque
2527 5302 2846 5380 includitur,
2867 5307 3079 5374 ingenio
3107 5302 3317 5380 scilicet
3347 5323 3412 5380 ac
3433 5302 3757 5380 diligentia;
3789 5327 3915 5380 tnge-

2334 5372 2721 5449 pittttrqttitlem
2755 5375 2848 5429 Dei
2875 5372 3069 5430 munus
3098 5387 3182 5432 est
3209 5420 3223 5441 ,
3269 5372 3564 5449 diligenti;
3582 5399 3716 5438 vero
3745 5372 3913 5437 no.1",

2333 5443 2521 5520 labori
2530 5447 2820 5520 tribuitur:
2871 5463 2991 5502 cum
3021 5464 3152 5518 ergo
3181 5443 3642 5519 tinuetur-umque
3676 5455 3912 5520 perfecta:

2331 5515 2630 5581 disciplith
2671 5519 2832 5572 finem
2858 5534 2951 5573 seu
2983 5515 3348 5575 definitionem
3379 5525 3429 5575 in
3464 5515 3574 5578 filio
3622 5515 3793 5580 Jac-ob
3830 5524 3913 5579 de-

2349 5587 2692 5667 prehenderit
2733 5602 2957 5667 sauetus
2995 5592 3179 5667 Isaac.
3227 5593 3431 5664 optime
3471 5596 3752 5667 colligitur
3781 5599 3909 5650 illum

2346 5657 2508 5740 rebus
2553 5661 2618 5740 ait
2658 5660 2851 5716 bonam
2878 5662 3217 5740 disciplinam
3251 5657 3572 5723 necessariis
3605 5657 3908 5740 instructum

2339 5729 2523 5810 fui-se.
2556 5729 2670 5786 Hoc
2698 5747 2858 5801 porro
2887 5729 3049 5804 caput
3070 5735 3375 5793 fere‘totum
3407 5756 3471 5794 ex
3503 5741 3600 5796 lib.
3634 5739 3700 5795 de
3734 5739 3908 5796 Prolu-

2335 5801 2416 5872 εἰς
2447 5801 2787 5874 desumptum
2827 5814 2930 5862 est.
