4082 6370
169 409 283 472 593

1276 402 1362 458 DE
1403 398 1588 459 FUGA
1625 395 1898 455 SECULI
1939 394 2142 452 LIBER
2181 393 2382 452 UNUS.

3375 392 3480 447 594

168 532 323 600 quod
357 527 676 600 spiritaliter
702 524 1024 596 petebatur;
1053 529 1107 575 et
1158 518 1278 574 ideo
1306 516 1430 585 quia
1483 512 1768 570 deﬁciebat
1794 514 1844 576 Α
1872 509 2042 566 dium.
2068 510 2199 579 Qine
2225 512 2389 574 etiam
2419 509 2850 580 prodigiosorum
2880 523 3096 577 senum,
3117 519 3170 564 et
3193 507 3478 577 impuden-

171 623 421 694 ingenio.
448 622 532 676 viil
560 620 852 691 diligentia:
881 615 1182 672 subsidium
1209 621 1267 668 ut
1288 611 1628 681 adjungeret,
1650 607 1767 664 exi-

170 720 360 790 gebat.
389 713 699 772 Celeritatis
724 727 939 782 quoque
965 709 1244 769 admonet.
1269 705 1359 776 qui
1386 706 1494 760 ait:
1520 702 1660 774 Cape
1679 719 1770 758 ar-

172 828 296 864 cum
325 822 372 866 et
403 811 638 880 sagittam
670 806 862 873 (lbid.,
893 805 972 872 5).
1002 801 1222 867 Accepit
1252 812 1430 858 tamen
1455 810 1511 854 et
1532 799 1769 872 diligen-

173 907 268 961 tize
292 907 521 961 fructum
547 947 562 973 ,
586 904 673 976 qui
695 902 914 974 agnovit
939 899 1188 970 superius
1216 895 1384 969 438
1416 913 1538 953 esse
1570 895 1772 968 ingenii

171 1014 397 1054 munus.

248 1093 340 1146 51.
367 1089 473 1145 Nec
497 1088 767 1143 immerito
789 1085 1122 1141 domesticos
1142 1085 1293 1139 cibos
1322 1083 1518 1138 detulit
1541 1123 1557 1148 ,
1582 1081 1670 1152 qui
1702 1080 1772 1136 de

167 1183 492 1237 domesticis
520 1180 744 1235 seminis
761 1181 844 1233 sui
875 1177 1156 1249 sapientire
1182 1177 1281 1231 sibi
1301 1175 1586 1247 acquisivit
1605 1189 1770 1244 copu-

167 1277 302 1331 lam.
340 1275 484 1330 Bnna
505 1283 681 1329 autem
706 1272 983 1342 diligentia
1008 1286 1131 1325 cum
1156 1270 1420 1339 sapientia
1447 1308 1462 1331 ,
1488 1276 1543 1322 et
1583 1269 1770 1320 inven-

165 1372 246 1425 tio
273 1385 397 1424 eum
426 1371 642 1440 ingenio
665 1367 916 1422 naturali.
952 1366 1190 1432 Denique
1216 1364 1422 1420 habens
1454 1364 1505 1416 in
1549 1376 1772 1432 promp-

165 1471 226 1518 tu
251 1462 536 1533 sapientia!
561 1461 807 1531 copulam
830 1467 1054 1517 sanctus,
1081 1459 1259 1524 Isaac,
1289 1455 1668 1511 deambulabat
1718 1458 1770 1508 in

164 1571 387 1626 campo.
419 1555 588 1610 immo
635 1553 1064 1610 abalienabatttr.
1118 1551 1184 1606 Et
1210 1567 1307 1605 nos
1340 1551 1514 1618 primo
1558 1549 1773 1618 sapien-

166 1650 262 1704 tia:
287 1649 627 1718 cepolemur,
655 1656 712 1704 et
730 1649 809 1703 sic
854 1659 1111 1701 exeamus
1139 1644 1191 1700 iit
1239 1658 1492 1713 campum
1519 1655 1766 1712 quaerere

165 1753 224 1800 et
247 1743 493 1798 invenire
519 1744 818 1810 cupientes.
853 1741 1002 1795 Multi
1028 1742 1171 1794 enim
1200 1739 1316 1794 sine
1342 1738 1610 1803 sapientia
1658 1751 1774 1791 ma-

163 1837 218 1893 le
249 1845 524 1908 quzernnt.
577 1834 647 1890 Et
695 1834 817 1889 ideo
845 1833 976 1889 Cain
1003 1833 1126 1904 quia
1146 1847 1250 1887 non
1281 1841 1568 1903 acceperat
1598 1847 1628 1886 a
1658 1831 1770 1886 Deo

1873 605 2006 658 tium
2056 603 2500 674 presbyterorum
2534 601 2561 640 δ
2595 602 2770 672 putuit
2817 601 3065 656 ﬂammas
3092 601 3435 671 restinguere
3464 639 3480 664 ,

1873 697 1974 752 nisi
2005 697 2056 752 in
2085 697 2170 752 his
2195 697 2434 753 libidinis
2457 697 2781 768 proﬂuvium
2807 697 3186 753 redundasset.
3211 697 3258 754 A
3279 698 3476 768 quibus

1871 805 1992 844 cum
2028 790 2400 845 intenderetur
2445 793 2713 845 calumnia
2741 831 2757 857 ,
2791 791 2836 845 si
2883 806 3140 845 assett-tts
3189 800 3480 860 negaretur

1873 882 2161 947 adulterio,
2195 885 2455 946 ingemuit
2486 883 2756 944 Susanna.
2789 893 2840 938 et
2863 883 3000 938 dixit
3025 901 3039 938 :
3066 883 3336 953 Angustiw
3380 883 3480 935 mi-

1874 974 1927 1028 hi
1947 979 2132 1029 adsunt
2181 974 2422 1044 undique.
2446 974 2508 1028 Si
2545 975 2677 1028 enim
2711 975 2807 1028 hoc
2838 977 3004 1044 fecero
3027 1017 3041 1041 ,
3098 986 3257 1029 morte
3284 987 3480 1029 (eterna

1874 1068 2046 1137 peribo
2065 1085 2077 1119 :
2093 1067 2170 1120 sin
2197 1075 2389 1132 autent,
2407 1081 2508 1119 non
2527 1063 2771 1136 effugiam
2788 1082 2966 1120 manus
2982 1065 3336 1138 vestras(l)an.
3358 1079 3478 1128 xm,

1872 1159 1986 1230 22).
2022 1158 2212 1213 Melius
2275 1169 2455 1212 tamen
2502 1157 2758 1225 indicitvil
2789 1159 2992 1213 crimen
3043 1158 3231 1228 fugere
3260 1160 3438 1227 pntius
3463 1197 3480 1222 ,

1873 1267 2032 1322 quam
2068 1251 2385 1320 periculum.
2416 1249 2584 1322 539
2620 1249 2856 1303 Plorarit
2887 1252 3068 1320 itaque
3097 1266 3216 1304 cum
3271 1251 3479 1305 crimen

1876 1345 1924 1399 ei
1949 1343 2304 1413 objiceretnr:
2341 1343 2575 1413 plcravn
2619 1357 2742 1396 eum
2771 1342 2873 1396 sibi
2926 1343 2992 1398 de
3018 1343 3209 1412 pudica
3241 1353 3298 1398 et
3327 1353 3478 1398 casta

1876 1435 2105 1491 adulteri
2146 1435 2406 1504 judicium
2438 1433 2804 1498 vindicarent;
2853 1451 2959 1488 non
3011 1442 3240 1489 tn0ttettt
3291 1436 3483 1506 deplo-

1875 1545 2004 1584 rans
2035 1571 2049 1594 ,
2081 1530 2176 1585 sed
2205 1529 2469 1584 castitatis
2503 1530 2852 1585 calumniam.
2885 1528 3184 1596 Religionis
3227 1528 3482 1599 injuriam

1877 1625 2150 1694 ploravit,
2205 1633 2260 1680 et
2285 1622 2473 1678 effudit
2523 1639 2687 1694 super
2732 1639 2794 1680 se
2835 1639 2941 1679 non
2976 1639 3198 1694 corpus,
3231 1624 3327 1678 sed
3359 1625 3482 1678 ani-

1875 1731 2040 1770 mam.
2067 1715 2360 1771 Etfudisset
2387 1716 2532 1772 enim
2580 1732 2779 1786 corpus
2800 1759 2816 1783 ,
2846 1716 2890 1770 si
2919 1717 3229 1772 carnalibus
3259 1716 3483 1786 acquie-

1877 1807 2064 1863 visset.
2091 1809 2334 1878 Denique
2363 1824 2486 1863 cum
2521 1819 2694 1863 morte
2720 1809 3089 1871 damnaretur,
3122 1809 3479 1875 exclamavit,

159 1901 695 2000 prudentiam,male
725 1929 992 1997 quaasivit,
1026 1925 1166 1980 male
1191 1924 1356 1979 exivit
1384 1925 1436 1979 in
1463 1939 1713 1992 campum
1742 1941 1757 1990 ;
1797 1916 1846 1976 B
1872 1902 2024 1974 ψιθδί
2047 1901 2216 1972 index
2243 1918 2482 2000 ι’(ᾯτυῐην
2513 1903 2716 1959 arbilra
2748 1904 3194 2000 colttlttlliattlittm
3220 1923 3235 2000 ;
3269 1914 3354 2000 et
3398 1906 3481 2000 in-

161 2023 299 2077 Abel
327 2023 486 2085 bene,
519 2021 609 2090 qui
641 2017 938 2089 perlectum
981 2017 1231 2072 sacriﬁcii
1261 2033 1456 2072 munus
1500 2018 1764 2088 implevit.

159 2114 377 2168 Bonum
399 2113 542 2168 enim
572 2112 853 2181 sapientia:
881 2109 1205 2165 sacriﬁcium
1234 2153 1249 2176 ,
1293 2109 1433 2164 bona
1457 2117 1543 2164 est
1586 2108 1761 2164 hostia

161 2204 325 2271 ﬁdes,
348 2213 405 2259 et
441 2204 617 2258 omnis
644 2205 835 2258 virtus.
883 2201 1122 2272 Denique
1169 2202 1434 2271 sapientia
1479 2201 1752 2256 interfecit

160 2313 292 2353 suas
321 2296 552 2363 hostias,
578 2305 633 2351 et
654 2294 954 2350 miscuit‘in
983 2303 1251 2350 craterem
1283 2295 1466 2350 vinum
1493 2310 1674 2352 suum.
1699 2295 1767 2349 Et

160 2390 286 2446 ideo
316 2399 370 2443 ut
397 2389 781 2460 insipientibus
801 2387 1090 2458 gentilibus
1123 2397 1304 2457 potum
1339 2389 1461 2442 lidei
1489 2387 1664 2451 daret,
1697 2387 1764 2443 ad

155 2496 428 2539 craterem
463 2498 620 2538 suum
650 2482 970 2537 convocavit
1017 2495 1112 2537 eos
1139 2481 1365 2536 dicens:
1403 2481 1504 2548 Qui
1527 2491 1599 2536 est
1631 2482 1763 2535 insi-

159 2578 328 2647 piens,
356 2577 571 2630 divertat
597 2575 666 2628 ad
703 2591 783 2628 me
814 2573 997 2646 (Prov.
1018 2589 1094 2634 ιχ.
1128 2571 1207 2644 4).
1235 2573 1304 2628 Et
1326 2573 1611 2644 egentibus
1639 2590 1764 2629 sen-

159 2685 223 2725 su
256 2669 392 2724 dixit
421 2686 434 2722 :
474 2668 655 2722 Venite
677 2681 721 2722 et
744 2669 879 2722 edite
905 2668 968 2720 de
1001 2667 1124 2720 meis
1152 2665 1400 2738 panibus,
1430 2678 1474 2721 et
1506 2666 1657 2722 bibite
1686 2668 1762 2720 vi-

158 2781 285 2819 num
322 2763 460 2834 quod
504 2762 684 2815 miscui
739 2761 876 2816 vobis
926 2759 1091 2831 (Ibid.
1122 2802 1136 2824 ,
1187 2760 1266 2829 5).
1298 2761 1371 2816 De
1404 2761 1505 2816 hoc
1550 2772 1763 2818 cratere

159 2855 320 2913 Plato
349 2854 402 2909 iit
434 2853 748 2908 suoslibros
779 2852 1210 2908 transferendum
1251 2855 1482 2921 putavit,
1510 2853 1575 2907 ad
1605 2854 1760 2924 cujus

161 2958 346 3020 potum
377 2947 625 3003 evocavit
668 2951 911 3002 animas:
963 2947 1056 3000 sed
1087 2961 1180 3002 eas
1223 2952 1445 3016 explere
1493 2949 1759 3014 nescivit,

157 3044 250 3117 qui
282 3051 468 3114 potum
497 3057 603 3096 non
624 3040 771 3108 ﬁdei,
801 3041 892 3096 sed
922 3040 1162 3112 perﬁdia:
1187 3041 1551 3097 ministrabat.

775 3170 1004 3229 CAPUT
1036 3171 1128 3227 IX.

163 3289 322 3362 Urget
363 3291 442 3346 ut‘
469 3291 589 3346 hinc
613 3290 905 3363 fugiamus,
939 3279 1072 3343 sicut
1116 3291 1247 3363 fugit
1273 3289 1435 3345 Iacob
1465 3292 1529 3347 de
1548 3293 1718 3364 patria
1741 3336 1756 3360 ,
1787 3303 1832 3367 ο

228 3395 276 3439 et
302 3385 435 3438 sicut
473 3385 605 3439 cervi
631 3384 700 3437 ad
731 3385 933 3454 fontes;
956 3399 1080 3454 quos
1109 3384 1198 3450 qui
1226 3385 1501 3448 desiderat,
1530 3403 1684 3448 super
1708 3403 1762 3441 se

227 3479 454 3532 animant
503 3495 650 3552 suam
698 3478 929 3545 exemplo
961 3476 1222 3532 Susanna:
1269 3477 1502 3546 e/fundat
1532 3490 1754 3548 oportet.

230 3573 499 3642 Quomodo
527 3571 728 3626 Paulus
754 3582 800 3626 et
830 3570 926 3626 Lot
956 3573 1218 3644 fugerint;
1255 3591 1317 3628 ac
1345 3575 1488 3628 nobis
1518 3575 1758 3630 similiter

226 3666 526 3739 fugiendum
556 3668 621 3719 sit
652 3666 704 3719 in
732 3681 1010 3732 supernam
1056 3666 1311 3720 civitatem
1338 3708 1352 3732 ,
1408 3668 1582 3737 quoad
1609 3684 1752 3722 sunt-

224 3776 338 3813 mus
364 3760 599 3814 sacerdos
626 3759 914 3814 moriatur:
944 3775 1055 3812 cum
1080 3776 1180 3831 quo
1210 3768 1258 3813 et
1288 3769 1425 3815 vetus
1453 3762 1606 3816 homo
1643 3777 1756 3817 nos-

226 3863 300 3908 ter
326 3852 470 3907 debet
499 3853 646 3906 mori.

229 3947 317 4001 52.
352 3946 643 4016 Fugiamns
667 3961 798 4016 ergo
831 3943 955 4001 hinc
984 3947 1122 4002 sicut
1151 3947 1282 4016 fugit
1305 3948 1370 4002 de
1393 3949 1561 4019 patria
1594 3964 1755 4006 sanc-

158 4049 241 4096 Itis
265 4039 452 4094 Jacnh.
488 4038 704 4095 Sciebat
728 4039 872 4093 enim
897 4055 1078 4094 veram
1105 4041 1330 4109 patriam
1363 4055 1484 4095 esse
1507 4045 1751 4112 Superio-

156 4148 292 4189 rem.
317 4131 610 4202 Fegiamus
639 4131 778 4186 sicut
803 4132 952 4188 cervi
985 4132 1050 4185 ad
1081 4132 1257 4187 fontes
1283 4148 1542 4200 aquarum
1571 4153 1584 4188 :
1615 4153 1752 4206 quos

156 4225 372 4281 sitiebat
407 4223 615 4288 David,
643 4224 787 4277 sitiat
816 4234 872 4278 ct
921 4225 1102 4278 anima
1139 4235 1344 4280 nostra.
1380 4227 1513 4296 Quis
1550 4213 1752 4284 est'ille

153 4317 313 4373 fons?
347 4316 486 4370 Audi
511 4315 780 4370 dicentem
811 4334 824 4371 :
859 4317 1118 4382 Quoniam
1146 4318 1288 4386 apud
1315 4327 1361 4372 te
1392 4328 1463 4371 est
1491 4319 1606 4388 fons
1636 4321 1752 4374 uitw

159 4410 274 4479 (Ps.
308 4419 468 4473 xxitv,
505 4408 613 4481 10).
652 4407 786 4462 Huic
818 4409 948 4463 fonti
972 4409 1116 4464 dicnt
1143 4413 1322 4465 anima
1349 4428 1362 4466 :
1412 4411 1636 4479 Quando
1666 4429 1748 4466 ve-

156 4504 287 4557 niam
315 4513 362 4558 et
394 4502 580 4573 parebo
609 4510 726 4555 ante
754 4502 938 4571 faciem
967 4511 1105 4556 tuam
1138 4502 1265 4574 (Ps.
1296 4520 1380 4560 xu
1405 4547 1420 4567 ,
1453 4506 1486 4560 5
1509 4502 1528 4575 )
1550 4505 1572 4557 ?
1597 4504 1746 4562 Fons

156 4597 292 4650 enim
328 4597 468 4651 Deus
489 4608 570 4650 est
597 4613 609 4649 :
641 4595 735 4650 sed
777 4596 866 4666 qui
900 4595 1042 4650 hunc
1089 4597 1290 4652 fontem
1323 4597 1632 4663 desiderat,
1663 4599 1742 4654 ef—

1873 1999 2121 2050 nocentis
2143 1996 2493 2049 conscientia:
2522 2006 2845 2053 auctoritate
2871 1997 3107 2052 divinam
3137 1999 3239 2054 sibi
3264 1999 3314 2054 in
3335 1997 3484 2069 judi-

1872 2090 2013 2143 cium
2064 2091 2356 2144 accersivit
2404 2091 2810 2160 cognitionem,
2870 2108 2976 2147 non
3033 2093 3226 2150 timore
3288 2095 3482 2150 mortis

1876 2181 2104 2250 percita,
2139 2181 2230 2236 sed
2264 2181 2542 2253 arguentis
2576 2185 2598 2214 θ
2631 2198 2873 2239 censura!
2907 2195 3172 2254 potestate
3196 2188 3478 2256 pra-celsa.

1871 2274 2117 2329 Susnnua
2140 2290 2270 2344 ergo
2299 2274 2434 2342 fugit
2455 2275 2738 2340 saeculum,
2765 2287 2816 2332 et
2851 2294 2908 2332 se
2938 2278 3050 2333 Deo
3078 2279 3345 2344 credidit,
3401 2280 3474 2335 ad

1872 2366 2016 2420 illam
2055 2383 2235 2423 arcem
2282 2366 2516 2422 civitatis
2551 2379 2771 2423 aeternae
2830 2369 3087 2440 fugiens,
3138 2387 3258 2442 quat
3307 2379 3479 2427 totum

1870 2461 2128 2515 tnundum
2175 2449 2594 2533 complectitur,
2641 2459 2668 2499 ιι
2702 2463 2955 2533 quoniam
2992 2464 3130 2519 intra
3156 2464 3324 2521 Deum
3350 2477 3479 2522 sunt

1867 2553 2071 2608 omnia.

1939 2647 2031 2704 54.
2058 2648 2231 2719 'Fugit
2257 2658 2310 2704 et
2337 2649 2536 2704 Paulus
2564 2659 2621 2705 ttt
2652 2650 3025 2723 evaderetpcr
3069 2652 3364 2710 fenestram
3416 2657 3470 2712 in

1867 2755 2050 2811 Sporla
2103 2744 2406 2810 demissus,
2457 2758 2698 2816 spartum
2750 2748 2892 2801 enim
2929 2748 3122 2817 triplex
3159 2751 3331 2820 rumpi
3363 2765 3472 2805 non

1868 2850 2028 2906 pnsse
2060 2847 2316 2891 noverat:
2350 2836 2443 2891 sed
2475 2836 2632 2908 fugit,
2662 2848 2719 2892 ut
2745 2838 3090 2911 Evangelium
3120 2841 3326 2898 Domini
3355 2853 3472 2898 toto

1869 2929 2000 2983 orbe
2029 2930 2383 2996 pra-dicaret;
2411 2939 2464 2982 et
2492 2930 2615 2985 ideo
2648 2931 2700 2985 in
2725 2932 3029 3000 paradisum
3060 2944 3242 3004 raptus
3265 2946 3369 2990 est.
3400 2935 3473 2991 Et

1867 3035 1967 3074 nos
1997 3022 2258 3090 fugiamus
2287 3035 2385 3088 per
2414 3020 2706 3099 fenestram
2738 3023 3023 3080 audientes
3055 3039 3322 3097 praecepta
3355 3029 3463 3083 Do-

1865 3111 2030 3174 mini,
2059 3123 2114 3168 et
2144 3113 2262 3168 visu
2291 3114 2496 3180 sobrio,
2535 3123 2697 3186 atque
2741 3117 3022 3173 oculorum
3072 3119 3319 3175 castitate
3347 3136 3467 3175 ser-

1867 3216 2075 3260 vanles.

1951 3301 2044 3357 55.
2106 3300 2400 3372 Fugiamus
2453 3305 2591 3359 sicut
2639 3303 2782 3370 Lot,
2831 3305 3180 3361 Sodomitana
3238 3308 3468 3364 crimina

1865 3394 2122 3464 amplius,
2157 3411 2316 3466 quam
2349 3396 2610 3466 Supplicia
2643 3397 2958 3454 formidans.
2985 3398 3153 3469 Magis
3169 3400 3311 3454 enim
3345 3400 3464 3470 pius

1862 3497 2010 3541 certe
2039 3488 2308 3542 scelerum
2339 3489 2472 3560 fugit
2501 3491 2769 3560 cootagia,
2797 3493 2884 3558 qui
2913 3491 3210 3545 Sodomitis
3238 3494 3461 3550 domum

1859 3579 2088 3633 clausit:
2124 3595 2223 3635 nec
2251 3580 2572 3635 coltabitans
2605 3591 2833 3636 noverat
2861 3597 2977 3647 eos,
3004 3599 3234 3652 quorum
3265 3583 3462 3658 ﬂagitia

1860 3672 2175 3737 nesciebat,
2228 3683 2280 3728 et
2330 3673 2616 3742 opprobria
2661 3675 3045 3729 aversibatur:
3114 3693 3211 3731 nec
3251 3676 3460 3748 fugiens

1859 3767 2103 3834 resnexit
2132 3782 2227 3822 eos
2259 3783 2484 3837 quorum
2503 3768 2942 3824 conversationes
2963 3784 3068 3822 non
3086 3768 3454 3826 desiderabat.

1859 3860 2018 3931 Fugit
2039 3877 2168 3932 ergo
2197 3862 2338 3916 sicut
2364 3861 2466 3916 Lot
2487 3903 2502 3927 ,
2534 3863 2621 3930 qui
2647 3863 2922 3917 renuntiat
2952 3861 3093 3916 vitiis
3115 3904 3130 3924 .
3158 3863 3373 3918 abdiCat
3396 3881 3460 3922 se

1859 3954 2158 4008 incolarum
2189 3953 2451 4019 moribus,
2481 3955 2571 4022 qui
2597 3966 2714 4023 post
2739 3972 2796 4008 se
2828 3970 2933 4008 non
2965 3956 3225 4022 rcSpieit,
3252 3959 3342 4024 qui
3365 3973 3456 4012 sn-

1857 4052 2129 4116 periorem
2165 4047 2311 4101 illam
2351 4048 2624 4102 civitatem
2660 4049 2961 4118 ingreditur
2993 4051 3214 4104 introitu
3248 4053 3489 4120 Cogita--

1858 4140 2061 4193 tinnum
2108 4154 2325 4194 suarum
2349 4181 2362 4202 ,
2393 4154 2493 4193 nee
2527 4140 2729 4194 recedit
2775 4157 2839 4196 ex
2886 4157 2946 4196 ea
2983 4141 3160 4198 donec
3191 4144 3456 4199 moriatur

1855 4232 2116 4302 Prineeps
2169 4231 2554 4298 sacerdotum,
2600 4235 2688 4301 qui
2723 4235 2846 4288 tulit
2894 4245 3182 4305 peccatum
3241 4239 3448 4294 nmndi.

1853 4324 2099 4380 Mortuus
2129 4323 2346 4392 quidem
2398 4325 2566 4379 semel
2599 4336 2682 4380 est
2710 4344 2722 4380 :
2757 4329 2853 4382 sed
2887 4333 3116 4384 moritur
3165 4333 3458 4403 unicuique

1851 4421 1941 4491 qui
1967 4420 2271 4487 baptizatur
2303 4420 2353 4472 in
2405 4429 2578 4474 tuorte
2631 4420 2863 4490 Christi;
2912 4433 2969 4476 ut
3015 4426 3456 4494 consepelianinr

1849 4530 1970 4571 cum
2002 4530 2088 4579 eo,
2108 4522 2165 4569 et
2188 4529 2533 4585 resurgamus
2560 4531 2682 4571 cum
2706 4527 2861 4582 co,et
2893 4519 2944 4572 in
2975 4520 3217 4576 novitate
3240 4522 3364 4577 vita:
3392 4523 3458 4577 il-

1850 4609 1953 4664 lius
1983 4608 2346 4664 ambulemus.

156 4689 337 4744 fundat
361 4707 525 4758 super
573 4705 633 4745 se
661 4691 895 4744 animam
929 4705 1116 4757 suam;
1169 4702 1226 4745 ut
1271 4693 1404 4746 nihil
1430 4701 1455 4730 α
1507 4695 1743 4764 passioni
1771 4707 1827 4768 ι)
1923 4703 2012 4757 55.
2057 4701 2198 4756 Bene
2229 4700 2387 4771 fugis,
2413 4700 2456 4754 si
2487 4716 2582 4755 cur
2613 4708 2762 4756 tuum
2798 4718 2901 4757 non
2934 4703 3175 4760 imitetur
3198 4714 3456 4774 peccato-

155 4785 332 4838 carnis
355 4785 639 4854 relinquat,
665 4785 756 4841 sed
785 4786 984 4857 ubique
1013 4786 1190 4840 anima
1222 4787 1534 4858 superﬂuat.

227 4876 312 4930 55.
346 4875 576 4933 Pulchre
633 4896 751 4934 cam
794 4877 984 4934 effudit
1013 4879 1258 4935 Susanna
1289 4922 1306 4947 ,
1349 4893 1408 4935 ut
1451 4897 1746 4953 evaporare

157 4969 207 5024 in
235 4982 347 5022 eam
381 4985 484 5023 non
508 4982 725 5039 possent
756 4971 1003 5026 incendia
1032 4971 1308 5042 Corporis,
1342 4977 1532 5027 mortis
1556 4975 1744 5030 formi—

154 5064 306 5121 dines
331 5108 346 5133 ,
375 5065 497 5119 vitae
530 5065 874 5136 cupiditates.
921 5066 1098 5121 Eﬂ'usa
1141 5082 1307 5136 super
1349 5069 1519 5137 ipsam
1565 5069 1742 5124 anima

155 5178 308 5218 omne
332 5163 584 5218 restinxit
636 5165 856 5219 carnale
909 5163 1240 5220 desiderium
1266 5208 1282 5233 ,
1311 5165 1573 5221 Steculare
1629 5177 1745 5222 stu-

224 5308 248 5333 ει
285 5296 362 5350 Ita
416 5296 574 5351 lium.
628 5296 762 5350 edit.
796 5310 860 5350 ac
905 5312 1043 5351 unus
1081 5298 1204 5353 cod.
1243 5297 1362 5352 Vat.
1413 5298 1564 5353 Alter
1610 5313 1744 5353 vero
1775 5277 1794 5290 ’-

155 5384 269 5425 Ctnn
295 5368 504 5441 duobus
525 5365 744 5441 Gallia,
774 5365 913 5441 nihil
929 5373 1267 5440 possessionis
1287 5370 1470 5437 carni;
1492 5387 1612 5441 qua:
1635 5370 1746 5426 lec-

157 5443 230 5494 tio
255 5438 474 5492 minime
507 5438 775 5511 ιιὶενιὶοιιμ
811 5438 1140 5511 ὃεᾱτυιίιιιιί
1165 5458 1294 5496 mss.
1326 5456 1380 5497 et
1411 5438 1541 5498 edit.
1589 5451 1738 5508 aut.,

87 5557 90 5559 .
155 5511 282 5582 nihil
304 5510 609 5582 possessioni
624 5510 824 5582 carnis.

225 5581 248 5621 δ
287 5581 545 5650 Qua-dant
569 5581 696 5633 edit.
729 5589 838 5634 tum
872 5597 937 5636 ex
980 5591 1086 5635 vet.
1114 5591 1223 5636 tum
1255 5599 1317 5637 ex
1355 5594 1560 5638 recent.
1591 5627 1604 5648 ,
1645 5601 1748 5638 non

156 5655 336 5727 potuit.
381 5652 544 5727 Male.
573 5651 674 5727 Est
695 5653 1062 5727 enimlot-tttio
1091 5653 1490 5727 coiiditionalis,
1521 5665 1572 5710 ut
1611 5657 1748 5710 indi-

158 5723 272 5779 cant
300 5725 581 5793 sequentia
624 5725 710 5777 illa
731 5770 745 5786 ,
802 5725 900 5778 nisi
929 5727 990 5777 de
1016 5723 1096 5777 his
1120 5766 1136 5791 ,
1165 5736 1271 5780 etc.
1330 5725 1577 5794 idemque
1610 5729 1752 5781 valet

195 5798 320 5852 otuit
347 5838 361 5861 ,
390 5812 451 5849 ae
481 5798 522 5850 si
550 5797 863 5869 legeretur,
921 5798 1181 5869 potuisset.
1212 5797 1343 5864 Qua:
1374 5799 1600 5854 lormula
1630 5814 1754 5869 pro-

195 5871 298 5922 alis
331 5868 647 5922 auctoribus
675 5884 782 5920 nnn
824 5879 910 5923 est
941 5868 1216 5922 inusitata.

234 5951 252 5976 θ
298 5938 438 5994 Edit.
471 5939 718 6010 quaedam
742 5939 940 6006 Paris.,
969 5955 1205 5993 censurae
1229 5951 1478 6010 potestate
1502 5943 1756 6012 perculsa.

1851 4811 1968 4850 rttm
1996 4796 2256 4853 consilia.
2286 4807 2338 4848 et
2366 4794 2724 4864 cogitationes
2769 4812 2978 4850 eorum.
3021 4797 3166 4851 Bene
3198 4797 3338 4864 fugis
3358 4841 3374 4863 ,
3407 4800 3454 4854 si

1850 4888 2042 4942 orulns
2072 4897 2194 4941 tuus
2227 4885 2359 4956 fugit
2387 4887 2584 4942 calices
2628 4895 2684 4942 et
2713 4889 2948 4958 phialas;
2985 4906 3052 4943 tte
3079 4887 3247 4961 M0
3270 4892 3359 4942 ﬁat
3387 4891 3452 4944 li-

1851 4982 2128 5036 bidinOsus
2155 5023 2170 5047 ,
2221 4979 2348 5033 dttm
2388 4986 2634 5033 moratur
2681 4980 2733 5034 in
2776 4980 2921 5034 vino.
2963 4980 3109 5034 Bene
3144 4981 3300 5049 lugis.
3335 4989 3358 5016 θ
3402 4981 3450 5036 si

1849 5073 2041 5129 oculos
2073 5085 2194 5126 tuus
2220 5071 2452 5126 alienam
2481 5073 2738 5140 declinet,
2761 5084 2814 5127 ut
2837 5075 3018 5143 lingua
3049 5085 3133 5127 tua
3162 5073 3445 5129 veritatem

1849 5165 2137 5222 custodiat.
2172 5165 2315 5220 Bene
2340 5164 2498 5236 fugis,
2534 5167 2578 5219 si
2609 5181 2713 5221 non
2757 5167 3088 5236 respondeas
3119 5161 3453 5238 imprudenti

1933 5295 1962 5334 ἀ
2003 5297 2078 5352 Ita
2127 5296 2261 5363 edit.
2287 5311 2479 5350 omnes
2507 5312 2630 5351 eum
2670 5297 2854 5367 paucis
2876 5313 3008 5353 mss.
3038 5297 3102 5353 At
3138 5297 3288 5353 Colb.
3317 5316 3462 5357 unus

1852 5371 2094 5442 quoniam
2120 5369 2258 5421 intra
2290 5367 2460 5442 Deum
2509 5386 2662 5442 omne
2687 5385 2881 5442 atrum.
2908 5373 3060 5424 Alter
3083 5370 3402 5442 cumg'forn.
3434 5418 3452 5442 ,

1974 5442 2146 5512 omnia
2175 5444 2341 5511 fugit;
2371 5439 2521 5496 Vale.
2552 5452 2606 5495 et
2638 5440 2873 5507 'I’hend.,
2903 5445 3147 5512 fugiunt;
3194 5440 3404 5500 Thuan.
3434 5439 3452 5510 ζ

1858 5513 2032 5585 ξτειι..
2057 5511 2187 5585 Βὶε.
2219 5551 2234 5574 ,
2295 5512 2555 5581 Ebrulph.
2587 5553 2601 5576 ,
2633 5513 2828 5585 iAillel.
2855 5554 2869 5574 ,
2925 5511 3165 5585 "limine
3193 5519 3454 5585 confugit;

1857 5583 2002 5638 Fisc.
2036 5574 2292 5653 denique,
2446 5574 2597 5655 tiniae
2621 5583 2767 5655 habet
2795 5600 2910 5636 cum
2938 5584 3115 5655 fugit.
3289 5574 3300 5584 ”
3348 5574 3360 5587 ’

1933 5665 1956 5692 ε
1991 5655 2132 5709 Edit.
2158 5671 2347 5709 omnes
2377 5695 2391 5719 ,
2424 5654 2467 5707 si
2511 5654 2690 5707 oculus
2735 5665 2853 5707 tuus
2873 5654 3045 5708 aliena
3082 5654 3298 5708 declinet
3328 5698 3343 5722 ,
3395 5671 3450 5714 ut

1857 5722 2065 5795 lingua;
2097 5729 2279 5787 Itoni”
2305 5737 2351 5780 et
2379 5727 2575 5794 lingua.
2607 5725 2734 5779 Mss.
2769 5724 2904 5780 Gall.
2939 5728 3048 5777 lere
3078 5727 3140 5779 ad
3167 5744 3350 5786 unum,

1860 5801 2122 5863 alienant,
2173 5809 2278 5851 etc.
2316 5796 2552 5863 Utraque
2598 5797 2756 5849 lectio
2804 5813 2956 5849 suum
2989 5812 3205 5851 senSnni
3255 5799 3452 5858 habere

1862 5879 2064 5940 potest,
2099 5880 2152 5922 tit
2183 5883 2502 5923 moneatnnr
2531 5869 2687 5922 oculo
2744 5879 2992 5940 avertere
3020 5868 3227 5931 siveab
3262 5876 3454 5928 alienis

1866 5937 2091 6004 divitiis,
2122 5943 2241 5994 sive
2282 5942 2351 5992 ab
2378 5940 2550 5994 aliena
2583 5940 2833 6009 conjuge.
2862 5937 3014 5996 Hanc
3041 5941 3302 6010 siquidem
3326 5942 3454 5996 Am—
