4082 6370
638 385 746 442 595

1984 365 2230 430 SANCTI
2269 365 2596 430 AMBROSII
3861 369 3940 424 Ξεηέ

637 497 704 551 ad
735 493 1152 566 imprudentiam
1183 491 1348 546 illius.
1377 491 1522 546 Bene
1553 485 1722 558 fugis,
1751 485 1796 540 si
1827 483 2044 541 auferas
2073 497 2227 554 gres-
2257 489 2308 550 Α
2335 491 2584 540 creatura
2611 527 2624 550 ,
2659 483 2864 540 habens
2891 485 2942 540 in
2975 475 3034 540 se
3067 481 3522 540 similitudinem
3553 477 3760 534 Christi
3787 519 3804 544 ,
3827 481 3942 548 cujus

639 603 758 644 sum
789 585 984 657 pedmn
1009 595 1221 640 tuorum
1245 597 1314 639 ex
1345 597 1440 637 ore
1489 580 1880 650 lnsipientium.
1913 579 2034 632 Cito
2083 577 2233 630 enim

639 681 798 737 mulis
823 679 1053 735 ducibus
1084 687 1326 734 erratur:
1359 677 1453 732 sed
1481 675 1525 731 si
1557 675 1638 730 vis
1661 675 1800 730 bene
1831 673 2045 744 lugere,
2075 669 2234 742 longe

636 775 722 830 fac
749 775 862 829 vius
889 781 1006 828 tuas
1032 775 1100 828 ab
1129 787 1314 828 eorum
1341 769 1704 826 sermonibus.

711 867 801 922 67.
835 865 1079 920 Mortuus
1107 864 1304 919 esttibi
1329 863 1586 933 Princeps
1607 859 1976 923 sacerdotum,
1999 855 2093 911 tibi
2113 871 2238 912 cru-

633 959 826 1015 cifixus
855 969 936 1014 est
961 995 975 1026 ,
1019 967 1076 1014 ut
1104 959 1270 1013 claris
1301 957 1420 1028 ejus
1449 951 1751 1010 editureas.
1781 951 1856 1007 Te
1885 952 2028 1007 enim
2065 951 2118 1005 in
2147 949 2236 1004 illa

633 1061 820 1114 carne.
871 1063 924 1108 et
959 1061 1046 1107 tua
1079 1061 1299 1124 peccatu
1331 1049 1609 1118 suscepit:
1643 1047 1804 1102 allisa
1843 1053 1970 1101 sunt
1995 1045 2072 1100 illi
2101 1044 2236 1114 pati-

635 1147 764 1202 bula
809 1153 1023 1201 tuarum
1057 1145 1382 1202 delictorum
1415 1143 1773 1212 chirographa
1803 1157 1816 1208 ;
1843 1149 1902 1194 ut
1927 1138 2036 1208 jam
2083 1153 2240 1192 mun-

633 1239 706 1294 do
737 1239 868 1294 nihil
900 1239 1124 1304 debeas,
1153 1239 1240 1294 cui
1275 1237 1448 1294 semel
1481 1235 1821 1293 renuntiasti.
1852 1235 1914 1288 Et
1931 1241 2081 1288 recte
2103 1230 2239 1286 nihil

623 1333 833 1398 .dches,
861 1332 946 1388 cui
971 1333 1208 1401 suppetit
1229 1331 1446 1386 dicere:
1478 1329 1610 1383 Mihi
1637 1327 1780 1383 enim
1821 1327 2045 1380 mundus
2071 1324 2240 1378 cruci-

645 1427 784 1498 ﬁxus
813 1435 888 1481 est
913 1467 929 1493 ,
965 1435 1010 1480 et
1028 1443 1118 1498 ego
1142 1426 1332 1479 mundo
1365 1423 1562 1496 (Gulat.
1593 1423 1778 1493 ",14)
1805 1439 1818 1486 ;
1850 1431 1910 1476 ιιι
1953 1421 2064 1492 jam
2095 1435 2241 1475 mor-

639 1527 749 1573 tem
784 1535 889 1572 mm
925 1521 1138 1584 timens,
1165 1519 1208 1572 si
1249 1531 1407 1588 geras
1429 1517 1724 1582 Christum,
1753 1517 1806 1570 in
1835 1531 1942 1586 qun
1971 1523 2124 1584 potes
2155 1512 2239 1566 di-

643 1627 770 1668 cere
789 1629 802 1666 :
821 1611 921 1668 Ubi
949 1601 1218 1678 θυμιῶν»,
1243 1607 1717 1664 uictoriatua?llbi
1739 1605 2242 1672 est,nt0ts,aculetts

643 1715 762 1760 tuus
814 1705 856 1776 (l
881 1704 1002 1760 Cor.
1039 1719 1136 1768 xv,
1169 1704 1305 1776 55)?
1337 1701 1550 1758 Etenim
1591 1717 1710 1756 cum
1743 1711 1896 1756 vetus
1945 1697 2034 1752 ille
2079 1697 2243 1752 heluo

641 1807 828 1855 noster
882 1797 1077 1853 atllxus
1119 1809 1204 1854 est
1235 1799 1382 1852 cruci
1409 1839 1424 1863 ,
1467 1796 1796 1850 destructum
1825 1803 1911 1850 est
1937 1801 2241 1863 peccatum,

2339 578 2530 632 martis
2573 575 2914 633 similitudini
2963 575 3282 646 consepulti
3333 573 3648 643 imaginem
3697 573 3816 625 vita
3859 571 3944 642 ejus

2337 671 2756 740 assumpsimus,
2785 669 2898 724 alas
2921 669 3114 740 gratias
3145 667 3430 738 spiritalis
3463 665 3808 734 accepimus.

2411 765 2502 820 58.
2545 765 2636 820 Sic
2666 763 2826 834 igitur
2873 765 3090 828 volate,
3145 773 3206 816 ut
3263 762 3498 822 dicatur
3541 759 3618 814 de
3639 759 3830 812 rubis:
3871 759 3938 825 (is:

2339 869 2456 912 sunt
2475 858 2560 912 isti
2581 859 2668 928 qui
2683 865 2736 910 ut
2757 855 2916 910 nubes
2943 857 3198 926 volant,'et
3227 855 3375 909 sicut
3393 851 3668 908 columba:
3689 867 3804 904 cum
3823 855 3940 920 petii:

2341 951 2448 1006 suis
2476 949 2648 1021 (Esai.
2671 966 2756 1016 Ls,
2776 949 2860 1022 8)?
2889 948 2954 1006 Ut
2987 947 3202 1004 nebula:
3245 958 3460 1002 vestra:
3485 945 3938 1014 roreutjustitian,

2341 1053 2398 1100 et
2423 1044 2686 1100 columba:
2715 1043 2924 1115 pariant
2947 1042 3386 1114 simplicitatem.
3419 1041 3522 1096 Sic
3547 1040 3808 1108 navigan:
3831 1042 3940 1109 quasi

2343 1139 2759 1195 lransiretanles
2789 1139 3047 1194 mundum
3069 1181 3084 1206 ,
3116 1155 3230 1194 non
3265 1147 3686 1208 pererrantes,
3723 1137 3860 1204 quasi
3883 1151 3942 1190 nt-

2343 1249 2438 1288 ves
2460 1232 2719 1298 'l‘harsis;
2753 1241 2814 1286 ut
2841 1231 2908 1286 ad
2935 1231 3310 1302 intelligibites
3357 1241 3568 1301 portus
3601 1243 3824 1284 cursum
3851 1229 3938 1284 diri-

2341 1329 2516 1398 gatis,
2551 1337 2602 1382 et
2633 1326 2954 1380 convehatis
2983 1325 3202 1380 divitias
3229 1325 3426 1380 utaris.
3466 1324 3572 1380 Sic
3603 1321 3936 1386 iestinate,st

2343 1421 2555 1477 dicatur
2573 1420 2640 1476 de
2671 1420 2824 1476 vobis
2851 1439 2864 1474 :
2888 1417 3044 1474 Leuce
3075 1420 3198 1490 facti
3223 1417 3936 1492 suntsnperaqnilul‘l‘bm

2347 1531 2420 1582 tv,
2477 1517 2590 1584 19).
2633 1514 2716 1570 Ab
2761 1515 2842 1568 ira
2891 1515 3034 1569 enim
3081 1526 3312 1568 ventura
3359 1513 3710 1584 fugiendum
3759 1513 3934 1566 ridetis.

2357 1623 2518 1680 quam
2549 1607 2828 1664 declinare
2875 1615 3164 1678 poterunt,
3188 1607 3280 1676 qui
3313 1622 3418 1676 per
3451 1603 3846 1676 penitentiam
3873 1605 3932 1656 sit»:

2347 1695 2500 1772 spem
2537 1701 2836 1756 locat-erint
2867 1699 3156 1768 evadendi,
3183 1709 3238 1754 et
3263 1697 3766 1755 reconciliationis
3791 1695 3930 1750 iatn

2349 1797 2510 1852 ﬁdem
2545 1795 2844 1861 hauserint,
2863 1809 2958 1866 per
2977 1794 3268 1849 Dominum
3301 1805 3570 1849 nostrum
3589 1790 3930 1848 JesumCiuis—

645 1894 868 1949 obtusus
899 1891 1143 1954 aculeus,
1178 1897 1398 1946 vacuata
1430 1891 1623 1961 culpa;
1677 1897 1734 1942 ut
1758 1888 1987 1943 ulterius
2035 1886 2246 1940 servire
2278 1893 2327 1958 Β
2357 1905 2490 1960 tum,
2515 1891 2604 1946 citi
2639 1905 2864 1961 regnum
2893 1899 2972 1944 est
3000 1905 3026 1942 a
3053 1889 3268 1944 sacculis
3289 1931 3304 1955 ,
3327 1897 3386 1943 et
3413 1902 3605 1954 nunc,
3639 1895 3702 1943 et
3731 1901 3928 1956 semper.

645 1983 862 2052 ﬂagitiis
891 1981 1222 2037 desinamus.
1247 1981 1391 2038 Abiit
1413 1983 1558 2038 enim
1583 1991 1736 2036 vetus
1767 1981 1949 2035 homo.
1975 1978 2127 2034 Nunc
2149 1995 2244 2034 au-

645 2087 751 2132 tem
801 2077 914 2148 jam
957 2093 1064 2132 non
1107 2087 1261 2132 vetus
1312 2076 1476 2132 homo
1521 2077 1573 2130 in
1609 2077 1796 2130 nobis:
1831 2075 1924 2131 sed
1979 2089 2118 2130 nova
2161 2083 2247 2130 est

638 2205 852 2260 brosius
882 2205 1018 2262 haud
1049 2221 1172 2261 raro
1199 2179 1519 2272 simpliciter
1555 2203 1780 2259 alienam
1804 2203 1934 2259 dicit
1957 2247 1972 2266 .
2024 2203 2233 2260 scilicet

637 2279 933 2348 Scriptura:
964 2277 1416 2334 causuetudincm
1459 2277 1721 2344 imitatus,
1757 2277 1846 2332 ubi
1871 2277 2034 2348 legis,
2069 2277 2227 2331 Prov.

687 2417 712 2422 ι-
729 2416 742 2422 .-
781 2419 786 2422 .
805 2417 878 2424 .---..
899 2417 1016 2424 ωσ---α
1029 2418 1074 2424 ..-
1119 2417 1272 2426 _.._.._-_
1287 2417 1314 2422 -..ι
1329 2418 1366 2424 ...ι
1375 2417 1476 2424 ...4-
1491 2417 1562 2423 -μ-
1579 2417 1638 2423 ——
1653 2419 1670 2422 —
3269 2424 3284 2448 I

719 2451 1044 2464 Ὸν--οσ-ρσ
1105 2453 1222 2464 -ῌ
1241 2455 1816 2464 κι-σσσ--ο--ι-ι--υ
1835 2455 1858 2464 ο-
2291 2457 2338 2464 .-
2381 2459 2384 2462 .
2433 2451 3698 2462 -υΜ-ῴ

2351 1995 2406 2041 et
2430 1985 2482 2041 in
2511 1984 2692 2040 omnia
2719 1981 2914 2038 saecula
2939 1981 3288 2038 steculorum.
3345 1981 3560 2036 Amen.

2339 2219 2394 2279 tt.
2423 2201 2516 2266 ‘20,
2543 2207 2621 2262 Mr}
2641 2199 2926 2279 πολὺς-ῗσρι
2952 2201 3082 2279 πρὸς
3107 2201 3399 2279 alio-cpiam.
3467 2197 3556 2254 Ad
3587 2213 3760 2271 quem
3805 2199 3924 2254 [fialis

2341 2273 2656 2346 frequenter
2681 2274 2750 2328 ab
2782 2275 2840 2330 ὃ.
2875 2273 3120 2328 Prar'sule
3148 2273 3434 2326 alluditur.

2433 2451 3698 2462 -..Μ-..-

757 2567 883 2649 ΙΝ
938 2567 1354 2652 LIBROS
1428 2569 1591 2652 DE
1663 2568 2032 2654 JACOB
2099 2567 2248 2653 ET
2321 2567 2604 2654 VITA
2679 2561 3062 2654 BEATA
3139 2561 3870 2654 ADMONITIO.

728 2833 811 2889 Ex
833 2837 949 2908 ipsa
970 2835 1173 2908 quidem
1201 2835 1383 2894 horum
1414 2835 1664 2896 librorum
1697 2843 2030 2912 inscriptione
2065 2859 2372 2918 cegaoscere
2407 2853 2479 2899 est
2517 2845 2842 2902 Ambrosium
2876 2845 2939 2899 de
2973 2845 3188 2900 historia
3219 2845 3540 2916 patriarcha
3577 2845 3781 2916 Iacob,
3821 2847 3922 2910 άεειτεε

655 2929 809 2984 rebus
839 2933 908 2984 ad
931 2931 1128 2986 beatam
1157 2933 1313 2988 vitam
1339 2933 1707 3005 pertinentibus
1734 2954 1885 3010 agere
1915 2955 1934 2993 :
1961 2953 2134 2992 verum
2163 2955 2224 2992 ea
2249 2953 2352 2992 non
2375 2939 2486 2994 sola
2513 2949 2628 2993 sunt
2659 2939 2722 2993 de
2747 2939 2930 3010 quibus
2957 2941 3089 3012 agit,
3125 2949 3168 2994 et
3199 2943 3310 2994 haec
3331 2941 3449 3006 ipsa
3473 2941 3747 3013 singulari
3767 2941 3923 3005 quaties

649 3025 858 3080 ratione
883 3035 1096 3089 tractat,
1128 3039 1280 3096 quam
1311 3043 1411 3082 non
1440 3027 1528 3082 abs
1559 3045 1614 3083 re
1640 3031 1792 3100 fuerit
1824 3031 1909 3084 hic
1941 3029 2082 3098 (Lib.
2123 3045 2159 3085 ιι
2180 3072 2192 3095 ,
2227 3045 2344 3102 cap.
2381 3031 2441 3096 l,
2475 3047 2620 3086 num.
2667 3031 2720 3102 i)
2768 3031 3046 3100 explicitre.
3087 3029 3366 3085 Enimvero
3411 3039 3698 3104 antequam
3743 3029 3807 3085 ad
3837 3031 3920 3084 illis

649 3122 908 3175 accederet
937 3131 1326 3192 arguntentum.
1361 3123 1666 3178 existimavit
1697 3123 1966 3196 neaphytis
2001 3121 2253 3180 tradenda
2291 3126 2538 3179 virtutum
2567 3135 2819 3194 prtecepta
2838 3167 2852 3190 ,
2882 3134 2928 3178 et
2960 3141 3062 3192 qua
3105 3126 3186 3178 via
3227 3127 3482 3192 quibusve
3509 3127 3826 3197 adjumentis

653 3215 924 3288 fectionem
951 3215 1238 3270 conditioni
1266 3217 1382 3272 vitm
1406 3235 1438 3272 a
1468 3234 1521 3272 se
1549 3220 1602 3272 in
1635 3217 1886 3290 bﬂpllsmo
1920 3218 2094 3286 palam
2122 3225 2433 3286 nuncupata:
2455 3221 2830 3270 convenientem
2859 3219 3179 3286 acquirerem
3199 3258 3212 3284 ,
3247 3219 3618 3290 aperiendum.

731 3307 1060 3377 Quapropter
1083 3307 1264 3379 primis
1293 3309 1420 3380 ipsis
1445 3309 1632 3380 prioris
1661 3311 1778 3363 libri
1807 3309 1966 3364 verbis
1998 3310 2145 3363 docet
2174 3307 2241 3360 ad
2271 3311 2494 3379 fructum
2527 3309 2752 3378 aliquem
2783 3325 2845 3363 ea:
2869 3309 3113 3364 institutis
3143 3293 3328 3382 quibus
3367 3312 3778 3376 imbuebantur,
3809 3309 3922 3381 pnti-

651 3402 928 3473 piendum,
957 3399 1188 3455 adhiberi
1209 3411 1442 3474 Oportere
1463 3401 1692 3455 animum
1717 3401 1956 3467 docilem,
1977 3403 2065 3472 qui
2093 3409 2320 3455 motuum
2345 3418 2624 3473 pravorum
2646 3401 2896 3456 tunmltns
2913 3413 3064 3456 rectw
3085 3403 3302 3456 rationis
3325 3403 3650 3458 tractatione
3671 3405 3922 3476 corrigeret:

656 3495 856 3550 tametsi
883 3495 1019 3548 enim
1050 3505 1224 3549 omnes
1247 3491 1366 3549 illos
1389 3505 1554 3548 motus
1572 3513 1660 3562 ea,
1688 3505 2094 3565 quantacumque
2115 3497 2274 3548 virtus
2298 3497 2413 3568 ejus
2445 3495 2508 3549 sit
2531 3537 2546 3562 ,
2573 3491 2825 3550 radicitus
2849 3493 3064 3548 evellere
3085 3495 3378 3562 neutiquam
3401 3495 3574 3550 valeat
3593 3539 3608 3560 ,
3645 3515 3790 3570 posse
3813 3508 3922 3550 lassa

659 3587 967 3658 cupiditates
999 3589 1220 3642 resecari
1247 3590 1614 3659 temperantia,
1646 3597 1800 3659 quam
1834 3587 1974 3642 Deus
2014 3589 2179 3660 primo
2227 3587 2455 3657 parenti,
2497 3605 2691 3642 necnon
2724 3597 2898 3656 postea
2941 3587 2994 3640 in
3027 3585 3165 3658 Lege
3189 3589 3500 3642 servandam
3535 3591 3782 3662 prcucepit
3813 3587 3924 3642 :bis-f

659 3693 864 3738 nostros
888 3691 1060 3736 omltes
1089 3683 1261 3746 lapsus
1289 3683 1536 3737 voluntati
1561 3677 1640 3738 illi
1662 3699 1777 3754 qua:
1799 3681 1948 3753 chis
1973 3699 2031 3736 ac
2050 3679 2322 3753 Evangelii
2344 3681 2509 3754 jussis
2533 3697 2714 3752 parere
2738 3691 2968 3753 poterat,
3001 3697 3100 3733 non
3123 3681 3270 3734 carni
3295 3683 3452 3753 cujus
3477 3683 3726 3736 membris
3761 3683 3854 3753 ipsa
3869 3694 3924 3750 grt-

661 3773 804 3829 libito
830 3771 934 3828 sive
973 3771 1042 3826 ad
1061 3773 1324 3848 justitiam
1364 3775 1468 3827 sive
1496 3773 1565 3827 ad
1595 3773 1913 3845 iniquitatem
1941 3773 2208 3836 utebatur,
2243 3771 2573 3845 imputanda:
2615 3789 2724 3827 esse
2767 3790 2785 3826 :

2835 3771 2880 3826 si
2907 3771 3161 3827 diabolus
3193 3771 3567 3827 vnlttntarittm
3623 3775 3728 3830 sibi
3771 3790 3922 3829 senss:
3990 3771 3991 3820 i

659 3869 1007 3924 auctionatur
1035 3865 1173 3922 (Lib.
1207 3873 1260 3934 l,
1289 3883 1406 3941 cap.
1439 3865 1474 3923 3
1495 3911 1510 3934 ,
1543 3883 1686 3922 num.
1719 3867 1806 3938 10)
1833 3909 1846 3932 ,
1878 3885 1908 3922 a
1936 3863 2138 3920 Christo
2167 3883 2268 3920 non
2300 3867 2401 3919 nisi
2431 3865 2794 3920 voluntarium
2829 3865 3055 3920 militem
3097 3865 3219 3936 eligi
3253 3881 3271 3919 :
3305 3883 3560 3935 quemque
3581 3880 3754 3920 autem
3777 3869 3926 3938 prspns

659 3971 842 4030 :‘pnttle
871 3957 1012 4018 illius
1038 3973 1241 4017 servum
1267 3961 1381 4032 fieri
1419 3977 1569 4032 quem
1605 3962 1700 4016 sibi
1727 3953 2012 4014 Demittunt
2045 3957 2362 4032 adoptasset.
2395 3953 2487 4012 {Ex
2525 3957 2604 4010 his
2643 3957 2892 4029 praetore
2927 3957 2988 4010 ob
3018 3957 3193 4010 oculos
3225 3959 3370 4030 ponit
3411 3969 3672 4026 quantum
3711 3959 3864 4032 gloria
3893 3973 3928 4006 εί

660 4057 900 4111 utilitatis
931 4053 1104 4110 redeat
1133 4069 1200 4110 ea:
1222 4056 1427 4110 servitio
1453 4053 1683 4119 Christi,
1717 4057 1869 4127 cujus
1899 4053 2103 4124 quidem
2135 4068 2415 4123 numquam
2445 4067 2544 4105 non
2576 4051 2745 4104 liberti
2768 4067 2975 4114 sumus,
3008 4053 3196 4124 quippe
3221 4067 3350 4120 quos
3376 4053 3634 4107 immenso
3675 4055 3841 4106 mortis
3865 4065 3928 4103 res

665 4150 830 4217 pretio
857 4147 1126 4202 redemerit
1144 4189 1157 4210 ,
1190 4163 1250 4200 ac
1271 4148 1570 4202 redimendo
1588 4191 1601 4212 ,
1627 4147 1925 4202 muneribus
1956 4145 2098 4217 queis
2121 4147 2323 4219 majora
2345 4143 2449 4198 alia
2482 4161 2572 4199 nec
2596 4153 2774 4214 optare
2795 4145 2956 4215 possit
2988 4145 3256 4213 quisquam
3277 4186 3291 4208 ,
3324 4143 3618 4200 donaverit.

743 4239 988 4310 Affirmat
1017 4253 1170 4312 porro
1200 4240 1370 4294 divina
1401 4243 1532 4294 inter
1558 4239 1802 4308 beneﬁcia
1829 4239 2203 4294 numerandum
2230 4253 2335 4292 esse
2363 4235 2547 4310 Legem
2571 4245 2784 4292 veterem
2802 4277 2817 4302 ,
2847 4235 3264 4306 quandoquidem
3290 4235 3476 4290 addita
3517 4239 3622 4310 ipsi
3651 4239 3816 4312 gratia
3838 4239 3930 4300 qui

670 4333 833 4389 eidem
865 4333 966 4406 legi
989 4331 1230 4405 possibile
1259 4347 1360 4386 non
1388 4341 1525 4396 erat,
1560 4331 1765 4398 effecit;
1798 4341 1852 4386 nt
1877 4347 2076 4404 semper
2106 4331 2174 4384 ad
2195 4347 2340 4401 opem
2363 4333 2756 4404 confugeremus
2779 4330 3109 4399 praepotentis
3140 4329 3280 4382 illius
3307 4329 3644 4394 Servatoris,
3675 4333 3783 4388 sine
3799 4348 3876 4400 quo
3890 4331 3932 4380 sd

669 4427 1033 4501 perfectionem
1056 4427 1344 4481 sanctitatis
1369 4429 1631 4499 pervenire
1661 4443 1760 4481 non
1786 4427 1920 4481 licet.
1949 4425 2028 4479 Ad
2059 4435 2340 4480 extremum
2372 4423 2609 4479 hortatur
2636 4439 2696 4478 ne
2719 4439 2962 4494 umquam
2986 4421 3244 4492 patiamur
3269 4439 3296 4474 e
3317 4423 3568 4476 utemoria
3591 4427 3741 4478 nobis
3759 4423 3932 4478 excidi-rt

672 4537 926 4575 sumntum
957 4517 1091 4574 illud
1131 4513 1460 4587 beneﬁcium,
1491 4537 1582 4594 per
1611 4521 1748 4592 quod
1791 4517 1932 4575 nobis
1973 4521 2026 4575 in
2056 4519 2361 4594 baptismate
2405 4519 2610 4574 Christo
2658 4517 2988 4574 commortuis
3023 4527 3071 4572 et
3117 4509 3740 4591 conviviﬁcatis'peccata
3779 4521 3936 4572 dimissi

641 4631 646 4634 '
685 4623 881 4678 essent;
908 4623 962 4666 ut
989 4613 1150 4666 eidem
1177 4615 1280 4682 vita
1308 4613 1487 4684 gratite
1505 4617 1842 4688 jungeremur
1869 4629 1928 4667 ac
1955 4615 2249 4668 viveremus.
2279 4605 2428 4670 Unde
2450 4609 2712 4666 concludit
2737 4609 2798 4664 ab
2827 4605 2886 4664 eo
2909 4627 3001 4664 nos
3023 4625 3182 4680 neque
3203 4609 3435 4665 adversis
3461 4628 3626 4682 neque
3651 4609 3936 4668 incommodis

673 4707 798 4764 ullis
827 4703 1058 4778 separari
1089 4707 1268 4762 debere
1287 4749 1303 4776 ,
1338 4725 1452 4762 cum
1481 4710 1534 4762 in
1564 4707 1701 4763 hisce
1729 4709 1878 4768 rebus
1901 4709 2016 4764 vita,
2045 4709 2193 4765 istius
2217 4709 2440 4780 felicitas
2468 4707 2631 4763 omnis
2659 4709 2827 4778 posita
2857 4707 2944 4760 sit.

747 4801 932 4870 Itaque
958 4811 1227 4874 postquam
1248 4815 1453 4858 sanctus
1481 4803 1672 4859 Ductor
1695 4807 1750 4862 in
1778 4799 2032 4878 ejusmodi
2060 4803 2487 4876 prteccptionibus
2513 4803 2664 4877 primi
2685 4801 2840 4874 hujus
2873 4803 2989 4857 libri
3019 4819 3110 4856 sea:
3136 4805 3306 4877 capita
3335 4803 3638 4871 insumpsit,
3667 4805 3722 4858 in
3748 4805 3936 4870 εεριὶιιιῦ,

671 4901 804 4950 sicut
833 4905 878 4950 et
909 4893 962 4949 in
985 4906 1162 4950 octavo
1189 4897 1508 4967 generalibus
1536 4902 1850 4972 argumentis
1877 4901 2188 4956 demonstrat
2220 4899 2362 4954 nulla
2391 4899 2714 4964 calamitate,
2749 4897 2892 4952 nulla
2920 4897 3124 4951 miseria
3152 4899 3266 4952 vitta
3295 4889 3598 4967 felicitatem
3621 4899 3940 4968 interpellari;

674 4989 730 5043 in
780 4985 868 5058 bis
891 4990 1068 5054 enim,
1103 4987 1304 5061 inquit,
1354 4993 1674 5063 probamur,
1722 4997 1772 5050 in
1811 4995 1896 5050 bis
1928 4996 2080 5051 beata
2127 4995 2234 5050 vita
2281 5003 2360 5049 est
2385 5034 2400 5060 ,
2433 4989 2652 5047 etiamsi
2682 4991 2864 5046 multis
2897 4993 3150 5062 periculis
3201 4992 3495 5047 inundetur
3523 4991 3737 5067 (Ιὺὶά,,
3765 5011 3866 5060 cap.
3893 4993 3942 5054 'l,

675 5097 820 5137 num.
855 5075 972 5154 27).
1007 5081 1132 5139 Haac
1161 5093 1330 5140 tamen
1356 5085 1410 5141 in
1435 5085 1539 5141 alio
1565 5089 1780 5161 reperiri
1805 5099 1955 5162 negat
1985 5089 2084 5144 nisi
2110 5091 2162 5143 in
2196 5089 2420 5161 sapiente
2447 5129 2460 5152 ,
2483 5087 2662 5160 justo,
2693 5093 2737 5138 et
2778 5087 3003 5156 perfecto
3035 5083 3272 5152 homine,
3307 5087 3396 5154 qui
3427 5101 3529 5140 nec
3565 5087 3850 5157 dispendiis
3871 5084 3944 5138 nti-

677 5175 891 5238 nuitur,
918 5189 1018 5232 nec
1037 5175 1280 5233 adversis
1301 5175 1564 5248 frangitur
1592 5179 1756 5253 (Ibid.
1781 5223 1793 5247 ,
1822 5199 1964 5236 nunt.
1995 5181 2122 5253 5|);
2155 5199 2270 5235 cum
2302 5180 2668 5236 beatitudinem
2693 5195 2842 5233 suum
2867 5179 2918 5232 in
2944 5196 3048 5232 una
3067 5181 3254 5234 summi
3278 5179 3426 5245 boni,
3461 5183 3558 5234 hoc
3585 5192 3656 5236 est
3679 5225 3692 5246 ,
3721 5181 3942 5249 ipsiusius!

681 5268 776 5325 Dei
809 5272 1127 5352 possessione
1153 5273 1452 5328 constituat.
1501 5270 1754 5328 Craterum
1793 5291 1824 5328 a
1869 5275 2092 5346 perfecto
2119 5275 2211 5328 illo
2252 5289 2572 5344 nequaquam
2609 5270 2765 5343 exigit
2803 5271 2858 5322 in
2905 5269 3138 5334 danmis,
3187 5282 3314 5340 puta
3354 5273 3406 5325 in
3451 5273 3646 5327 morbis
3670 5315 3684 5336 ,
3729 5275 3778 5326 in
3817 5279 3942 5324 marte

679 5365 1208 5434 consanguineorum,
1241 5367 1294 5420 in
1325 5367 1625 5438 captivitate
1647 5409 1664 5437 ,
1697 5368 1911 5423 stoicum
1954 5367 2217 5442 apathiam
2239 5411 2254 5436 ,
2283 5367 2370 5424 sed
2395 5367 2578 5421 mentis
2603 5363 3004 5438 atquabilltatem
3025 5406 3039 5430 ,
3071 5377 3222 5435 quam
3262 5365 3326 5419 ab
3367 5367 3460 5422 illo
3507 5367 3624 5438 ipso
3653 5367 3782 5422 alios
3807 5361 3944 5420 doceri

675 5455 786 5507 testi
791 5451 995 5522 ﬂcatur.

748 5541 850 5600 His
879 5547 1156 5604 universim
1177 5549 1232 5606 in
1261 5551 1430 5620 primo
1457 5551 1588 5606 libro
1608 5553 1899 5608 constitutis
1919 5587 1934 5618 ,
1961 5554 2016 5608 in
2045 5553 2270 5609 secundo
2299 5555 2474 5612 eadem
2499 5557 2832 5613 nobilissimis
2863 5559 3124 5614 clarorum
3155 5558 3380 5610 uirorum
3419 5556 3510 5626 qui
3539 5555 3636 5610 sub
3658 5557 3856 5624 antiquo
3875 5557 3944 5622 fa-

683 5635 804 5689 dere
834 5639 1138 5708 ﬂoruerunt,
1167 5643 1415 5711 exemplis
1456 5644 1660 5715 probat.
1709 5644 1817 5699 Sed
1859 5645 2110 5716 imprimis
2149 5649 2458 5720 palt‘t'archa’
2485 5648 2646 5705 Iacob
2691 5653 2846 5706 vitam
2881 5651 3154 5722 proponit,
3203 5652 3350 5722 cujus
3381 5647 3658 5722 prtecipuis
3700 5651 3946 5704 actionibus

689 5729 900 5796 planum
949 5734 1104 5802 facit,
1137 5747 1326 5806 quanta
1354 5737 1432 5792 vel
1471 5739 1523 5793 in
1573 5737 1809 5794 mammis
1848 5739 2220 5798 calamitatibus
2269 5744 2513 5815 felicitate
2541 5745 2604 5800 sit
2643 5749 2854 5820 potitus.
2885 5743 3012 5801 Cum
3055 5756 3224 5799 autem
3253 5743 3469 5800 subinde
3507 5763 3786 5800 sermonem
3825 5763 3942 5801 sum

689 5825 1084 5892 experitiouibus
1128 5829 1196 5882 ad
1221 5846 1389 5885 mores
1419 5831 1776 5900 informandos
1818 5834 2037 5888 maxime
2063 5835 2457 5890 accommodatis
2501 5849 2768 5910 aspergat,
2812 5838 3116 5907 quandoque
3155 5837 3309 5890 etiam
3344 5839 3632 5908 digreditur
3655 5849 3936 5910 arguments,

691 5923 744 5966 ut
775 5913 829 5967 in
857 5919 1070 5986 mystico
1097 5939 1248 5978 sensu
1273 5927 1538 5993 spatietur.
1571 5926 1806 6001 Denique
1830 5945 1930 5986 non
1960 5928 2156 5986 dubitat
2183 5929 2246 5985 de
2275 5937 2545 6002 parentum
2571 5931 2734 6004 Iacob
2763 5935 2815 5990 in
2845 5941 2964 5989 eum
2990 5931 3246 5992 charitate
3275 5941 3352 5990 sat
3379 5933 3556 5989 multis
3583 5931 3860 6003 disserere,
3893 5943 3935 5990 ut
