4138 6366
340 261 444 319 597
1379 260 1466 316 DE
1504 257 1721 317 IACOB
1759 259 1850 317 ET
1897 261 2053 318 "TA
2101 263 2335 322 BEATA
2378 264 2505 320 LIB.
2554 264 2593 320 Ι.
3551 272 3662 332 598

336 377 461 433 inde
484 386 718 450 parentes
744 383 919 432 omnes
946 376 1235 449 intelligant
1257 417 1270 443 ,
1297 376 1555 448 quomodo
1579 376 1917 448 ergaliberos
1944 378 2194 448 wqualem
2223 379 2463 436 exhibere
2490 397 2722 436 amorem
2751 390 2904 454 atque
2929 386 3192 458 justitiam
3227 394 3516 443 teneantur.
3544 391 3666 445 Alia

338 469 594 528 nonnulla
613 471 842 547 ejusdem
873 472 1182 543 patriarchae
1207 474 1380 544 facta,
1407 474 1700 542 cujusmodi
1729 483 1848 526 sunt
1891 487 2006 543 qua:
2043 475 2301 547 contigere
2333 476 2386 530 in
2411 474 2740 533 Patriarchis
2772 479 3158 550 benedicendis,
3186 483 3398 556 attingit
3427 485 3658 554 quidem,

336 567 426 626 sed
457 569 639 635 paucis
667 568 914 634 omnino;
951 566 1090 622 haud
1133 567 1285 621 dubie
1308 581 1366 621 eo
1395 567 1645 633 consilio,
1678 576 1731 620 ut
1771 565 1868 621 illa
1906 567 2021 638 ipsa
2060 569 2273 639 proprio
2302 577 2522 624 tractatu
2548 573 2717 640 fusius
2746 573 3053 645 uberiusque
3076 589 3492 648 prosequemur.
3527 577 3662 635 Post

337 665 446 719 haec
472 664 711 736 subjectis
739 661 900 717 obiter
923 661 1120 734 Ioseph
1148 669 1300 732 atque
1340 661 1559 716 aliorum
1587 661 1934 733 quorumdam
1975 663 2224 733 exemplis
2244 703 2260 730 ,
2308 664 2376 734 ad
2403 665 2718 719 sacerdotem
2756 666 3066 722 Eleazarum
3090 711 3106 737 ,
3158 687 3217 724 ac
3243 681 3435 739 septem
3465 676 3659 744 fratres

337 757 688 826 Machabaaos,
721 774 999 829 eorumque
1023 767 1238 812 matrem
1263 757 1452 828 stylum
1479 757 1742 810 convertit.
1779 753 1882 808 Hic
1903 771 2027 809 sane
2055 756 2109 808 in
2137 755 2297 809 tribus
2326 757 2520 811 ultimis
2547 757 2764 831 hujusce
2792 759 2912 814 libri
2938 763 3192 831 capitibus
3223 773 3326 818 toto
3357 767 3658 838 eloquentur:

332 869 442 909 εμεω
467 868 620 906 cursu
645 851 831 922 fertur,
854 863 908 906 ut
937 852 1234 922 felicitatem
1261 867 1362 921 qua
1390 849 1696 904 nobilissimi
1719 849 1800 902 illi
1828 843 2078 919 martyres
2112 850 2165 903 in
2195 849 2314 917 lege
2343 850 2530 904 nutriti
2550 892 2565 916 ,
2598 867 2696 921 per
2724 853 2954 924 gratiam
2980 858 3225 912 coronati
3254 857 3394 930 (Lib.
3428 876 3464 916 ιι
3488 901 3504 929 ,
3532 879 3651 934 cap.

336 943 427 1018 11)
453 987 468 1012 ,
500 947 554 1000 in
585 946 714 1018 ipsis
745 945 1012 1017 suppliciis
1045 945 1159 999 licet
1187 943 1574 996 immanissimis
1597 940 1896 1006 beabantur,
1921 956 2172 994 summam
2208 942 2465 996 exstitisse
2491 945 2823 999 demonstret.

403 1043 532 1098 Cum
557 1053 730 1097 autent
764 1040 962 1095 diutius
991 1042 1046 1095 in
1069 1039 1257 1094 Jacobi
1282 1039 1516 1105 exemplo
1541 1039 1869 1102 immoretur,
1919 1035 1985 1091 de
2011 1053 2112 1108 quo
2140 1051 2320 1090 novem
2365 1039 2526 1104 ferme
2557 1042 2766 1094 secundi
2793 1042 2911 1095 libri
2935 1044 3186 1116 capitibus
3231 1045 3494 1120 disputat,
3525 1062 3581 1106 ut
3611 1052 3665 1105 in

328 1137 569 1192 maximis
596 1153 798 1208 quoque
826 1137 1046 1190 miseriis
1075 1144 1273 1189 astruat
1299 1133 1497 1188 beatam
1518 1147 1625 1187 esse
1647 1132 1796 1185 vitam
1821 1147 1839 1185 :
1863 1131 1981 1184 hinc
2007 1130 2158 1184 dubio
2183 1131 2369 1202 procul
2395 1133 2539 1204 operi
2567 1134 2746 1190 titulus
2768 1137 3048 1206 inscriptus
3070 1151 3150 1214 est
3173 1141 3248 1196 De
3267 1141 3436 1198 Iacob
3456 1151 3514 1200 et
3547 1147 3656 1201 vita

327 1235 484 1290 beata
511 1250 526 1298 ;
553 1247 644 1286 nec
671 1233 828 1286 aliant
852 1217 914 1286 ob
936 1247 1144 1285 causam
1169 1229 1292 1284 alibi
1318 1229 1487 1284 scribit
1513 1227 1828 1297 propositam
1853 1226 1944 1279 abs
1974 1241 2029 1279 se
2072 1225 2124 1279 in
2154 1224 2322 1279 Iacob
2362 1225 2691 1295 singularem
2746 1230 2910 1284 animi
2951 1231 3300 1305 laborumque
3345 1237 3656 1306 patientiam

327 1326 466 1402 (Lib.
498 1325 563 1380 de
584 1325 781 1396 Ioseph
811 1324 1054 1395 patriar.,
1075 1341 1121 1378 c.
1153 1324 1205 1388 1,
1236 1339 1377 1376 num.
1408 1321 1556 1392 l).At
1580 1320 1786 1391 quando
1814 1319 2094 1373 illustrium
2119 1320 2271 1372 etiam
2297 1317 2718 1396 Machabazorum
2742 1324 3201 1382 celebratissimum
3223 1346 3439 1400 agonem
3460 1334 3656 1389 ultimis

327 1421 486 1476 tribus
515 1420 772 1490 capitibus
806 1415 1135 1488 praedicavit,
1168 1417 1285 1470 hinc
1315 1431 1420 1470 esse
1449 1414 1758 1468 arbitramur
1784 1412 1922 1482 quod
1950 1410 2172 1483 Magnus
2197 1408 2540 1467 Cassiodorus
2567 1416 2800 1470 dixerit:
2819 1417 2954 1474 Nam
2988 1431 3042 1475 et
3071 1431 3290 1479 sanctus
3311 1427 3654 1494 Ambrosius,

332 1515 421 1569 ubi
450 1513 518 1568 de
551 1527 776 1582 persona
807 1511 1006 1582 Ioseph
1035 1511 1149 1581 ipse
1175 1509 1432 1580 loquitur,
1465 1507 1762 1564 secundum
1790 1509 1986 1562 librum
2012 1506 2448 1565 Machabanorum
2479 1512 2713 1580 exentpli
2752 1528 2912 1568 causa
2948 1526 3214 1571 int-utmat
3235 1559 3249 1583 ,
3285 1520 3440 1590 cujus
3484 1524 3654 1576 maxi-

327 1625 471 1667 mam
511 1617 714 1680 parteut
759 1606 824 1661 ad
871 1605 1348 1662 demoostraudam
1384 1603 1729 1658 tolerantiam
1773 1602 2098 1672 eloquentiae
2126 1619 2238 1659 sute
2273 1601 2588 1659 dulcissimo
2617 1607 2832 1676 liquore
2865 1609 3118 1680 patefecit
3146 1611 3250 1681 (De
3274 1610 3449 1667 Instit.
3484 1614 3646 1670 divin.

325 1709 451 1774 litt.,,
477 1723 595 1775 cap.
624 1703 703 1776 6).
737 1701 842 1758 Cur
866 1703 947 1755 hic
972 1709 1151 1756 auctor
1179 1702 1302 1755 istas
1341 1701 1792 1782 commentationes
1833 1703 2039 1756 nomine
2059 1702 2307 1758 librorum
2345 1701 2412 1755 de
2437 1703 2766 1760 Patriarchis
2793 1705 3166 1776 designaverit,
3191 1709 3307 1779 jam
3330 1706 3648 1765 declaratum

321 1813 394 1857 est
441 1818 459 1856 :
488 1810 540 1854 at
571 1815 687 1853 vero
733 1799 786 1852 in
823 1797 1037 1851 dubium
1066 1811 1304 1850 revocare
1350 1795 1462 1865 quis
1494 1794 1675 1864 possit,
1704 1810 1904 1848 annon
1937 1793 1990 1847 in
2022 1795 2234 1850 laudato
2263 1799 2553 1851 testimonio
2588 1815 2682 1869 pro
2711 1796 2912 1868 Ioseph
2953 1797 3138 1852 melius
3170 1796 3334 1853 Iacob
3375 1799 3650 1856 substitue-

319 1893 499 1948 retur?
523 1889 669 1948 Certe
695 1891 898 1964 quidem
927 1887 982 1945 id
1005 1907 1106 1944 non
1134 1905 1401 1960 perperam
1428 1889 1628 1942 videtur
1648 1888 1823 1962 colligi
1851 1904 1998 1956 posse
2043 1898 2150 1943 tum
2173 1891 2308 1958 quod
2333 1889 2498 1946 Iacob
2527 1891 2731 1945 dicendi
2756 1901 3118 1963 argumentum
3153 1893 3424 1949 Ambrosio
3461 1911 3648 1967 suppe~

319 1989 469 2050 ditet,
502 1997 609 2041 tum
637 1985 776 2056 quod
821 1985 1090 2039 obscurant
1131 1999 1232 2037 non
1265 1984 1330 2037 sit
1357 1975 1735 2052 corruptionem
1767 1983 1820 2035 in
1853 1981 1989 2036 hunc
2035 1984 2206 2036 locum
2231 1985 2461 2054 aliquam
2505 1986 2794 2056 irrepsisse.
2845 1984 2946 2040 Ubi
2973 1988 3109 2041 enins
3149 2005 3285 2042 nunc
3310 1988 3543 2058 Ioseph,
3576 1987 3646 2042 ibi

321 2083 444 2136 olim
469 2079 671 2135 Esdras
703 2077 985 2152 legebatur.
1018 2073 1382 2131 Nihilominus
1415 2085 1583 2131 tamen
1612 2093 1730 2131 cum
1764 2073 1826 2129 S.
1861 2075 2066 2132 Prwsul
2086 2078 2150 2132 de
2177 2077 2494 2134 Machabteis
2522 2079 2632 2134 illis
2660 2078 2880 2134 disserat
2906 2091 3020 2152 post
3041 2081 3232 2151 factum
3257 2081 3478 2150 Iosephi
3498 2097 3646 2154 quem

318 2177 372 2231 in
404 2175 518 2244 ipso
549 2189 754 2229 carcere
796 2173 1094 2246 felicitatem
1122 2188 1271 2226 suam
1309 2172 1563 2226 invenisse
1591 2172 1773 2238 docet,
1811 2173 2118 2227 mentionem
2157 2172 2290 2240 ;hic
2329 2174 2599 2228 Senatoris
2641 2183 2810 2228 textus
2836 2174 3046 2245 defendi
3081 2187 3270 2246 potest.
3309 2176 3647 2233 Ambrosiana

320 2281 490 2327 autem
519 2271 610 2325 illa
643 2269 929 2340 eloquentia
959 2283 1059 2338 qua
1083 2264 1252 2322 locum
1277 2265 1412 2320 hunc
1438 2267 1739 2322 suavissime
1763 2267 2007 2340 perfundi
2037 2268 2129 2324 ille
2150 2268 2554 2336 animadvertit,
2585 2269 2741 2324 etiam
2768 2268 2892 2322 alibi
2923 2269 3116 2339 passim
3141 2269 3198 2324 in
3231 2269 3326 2325 hoc
3351 2285 3504 2343 opere
3533 2272 3645 2326 elu-

319 2376 395 2420 cet
426 2382 529 2419 non
561 2362 904 2419 mediocriter.

393 2458 561 2515 Extra
587 2457 988 2515 controversiam
1015 2467 1092 2512 est
1119 2457 1322 2512 eosdem
1353 2455 1445 2510 hos
1473 2456 1632 2511 libros
1659 2474 1684 2512 e
1715 2455 2047 2511 concionibus
2077 2472 2204 2526 quas
2235 2457 2304 2510 ad
2348 2457 2600 2528 populum
2621 2473 2772 2510 suum
2803 2455 3086 2524 habuerat,
3131 2458 3464 2514 concinnatos
3492 2477 3602 2516 esse
3625 2479 3643 2528 ,'

321 2553 576 2624 siquidem
607 2560 790 2623 prwter
817 2553 1071 2605 oratorios
1103 2550 1310 2606 dicendi
1338 2551 1520 2605 modos
1544 2565 1672 2620 quos
1699 2550 1815 2604 istic
1842 2551 1957 2604 licet
1987 2535 2286 2617 observare,
2312 2551 2569 2622 expressis
2591 2551 2754 2605 verbis
2780 2551 2894 2623 ipse
2923 2552 3182 2622 significat
3208 2552 3358 2607 verba
3389 2569 3443 2609 se
3469 2555 3639 2624 facere

325 2658 439 2724 post
469 2649 734 2702 recitatum
764 2647 899 2701 illud
930 2645 1290 2716 Evangelium,
1323 2647 1376 2699 in
1405 2661 1504 2714 quo
1535 2645 1721 2698 dicitur
1751 2661 1770 2699 :
1801 2645 1898 2700 Ubi
1927 2644 2218 2700 thesaurus
2247 2654 2389 2714 tuus,
2424 2645 2495 2700 ibi
2527 2654 2583 2700 et
2606 2659 2701 2700 cor
2729 2655 2877 2700 tuum
2907 2663 2918 2699 ε
2951 2647 3090 2700 sicut
3136 2647 3239 2718 legi
3286 2646 3514 2718 (Matth.
3549 2665 3598 2705 Vl
3623 2691 3639 2716 ,

320 2745 412 2809 21)
436 2785 450 2809 ,
488 2743 690 2812 inquit,
721 2741 919 2796 audisti
947 2739 1108 2795 hodie
1134 2738 1283 2811 (Lib.
1314 2755 1382 2804 ιι,
1413 2755 1530 2809 cap.
1554 2737 1590 2793 5
1609 2781 1622 2802 ,
1651 2753 1704 2790 ιι.
1729 2736 1843 2808 ‘25).
1870 2734 2104 2808 Difﬁcile
2133 2753 2248 2791 vero
2277 2739 2341 2792 sit
2374 2747 2496 2807 quot
2524 2739 2844 2792 sermonibus
2875 2747 3124 2794 tractatus
3145 2740 3226 2794 illi
3246 2753 3643 2812 componantur,

319 2837 540 2909 definire
571 2853 590 2892 :
636 2836 772 2891 illud
815 2836 996 2890 saltem
1039 2835 1308 2905 afﬁrmare
1337 2833 1456 2888 licet
1505 2833 1708 2888 eosdem
1752 2833 1818 2886 ad
1865 2830 2240 2903 neophytorum
2289 2847 2492 2902 gregem
2523 2832 2724 2885 habitos
2768 2831 2928 2902 fuisse
2972 2830 3122 2900 festis
3161 2831 3488 2900 paschalibus
3515 2836 3642 2888 anni

317 2933 522 2986 circiter
568 2919 695 2998 387,
754 2945 852 3002 quo
891 2929 1183 3000 superiores
1221 2929 1378 2982 libros
1423 2925 1810 2997 pronuntiavit,
1849 2926 2018 2996 sicuti.
2048 2925 2328 2978 evidentius
2376 2941 2440 2978 ea:
2477 2925 2608 2980 libro
2644 2925 2712 2980 de
2751 2923 2954 2995 Ioseph
2998 2924 3301 2995 patriarcha
3339 2926 3639 2996 conﬁrmari

356 3036 504 3080 otest.

356 3043 504 3080 otest.

319 3043 351 3096 Ρ
389 3117 576 3173 Exstat
611 3113 850 3173 Philonis
877 3117 1126 3188 scriptum
1149 3116 1242 3171 sub
1266 3117 1362 3172 hoc
1393 3118 1544 3174 titulo
1572 3136 1590 3173 :
1612 3117 1765 3187 Quod
1791 3117 1970 3174 omnis
2001 3117 2207 3189 probus
2238 3117 2308 3172 sit
2338 3115 2504 3183 liber;
2529 3120 2680 3190 cujus
2703 3130 2828 3169 sane
2847 3114 3060 3170 materia
3090 3131 3206 3168 cum
3237 3115 3350 3170 istis
3377 3115 3638 3174 Ambrosii

318 3211 759 3267 lucubrationibus
789 3210 930 3264 haud
955 3227 1138 3279 parum
1162 3211 1313 3266 habet
1343 3213 1639 3286 afﬁnitatis.
1671 3211 1824 3267 Nihil
1854 3221 2022 3266 tamen
2052 3212 2306 3284 decerpsit
2332 3213 2453 3266 inde
2484 3213 2542 3268 S.
2580 3210 2775 3266 Doctor
2796 3252 2810 3278 ,
2843 3211 2942 3265 nisi
2975 3227 3091 3264 cum
3121 3209 3187 3264 de
3214 3207 3359 3264 Esau
3385 3210 3632 3284 loquitur.

231 3308 253 3326 '
321 3305 449 3362 Istic
476 3307 610 3362 enim
638 3307 889 3378 quidquid
918 3308 971 3361 in
999 3307 1092 3362 illo
1120 3307 1249 3362 libro
1277 3309 1526 3377 optimum
1556 3323 1618 3362 ac
1648 3307 2132 3378 prtestantissimum
2158 3316 2230 3361 est
2249 3345 2266 3373 ,
2296 3307 2497 3360 videtur
2527 3305 2704 3360 dedita
2732 3321 2889 3376 opera
2915 3305 3052 3360 intra
3075 3302 3260 3358 medice
3291 3301 3510 3376 pagella
3537 3319 3633 3358 an-

313 3401 507 3474 gustias
539 3401 874 3455 contraxisse.

2143 3529 2148 3536 .
3189 3529 3214 3550 ,.
3257 3527 3272 3550 ,,
3320 3531 3331 3550 ,
3423 3527 3428 3550 ,
3495 3523 3588 3556 ,πη

313 3535 418 3550 -ι

673 3675 1696 3844 SANCTI
1911 3677 3295 3848 AMBROSII

1475 3935 2052 4023 MEDIOLANENSIS
2117 3938 2454 4023 EPISGOPI

611 4114 882 4260 DE
975 4113 1634 4268 JACOB
1730 4117 1977 4262 ET
2075 4123 2546 4270 VITA
2644 4123 3316 4270 BEATA’

1632 4346 1937 4421 LIBRI
1989 4347 2208 4422 Ι)Ηο
2229 4353 2294 4420 ⁸.

1453 4512 2506 4548 Ea

1490 4611 1834 4694 LIBER
1930 4610 2410 4695 PRIMUS.

713 4773 1156 4850 m,CApUT
1195 4773 1480 4832 ptimum.
1932 4769 2298 4841 Apr-iacturis
2350 4771 2673 4843 virtutibus,
2728 4777 3012 4848 passiones
3059 4787 3295 4836 coercet.
3354 4775 3640 4836 Doclbilis.

2007 4866 2153 4921 enim
2182 4865 2375 4922 virtus.
2414 4865 2653 4940 Denique
2694 4871 2872 4927 studio
2901 4881 2956 4928 et
2984 4871 3244 4928 discendo
3273 4871 3573 4944 acquiritur
3593 4917 3610 4942 ,

2006 4957 2402 5017 dissimulando
2429 4963 2716 5019 amittitur.
2767 4965 3020 5035 Alioquin
3064 4965 3168 5021 nisi
3208 4981 3388 5021 sermo
3434 4966 3608 5022 bonus

2008 5053 2348 5108 necessarius
2396 5064 2540 5110 esset
2570 5055 2635 5112 ad
2681 5057 3097 5123 corremionem,
3145 5073 3436 5129 numquam
3494 5057 3607 5115 Lex

2006 5142 2212 5199 diceret
2242 5162 2255 5198 :
2281 5143 2407 5200 Non
2450 5147 2765 5204 adulterabis
2815 5139 3013 5218 (Exod.
3061 5166 3154 5216 xx,
3187 5147 3300 5222 14).
3331 5150 3436 5208 Sed
3480 5151 3607 5222 quia

2013 5237 2396 5298 nudus-sermo
2422 5242 2489 5297 ad
2515 5244 2844 5299 monendum
2877 5243 3045 5311 utilis,
3075 5244 3142 5300 ad
3171 5244 3605 5316 persuadendum

1941 5368 1943 5370 -
2012 5333 2260 5390 inﬁrmus
2306 5344 2422 5404 est,
2485 5336 2606 5392 idco
2660 5336 2964 5394 adhibenda
3033 5345 3118 5394 est
3167 5338 3391 5394 rationis
3442 5321 3610 5396 recue

306 4907 386 4963 Ad
443 4901 687 4966 virtutium
741 4911 1105 4983 disciplinam,
1165 4911 1527 4982 passionesque
1594 4908 1904 4964 coercendas

375 5005 723 5060 necessarium
765 5021 874 5061 esse
911 5021 1197 5060 sermonem
1226 5001 1566 5075 prudentem,
1599 5019 1660 5056 ac
1687 5011 1904 5056 mentem

373 5095 565 5150 rationi
618 5096 907 5162 intentam;
952 5097 1171 5167 itemque
1223 5097 1478 5149 rationem
1529 5094 1646 5148 licet
1695 5094 1903 5148 onniino

377 5191 846 5260 concupiscentiam
891 5191 1186 5246 exscindere
1234 5199 1484 5262 nequeat,
1539 5205 1692 5262 posse
1733 5199 1900 5243 tamen

379 5283 453 5336 vel
484 5284 799 5352 gravissimis
829 5284 1047 5339 motibus
1075 5283 1354 5339 ntoderari.

378 5422 430 5475 Il.
475 5420 822 5478 Necessarias
866 5423 932 5479 ad
977 5421 1006 5462 ι)
1053 5423 1392 5494 disciplinam
1439 5423 1613 5479 bonus
1653 5424 1902 5480 onmibus
2011 5425 2410 5496 consideratio;
2446 5429 2673 5501 utquod
2723 5447 2907 5487 sermo
2956 5431 3127 5490 bonus
3171 5433 3608 5506 praescripserit,

306 5528 489 5570 sermo
513 5555 527 5581 ,
573 5515 764 5585 plenus
807 5517 1141 5606 prudentius;
1187 5527 1241 5571 et
1281 5531 1437 5572 mens
1467 5515 1664 5571 rationi
1695 5515 1900 5572 intenta
2009 5522 2148 5577 ratio
2183 5523 2393 5592 plenius
2439 5535 2662 5580 tractata
2700 5527 3057 5598 persuadeat.
3104 5527 3221 5584 Non
3251 5529 3395 5584 enim
3425 5529 3614 5585 servili

378 5663 641 5746 fusci-inti
671 5665 804 5746 circ:
834 5665 1086 5746 nam-5y.
1163 5736 1174 5746 ι
1265 5737 1275 5746 .
1815 5745 1820 5746 γ
2013 5668 2248 5737 ΤΙιθοά.,
2283 5672 2379 5746 qui
2415 5688 2538 5727 cum
2578 5674 2738 5746 Rom.
2776 5675 3005 5740 edit.....
3037 5678 3198 5735 bonus
3231 5679 3467 5736 erunibus
3498 5698 3611 5736 ser-

375 5733 797 5823 flvetmditpad
812 5734 1137 5823 disciplinam
1157 5736 1553 5823 bonis_ontnibus
1569 5745 1905 5823 set-nio,.ctc.,
2015 5757 2134 5823 me,
2167 5733 2270 5823 etc_.
2293 5733 2314 5809 ξ
2340 5744 2506 5802 'l'orn.
2527 5788 2540 5814 ,
2573 5746 2642 5801 ad
2689 5733 3018 5821 disciplinam
3057 5733 3191 5807 boni
3206 5733 3468 5823 omnibus;
3500 5733 3606 5812 Sic.

310 5807 507 5877 quibus
535 5810 828 5865 conciuunt
858 5821 990 5872 mss.
1013 5810 1254 5880 exceptis
1285 5809 1422 5880 Big.,
1451 5809 1650 5880 Long.,
1681 5810 1830 5865 Vale.
1857 5821 1912 5866 et
2019 5807 2134 5869 Non
2159 5807 2318 5870 male.
