4066 6360
555 231 666 290 599

1909 227 2156 287 SANCTI
2195 224 2524 284 Αιιιιιιοειι

3825 225 3918 282 £09

556 350 628 406 ad
657 347 1027 408 obedientium
1069 349 1491 420 constringimur
1537 346 1898 413 necessitate,
1926 341 2022 400 sed
2067 356 2163 399 vo-
2188 345 2243 404 Α
2269 339 2372 396 viri
2417 341 2509 413 qui
2557 339 2792 398 hostium
2837 353 3018 400 castra
3072 342 3499 413 praeciderent,
3539 349 3605 396 et
3645 338 3919 398 deferrent

571 444 792 500 luntate
815 445 1036 510 arbitra,
1067 445 1180 499 sive
1204 443 1270 497 ad
1300 445 1554 497 viituient
1589 439 2022 513 propendemus,
2050 439 2165 494 sive

559 540 626 592 ad
658 542 876 608 culpam
906 538 1246 592 ineliuamur.
1274 536 1338 592 Et
1373 538 1495 591 ideo
1522 551 1621 590 nos
1647 544 1743 590 aut
1767 536 1909 590 liber
1935 533 2163 588 allectus

559 631 626 684 ad
656 646 900 684 errorem
934 628 1123 694 traliit,
1152 640 1244 683 aut
1277 628 1525 684 voluntas
1557 637 1806 690 revocat,
1843 634 1869 663 ⁸
1898 627 2162 679 rationem

559 733 767 778 secuta.
801 721 987 775 Pa~5io
1013 731 1192 775 autem
1217 721 1534 792 gravissima
1561 720 1734 787 culp-.c
1771 715 2166 786 concupiscen-

559 815 628 869 tia
658 826 763 878 est,
813 829 971 885 quau.
1007 814 1144 870 ratio
1183 815 1390 868 emollit
1436 824 1490 868 et
1518 813 1852 883 comprimit.
1899 810 2164 866 Emolltre

563 913 707 964 enim
744 918 942 977 puteSI,
976 911 1255 964 erailieare
1295 924 1399 962 noti
1427 915 1635 979 potest;
1667 907 1922 977 quoniam
1952 903 2164 959 animus

558 1004 646 1069 qui
670 999 835 1074 m
864 1013 945 1056 est
987 1001 1212 1058 rationis
1235 1017 1425 1072 capax,
1473 1017 1578 1055 non
1602 1008 1687 1054 est
1711 1015 1930 1053 suarum
1958 999 2164 1067 passio-

556 1109 682 1148 tium
705 1094 960 1148 dmuinus
985 1137 1000 1160 ,
1047 1094 1141 1149 sed
1173 1108 1474 1165 rcpressiir.
1507 1093 1691 1164 Neque
1732 1093 1875 1146 enim
1908 1092 2020 1146 licri
2065 1106 2162 1160 pu-

557 1196 662 1243 teSI
694 1197 751 1242 tit
793 1188 969 1242 facilis
997 1189 1060 1240 atl
1093 1187 1426 1243 iracundiam
1461 1204 1565 1240 non
1613 1189 1874 1240 irascatur
1917 1204 1929 1239 :
1972 1185 2065 1239 sed
2106 1194 2164 1240 ut

557 1282 769 1336 ratione
791 1297 851 1338 se
880 1291 1172 1352 temperet,
1201 1283 1626 1352 indignationem
1653 1280 1904 1334 cohibeat
1923 1322 1937 1342 ,
1966 1278 1992 1316 ι)
2014 1296 2041 1331 a
2065 1295 2164 1350 pu-

561 1377 764 1431 niendo
791 1393 850 1432 se
883 1388 1129 1442 revocet;
1173 1376 1315 1430 sicut
1341 1387 1394 1430 et
1439 1373 1710 1444 Proliheta
1745 1390 1843 1428 nos
1878 1374 2038 1429 docet
2075 1373 2162 1429 di-

554 1485 686 1525 cens
742 1489 754 1523 :
815 1467 1146 1535 Irascimini,
1197 1481 1246 1523 et
1274 1468 1432 1522 nolite
1481 1484 1691 1540 peccare
1732 1466 1907 1536 (Psal.
1957 1483 2033 1532 tv,
2079 1466 2160 1539 5).

551 1561 842 1620 Concessit
888 1565 1034 1636 quod
1086 1572 1291 1619 natura:
1341 1573 1424 1620 est
1467 1582 1479 1616 :
1535 1564 1750 1634 negavit
1795 1563 1938 1634 quod
1989 1562 2161 1634 culpa:

556 1668 666 1713 est.

2266 449 2460 504 aquam
2492 450 2654 506 quam
2684 449 2897 490 summo
2920 434 3215 491 desiderio
3257 432 3696 498 desiderasset,
3729 451 3915 506 ct-gns.

2266 543 2424 583 scens
2446 528 2588 597 quod
2621 529 2860 598 periculo
2887 529 3071 584 alieno
3091 521 3239 598 aqua
3266 529 3377 584 sibi
3411 527 3619 584 eadem
3650 531 3915 586 constitis-

2266 632 2367 686 set,
2419 623 2654 692 profudit
2696 623 2844 678 illam
2891 623 3122 681 Domitio
3171 623 3417 694 (υἱώ),
3465 640 3538 678 ne
3597 627 3910 693 sanguinem

2225 749 2234 763 .
2266 713 2484 770 illorum
2514 716 2604 786 qui
2636 731 2754 771 eam
2793 717 3137 783 detulerant,
3174 717 3377 772 bibere
3419 716 3755 771 videretur.
3798 719 3909 782 ρυξ

2267 823 2353 862 res
2385 808 2587 862 iudicio
2609 817 2694 864 est
2722 810 2863 880 quod
2894 811 3348 880 concupiscentia
3383 811 3627 879 quidem
3656 813 3905 866 ratium—ta

2269 905 2562 973 pratveniat
2645 905 2738 959 sed
2787 906 2924 959 ratio
2971 907 3263 976 cupiditati
3304 907 3570 960 resistat.
3614 905 3904 960 Humanum

2267 997 2446 1065 itaque
2491 1010 2684 1067 passus
2725 1005 2810 1052 est
2842 997 3039 1064 David,
3084 1007 3143 1053 nt
3181 999 3678 1054 irratiOnaIiiliter
3726 1014 3904 1053 ωηαιο

2268 1091 2499 1160 pisceret
2540 1091 2682 1146 :sed
2728 1090 2858 1145 illud
2906 1091 3209 1157 laudabile,
3254 1091 3408 1161 quod
3463 1092 3899 1146 irrationabiles:

2266 1183 2760 1250 concupiscentiam
2804 1183 3204 1239 rationabiliter
3247 1194 3453 1254 parato
3501 1183 3797 1239 fraudavit
3833 1201 3900 1239 re-

2267 1277 2466 1331 medio.
2506 1276 2638 1330 Dum
2678 1275 2840 1332 laudo
2871 1278 3017 1332 vircs
3054 1278 3144 1349 qui
3178 1279 3543 1334 erubuerunt
3573 1280 3894 1334 desiderium

2265 1370 2347 1423 sui
2382 1369 2559 1439 regis,
2605 1380 2660 1426 et
2706 1372 3015 1427 maluerunt
3057 1372 3223 1428 linem
3258 1377 3381 1440 ejus
3413 1374 3793 1428 verecundiae
3833 1375 3891 1427 rei

2268 1463 2508 1532 periculo
2536 1465 2768 1533 propriae
2793 1464 2987 1519 salutis
3016 1463 3217 1520 achrre
3248 1483 3262 1516 :
3300 1466 3429 1535 plus
3463 1465 3648 1520 laudo
3672 1483 3798 1521 eum
3825 1469 3890 1534 qui

2266 1556 2482 1611 erubuit
2505 1557 2555 1611 in
2587 1573 2688 1612 suo
2715 1557 2985 1614 desiderio
3007 1559 3246 1615 alienum
3265 1561 3624 1631 periculum.
3641 1571 3697 1615 et
3724 1577 3886 1629 aquam

2264 1648 2442 1704 dubim.
2471 1649 2634 1704 sortis
2663 1651 2836 1720 pretio
2858 1652 3137 1722 quarsitatn
3157 1694 3172 1716 ,
3203 1653 3468 1722 sanguini
3517 1654 3884 1722 comparavit-

623 1753 679 1806 2.
713 1763 734 1789 ο
777 1751 966 1806 Omnis
1001 1753 1182 1822 itaque
1204 1750 1563 1822 temperantia
1593 1765 1664 1805 ex
1693 1748 1845 1815 aliis,
1880 1763 1987 1803 non
2011 1763 2075 1803 ex
2101 1762 2160 1803 se
2191 1765 2240 1825 Β
2268 1742 2427 1798 simul
2456 1744 2610 1813 quasi
2631 1752 2878 1814 repressa
2908 1744 3080 1800 victor
3099 1745 3404 1815 cupiditate
3432 1745 3698 1816 profudit
3720 1762 3879 1812 aquas

558 1847 824 1914 originem
867 1847 1067 1913 sumit,
1101 1846 1334 1916 ideoque
1375 1844 1610 1899 secunda
1643 1856 1746 1898 est.
1787 1842 1919 1897 Nam
1961 1850 2055 1896 aut
2091 1840 2162 1898 de

556 1941 894 1994 naturalibus
934 1942 1246 2009 suscipitur,
1297 1948 1388 1992 aut
1437 1938 1506 1992 de
1550 1939 1791 1991 utilibus.
1843 1934 2030 2005 Itaque
2069 1943 2164 1989 aut

553 2038 826 2090 naturalia
859 2044 1155 2104 temperat,
1195 2041 1289 2088 aut
1314 2032 1560 2086 utilitatis
1590 2043 1834 2087 assertor
1862 2037 1963 2084 est.
2003 2027 2163 2083 Deni-

555 2145 662 2200 que
711 2144 814 2183 non
859 2129 926 2184 ibi
955 2129 1166 2184 excidit
1197 2124 1694 2194 concupiscentiam
1742 2140 1754 2176 :
1798 2121 1893 2176 sed
1926 2120 2049 2176 facit
2095 2136 2162 2175 ne

553 2219 1006 2291 concupiscentia,-
1031 2221 1352 2275 serviamus.
1380 2218 1511 2286 Quis
1535 2215 1680 2272 enim
1710 2227 1920 2281 tantus,
1954 2227 2009 2269 ut
2041 2229 2162 2269 cor-

556 2318 800 2386 poralem
844 2325 1047 2368 motum
1095 2315 1266 2384 possit
1305 2309 1544 2372 auferre,
1595 2308 1698 2363 nisi
1743 2308 1892 2362 solus
1939 2307 2028 2362 ille
2072 2307 2161 2377 qui

554 2411 732 2478 potuit
766 2408 832 2461 de
858 2405 1190 2460 infructuosa
1226 2405 1453 2459 ficulnea
1477 2405 1685 2463 dicere.
1715 2400 1741 2439 ά
1775 2403 1877 2456 ltoc
1906 2412 1989 2456 est
2012 2403 2163 2456 mali-

556 2502 630 2554 tia
661 2500 974 2555 Juda-orum
1007 2518 1020 2554 :
1054 2499 1188 2554 Ecce
1209 2499 1332 2552 anni
1367 2507 1470 2552 tres
1492 2506 1612 2552 sunt
1653 2513 1716 2552 ea:
1739 2513 1840 2563 quo
1869 2496 1982 2552 veni
2021 2513 2163 2568 qutu-

557 2608 678 2648 rens
712 2596 936 2665 fructum
965 2596 1018 2646 in
1045 2594 1268 2664 ﬁculnea
1299 2595 1396 2646 Itac
1418 2635 1430 2657 ,
1464 2602 1510 2647 et
1541 2608 1643 2646 non
1670 2592 1872 2647 invenio
1911 2609 1929 2646 :
1959 2592 2164 2648 succide

554 2704 676 2758 ergo
700 2688 864 2741 illaut.
892 2687 988 2741 Cui
1011 2686 1274 2759 respondit
1296 2701 1469 2740 servus
1497 2702 1516 2740 :
1554 2685 1771 2740 Remitte
1799 2686 1944 2739 illam
1981 2695 2026 2739 et
2067 2688 2162 2740 hoc

551 2797 693 2835 anno
712 2822 726 2845 ,
756 2796 914 2848 usque
939 2781 1060 2833 dum
1087 2780 1284 2850 fodiam
1306 2779 1444 2832 circa
1473 2779 1617 2833 illam
1639 2820 1654 2844 ,
1686 2789 1736 2833 et
1759 2779 1958 2832 mittam
1981 2779 2162 2850 cophi-

551 2893 680 2931 num
704 2877 983 2944 stercoris;
1009 2889 1055 2931 et
1085 2876 1332 2940 siquidem
1361 2877 1584 2946 fructum
1609 2876 1826 2948 fecerit:
1865 2876 1946 2928 sin
1966 2887 2158 2942 autem,

551 2971 857 3041 infularum
885 2970 1118 3023 succides
1143 2969 1286 3023 illam
1310 2967 1462 3040 (Luc.
1499 2984 1616 3033 xui,
1644 2969 1674 3023 7
1707 2981 1754 3023 et
1775 2970 1932 3039 seq.).
1969 2966 2162 3022 Merito

2271 1835 2533 1902 Domino;
2569 1847 2627 1891 ut
2655 1837 2968 1893 ostenderet
3001 1840 3144 1909 quod
3181 1841 3720 1910 concupiscentiam
3758 1856 3875 1895 suam

2267 1931 2413 1985 verbi
2437 1931 2813 1986 consolatione
2831 1931 3212 2004 restingueret.

2334 2022 2389 2078 4.
2425 2023 2615 2079 Petest
2643 2025 2804 2096 igitur
2832 2041 2986 2081 meus
3034 2027 3215 2082 sobria
3248 2027 3678 2100 impressiones
3730 2030 3867 2086 refre-

2266 2138 2398 2178 nare
2420 2138 2484 2178 ac
2513 2126 2810 2194 reprimere
2832 2129 3087 2194 quamvis
3121 2125 3372 2194 gravium
3429 2130 3786 2196 passionum.
3832 2138 3868 2182 ct

2266 2220 2534 2274 fervorem
2563 2233 2780 2275 omnem
2815 2220 3132 2291 cupiditatis
3163 2221 3636 2292 ﬂagrantissima:
3672 2223 3866 2293 refiige-

2265 2328 2412 2381 rare,
2465 2314 2715 2370 derivare
2766 2315 2876 2370 alio
2914 2323 3115 2380 motus,
3143 2325 3200 2372 et
3231 2327 3399 2373 recta:
3424 2319 3677 2374 rationis
3707 2330 3864 2373 traca-

2268 2407 2414 2462 tione
2442 2407 2710 2476 despuere
2734 2407 3039 2476 passiones.
3085 2409 3298 2464 Etenim
3332 2425 3461 2465 cum
3513 2411 3674 2468 Deus
3727 2412 3863 2466 Itami-

2263 2517 2388 2558 nem
2414 2505 2792 2566 constitueret,
2826 2512 2884 2558 et
2913 2507 2961 2556 in
2993 2519 3060 2558 eo
3091 2521 3274 2560 mores
3300 2521 3630 2574 SenStlSqlle
3680 2509 3855 2578 planu-

2266 2605 2369 2657 ret.
2401 2605 2529 2651 tunc
2553 2597 2788 2651 motibus
2814 2595 2933 2666 ejus
2965 2597 3225 2667 illipOsltll
3251 2599 3442 2667 regale
3475 2602 3694 2656 mentis
3720 2603 3857 2671 impe-

2266 2691 2436 2755 rium;
2491 2699 2549 2744 ut
2604 2705 2794 2746 Omnes
2851 2706 3047 2745 sensus
3101 2703 3394 2764 motusque
3433 2692 3731 2760 'liOminis,
3769 2697 3854 2763 ejus

2265 2782 2450 2850 vigore
2480 2796 2542 2838 ac
2566 2790 2837 2853 poti-state
2869 2785 3528 2856 regerenturaAdjunxit
3559 2789 3633 2843 ad
3661 2791 3852 2859 gratim

2265 2888 2557 2942 creatum,
2591 2887 2647 2931 ut
2674 2885 2909 2933 mentem
2953 2879 3126 2948 ips:nm
3150 2880 3352 2935 divinis
3381 2880 3724 2938 infortnaret
3751 2899 3850 2952 pre-

2265 2971 2460 3038 ceptis,
2489 2978 2546 3023 et
2566 2971 2851 3041 sapientia:
2882 2973 3178 3027 instrueret
3225 2973 3575 3043 disciplinis,
3614 2977 3796 3047 quibus
3816 2985 3848 3028 et

551 3061 619 3116 ad
656 3062 939 3118 Dominum
971 3063 1191 3128 retulit,
1225 3066 1349 3133 quia
1376 3062 1756 3118 exscindenda:
1791 3073 1814 3099 ο
1847 3061 2160 3133 temporalis
2183 3073 2196 3096 κ
2270 3060 2289 3101 τ
2341 3062 2582 3118 cavenda
2633 3073 3029 3134 prtenosceret,
3083 3073 3138 3120 et
3183 3065 3438 3136 eligenda
3493 3078 3844 3140 cognosceret.

549 3156 915 3227 prolapsionis
960 3167 1279 3226 potestatem
1311 3157 1416 3212 sibi
1450 3158 1566 3228 ipse
1598 3156 1872 3212 vindicare
1918 3171 2025 3212 non
2068 3171 2163 3227 ρο·
2188 3163 2232 3227 C
2268 3157 2422 3212 Mens
2451 3157 2612 3228 igitur
2643 3167 2786 3212 rccta
2820 3158 3030 3214 ratione
3062 3169 3252 3214 tenens
3282 3159 3655 3231 disciplinam
3677 3167 3845 3234 sapien-

554 3259 698 3304 terat
727 3265 740 3302 :
770 3250 865 3303 sed
898 3249 1132 3305 Domino
1162 3254 1498 3304 reservabat.

625 3341 680 3395 ὃ.
725 3341 968 3411 Denique
996 3357 1153 3409 quem
1187 3342 1254 3397 de
1287 3342 1595 3397 hominibus
1626 3343 1905 3398 meliorem
1953 3351 2010 3398 et
2049 3341 2159 3397 fur-

552 3433 751 3488 tiorem
797 3449 1176 3502 assumemus,
1203 3451 1367 3504 quam
1399 3439 1644 3491 sanctum
1690 3435 1860 3490 David
1889 3478 1904 3502 ,
1935 3437 2024 3504 qui
2053 3437 2172 3512 sibi

553 3527 906 3596 cupiditatem
939 3542 1043 3598 qua
1085 3529 1434 3599 concupierat
1463 3544 1656 3599 aquam
1684 3529 1752 3583 de
1783 3529 1902 3583 lacu
1943 3529 2157 3585 Bethle-

552 3621 715 3685 hem,
747 3620 927 3675 ltostili
968 3620 1315 3675 interclusam
1357 3620 1600 3676 exercitu
1620 3663 1635 3686 ,
1667 3621 1882 3676 aufcrre
1913 3639 2020 3676 non
2052 3638 2156 3691 po~

552 3716 688 3785 tuit,
738 3717 912 3787 potuit
957 3715 1239 3786 mitigare?
1266 3715 1397 3770 Nam
1446 3731 1568 3770 cum
1609 3716 1728 3770 aliis
1770 3717 1954 3786 utique
1990 3715 2154 3790 M5

551 3811 794 3868 defuisse
823 3828 929 3867 non
961 3811 1319 3875 inveniamus,
1351 3809 1401 3865 id
1433 3819 1536 3876 est,
1567 3819 1718 3866 tanto
1747 3814 2020 3867 exercitus
2054 3829 2152 3866 nu.

550 3904 729 3973 mero,
753 3922 876 3961 eum
910 3907 1093 3976 utique
1123 3906 1291 3961 nmlto
1319 3906 1496 3962 minus
1532 3908 1642 3976 regi
1673 3906 1869 3963 deesse
1916 3909 2153 3978 potuerit

549 4017 616 4057 ex
653 4001 866 4056 cieteris
909 3999 1147 4054 fontibus
1177 4016 1348 4071 aqua;
1394 4000 1819 4056 irrationabilem
1860 4004 2148 4074 quamdam

545 4096 1046 4165 concupiscentiam
1066 4109 1270 4164 passus.
1294 4095 1620 4152 desideravit
1635 4112 1754 4151 eam
1771 4115 1890 4168 qua!
1910 4100 2145 4155 hostium

552 4197 670 4241 erat
695 4186 1112 4241 circuiiilusiune
1145 4189 1338 4242 vallata
1362 4230 1375 4250 ,
1411 4189 1554 4243 unde
1583 4191 1700 4244 sine
1729 4175 1963 4248 maximo
2001 4195 2144 4264 peri-

549 4279 675 4333 culo
719 4293 827 4331 non
880 4277 1036 4333 facile
1075 4282 1334 4348 potuisset
1371 4281 1592 4335 deferri.
1632 4282 1817 4351 Itaque
1847 4286 1922 4339 ait
1967 4304 1980 4340 :
2018 4288 2148 4354 Quis

550 4370 676 4422 mihi
707 4369 846 4422 dabit
873 4379 1048 4441 potum
1075 4370 1139 4424 de
1164 4372 1279 4425 lacu
1309 4373 1395 4442 qui
1422 4382 1496 4427 est
1519 4374 1571 4428 in
1605 4373 1898 4430 Bethlehem
1927 4381 1995 4432 ad
2027 4399 2148 4449 por-

546 4473 651 4517 tam
693 4461 769 4530 (ll
798 4459 927 4534 Reg.
973 4478 1135 4529 χχιιι,
1167 4461 1303 4535 15)ἶ¹
1340 4465 1405 4519 Ει
1434 4480 1556 4520 cum
1590 4479 1774 4523 essent
1803 4475 2003 4540 reperti
2036 4482 2145 4532 tres

622 4623 648 4651 ⁸
687 4614 846 4693 Rom.
891 4611 1049 4680 edit.,
1099 4615 1348 4693 rationem
1387 4628 1562 4673 secula
1610 4636 1624 4673 :
1677 4625 1982 4693 gravissima
2030 4645 2144 4684 vero

547 4703 702 4740 causa
726 4690 892 4766 culpa:
908 4686 1318 4766 concupiscentia
1336 4729 1350 4752 ,
1377 4706 1528 4766 quam
1554 4686 1721 4766 tamen
1737 4737 1751 4759 ,
1775 4709 1882 4751 etc.
1901 4700 2146 4766 Quatuor

485 4768 496 4772 ’
545 4774 704 4833 mss.,
733 4759 1000 4833 rationem.
1028 4755 1136 4811 Sed
1164 4768 1235 4811 est
1265 4755 1433 4822 passio
1457 4755 1756 4831 gravissima
1778 4755 1942 4833 culmi
1958 4755 2146 4826 concit-

543 4831 806 4899 piscentite
834 4828 1063 4913 ('Longw
1113 4828 1564 4913 conscientia:
1609 4828 2018 4895 Emolliri'enim
2050 4863 2143 4913 po-

540 4911 674 4967 test,
722 4902 1008 4968 eradicari,
1063 4913 1169 4956 etc.
1222 4901 1455 4973 Reliqui
1491 4921 1623 4964 mss.
1679 4923 1744 4962 ac
1789 4912 1922 4966 edit.
1980 4901 2141 4972 ut'in

547 4980 718 5028 textu.

614 5043 641 5082 δ
681 5044 756 5099 lta
787 5058 917 5098 mss.
953 5043 1189 5100 Thuan..
1223 5043 1361 5114 Big.,
1392 5045 1583 5113 Torn.,
1618 5048 1760 5105 Vict.
1793 5060 1848 5107 et
1883 5053 2038 5110 Culb.
2073 5059 2134 5114 At

539 5115 908 5196 Valc.,_Long.
943 5125 997 5170 et
1023 5115 1257 5183 Tlteod.,
1278 5133 1309 5170 a
1333 5129 1557 5186 peccato.
1586 5122 1686 5174 Alii
1715 5139 1866 5193 vero,
1900 5137 1955 5181 et
1981 5129 2136 5196 edit.,

537 5203 600 5240 ac
624 5185 901 5258 puniendo.

597 5257 634 5319 AC
681 5257 820 5312 l'Lilit.
872 5257 1052 5336 Rom...
1105 5257 1287 5313 Omnis
1333 5276 1456 5336 ergo
1488 5268 1823 5336 temperantia
1858 5277 1932 5322 est
1970 5271 2034 5324 de
2072 5275 2137 5328 iis

534 5344 650 5396 quae
672 5337 958 5401 negantur;
983 5329 1196 5400 ideoque
1225 5329 1484 5398 sequenda
1511 5329 1604 5390 est:
1640 5335 1778 5390 Nam
1808 5349 1896 5392 aut
1934 5342 1998 5394 de
2035 5360 2128 5399 na.

536 5401 788 5454 turalibus
816 5401 1096 5466 suscipitur
1118 5443 1131 5466 ,
1178 5413 1264 5456 aut
1295 5404 1358 5456 de
1399 5407 1708 5469 moralibus,
1740 5419 1829 5463 aut
1859 5414 1990 5465 cnim
2034 5432 2131 5470 na-

536 5474 728 5543 turalia
777 5483 1054 5543 temperat.
1089 5483 1175 5525 aut
1205 5475 1448 5528 moralia.
1494 5479 1601 5534 Sed
1651 5478 1765 5534 haec
1816 5483 1974 5539 verba
2008 5495 2136 5542 sunt

533 5542 901 5615 coniectorum
924 5586 939 5607 ,
973 5561 1077 5598 non
1105 5543 1402 5600 Ambrosii.
1433 5547 1716 5605 Maluimus
1740 5552 1900 5613 igitur
1923 5558 1992 5609 ab
2014 5569 2128 5615 aut.

532 5613 671 5696 fill-lt
702 5627 806 5664 non
852 5616 1143 5696 recedet-t3,
1177 5618 1393 5696 quando
1443 5621 1548 5696 illis
1580 5638 1712 5677 mss.
1746 5613 2127 5696 sull'ragantur.

529 5677 588 5768 in
622 5681 705 5744 bis
738 5694 914 5768 tilica
941 5697 1024 5768 est
1050 5677 1594 5768 aliquadiversitasa
1617 5694 1730 5749 Alii.
1762 5677 2127 5757 ciiiilius-ocelli

529 5759 866 5820 temperantia
886 5759 1140 5812 omittunt
1171 5776 1184 5811 :
1211 5759 1299 5812 alii
1324 5772 1532 5818 mutant
1563 5765 1614 5820 iit
1639 5781 1824 5823 vocem
1847 5771 1960 5828 ira:
1991 5777 2128 5831 unus

2264 3251 2377 3317 tize,
2403 3263 2460 3307 ut
2480 3252 2663 3307 divina
2693 3268 2758 3307 ac
2788 3251 3021 3308 humana
3045 3263 3362 3326 cognoscnt,
3387 3257 3654 3312 eruditur
3677 3257 3843 3326 incht

2263 3359 2359 3414 per
2409 3361 2570 3416 quant
2611 3344 2771 3402 discit
2798 3361 2931 3417 quas
2984 3347 3086 3403 sibi
3126 3348 3399 3418 subjicere
3446 3349 3841 3424 debeatpassio

2264 3453 2382 3493 nes.

2894 3553 3127 3646 CAPUT
3162 3555 3228 3611 ll.

2265 3689 2606 3747 Passionilms
2653 3703 2759 3746 tum
2787 3693 2969 3755 animi,
2998 3702 3109 3747 tum
3131 3694 3364 3761 corporis
3385 3696 3664 3751 moderari
3685 3709 3832 3768 tempt-

2336 3790 2559 3840 rantiam
2589 3806 2603 3842 :
2628 3789 2780 3856 cujus
2803 3786 3014 3855 elfectus
3040 3788 3462 3858 patriarcharum
3503 3793 3826 3847 demonstras-

2333 3889 2418 3932 tur
2444 3881 2711 3948 exemplis,
2765 3896 2828 3932 ac
2855 3880 3042 3934 deinde
3060 3881 3280 3935 rationis
3326 3882 3588 3954 dignitate
3613 3902 3827 3939 commes-

2332 3972 2483 4036 data,
2534 3972 2769 4026 eumdem
2791 3973 3184 4045 temperantiam
3201 3973 3376 4028 divino
3392 3991 3660 4048 praecepto
3678 3977 3827 4033 muniri

2331 4066 2560 4123 Sanctus
2586 4069 2826 4124 ostendit.

2331 4201 2385 4257 5.
2427 4201 2753 4256 Passienum
2812 4210 2994 4257 autem
3045 4201 3194 4258 velut
3225 4202 3395 4261 duces
3423 4215 3560 4261 sunt
3589 4209 3820 4264 naturales

2255 4293 2552 4350 delectatio
2582 4305 2634 4349 et
2663 4295 2842 4361 dolor,
2867 4312 3000 4366 quas
3014 4306 3314 4365 sequuntur
3326 4309 3564 4356 cetera.
3589 4302 3816 4357 lllmenin‘.

2256 4404 2374 4444 com
2383 4389 2692 4459 plectuntur
2714 4389 3020 4456 universas,
3045 4405 3274 4460 quarum
3289 4404 3517 4463 utraque
3542 4410 3648 4450 non
3675 4397 3814 4450 solum

2255 4483 2523 4553 corporis,
2574 4482 2672 4538 sed
2719 4483 2881 4538 etiam
2927 4486 3225 4540 secundum
3273 4488 3510 4543 animam
3570 4492 3815 4561 passiones

2177 4635 2226 4695 D
2253 4633 2303 4687 in
2333 4636 2507 4711 culpa.
2529 4634 2633 4711 _$ic
2661 4615 2822 4690 etiam
2853 4635 3072 4711 quidam
3125 4638 3325 4694 habent
3352 4643 3611 4711 secanda,
3640 4645 3718 4700 tibi
3743 4647 3810 4700 alii

2249 4708 2493 4787 secunda.
2527 4706 2642 4760 Non
2693 4706 2898 4787 temere
2927 4709 3147 4787 forsitan
3180 4706 3686 4787 qtiis_Stisiiicabitur
3719 4728 3811 4787 post

2249 4777 2573 4858 atljectivum
2601 4781 2767 4858 omnis
2786 4821 2801 4846 ,
2837 4796 3031 4858 nomen
3062 4777 3458 4858 substantivum
3486 4787 3542 4841 in
3572 4777 3807 4858 antiquio-

2249 4849 2397 4930 ribus
2442 4865 2573 4904 mss.
2626 4851 2829 4930 sc_rib:.e.
2861 4851 3144 4930 escitaiitia
3191 4859 3651 4930 pra-ter_missum,
3694 4849 3806 4930 quod

2246 4921 2395 4975 varie
2424 4930 2610 4989 postea
2641 4923 2708 4976 ab
2740 4923 2862 4977 aliis
2893 4921 3205 4982 restitutum
3235 4929 3324 4980 sit.
3361 4927 3596 4983 Fclicius
3629 4921 3806 4987 divina-

2247 5003 2366 5068 runt
2393 4993 2482 5060 qui
2514 5007 2811 5068 reposuere
2839 5009 3024 5068 vocem
3055 5000 3395 5068 temperantia
3416 5042 3430 5067 ,
3466 5016 3626 5067 quam
3656 5014 3805 5067 postu-

2247 5061 2391 5117 labat
2418 5066 2752 5119 continuatio
2793 5067 3071 5136 seriesque
3111 5061 3427 5137 sermonis,
3461 5061 3520 5126 ut
3565 5061 3718 5144 liquet
3751 5090 3804 5130 ex

2245 5147 2364 5204 cap.
2407 5149 2522 5205 seq.

2317 5205 2341 5242 ά
2371 5205 2529 5260 Rom.
2564 5205 2694 5261 edit.
2726 5219 3002 5263 secaverat
3031 5209 3127 5264 hoc
3165 5223 3240 5266 est
3269 5215 3468 5268 malitia
3509 5213 3796 5272 Jadtrorum.

2320 5288 2343 5353 ς
2384 5278 2511 5353 lllss.
2536 5279 2776 5348 aliquot,
2806 5283 3088 5353 corporalis
3113 5285 3478 5353 prolapsionis.

2322 5347 2340 5386 ί
2383 5347 2460 5403 Ita
2485 5365 2614 5405 mss.
2631 5347 2848 5404 omnes.
2894 5347 3051 5406 'Edit.
3076 5347 3230 5421 vero,
3259 5347 3307 5411 et
3338 5347 3650 5414 cavendam.
3677 5370 3718 5414 et
3740 5360 3797 5414 Ιεο

2240 5421 2430 5499 pendo,
2463 5432 2594 5486 etc.,
2625 5433 2822 5499 praeter
2853 5426 3110 5499 quasdam
3153 5427 3352 5495 Pat-is.,
3379 5430 3470 5485 ubi
3495 5448 3588 5499 pro
3609 5434 3793 5486 carenda

2240 5491 2420 5572 legere
2466 5503 2549 5572 est
2603 5491 2881 5572 canenda,
2910 5495 3114 5572 scilicet
3137 5509 3202 5572 ut
3233 5491 3464 5556 canenda
3492 5491 3790 5572 opponcrcn-

2239 5571 2324 5616 tur
2347 5563 2591 5642 legendis.
2625 5566 2867 5642 llitlicule
2896 5583 2908 5621 :
2943 5568 3043 5642 nisi
3096 5569 3182 5624 ltic
3215 5574 3395 5639 lapsus
3427 5563 3588 5629 fuerit
3627 5591 3762 5642 opera

2236 5650 2377 5688 rum.
2410 5635 2540 5689 ltem
2573 5648 2692 5704 post
2717 5638 2943 5692 alteram
2977 5639 3194 5701 lineam.
3225 5635 3312 5697 ubi
3352 5645 3479 5700 edit.
3515 5657 3640 5702 tenet
3663 5635 3787 5699 disci-

2233 5706 2522 5784 plinain...
2541 5709 2774 5784 eruditus
2805 5711 2858 5763 in
2887 5710 3044 5781 Lege,
3076 5723 3206 5778 ctc.,
3240 5718 3582 5784 restitttimus
3601 5735 3630 5774 e
3657 5733 3762 5772 mss.

2233 5777 2408 5832 tenens
2437 5777 2864 5847 disciplinam...
2895 5777 3130 5838 eruditur
3151 5785 3206 5840 in
3227 5782 3380 5855 Lege.
