4066 6360
120 344 255 402 601

1233 349 1320 405 DE
1361 349 1574 407 JACOB
1613 350 1705 407 ET
1747 351 1910 411 \‘lTA
1945 353 2178 414 BEATA
2219 357 2347 413 LIB.
2395 359 2434 413 l.

3391 367 3498 424 ϐοὶ

125 472 322 521 sunt.
361 464 435 522 Et
479 467 602 538 quia
659 466 898 554 diximus
949 467 1178 523 subesse
1209 467 1294 522 his
1319 467 1453 524 alias
1481 467 1789 541 passiones,
1817 473 1868 534 Α
1901 470 2148 542 pudoris,
2179 483 2426 544 stuprum
2485 476 2712 545 probare
2739 477 3090 534 commissum
3126 496 3139 534 :
3169 478 3265 536 sed
3307 479 3497 536 maluit

128 572 301 618 ante
341 561 776 619 delectationem
807 561 1278 633 concupiscentia,
1311 572 1436 633 post
1464 562 1790 619 delectatio-

132 672 295 711 nem
323 656 639 728 gratulatio
677 665 762 710 est
793 674 807 709 :
840 667 968 711 ante
993 655 1239 711 dolorem
1278 664 1460 710 autern
1491 666 1576 712 est
1605 658 1790 724 timor,

134 758 295 818 post
331 749 589 804 dolorem
625 747 866 804 tristitia.
903 747 1208 803 Commodo
1247 759 1427 802 autem
1453 749 1616 803 animi
1640 749 1827 803 com-'

137 842 366 896 munis
398 841 604 912 passio,
637 851 690 895 et
731 839 1111 895 delectationis
1141 851 1194 895 et
1221 840 1423 894 doloris
1452 849 1555 896 est.
1588 840 1791 895 Trans-

136 950 246 991 cui
267 952 400 991 ram
429 937 584 998 alias.
611 934 661 990 id
691 945 795 1000 est,
830 934 1166 1000 superbiam,
1194 935 1502 999 avaritiam,
1535 934 1790 989 ambitio-

139 1043 326 1091 nem,
346 1029 786 1093 contentionem,
813 1025 978 1100 M6
998 1027 1278 1092 invidiam,
1304 1044 1426 1099 quae
1453 1037 1791 1084 suntsecuu-

142 1121 302 1178 dum
334 1122 582 1177 animam
619 1122 900 1192 passiones
934 1141 946 1176 :
990 1131 1354 1176 transcurram
1413 1122 1576 1179 etiam
1635 1123 1788 1177 inex-

143 1214 438 1284 plebilem
469 1212 691 1269 vorandi
722 1213 1023 1280 libidini-tn,
1073 1211 1511 1284 eﬂ‘usiouemque
1559 1213 1787 1268 luxuria:

143 1317 338 1378 atque
393 1307 656 1375 lascivire,
702 1324 824 1379 qua:
856 1308 984 1362 vitia
1017 1322 1152 1362 nexa
1199 1317 1322 1363 sunt
1347 1307 1590 1375 corpori,
1615 1316 1671 1362 et
1695 1323 1785 1364 se-

145 1400 422 1456 cundum
475 1399 607 1455 illud
657 1407 976 1470 cperantur.
1052 1399 1353 1470 Meritoque
1427 1399 1785 1471 temperantia

146 1506 339 1562 quam
362 1493 839 1547 tnaximeistarum
868 1492 1179 1560 passionum
1205 1493 1491 1564 restinguit
1510 1493 1782 1559 ardorem,

150 1600 293 1654 quae
320 1585 564 1654 primum
596 1585 895 1641 Sobrietate
924 1596 1085 1654 atque
1135 1587 1505 1641 moderamine
1543 1586 1784 1642 animum

153 1685 478 1748 temperat,
521 1687 756 1734 mentem
811 1677 1094 1743 informat;
1129 1678 1329 1734 deinde
1371 1679 1532 1734 etiam
1563 1679 1786 1736 delicia-

154 1785 295 1826 ruut
331 1771 668 1827 ab~tinentia
695 1772 974 1842 restringit
999 1771 1239 1828 habenas
1265 1773 1562 1842 c0rpora|is
1589 1772 1783 1831 feroci—

158 1864 324 1919 tatis.
352 1861 486 1919 Ideo
541 1863 650 1919 Lex
694 1864 884 1920 recidit
905 1863 1150 1920 ciborum
1180 1864 1453 1920 licentiam
1477 1864 1667 1935 (Levit.
1701 1882 1777 1933 xi,
1810 1879 1858 1939 Β

155 1954 195 2011 4
221 1966 276 2012 et
295 1956 462 2031 seq.),
494 1960 778 2029 epularum
807 1960 1012 2028 copias,
1045 1974 1150 2014 non
1184 1959 1360 2016 solum
1394 1971 1449 2015 ut
1503 1971 1781 2018 resecaret

155 2051 451 2118 luxuriam
486 2071 499 2107 :
530 2067 718 2108 verum
759 2055 922 2109 etiam
953 2063 1014 2108 ut
1045 2053 1343 2109 inhibentis
1365 2055 1782 2126 contemplatio—

164 2161 237 2199 ne
271 2145 539 2215 przrccpti
578 2148 718 2200 viam
764 2145 1070 2201 tractationi
1111 2146 1339 2200 rationis
1365 2147 1623 2217 aperiret,
1658 2163 1779 2218 qua:

160 2235 518 2293 irritamenta
541 2238 684 2309 gulze
705 2249 1044 2310 caaterasque
1072 2239 1342 2295 recideret
1372 2247 1396 2276 α
1429 2241 1776 2312 cupiditates,

161 2346 476 2402 Corporeas
523 2333 808 2403 passiones
858 2345 1146 2407 motusque
1189 2335 1492 2397 cohiberet.
1546 2335 1782 2406 Tempe-

164 2426 351 2481 rantia
379 2435 465 2483 est
487 2425 653 2499 igitur
681 2430 1040 2485 correctionis
1072 2429 1296 2501 praet-ia,
1330 2429 1633 2500 disciplina:
1666 2445 1779 2486 ma-

164 2533 365 2592 gistra.

241 2613 298 2668 6.
344 2613 558 2672 Abhac
600 2614 876 2687 profectus
930 2617 1104 2673 Jacob
1152 2626 1394 2683 sanctus,
1453 2617 1774 2687 pritnalusa

168 2705 346 2762 fratre
401 2723 541 2778 quos
604 2723 709 2763 non
764 2708 998 2764 habebat
1029 2709 1185 2781 (Gen.
1216 2727 1344 2778 xxv,
1379 2712 1498 2781 55),
1532 2711 1772 2782 accepit;

168 2798 405 2869 ejusque
437 2800 694 2868 praelatus
725 2816 949 2856 assensu
977 2803 1164 2857 docuit
1193 2805 1246 2857 in
1275 2805 1544 2875 reliquum
1579 2806 1777 2872 intem-

174 2901 437 2960 perantes
462 2897 682 2964 proprio
701 2894 804 2949 sibi
833 2894 971 2950 viles
997 2911 1120 2950 esse
1139 2895 1367 2965 judicio.
1401 2897 1486 2952 Ab
1527 2899 1627 2952 hac
1643 2913 1774 2968 pro-

178 2985 359 3040 fectus
389 2984 615 3058 Joseph,
639 2997 693 3042 et
719 2987 1268 3058 caloremjuventutis
1291 2990 1552 3056 edomuit,
1583 3001 1637 3047 et
1659 3001 1777 3047 teu-

177 3085 352 3133 tatum
380 3079 700 3136 adulterinis
721 3147 724 3150 ,
745 3084 986 3136 animum
1031 3081 1326 3146 illecebris,
1356 3094 1520 3137 rectae
1547 3085 1774 3140 rationis

177 3172 492 3228 inductione
521 3174 772 3229 firmavit.
804 3175 1045 3244 Denique
1068 3177 1316 3245 quamvis
1348 3175 1502 3231 fortis
1547 3187 1692 3232 esset
1720 3186 1776 3233 et

1894 562 2198 620 insolentes
2228 569 2439 622 ratione
2484 566 2752 635 cohiberi,
2781 568 2964 627 sciens
2991 571 3135 642 quod
3167 571 3495 644 indignatio-

1893 670 2016 711 nem
2043 657 2184 712 ratio
2207 667 2514 729 temperare
2541 669 2743 730 posset.

1963 751 2017 806 8.
2053 751 2443 820 Temperantia
2463 766 2544 810 est
2575 755 2738 827 igitur
2763 772 2885 828 qua:
2907 764 3120 814 resecat
3143 757 3487 828 cupiditates.

1893 844 2046 902 Hauc
2077 847 2271 918 primis
2319 846 2631 904 hominibus
2683 850 2973 906 tenendam
3021 851 3293 908 mandavit
3347 854 3492 911 licus

1891 938 2079 994 dicens
2103 959 2117 993 :
2136 939 2213 994 De
2233 943 2409 1011 fructu
2427 953 2597 996 autem
2612 944 2740 1014 ligni
2751 947 2889 1013 quod
2902 956 2979 1000 est
2999 946 3054 1000 in
3065 948 3234 1002 medio
3256 948 3494 1018 paradisi

1891 1047 1991 1085 non
2004 1032 2186 1094 edetis,
2216 1048 2381 1102 neque
2404 1035 2622 1107 tangatis
2649 1036 2801 1098 illud,
2830 1053 2892 1092 ne
2921 1040 3216 1094 moriemini
3232 1039 3487 1110 (Gemuit,

1891 1121 1982 1194 l7)
2021 1123 2086 1178 Et
2104 1124 2348 1195 quianon
2371 1135 2455 1181 est
2472 1136 2702 1193 retenta,
2724 1127 2844 1183 ideo
2866 1139 3300 1201 transgressnrcs
3317 1132 3488 1186 virtu-

1892 1215 1960 1271 tis
1989 1219 2220 1289 egregia:
2243 1217 2477 1290 paradisi
2501 1219 2720 1275 exsules
2749 1221 2871 1276 lacti
2901 1231 3058 1287 sunt,
3092 1231 3147 1278 et
3175 1223 3492 1279 immortali-

1892 1310 2016 1363 tatis
2045 1320 2316 1366 exsortes.
2348 1311 2497 1366 Hanc
2538 1311 2651 1367 Lex
2689 1312 2879 1379 docet,
2912 1323 2968 1370 et
2996 1314 3375 1372 universorum
3409 1315 3492 1372 iu-

1889 1403 2068 1464 fundit
2093 1404 2373 1462 affectibus
2402 1405 2598 1478 (Exod.
2626 1422 2727 1471 xx,
2758 1407 2814 1470 4.
2844 1417 2892 1462 et
2922 1407 3092 1480 alibi).

2370 1539 2530 1615 41.7
2568 1539 2797 1599 CAPUT
2851 1540 2942 1598 ιιι.

1886 1655 2327 1722 Temperantiam,
2376 1657 2700 1724 sapientiam,
2743 1666 2791 1711 et
2823 1656 3154 1730 disciplinam
3183 1673 3216 1712 a
3251 1655 3478 1712 Domino

1959 1750 2132 1803 doceri
2165 1763 2185 1811 ;
2215 1749 2351 1820 quod
2379 1750 2609 1819 sequitur
2655 1749 2724 1804 ad
2752 1749 2978 1804 studium
3006 1750 3293 1804 cohortatio
3321 1766 3340 1804 .'
3361 1750 3486 1805 item

1957 1843 2162 1910 culpam
2207 1853 2434 1896 nostram
2461 1841 2815 1897 ascribendam
2863 1859 2973 1897 esse
3021 1842 3123 1896 soli
3168 1852 3359 1896 nostra:
3396 1857 3486 1897 vo-

1959 1936 2166 2002 luntati,
2219 1953 2320 2004 qua
2370 1938 2450 1992 rel
2505 1951 2713 2007 percan
2764 1946 2841 1997 vel
2860 1939 3087 2010 justitia:
3107 1944 3488 2006 servimus;ae

1955 2031 2162 2085 demum
2185 2040 2302 2084 utra
2323 2032 2537 2087 servitus
2566 2033 2671 2086 utri
2724 2036 3045 2103 praferenda
3098 2028 3331 2088 videatur
3351 2034 3378 2088 .9

1953 2148 2007 2200 9.
2051 2144 2079 2184 ιο
2152 2145 2361 2200 Docere
2399 2155 2579 2201 autem
2629 2145 2916 2201 Dominum
2966 2163 3108 2215 eam,
3161 2157 3216 2204 et
3265 2150 3484 2221 sapien-

1877 2239 2046 2307 tiam,
2096 2249 2152 2296 ει
2206 2240 2546 2310 disciplinain
2595 2239 2872 2310 Scriptura
2926 2249 3172 2296 testatur.
3208 2231 3300 2298 De
3339 2252 3479 2298 tern-

1880 2335 2128 2404 perantia
2158 2335 2210 2388 in
2243 2333 2387 2404 Lege
2415 2331 2614 2402 (Exod.
2648 2349 2738 2398 xx,
2769 2333 2824 2400 4,
2877 2343 2924 2388 et
2950 2333 3095 2402 alibi)
3121 2351 3133 2388 :
3166 2335 3234 2390 de
3263 2335 3482 2392 caeteris

1877 2427 1930 2482 in
1961 2427 2099 2482 libro
2128 2426 2252 2494 Joh,
2286 2426 2338 2480 in
2367 2441 2473 2497 quo
2515 2427 2778 2495 scriptum
2822 2418 2906 2480 est
2935 2443 2948 2479 :
2983 2424 3173 2481 Nonne
3223 2425 3482 2482 Dominus

1877 2535 1949 2580 est
1975 2525 2064 2595 qui
2092 2524 2237 2578 docet
2260 2524 2573 2578 intellectum
2595 2532 2642 2576 et
2664 2519 3118 2591 disciplinam(lob
3151 2537 3336 2586 xxxttt,
3359 2521 3480 2595 16)?

1877 2617 1948 2672 Et
1968 2618 2021 2672 iu
2050 2617 2346 2688 Evangelio
2377 2615 2638 2670 Dominus
2669 2616 2787 2685 ipse
2830 2615 2909 2671 ait
2938 2632 2951 2667 :
2978 2613 3222 2674 Discitea
3251 2631 3331 2669 me
3356 2617 3481 2684 quia

1877 2709 2017 2763 mitis
2060 2725 2191 2774 sum,
2223 2717 2271 2762 et
2317 2706 2530 2761 humilis
2581 2706 2736 2760 corde
2765 2705 2982 2777 (Matth.
3018 2703 3224 2778 xr,?.9).
3259 2707 3323 2762 Et
3351 2706 3480 2762 alibi

1877 2802 1944 2857 ad
1976 2801 2273 2872 discipulos
2304 2802 2378 2855 ait
2407 2818 2420 2853 :
2451 2798 2555 2864 Ite,
2583 2801 2760 2854 docete
2784 2815 2958 2852 omnes
2989 2809 3180 2870 gentes,
3212 2801 3480 2868 baptizan-

1877 2903 1950 2950 tes
1994 2912 2078 2950 eas
2136 2896 2190 2949 in
2244 2896 2449 2949 nomine
2513 2893 2692 2948 Patris
2734 2903 2779 2948 et
2829 2891 2958 2947 Filii
2985 2903 3032 2946 et
3061 2893 3292 2964 Spiritus
3313 2897 3478 2949 sancti

1879 2987 2092 3058 (Matth.
2123 3003 2312 3052 xxvtu,
2347 2985 2458 3058 t9).
2493 2987 2646 3042 Uude
2675 2998 2858 3042 autem
2883 2985 3284 3054 discipulidicti
3313 2989 3337 3042 ἲ
3363 2987 3472 3043 Aut

1877 3083 2004 3154 quid
2031 3081 2176 3136 aliud
2205 3098 2232 3134 a
2255 3079 2476 3136 Christo
2525 3081 2628 3138 nisi
2655 3081 2916 3135 virtutum
2945 3080 3162 3149 operari
3207 3089 3476 3150 tirtecepta

1877 3177 2161 3232 discebant
2190 3177 2213 3244 1?
2244 3175 2485 3246 Denique
2535 3173 2704 3228 David
2752 3173 2829 3227 ait
2861 3190 2874 3227 :
2917 3171 3115 3237 Venite,
3144 3173 3271 3242 ﬁlii.
3301 3173 3479 3227 audite

180 3265 414 3332 validus,
441 3274 621 3322 tamen
653 3276 885 3323 tractatu
925 3269 1152 3323 rationis
1186 3268 1376 3324 fulcire
1401 3286 1461 3324 se
1484 3269 1668 3325 maluit
1696 3273 1776 3325 di-
1800 3271 1844 3335 C
1878 3287 1978 3338 me,
2034 3271 2268 3324 timorem
2316 3266 2525 3322 Domini
2552 3267 2741 3320 docebo
2788 3281 2876 3320 vos
2903 3263 3079 3337 (Psal.
3101 3280 3192 3332 ex,
3225 3263 3334 3334 10).
3363 3263 3479 3320 Uti-

181 3374 316 3415 cens
374 3359 529 3413 uxori
586 3359 788 3414 domini
841 3361 924 3415 sui
956 3379 969 3415 :
1001 3361 1063 3414 Si
1088 3359 1344 3416 Dominus
1375 3379 1520 3417 meus
1549 3380 1651 3416 non
1679 3365 1775 3418 scit

179 3462 366 3522 prreter
394 3469 474 3506 me
501 3453 700 3519 aliquid
730 3453 782 3506 in
807 3452 963 3506 domo
991 3469 1107 3519 sua,
1154 3462 1202 3507 et
1242 3455 1413 3506 omnia
1443 3469 1772 3524 qmecumque

184 3548 348 3612 liabet,
377 3548 517 3602 dedit
545 3547 598 3602 in
625 3564 807 3602 manus
835 3564 996 3614 meas,
1031 3563 1190 3618 neque
1209 3547 1526 3602 subtractum
1550 3558 1666 3604 esta
1694 3566 1773 3604 me

181 3638 452 3711 quidquam
483 3652 669 3714 prteter
719 3650 768 3696 te
817 3657 935 3711 qua:
984 3657 1114 3696 umor
1144 3641 1286 3695 illius
1315 3657 1410 3697 es:
1437 3650 1484 3695 et
1510 3642 1766 3712 quomodo

183 3735 365 3805 faciam
414 3734 619 3789 verbum
678 3735 774 3788 hoc
830 3735 1048 3799 malum,
1102 3742 1150 3787 et
1179 3732 1400 3804 peccabo
1446 3749 1624 3788 coram
1657 3733 1767 3788 Deo

189 3827 334 3901 (Gen.
369 3844 516 3894 XXIX,
545 3828 777 3895 8et9)?
820 3829 944 3882 lla-c
992 3836 1078 3882 est
1123 3827 1286 3895 igitur
1334 3836 1500 3882 recta:
1543 3827 1771 3883 rationis

187 3923 425 3976 tractatio
461 3937 623 3992 quam
645 3921 819 3977 Grazci
839 3922 1080 3996 λογισμὸν
1113 3931 1450 3991 num-upant,
1482 3938 1587 3993 qua
1615 3939 1773 3979 mens

186 4015 452 4085 sapientiae
483 4017 686 4070 intenta
707 4015 992 4076 solidatur.
1011 4014 1242 4069 Pulchra
1272 4017 1416 4070 enim
1443 4016 1600 4078 ratio,
1625 4017 1769 4086 quod

187 4124 280 4164 nec
326 4109 600 4164 beneficiis
654 4109 857 4163 domini
906 4123 1028 4164 esse
1071 4109 1298 4164 deberet
1352 4109 1622 4179 ingratus,
1663 4125 1768 4166 nec

187 4203 441 4260 occultum
473 4212 660 4274 posset
712 4219 834 4259 esse
880 4212 1182 4273 peccatum.
1235 4203 1401 4274 quod,
1455 4204 1563 4260 Dco
1611 4213 1768 4274 teste,

187 4303 556 4369 committeret,
583 4316 744 4369 quem
771 4301 944 4356 latere
974 4316 1078 4356 non
1105 4310 1304 4370 posset.

165 4416 176 4425 -
255 4394 303 4448 7.
342 4393 486 4449 Bona
512 4393 672 4464 igitur
705 4394 865 4458 ratio,
891 4409 1010 4462 quae
1062 4403 1116 4448 et
1163 4393 1415 4464 hostilem
1449 4393 1770 4463 plerumque

201 4487 431 4543 affectum
462 4490 631 4552 exuit,
661 4486 976 4542 etdolorem
1007 4487 1216 4557 injuriae
1247 4497 1573 4558 sequestrat.
1608 4488 1771 4543 Deni-

193 4597 286 4651 que
306 4583 426 4636 etin
453 4582 569 4638 acie
619 4581 941 4652 plerumque
969 4581 1226 4636 victorem
1278 4582 1511 4652 mitigat,
1565 4591 1620 4639 et
1640 4581 1770 4638 feri-

1873 3378 1979 3435 que
2003 3362 2166 3417 timor
2197 3362 2291 3416 Dei
2320 3361 2386 3415 de
2415 3374 2644 3415 numero
2667 3360 2924 3414 virtutum
2953 3367 3035 3412 est
3069 3375 3083 3423 ;
3117 3357 3238 3427 quia
3265 3357 3475 3413 initium

1873 3454 2159 3526 sapientite
2188 3455 2352 3510 timor
2385 3452 2620 3515 Domini,
2682 3467 2778 3521 per
2823 3466 2982 3521 quem
3023 3448 3345 3505 adsciscitur
3373 3450 3474 3519 pia:

1870 3548 2045 3604 forma
2096 3547 2383 3612 doctrinae,
2428 3548 2495 3601 de
2547 3561 2651 3617 qua
2695 3545 2895 3600 Paulus
2915 3544 3032 3598 ait:
3069 3542 3275 3598 Gratias
3302 3552 3474 3597 autent

1871 3641 1985 3699 Deo
2007 3644 2145 3714 quod
2171 3641 2341 3710 fuistis
2371 3641 2504 3695 servi
2541 3639 2760 3710 peccati,
2789 3638 2880 3694 sed
2909 3637 3150 3692 obedistis
3203 3653 3267 3690 ea:
3320 3636 3475 3690 corde

1871 3738 1924 3792 in
1948 3755 2061 3793 eaut
2119 3741 2352 3809 formant
2395 3736 2668 3797 doctrinae,
2712 3735 2766 3788 in
2806 3749 2908 3802 qua
2935 3731 3113 3786 traditi
3143 3731 3263 3784 estis
3293 3745 3312 3784 :
3346 3728 3471 3785 libe-

1873 3833 1971 3887 rati
1997 3843 2169 3886 autent
2194 3849 2225 3885 α
2246 3840 2474 3900 peccato,
2507 3829 2641 3883 servi
2672 3827 2795 3899 facti
2827 3826 2946 3880 estis
2961 3825 3183 3894 justitia:
3209 3823 3469 3896 (Romxt,

1874 3928 1941 3982 l7
1966 3926 2144 3995 etl8).
2177 3925 2428 3979 Doctrina
2455 3922 2620 3994 igitur
2653 3921 2777 3975 facit
2804 3928 2861 3973 ut
2891 3919 3162 3988 possimus
3190 3915 3472 3988 pervenire

1873 4018 2249 4088 adjustitiam.
2287 4016 2473 4071 Potest
2507 4015 2670 4084 igitur
2699 4012 2908 4082 acquiri
2948 4009 3162 4081 justitia
3183 4007 3468 4062 discendo.

1872 4110 2221 4166 lntcudamus
2249 4111 2411 4180 igitur
2437 4107 2618 4163 studio
2658 4107 2952 4160 iul’ortnatn
2979 4103 3315 4173 Evangelicte
3336 4100 3466 4156 doc-

1873 4204 2054 4258 trinae.
2089 4202 2372 4259 Minimum
2404 4201 2563 4255 studii
2595 4200 2912 4270 plerumque
2943 4212 3040 4268 pro
3085 4197 3321 4251 maxime
3372 4194 3468 4248 ha-

1875 4299 2052 4354 betur.
2090 4296 2147 4351 lu
2177 4295 2358 4352 studio
2390 4296 2534 4350 enini
2564 4292 2907 4355 suntomuia,
2939 4309 3032 4364 per
3061 4291 3203 4363 quod
3239 4289 3466 4346 adhibe-

1877 4403 1962 4448 tur
1981 4391 2314 4454 obedientia,
2347 4404 2468 4459 quae
2499 4390 2550 4443 in
2574 4387 2886 4443 utramlibet
2917 4399 3123 4456 partem
3155 4383 3460 4456 propende-

1873 4486 1968 4548 rit,
2027 4491 2123 4538 aut
2180 4483 2393 4551 culpam
2437 4481 2698 4552 adiungit.
2726 4491 2816 4534 aut
2848 4479 3097 4547 gratiam.
3132 4477 3258 4532 lla'c
3285 4493 3383 4531 nos
3411 4476 3463 4530 iu

1877 4579 2056 4650 primo
2088 4577 2256 4632 Adam
2284 4575 2445 4630 traxit
2473 4575 2540 4629 ad
2564 4585 2819 4640 mortem,
2842 4573 2958 4629 haec
2983 4589 3081 4628 nos
3107 4571 3159 4628 in
3191 4571 3362 4628 Adam
3386 4585 3474 4626 se-
3540 4595 3543 4598 ·

197 4672 290 4726 ιιιιὶ
336 4689 637 4728 mucronem
683 4673 951 4738 retardat,
981 4682 1037 4728 ct
1067 4681 1345 4743 rogantem
1389 4677 1547 4730 morti
1567 4677 1765 4746 eripit;
1796 4663 1849 4724 D
1875 4671 2053 4728 cundo
2081 4670 2147 4725 ad
2171 4671 2333 4725 vitam
2357 4671 2588 4723 vocavit.

199 4778 257 4816 eo
284 4765 415 4833 quod
445 4765 702 4835 subjectis
757 4781 982 4838 parcere
1036 4765 1175 4836 justa
1224 4766 1365 4822 ratio
1421 4769 1763 4838 persuadeat.

199 4855 314 4911 Nam
343 4857 404 4913 de
449 4859 788 4916 excludendo
826 4859 914 4915 vel
967 4859 1271 4930 mitigando
1323 4861 1538 4930 injuriae
1577 4863 1768 4921 dolore

199 4949 303 5020 quis
324 4951 504 5006 melior
529 4953 808 5023 magister,
866 4968 1026 5023 quam
1067 4951 1376 5024 patriarcha
1427 4952 1616 5020 Jacob,
1674 4957 1767 5026 qui

199 5044 422 5112 proprios
449 5056 751 5115 coarguens
793 5044 934 5100 ﬁlios
962 5044 1185 5101 Simeon
1207 5054 1261 5100 et
1291 5043 1424 5099 Levi
1449 5046 1526 5100 ait
1557 5064 1569 5101 :
1602 5045 1767 5104 Odio-

199 5151 297 5189 sum
343 5151 415 5191 me
451 5137 665 5208 fecistis,
710 5139 784 5191 ita
842 5148 895 5191 ut
941 5155 1107 5194 saevus
1151 5140 1329 5194 videar
1382 5138 1538 5210 (Gen.
1579 5156 1765 5209 xxxiv,

199 5229 296 5312 50);
335 5228 397 5284 Et
441 5232 628 5297 utique
681 5229 780 5285 ulti
835 5229 1046 5287 fuerant
1083 5233 1292 5290 sororis
1321 5233 1598 5302 iniuriam,
1643 5249 1765 5304 quce

201 5333 364 5376 coatra
412 5321 663 5377 instituta
711 5324 884 5391 patria
924 5325 1125 5381 violato
1149 5326 1553 5398 fueratpinlore
1592 5337 1766 5384 teme-

203 5425 327 5480 rata;
356 5429 448 5470 uec
479 5415 652 5483 potuit
673 5415 862 5477 Jacob.
890 5427 1194 5486 praeceptor
1217 5419 1544 5489 disciplinae,
1577 5431 1763 5475 custos

264 5541 286 5568 πί
319 5526 537 5605 Codices
563 5528 712 5605 vat,
745 5527 910 5594 Vict.,
943 5527 1128 5598 Colh.,
1160 5532 1312 5587 Valc.
1343 5546 1390 5588 et
1417 5533 1626 5591 Theod.
1655 5535 1765 5605 pri-

205 5617 277 5658 tua
306 5616 470 5661 manu,
497 5600 820 5666 Cupiditates
837 5616 1099 5663 corporeae
1125 5606 1397 5666 passionis.
1428 5607 1635 5662 'l‘heod.
1657 5600 1766 5662 ‘se-

206 5673 348 5730 cuuda
372 5689 552 5740 mautt,
583 5684 638 5728 et
666 5673 904 5742 Retuig.,
934 5669 1254 5747 Cupiditates
1284 5680 1536 5746 corporis,
1564 5681 1766 5748 passio-

210 5762 298 5808 nes,
325 5758 416 5800 etc.

213 5874 217 5888 ,
244 5807 430 5902 Δδὼνμι.
461 5814 619 5902 edit,
641 5807 831 5902 Doceri
854 5825 1099 5896 autemet
1123 5818 1608 5902 sapientiantszcod.
1640 5822 1755 5902 Dig.

212 5900 252 5938 (η
293 5887 460 5957 'l‘oru.,
507 5888 688 5942 Βοτρτὶ
739 5887 910 5945 autem
963 5886 1092 5958 eam,
1145 5886 1193 5942 et
1240 5889 1545 5960 sapientiam
1581 5911 1590 5946 :
1625 5886 1754 5950 edii.

1949 4764 2037 4820 lo.
2078 4763 2194 4819 Non
2227 4773 2310 4818 est
2357 4759 2501 4830 quin!
2557 4762 2805 4830 cuiquam
2848 4767 3088 4814 nostram
3140 4756 3472 4812 ascribamus

1875 4872 2202 4922 aerumnam,
2259 4853 2363 4910 nisi
2389 4863 2590 4910 nostra:
2621 4853 2910 4908 Voluntati.
2963 4851 3133 4906 Nemo
3161 4857 3377 4903 tenetur
3397 4845 3465 4901 ad

1874 4952 2113 5022 culpam.
2151 4948 2253 5004 nisi
2269 4947 2546 5003 voluntate
2569 4947 2782 5018 prapria
2800 4943 3103 5001 deﬂexerit.
3127 4941 3242 4996 Non
3264 4940 3465 4995 habent

1873 5045 2078 5100 crimen
2107 5053 2130 5081 ο
2181 5057 2302 5112 qua:
2350 5042 2663 5095 inseruntur
2715 5033 3471 5096 reluctantibus:voluntaria

1873 5145 2080 5191 tantum
2108 5134 2398 5189 commissa
2442 5135 2684 5203 sequitur
2703 5132 3024 5186 delictorum
3059 5128 3285 5193 invidia,
3313 5124 3460 5196 quod

1872 5229 1925 5284 in
1956 5229 2094 5288 alios
2121 5227 2454 5283 derivemus.
2495 5225 2869 5282 Volantarium
2900 5223 3004 5278 sibi
3034 5223 3258 5278 militem
3301 5219 3467 5290 elegit

1869 5321 2140 5391 Christus,
2173 5323 2536 5378 voluntarium
2579 5336 2794 5376 servum
2843 5319 2946 5374 sibi
2973 5317 3222 5372 diabolus
3260 5315 3467 5370 auctio~

1868 5427 2046 5474 natur.
2074 5417 2351 5473 Neminem
2388 5416 2518 5487 jugo
2567 5416 2843 5472 servitutis
2869 5414 3150 5469 astrictum
3196 5409 3463 5481 possidet,

1877 5533 2038 5590 Rom.
2069 5533 2326 5606 denique,
2353 5533 2548 5606 Docere
2576 5543 2745 5587 autem
2773 5531 3055 5606 Dominum
3077 5542 3124 5583 et
3136 5532 3467 5606 sapientiam,

1877 5608 1963 5662 cui
2013 5603 2364 5662 consentiunt
2415 5604 2506 5658 alii
2560 5620 2689 5658 mss.
2725 5609 2822 5658 nisi
2855 5606 2906 5658 in
2939 5603 3042 5657 hoc
3073 5605 3211 5671 quod
3246 5603 3462 5674 habent,

1873 5695 1985 5733 eam
2017 5688 2063 5732 et
2092 5678 2421 5746 sapientiam.
2453 5675 2689 5746 Optime.
2725 5675 2838 5730 Vox
2867 5676 3010 5730 enim
3032 5691 3144 5729 eam
3171 5677 3236 5731 ad
3262 5686 3470 5747 tempe-

1871 5749 2101 5805 rantiam
2129 5749 2382 5805 refertur.

1945 5833 1966 5859 ο
2008 5819 2156 5878 Edit.
2205 5821 2362 5877 Eras.
2410 5829 2467 5877 et
2509 5833 2653 5892 seq.,
2712 5837 2826 5892 qua:
2848 5820 3146 5891 inferuntur
3165 5823 3465 5880 reluctanti.

1867 5893 1976 5946 bus.
