4066 6360
579 349 684 407 605

1913 337 2164 398 SANCTI
2205 337 2534 396 AMBROSII

3795 343 3892 398 (Μ

581 468 730 523 ﬂnisi
783 467 842 523 se
895 465 1044 538 prius
1065 473 1409 537 peccatorum
1435 476 1540 516 aere
1571 462 1620 518 ei
1643 459 1966 517 vendiderit.
2019 457 2160 528 Quid
2189 461 2244 525 Α
2271 457 2384 529 prie
2409 457 2582 514 dixit:
2619 459 2718 526 Qui
2769 461 2906 514 enim
2954 469 3161 515 vocatus
3191 471 3268 514 est
3307 461 3364 516 in
3409 460 3648 516 Domino
3691 477 3892 530 serens,

579 577 796 618 carnem
815 565 966 632 quasi
994 559 1262 620 inﬁrmam
1289 557 1650 613 accusamus?
1684 555 1924 611 Membra
1979 563 2166 610 nostra

575 671 724 709 arma
749 661 872 708 sunt
896 652 1214 724 iniquitatis,
1241 663 1452 706 etarma
1471 650 1718 721 justitim.
1743 650 1936 706 Vidisti
1967 663 2172 719 paupe-

577 765 692 804 rem
717 747 966 816 injuriam
997 746 1383 816 accipientem,
1419 745 1706 814 protexisti
1737 758 1896 805 eum;
1927 741 2171 797 membra

577 850 664 896 tua
697 855 844 894 arma
875 837 1091 904 pietatis
1117 849 1266 902 sunt,
1295 837 1492 908 quibus
1547 851 1840 908 pauperem
1869 837 1935 890 ab
1975 833 2170 904 injuria

577 931 888 988 vindicasti.
926 932 1120 987 Vidisti
1151 945 1408 1001 egenum,
1441 930 1658 986 donasti
1683 945 1808 984 eum
1833 927 2167 996 muneribus,

577 1026 798 1082 dextera
833 1033 920 1080 tua
951 1039 1182 1080 mortem
1213 1041 1244 1080 a
1270 1033 1362 1079 tuo
1389 1033 1610 1096 pectore
1661 1023 1928 1094 repulisti.
1977 1021 2172 1078 VidiSti

577 1136 698 1175 eum
730 1120 820 1190 qui
870 1120 1084 1174 ducitur
1123 1117 1192 1174 ad
1235 1128 1487 1180 mortem.
1545 1117 1792 1185 eripuisti
1845 1131 1990 1182 eum,
2049 1117 2170 1188 quia

580 1215 838 1283 scripturn
863 1223 972 1269 est:
1009 1213 1170 1278 Eripe
1191 1231 1304 1267 eum
1325 1214 1412 1281 qui
1443 1213 1648 1268 ducitur
1676 1213 1744 1267 ad
1767 1211 2168 1286 mortemU’rov.

576 1323 723 1371 xstv,
762 1307 850 1380 ii)
883 1325 894 1360 :
931 1309 1175 1362 membra
1206 1317 1294 1362 tua
1325 1321 1480 1360 arma
1502 1317 1628 1362 sunt
1649 1307 1896 1376 joSIitias,
1925 1309 1966 1359 si
1999 1306 2174 1374 injus-

577 1408 629 1454 te
661 1399 939 1454 hominem
967 1399 1148 1468 perire
1178 1415 1283 1452 non
1315 1413 1504 1468 passus
1533 1414 1612 1454 es.
1645 1399 1832 1452 Vidisti
1861 1397 2168 1466 mulierem,

575 1493 854 1563 castigasti
895 1507 1090 1562 corpus
1118 1504 1288 1560 tuum,
1317 1493 1650 1548 mortiﬁCaSti
1677 1493 1948 1558 libidines,
1983 1508 2174 1563 proca-

573 1601 665 1642 ces
696 1587 1002 1642 meretricis
1029 1587 1217 1641 oculos
1243 1595 1526 1642 aversatus
1577 1587 1884 1652 deseruisti,
1929 1586 2172 1642 membra

580 1691 668 1736 tua
715 1697 864 1736 arma
921 1691 1046 1736 sunt
1071 1681 1426 1736 castimoniae.
1456 1679 1653 1736 Contra
1683 1689 1887 1746 autem,
1913 1681 1956 1736 si
1985 1681 2174 1736 oculus

579 1785 697 1829 tuus
729 1775 864 1830 vidit
888 1773 1175 1830 mulierem
1205 1775 1272 1829 ad
1315 1773 1815 1845 cancupiscendttm
1847 1790 1988 1839 eam,
2042 1789 2174 1844 ape-

2272 555 2484 610 libertus
2529 565 2605 610 est
2647 553 2860 612 Domini
2887 573 2900 610 :
2927 555 3164 612 similiter
3214 559 3302 630 qui
3351 559 3488 612 iiber
3545 569 3772 612 sociatus
3795 569 3886 624 est,

2269 665 2444 705 servus
2467 661 2540 704 est
2567 649 2775 706 Christi.
2811 651 3018 707 Revera
3069 651 3216 707 enim
3241 669 3438 708 omnes
3463 651 3680 706 Christi
3708 653 3888 708 liberti

2271 757 2478 808 sumus,
2505 759 2666 798 nemo
2691 744 2854 800 liber.
2887 744 3090 800 Omnes
3115 749 3262 800 enim
3297 749 3350 800 in
3410 748 3690 801 servitute
3737 761 3894 814 gone.

2272 835 2394 888 rati.
2423 833 2560 902 Quid
2585 836 2768 890 servili
2841 837 3140 892 conditioni
3189 837 3570 909 arrogantiam
3623 839 3888 892 libertatis

2273 930 2554 983 assumis?
2605 929 2743 996 Quid
2775 930 2958 986 titulos
3005 931 3306 986 nobilitatis
3367 945 3628 1002 usurpas,
3681 931 3888 985 servilis

2277 1021 2821 1078 Itzcreditas?Nescis
2849 1023 2990 1094 quod
3047 1033 3098 1078 te
3157 1023 3288 1080 Adze
3315 1034 3482 1096 atque
3543 1025 3678 1078 Eva:
3735 1024 3886 1092 culpa

2275 1119 2664 1188 mancipaverit
2709 1120 2976 1174 servituti.
3031 1119 3218 1175 Nescis
3265 1120 3412 1191 quod
3467 1119 3776 1176 redemerit
3833 1129 3880 1174 te

2274 1211 2547 1276 Christus,
2592 1225 2696 1266 non
2746 1213 2960 1267 emerit.
3011 1211 3135 1266 Non
3193 1227 3342 1278 auro,
3395 1229 3502 1266 non
3549 1223 3774 1283 argento
3809 1227 3884 1266 re-

2277 1307 2470 1378 dempti
2497 1307 2620 1361 estis
2651 1307 2714 1360 de
2748 1323 2882 1361 uana
2911 1315 3078 1362 vestra
3109 1309 3500 1361 conversatione
3523 1317 3774 1376 paternis
3793 1319 3884 1360 tn-

2276 1399 2506 1465 ditiouis,
2541 1401 2632 1453 sed
2655 1401 2879 1472 pretioso
2909 1401 3158 1470 sanguine
3185 1401 3319 1472 Agni
3337 1401 3378 1472 tl
3397 1399 3517 1454 Pet.
3541 1415 3558 1455 ι
3586 1443 3599 1466 ,
3629 1402 3702 1455 18
3727 1411 3772 1454 et
3791 1402 3884 1468 i9).

2273 1497 2474 1552 clamat
2499 1495 2774 1566 apostolus
2805 1497 3017 1552 Petrus.
3053 1497 3196 1568 Ergo
3245 1497 3568 1566 redemptus
3593 1513 3624 1549 a
3661 1497 3884 1550 [tornino

2277 1603 2356 1644 es.
2390 1589 2590 1644 Servus
2621 1605 2680 1644 cs
2705 1589 3020 1660 quicreatus
3041 1605 3118 1656 es,
3145 1605 3334 1646 Servus
3360 1607 3419 1646 es
3451 1593 3546 1662 qui
3578 1592 3884 1660 redemptus

2278 1691 2427 1748 cs,et
2451 1684 2604 1754 quasi
2637 1683 2872 1737 Domino
2895 1685 3212 1739 servitutem
3261 1684 3450 1747 debes.
3505 1693 3566 1739 et
3609 1686 3772 1754 quasi
3795 1685 3882 1738 ﬂe-

2277 1775 2570 1845 demptori.
2621 1775 3068 1832 Ni-einieriorem
3121 1785 3274 1848 putes
3329 1777 3756 1832 libertiuitatcm
3801 1777 3884 1830 sub

579 1871 735 1926 ruisti
768 1869 990 1934 vulnus,
1025 1869 1346 1942 impressisti
1395 1871 1560 1926 telum
1591 1867 1759 1942 m
1783 1867 1997 1939 curpori
2057 1875 2172 1934 tuo,
2208 1875 2253 1935 Β
2280 1865 2520 1934 Christo,
2555 1883 2714 1937 quam
2741 1867 3050 1924 libertatem
3077 1883 3220 1924 esse.
3255 1869 3336 1923 Ad
3360 1871 3696 1939 dignitatem
3715 1885 3876 1938 τριμη-

579 1965 824 2034 membra
851 1977 940 2020 tua
961 1981 1108 2020 arma
1135 1967 1343 2036 peccati
1365 1975 1512 2020 sunt.
1549 1965 1740 2020 Vidisti
1770 1963 2174 2032 possessionem

581 2059 929 2130 pupillorum,
961 2066 1016 2114 et
1047 2059 1286 2130 paternis
1309 2073 1404 2115 eos
1427 2057 1678 2129 expulisti
1707 2057 1950 2123 sedibus,
1998 2067 2178 2111 trans-

575 2151 746 2208 tulisti
771 2147 1034 2214 iermiuos
1089 2167 1224 2224 quos
1269 2161 1569 2223 posuerunt
1597 2161 1777 2222 patres
1809 2151 1906 2214 tui,
1937 2151 2178 2205 membra

573 2256 661 2301 tua
688 2262 838 2302 arma
864 2245 1166 2318 iniquitatis
1193 2253 1342 2301 sunt.
1377 2245 1618 2301 Aiiectus
1660 2245 1842 2316 igitur,
1892 2257 1998 2298 non
2049 2257 2178 2298 caro

569 2351 760 2395 auctor
808 2347 892 2394 est
939 2339 1137 2410 culpae,
1181 2353 1309 2393 caro
1344 2347 1525 2393 autem
1563 2337 1860 2393 Voluntatis
1901 2337 2168 2391 ministra.

571 2431 688 2488 Non
715 2445 846 2502 ergo
879 2433 1082 2487 vendat
1109 2447 1209 2487 nos
1241 2431 1492 2486 voluntas
1525 2441 1731 2488 nostra.

647 2527 735 2582 ii.
769 2527 985 2582 Clamat
1031 2525 1358 2597 Apostolus:
1397 2523 1624 2582 Nescitis
1653 2527 1896 2598 quoniam
1923 2527 2009 2580 cui
2040 2526 2184 2581 exhi-

579 2621 768 2674 buistis
792 2637 880 2676 vos
911 2637 1082 2676 servos
1112 2622 1180 2674 ad
1203 2621 1562 2688 obedientium,
1607 2623 1736 2676 servi
1788 2622 1906 2676 estis
1946 2625 2060 2695 ejus
2102 2623 2184 2677 cui

581 2712 851 2780 obedistis,
910 2713 1017 2768 sive
1069 2715 1266 2786 peccati
1301 2715 1356 2768 in
1403 2725 1640 2776 mortem,
1673 2717 1777 2770 sive
1796 2715 2098 2771 obeditionis
2129 2717 2184 2771 in

571 2809 832 2882 justitiam
858 2809 1034 2882 (item.
1066 2825 1141 2876 v1,
1171 2807 1260 2882 iii)
1289 2809 1312 2874 ζ’
1378 2811 1518 2880 Ergo
1544 2811 1588 2864 si
1621 2821 1712 2865 aut
1752 2819 1978 2882 peccato
2015 2811 2186 2867 servi-

581 2917 726 2968 mus,
759 2903 1118 2974 autjustitite,
1176 2904 1588 2960 consideremus
1617 2906 1668 2960 in
1701 2923 1802 2975 qua
1837 2915 1990 2977 parte
2014 2905 2186 2960 servi-

585 3007 669 3051 tus
695 2995 1054 3064 tolerabilior,
1088 2993 1298 3052 fructus
1330 2995 1571 3052 uberior.
1599 2997 1706 3054 Sed
1739 2999 1827 3070 qui
1863 3005 2043 3069 potest
2063 3013 2186 3054 esse

583 3090 791 3145 fructus
815 3091 865 3144 in
899 3101 1075 3146 morte
1103 3091 1125 3145 ?
1157 3089 1373 3146 Peecali
1394 3092 1538 3147 enim
1564 3093 1894 3162 stipendium
1921 3109 2106 3161 mors;
2134 3101 2188 3148 et

591 3183 713 3238 ideo
755 3182 936 3238 nullus
974 3183 1028 3238 in
1073 3199 1138 3240 eo
1184 3183 1395 3240 fructus
1449 3197 1552 3252 est,
1587 3185 1684 3242 sed
1727 3185 1947 3258 pudoris
1965 3185 2187 3258 dispen-

2279 1959 2368 2024 lis,
2420 1959 2486 2013 ad
2529 1961 2810 2014 tuitionem
2865 1965 3210 2030 prmslantior
3259 1969 3364 2025 est,
3393 1961 3460 2014 ad
3509 1963 3752 2030 gratiam
3779 1977 3876 2030 per,

2282 2053 2548 2108 adversus
2583 2054 2790 2124 lapsum
2815 2053 3310 2122 cautior,adversns
3339 2055 3660 2124 superbiam
3689 2055 3876 2110 tectior.

2281 2147 2354 2203 Ita
2391 2149 2692 2202 libertatem
2725 2147 3004 2220 accepisti,
3035 2157 3092 2203 ut
3123 2149 3438 2203 meminisse
3481 2151 3882 2204 manumissoris

2285 2243 2362 2297 toi
2393 2243 2615 2310 debeas,
2637 2241 2665 2280 δ
2699 2253 2756 2298 ut
2787 2253 3017 2313 patrono
3043 2251 3134 2298 tuo
3154 2245 3372 2298 noveris
3403 2243 3712 2313 legitimum
3745 2245 3882 2296 obse-

2282 2339 2464 2406 quium
2499 2337 2880 2402 deiercndum;
2917 2353 2982 2394 ne
3013 2338 3083 2391 ab
3105 2338 3316 2408 ingrato
3341 2345 3638 2391 revocetur
3659 2337 3878 2392 libertas.

2285 2429 2423 2499 Quid
2455 2439 2507 2484 te
2537 2429 2770 2496 beatius,
2805 2431 2894 2500 qui
2921 2429 3024 2484 sub
3053 2431 3285 2486 Domino
3343 2443 3564 2499 regnas,
3597 2431 3652 2484 et
3685 2431 3784 2483 sub
3805 2444 3878 2498 pa-

2291 2531 2450 2578 trono
2484 2523 2726 2577 utilitas?

2841 2593 3006 2668 “.9
3041 2593 3270 2650 CAPUT
3311 2593 3404 2648 tv.

2289 2691 2548 2758 Quantum
2583 2691 2720 2746 Dens
2751 2693 2948 2746 homini
2979 2691 3325 2756 concesserit,
3357 2707 3476 2744 cum
3506 2693 3554 2744 ei
3593 2689 3776 2764 Legem
3809 2691 3878 2742 dr-

2345 2785 2472 2850 'dt't,
2513 2793 2562 2839 et
2601 2787 2822 2858 gratiam
2853 2785 3113 2854 adjunatit.
3149 2782 3250 2838 Ubi
3277 2784 3554 2838 solvuntur
3587 2785 3708 2838 dua:
3733 2798 3873 2851 ques.

2358 2881 2560 2934 tiones:
2595 2877 2866 2945 Quomodo
2899 2881 3030 2936 bona
3059 2879 3122 2932 sit
3153 2876 3296 2944 Lex,
3327 2893 3442 2947 qua:
3469 2887 3691 2931 mortem
3722 2893 3874 2947 apere-

2359 2982 2480 3037 tur;
2513 2981 2562 3026 et
2589 2975 2845 3042 quomodo
2873 2988 2988 3043 quae
3017 2981 3230 3026 mortem
3271 2981 3536 3042 aperetur,
3584 2989 3726 3026 mors
3755 2971 3876 3024 nobis

2361 3083 2465 3120 non
2495 3066 2603 3120 sit?

2365 3184 2451 3237 i5.
2493 3181 2630 3248 Quid
2673 3191 2854 3236 autem
2888 3189 2972 3236 est
3003 3181 3146 3252 quod
3177 3181 3272 3236 tibi
3307 3197 3418 3236 non
3451 3181 3692 3236 contulit
3723 3181 3874 3235 Domi-

585 3275 766 3341 dium;
799 3291 922 3329 cum
955 3289 1016 3330 ea
1047 3291 1166 3345 qua:
1208 3277 1492 3348 gessimus,
1544 3279 1934 3334 erubescimus.
1965 3279 2188 3336 Servire
2213 3267 2258 3331 C
2293 3275 2438 3331 nus?
2481 3275 2679 3346 Legem
2725 3275 2906 3341 dedit,
2947 3285 2969 3314 ε
3003 3287 3282 3346 peceatum
3332 3275 3614 3344 prodidit,
3663 3274 3871 3345 adjunin

585 3379 767 3422 autem
797 3367 1022 3437 justitia:
1073 3369 1297 3424 libertas
1327 3379 1429 3425 est.
1469 3371 1572 3438 Qui
1608 3373 1744 3426 enim
1777 3381 1992 3428 vocatus
2035 3381 2108 3426 est
2137 3373 2188 3427 in

588 3459 814 3516 Domino
844 3477 1038 3524 servus,
1071 3461 1282 3516 libertus
1303 3473 1376 3519 est
1405 3463 1643 3519 Domini.
1675 3465 1930 3522 Similiter
1953 3469 2040 3538 qui
2063 3465 2191 3521 iiber

591 3561 800 3607 vocatus
826 3565 917 3618 est,
941 3569 1116 3608 servus
1149 3565 1222 3609 est
1245 3555 1436 3610 Christi
1465 3557 1505 3630 (I
1536 3557 1658 3610 Cor.
1693 3573 1785 3622 vtt,
1811 3557 1925 3631 ‘22).
1954 3559 2192 3630 Utraque

592 3645 834 3700 conditio
863 3647 1089 3720 optima,
1120 3661 1242 3703 esse
1273 3647 1378 3704 sub
1403 3649 1642 3716 Christo,
1673 3649 1896 3723 subquo
1915 3661 1971 3707 et
1993 3653 2195 3722 pretioa

597 3755 655 3795 sa
708 3740 942 3797 servitus
986 3753 1039 3797 et
1084 3741 1316 3814 gloriosa
1367 3745 1612 3800 libertas.
1671 3747 1915 3804 Pretiosa
1963 3749 2194 3804 servitus

599 3835 750 3907 quasi
801 3835 933 3891 tanti
988 3837 1262 3908 sanguinis
1321 3840 1493 3908 pretio
1551 3851 1899 3911 comparata:
1955 3841 2194 3914 gloriosa

596 3937 775 3984 autem
800 3927 1024 4008 libertas
1051 3945 1211 4000 quam
1243 3931 1385 3986 nulla
1410 3933 1642 3988 servitus
1673 3933 1862 4006 culpat,
1891 3935 2035 3990 nulla
2072 3951 2197 4005 per.—

599 4033 840 4081 catorum
909 4025 1122 4081 vincula
1174 4029 1591 4100 constringunt,
1663 4029 1808 4084 nulla
1871 4029 2193 4101 ﬂagitiorum

603 4133 793 4184 onera,
823 4119 968 4174 nulla
1020 4121 1306 4178 criminum
1347 4123 1673 4180 commercia
1718 4123 2005 4196 degeneris
2035 4125 2196 4180 nexui

606 4210 886 4266 servitutis
914 4211 1194 4268 addicunt.

677 4301 765 4356 12.
819 4301 978 4357 Disce
1019 4303 1402 4372 humilitatem,
1452 4321 1484 4360 o
1547 4305 1730 4372 homo,
1780 4303 2062 4379 apostolici
2091 4309 2197 4364 vim

603 4407 869 4464 cognosce
898 4397 1216 4465 magisterii.
1247 4397 1304 4453 Si
1333 4413 1547 4454 servum
1581 4409 1632 4455 te
1654 4400 1826 4466 dicas,
1847 4400 2071 4458 libertus
2099 4419 2158 4458 es
2183 4421 2196 4459 :

601 4485 646 4539 si
680 4485 908 4540 liberum
944 4495 995 4540 te
1020 4487 1214 4558 iactes,
1248 4505 1438 4546 servus
1455 4505 1534 4546 es.
1558 4491 1693 4546 Nam
1717 4501 1772 4548 et
1797 4493 1890 4549 ille
1928 4495 2018 4566 qui
2047 4495 2201 4566 quasi

601 4593 791 4634 servus
821 4579 1132 4650 redemptus
1149 4591 1251 4648 est,
1285 4583 1593 4640 libertatem
1620 4585 1784 4642 habet
1818 4630 1831 4652 ,
1871 4593 1928 4643 et
1965 4589 2069 4645 iste
2109 4589 2199 4659 qui

2293 3369 2540 3439 gratiam.
2595 3369 2698 3423 Lev
2747 3369 2890 3422 enim
2941 3375 3216 3438 peccatum
3265 3367 3663 3423 denuntiavit:
3707 3367 3796 3421 sed
3833 3367 3870 3417 in

2293 3463 2606 3518 conditione
2641 3461 2846 3516 lubrica
2881 3463 3096 3531 penitus
3126 3461 3384 3516 cohibere
3417 3477 3526 3515 non
3557 3461 3758 3532 potuit.
3789 3459 3872 3514 (ἔθα

2293 3556 2454 3628 goovi
2479 3556 2622 3610 enim
2655 3563 2930 3626 peccatum
2961 3554 3102 3625 quod
3133 3555 3466 3609 nesciebam.
3499 3553 3746 3622 Cognovi
3769 3567 3872 3606 eon-

2295 3651 2686 3716 cupiscentiam
2729 3663 2852 3704 esse
2891 3655 3209 3718 peccatum;
3255 3655 3312 3702 et
3350 3647 3452 3702 hac
3481 3647 3778 3702 occasione
3801 3659 3871 3698 eoo

2295 3745 2580 3816 gnitionis,
2603 3745 2806 3814 peccati
2835 3759 2946 3798 tera
2969 3743 3242 3799 cumulata
3269 3751 3430 3808 sunt;
3457 3745 3585 3814 quia
3613 3753 3868 3813 peccatum

2302 3837 2447 3909 quod
2491 3851 2618 3893 ante
2651 3853 2746 3908 per
2777 3837 3132 3907 ignorantiam
3165 3843 3342 3892 meam
3376 3843 3656 3891 mortuum
3687 3835 3872 3890 videbit.

2305 3939 2410 3993 tur,
2448 3931 2502 3984 in
2533 3945 2620 3986 me
2649 3928 2842 3985 revixit
2869 3948 2881 3981 :
2915 3944 3016 4000 ego
3045 3939 3226 3983 autem
3259 3937 3504 3982 mortuus
3535 3943 3662 3983 sum
3697 3925 3870 3998 peccati

2299 4025 2567 4090 vulnere;
2615 4025 2740 4094 quia
2777 4023 3025 4094 cognitio
3066 4023 3238 4092 culpa:
3277 4037 3398 4093 qua:
3443 4023 3578 4077 mibi
3625 4023 3870 4092 profutura

2301 4117 2605 4184 videbatur,
2650 4117 2766 4172 haec
2803 4114 3022 4181 nocuit,
3067 4124 3124 4169 ut
3163 4115 3362 4170 scirem
3401 4113 3548 4185 quod
3587 4116 3760 4169 vitare
3789 4127 3870 4168 non

2305 4221 2572 4280 pmeram.
2619 4209 2906 4265 Peccatum
2955 4210 3100 4263 enim
3147 4206 3418 4278 prodidit,
3465 4215 3522 4263 et
3565 4223 3666 4278 per
3703 4207 3870 4262 bonum

2301 4302 2731 4359 deunntiationis
2753 4318 2864 4358 suae
2889 4303 3100 4374 peccati
3126 4300 3298 4371 ipsius
3317 4299 3594 4356 acerbavit
3623 4300 3868 4356 invidiam.

2301 4397 2487 4468 itaque
2513 4411 2672 4467 supra
2699 4395 2918 4452 modum
2949 4395 3146 4450 iactant
3169 4403 3251 4450 est
3277 4403 3560 4465 peccatum
3587 4392 3754 4458 mihi;
3775 4391 3868 4462 quia

2302 4491 2632 4546 cumulatum
2665 4497 2746 4544 est
2777 4487 3186 4544 demmtiatione
3225 4485 3488 4541 mandati.
3521 4485 3736 4541 Crescit
3757 4483 3872 4538 enim

2303 4573 2494 4654 culpa,
2537 4597 2658 4638 cum
2705 4581 2972 4653 proditur,
3015 4593 3116 4634 nec
3155 4589 3401 4634 cavetur.
3445 4575 3738 4645 Quomodo
3773 4587 3874 4643 ergo

599 4676 751 4742 quasi
809 4673 942 4728 liber
986 4685 1204 4730 vocatus
1251 4685 1354 4742 est,
1409 4681 1608 4733 bonmn
1657 4689 1740 4736 est
1787 4679 1948 4737 illiut
1975 4693 2195 4738 servum
2224 4665 2280 4727 Β
2307 4675 2507 4730 bonum
2538 4674 2850 4730 mandale
2875 4717 2889 4740 ,
2922 4673 3064 4744 quod
3107 4671 3238 4728 mihi
3277 4685 3427 4725 1³101³5
3457 4671 3585 4725 es”
3627 4671 3734 4725 Αυῑ
3767 4681 3874 4736 ίιιιο·

599 4761 798 4819 Christi
827 4777 888 4820 se
917 4777 1039 4820 esse
1098 4775 1409 4838 cognoscat.
1441 4769 1541 4824 sub
1573 4787 1676 4841 quo
1699 4773 1932 4828 servitus
1955 4781 2068 4829 tuta
2092 4779 2193 4842 est;

595 4865 650 4911 et
673 4857 896 4912 libertas
921 4871 1136 4913 secura.
1160 4858 1291 4928 Quis
1322 4861 1474 4930 quasi
1497 4859 1716 4918 idiotam
1750 4863 1976 4921 Paulum
2025 4869 2112 4922 vel
2137 4869 2194 4924 in

597 4949 717 5020 ipso
738 4951 862 5022 jure
883 4951 1116 5007 asserit?
1139 4951 1315 5008 Scivit
1354 4953 1498 5009 enim
1527 4955 1842 5014 discernere
1871 4959 2016 5016 inter
2039 4961 2199 5017 liber-

603 5043 738 5112 tum,
761 5051 814 5101 et
839 5045 1105 5112 liberum;
1133 5055 1188 5101 et
1211 5045 1332 5102 ideo
1358 5061 1462 5102 nou
1497 5049 1885 5119 perfunctorie,
1943 5055 2038 5108 sed
2059 5069 2200 5124 pro-

678 5263 702 5290 ἰ
745 5251 820 5307 Ila
867 5249 1000 5306 edit.
1050 5259 1101 5304 et
1147 5264 1277 5305 mss.
1331 5259 1527 5319 praeter
1567 5252 1780 5324 Remig.
1811 5253 1862 5307 iu
1895 5269 2003 5324 qoo
2023 5249 2197 5324 legas,

609 5321 729 5379 Nisi
755 5323 798 5378 ei
815 5339 869 5377 se
896 5323 1038 5390 prius
1067 5332 1300 5392 peccator
1326 5337 1439 5376 vere
1471 5321 1751 5378 rendiderii
1774 5341 1794 5390 ;
1823 5333 1876 5379 et.
1901 5321 2014 5394 Big.
2037 5321 2198 5381 ubi...

612 5406 936 5467 peccatorum
959 5394 1175 5448 vinculis
1197 5409 1310 5467 nere
1339 5395 1535 5467 (glossa
1559 5397 1705 5467 jure)
1729 5396 2030 5452 vendiderit.

681 5465 708 5504 b
749 5466 850 5534 Qui
880 5469 1128 5520 libertate
1177 5465 1409 5520 donatus
1453 5465 1650 5534 fuerat,
1690 5465 1802 5522 non
1827 5469 1898 5521 ita
1929 5469 2088 5523 ﬁebat
2117 5469 2199 5523 sui

608 5537 764 5610 juris,
795 5545 850 5591 nt
882 5549 1109 5610 patrono
1149 5539 1506 5610 reverentiam
1554 5549 1715 5610 atque
1745 5539 2062 5605 obsequium
2089 5555 2194 5593 non

617 5605 856 5662 deberet.
885 5605 1040 5676 Quod
1071 5609 1113 5661 si
1143 5609 1355 5678 quando
1385 5605 1720 5677 centinge'ret
1747 5617 1804 5664 ut
1841 5612 2081 5679 ingratus
2106 5611 2201 5664 ad-

620 5691 805 5730 versus
839 5689 1118 5743 patronum
1159 5680 1511 5747 reperiretur,
1563 5693 1652 5736 aut
1693 5683 1744 5736 in
1795 5683 2103 5737 inferiorem
2139 5683 2203 5736 li-

632 5747 855 5820 bertatis
895 5751 1116 5818 gradum
1161 5751 1523 5820 redigt-batur,
1557 5755 1824 5808 autetiam
1867 5755 2086 5806 Ollllliitii
2115 5769 2198 5806 re-

639 5817 928 5894 vocabatur
955 5821 1008 5894 i_n
1037 5817 1350 5894 servitutem
1381 5840 1392 5894 ς
1418 5817 1520 5891 qua
1544 5826 1758 5894 quidem
1801 5837 1953 5892 ρωιιίι
1983 5841 2100 5880 cum
2134 5824 2207 5879 ob

642 5886 766 5956 alia,
792 5901 900 5944 tum
930 5889 1002 5945 ob
1023 5904 1215 5945 nomen
1241 5886 1446 5950 militiai
1467 5886 1650 5952 datum
1691 5886 2044 5953 afﬁciebatur.
2073 5895 2210 5954 Vide

2307 4769 2470 4824 modo
2501 4785 2606 4824 non
2632 4777 2716 4824 est
2742 4767 2873 4822 mibi
2905 4781 3076 4829 mors,
3105 4765 3245 4836 quod
3281 4779 3376 4834 per
3403 4762 3606 4816 bonum
3639 4759 3874 4832 signiﬁca-

2303 4862 2468 4917 tionis
2493 4877 2606 4916 sute
2632 4859 3062 4916 demonstrando
3091 4865 3373 4928 peccatum
3391 4897 3405 4920 ,
3429 4863 3716 4924 operatum
3743 4852 3872 4906 estin

2305 4971 2391 5010 me
2417 4957 2682 5011 mortem?
2704 4953 2834 5009 Nam
2858 4962 3066 5008 certum
3093 4959 3178 5006 est
3205 4949 3348 5020 quod
3378 4964 3526 5004 mors
3553 4947 3686 5002 mihi
3725 4957 3876 5000 arces-

2305 5053 2406 5120 sit,
2445 5053 2570 5108 dum
2613 5051 2756 5122 quod
2803 5049 2939 5105 iacio
2975 5059 3212 5120 agnosco
3253 5053 3572 5118 peccaturo,
3615 5043 3752 5098 sicut
3787 5041 3876 5109 ipse

2307 5263 2439 5310 tom.
2467 5251 2642 5308 lCod.
2684 5251 2892 5308 Theod.
2937 5249 3030 5305 lib.
3059 5265 3118 5312 tt,
3147 5248 3227 5302 tit.
3259 5245 3350 5310 22,
3385 5245 3454 5301 de
3485 5243 3703 5300 Hacred.
3745 5241 3874 5296 Petit.

2305 5337 2358 5381 et
2385 5327 2691 5380 Comment.
2722 5325 2969 5380 Gotbol'r.
3021 5321 3241 5376 ibidem.
3297 5323 3428 5372 item
3463 5319 3556 5371 lib.
3590 5331 3664 5379 tv,
3693 5315 3774 5368 tit.
3804 5314 3876 5376 ii,

2305 5399 2373 5454 de
2421 5397 2652 5452 Libertis
2703 5408 2756 5452 et
2805 5411 2992 5450 eorum
3043 5391 3250 5456 liberis,
3298 5399 3352 5444 et
3387 5389 3456 5443 ad
3501 5405 3624 5442 eum
3660 5385 3876 5454 ejusdem

2307 5467 2558 5524 Colltoit'.
2581 5465 2999 5525 Comment.ubi
3027 5463 3425 5518 Ambrosianus
3475 5457 3566 5515 hic
3621 5459 3765 5513 locus
3809 5471 3876 5509 re-

2307 5541 2496 5596 iet'tttr.

2389 5623 2408 5650 ο
2455 5609 2707 5666 Restituit
2752 5610 2909 5664 Rom.
2940 5607 3069 5680 edit.
3099 5621 3128 5660 e
3155 5604 3276 5660 Vat.
3307 5603 3432 5658 cod.
3452 5643 3468 5669 ,
3497 5611 3754 5680 peccatum
3775 5613 3874 5680 pro-

2315 5682 2444 5736 didit
2468 5723 2482 5748 ,
2513 5683 2653 5744 quod
2693 5685 2744 5737 in
2777 5691 2882 5736 vel.
2913 5679 3044 5736 edit.
3087 5683 3192 5733 nbn
3229 5689 3392 5748 secus
3422 5690 3494 5748 _ac
3533 5675 3587 5727 in
3626 5687 3751 5748 nisi:
3779 5672 3876 5748 aliis

2315 5740 2674 5826 desideratur,
2700 5755 2854 5820 cujus
2878 5765 3052 5826 tamen
3081 5754 3198 5826 lii-(:0
3223 5747 3396 5811 Valc.,
3421 5745 3594 5815 Long.
3621 5757 3674 5826 et
3695 5740 3874 5826 Theod.

2320 5823 2551 5890 habent,
2583 5815 2841 5897 peccatum
2865 5825 3050 5879 deiecit
3071 5835 3090 5887 ,'
3117 5820 3310 5876 Toru..
3340 5827 3612 5890 peccatum
3638 5815 3788 5870 dedit.
