4066 6360
209 408 337 463 605

1265 409 1354 464 DE
1395 399 1606 464 JACOB
1649 397 1734 462 ΕΤ
1779 405 1940 478 Ἣτῇ
1979 409 2201 466 BEATA
2249 412 2379 468 LIB.
2422 415 2465 471 l.

3428 409 3530 469 606

211 526 498 582 Dominus
540 525 614 581 ait
640 543 651 579 :
688 523 748 582 Si
787 541 886 581 non
929 526 1174 581 venissem
1193 567 1208 595 ,
1240 534 1266 564 ι
1293 537 1341 580 et
1381 527 1580 581 locutus
1619 525 1831 597 fuissem
1857 529 1906 590 Α
1937 541 2083 583 mors
2104 535 2212 584 non
2236 531 2348 594 est,
2377 529 2477 586 etsi
2501 540 2730 607 mortem
2754 531 3031 600 cperctur.
3057 530 3211 598 Quod
3235 529 3376 586 enim
3403 545 3534 586 con-

213 620 340 684 his,
375 629 640 690 peccatm
666 635 765 674 non
793 619 1038 676 haberent
1067 621 1085 689 ζ
1100 619 1259 676 Jodn.
1289 621 1378 685 xv’,
1409 619 1537 689 22).

305 714 392 769 14.
439 713 577 781 Quid
621 714 832 768 miraris
878 715 1038 785 igitur
1079 716 1120 770 si
1167 713 1275 770 Lex
1317 712 1636 786 quibusdam
1667 713 1826 768 morti

218 809 299 862 sit
322 850 336 873 ,
365 823 487 862 cum
523 806 682 862 morti
709 807 778 862 sit
801 817 851 863 et
885 807 1094 863 Domini
1125 808 1379 863 salutaris
1408 807 1672 862 adventura
1691 849 1705 873 ,
1733 821 1829 876 per

217 918 394 974 quem
433 899 696 970 redempti
736 901 968 955 sumus?
1009 900 1249 958 lniidelis
1285 902 1430 958 enim
1469 909 1695 956 mortem
1727 899 1829 955 sibi

220 997 430 1068 qnmrit
455 1011 520 1050 ex
563 995 771 1066 gratia:
817 1002 1002 1049 manet
1028 1001 1208 1050 autem
1242 993 1479 1050 mandati
1507 995 1699 1065 gratia.
1738 993 1832 1047 Et-

223 1091 378 1146 enim
410 1091 545 1144 sicut
575 1088 811 1158 cognitio
841 1100 1230 1148 venenatorum
1249 1089 1562 1159 poculorum
1579 1101 1832 1142 consum-

225 1190 414 1236 matur
442 1180 506 1234 ad
539 1179 880 1250 disciplinam
915 1181 1239 1235 medicinas:
1275 1181 1353 1235 sic
1397 1181 1638 1235 divinum
1681 1195 1832 1235 man-

223 1272 413 1327 datum
447 1271 513 1326 ad
543 1271 707 1326 vitam
740 1279 1027 1326 :eternam.
1060 1271 1214 1328 Sicut
1244 1281 1424 1326 autem
1469 1273 1518 1328 ei
1561 1272 1649 1343 qui
1691 1271 1833 1327 male

227 1366 407 1419 utitur
436 1365 611 1419 noxiis
646 1364 964 1435 potionibus
985 1406 999 1430 ,
1030 1365 1273 1435 cognitio
1305 1381 1490 1420 earum
1536 1366 1588 1420 in
1630 1365 1832 1420 malum

228 1457 471 1512 vertitur
498 1467 552 1512 et
582 1457 924 1528 periculum;
958 1468 1011 1513 et
1038 1471 1146 1528 quo
1177 1458 1348 1528 magis
1387 1472 1594 1513 venena
1635 1473 1836 1529 cogno-

228 1551 412 1614 verit,
443 1547 545 1604 hoc
573 1564 633 1604 se
662 1550 915 1620 intelligit
943 1551 1175 1621 amplius
1205 1551 1533 1622 periclitari:
1563 1551 1641 1606 sic
1665 1550 1834 1607 forma

240 1642 484 1698 mandati
520 1644 584 1698 iis
612 1645 702 1714 qui
736 1643 933 1714 Legem
965 1644 1105 1699 male
1149 1645 1603 1714 interpretantur,
1631 1645 1711 1699 vel
1737 1644 1835 1701 de-

235 1745 544 1790 monstrata
572 1745 736 1807 atque
769 1737 1058 1791 interdicta
1089 1747 1310 1806 peccata
1341 1737 1514 1793 vitare
1557 1751 1663 1792 non
1707 1753 1834 1807 pos-

234 1838 404 1895 sunt,
439 1829 627 1884 mortis
657 1838 848 1884 auctor
879 1838 983 1884 est.
1018 1830 1171 1885 Sicut
1204 1845 1336 1902 ergo
1370 1831 1568 1885 bonum
1612 1839 1695 1887 est
1735 1839 1835 1885 an-

1934 619 2236 688 turbamur,
2285 623 2593 695 fragilitatis
2626 633 2749 681 est:
2782 621 2924 696 quod
2957 625 3238 683 evadimus
3260 667 3274 695 ,
3306 624 3527 683 Christi.

2550 764 2781 821 CAPUT
2828 765 2888 820 ν.

1936 878 2051 947 Qua
2081 880 2278 934 ratione
2311 879 2418 934 Lex
2445 897 2550 934 non
2579 880 2881 948 stt/fecerit:
2913 881 3000 936 sed
3043 871 3335 936 necessaria
3378 880 3535 949 fuerit

2001 973 2174 1044 gratia
2222 988 2310 1041 per
2353 983 2569 1027 mortem
2613 970 2807 1028 Christi
2856 975 3089 1039 donata;
3137 989 3255 1028 eum
3299 989 3398 1041 quo
3444 988 3535 1026 nos

2003 1065 2156 1118 etiam
2187 1065 2316 1118 mori
2337 1108 2350 1130 ,
2382 1079 2652 1138 resurgere
2673 1107 2687 1131 ,
2719 1077 2762 1120 et
2795 1068 2990 1120 versari
3019 1065 3342 1121 debeamus?

2008 1184 2095 1238 l7.
2127 1183 2268 1253 Ergo
2303 1189 2360 1238 ut
2389 1171 2456 1237 ad
2499 1182 2722 1237 exordia
2771 1184 3041 1238 sermonis
3089 1183 3250 1252 hujus
3295 1191 3537 1238 reverta-

1935 1293 2075 1342 mur,
2108 1293 2261 1333 mens
2293 1277 2435 1332 bona
2467 1285 2550 1332 est
2583 1292 2702 1347 qu:e
2748 1276 2907 1331 habet
2953 1276 3326 1331 tractationem
3373 1275 3539 1330 ratio-

1935 1372 2056 1437 nis,
2103 1381 2154 1426 et
2207 1371 2439 1425 intendit
2483 1371 2766 1440 sapientiae
2812 1370 3118 1440 disciplinis
3156 1388 3168 1424 :
3216 1370 3309 1426 sed
3356 1370 3538 1440 gravis

1936 1464 2077 1519 lucta
2111 1474 2188 1518 est
2226 1463 2276 1518 ei
2305 1480 2423 1518 cum
2460 1463 2652 1518 mortis
2693 1478 2958 1534 corpore,
3002 1472 3055 1518 et
3098 1464 3413 1533 plerumque
3455 1480 3541 1517 ra-

1937 1557 2142 1611 tionem
2183 1555 2378 1610 mentis
2419 1555 2586 1610 vincit
2627 1556 2808 1610 carnis
2851 1555 3131 1610 illecebra.
3176 1555 3240 1609 Et
3277 1553 3399 1609 ideo
3430 1549 3538 1609 Do-

1936 1654 2116 1709 minus
2147 1653 2318 1722 primo
2350 1651 2546 1722 Legem
2576 1651 2762 1718 dedit,
2816 1651 2901 1705 ‘cui
2951 1666 3103 1705 mens
3142 1649 3379 1704 hominis
3419 1663 3542 1704 sese

1939 1744 2004 1801 ad
2051 1743 2536 1816 obtemperandum
2586 1743 2773 1809 dedit,
2822 1752 2877 1799 et
2918 1746 2965 1799 ei
3009 1743 3214 1797 servire
3245 1741 3442 1812 ccepit,
3487 1749 3542 1795 ut

1938 1849 2082 1895 esset
2113 1837 2326 1892 subdita
2360 1855 2373 1890 :
2408 1837 2503 1892 sed
2536 1853 2664 1892 caro
2691 1838 2934 1907 subjecta
2965 1853 3070 1891 non
3105 1849 3260 1901 erat;
3294 1835 3416 1906 quia
3451 1850 3542 1889 sa-

235 1921 472 1976 tidotum
496 1963 510 1989 ,
545 1923 758 1977 etiamsi
793 1922 1118 1993 imprudenti
1163 1929 1258 1978 aut
1298 1923 1686 1992 intemperanti
1727 1939 1832 1979 non

1951 1931 2140 2002 pientia
2188 1931 2368 1986 carnis
2415 1946 2524 1985 non
2569 1937 2654 1986 est
2697 1930 2823 2001 Legi
2871 1929 3120 1995 subdita,
3165 1937 3219 1984 et
3260 1927 3545 2000 praeceptis

236 2016 482 2071 bonum:
536 2017 615 2071 sic
665 2016 864 2072 bonum
917 2016 1271 2082 mandatum,
1317 2017 1530 2072 etiamsi
1572 2016 1839 2089 intempe-

235 2111 385 2166 ranti
417 2125 524 2164 non
552 2110 752 2164 bonutn
781 2120 886 2166 est.
915 2111 1054 2182 Ergo
1085 2113 1286 2167 bonum
1313 2113 1626 2167 mandatum
1650 2155 1664 2180 ,
1695 2113 1838 2184 quod

237 2205 405 2259 alicui
437 2217 583 2258 mors
610 2213 714 2260 est.
749 2204 1089 2276 Responsum
1122 2206 1285 2277 igitur
1317 2207 1454 2261 habe
1487 2206 1675 2276 primae
1705 2222 1741 2279 p
1777 2222 1835 2261 οο

237 2298 535 2370 positioni:
567 2300 692 2370 quia
723 2307 906 2371 potest
933 2313 1056 2356 esse
1085 2301 1289 2356 bonum
1323 2302 1662 2367 mandatum,
1693 2305 1838 2373 quod

240 2387 375 2446 mihi
407 2393 556 2447 niors
584 2401 701 2461 est;
739 2393 939 2448 bonum
976 2409 1072 2465 per
1105 2405 1352 2449 naturam
1397 2395 1661 2451 salutaris
1703 2412 1842 2468 pra:-

179 2475 208 2489 ”
241 2485 382 2556 cepti
409 2502 424 2552 ;
455 2499 599 2541 mors
631 2499 726 2556 per
757 2488 1234 2559 intemperantiam
1269 2491 1475 2545 carnis.

318 2579 406 2634 15.
445 2579 514 2634 Et
541 2580 668 2650 quia
700 2582 934 2638 diximus
962 2597 1084 2639 esse
1117 2584 1318 2638 bonum
1354 2585 1666 2640 mandatum
1697 2586 1839 2657 quod

245 2673 378 2728 mihi
410 2684 556 2730 mors
584 2684 703 2742 est,
735 2690 879 2730 nunc
908 2676 1266 2734 discutiamus
1307 2680 1578 2750 quomodo
1622 2697 1728 2736 non
1772 2680 1844 2734 sit

250 2766 389 2822 mihi
432 2767 670 2835 mors,1’
703 2769 846 2839 quod
892 2785 990 2838 per
1031 2771 1236 2825 bonum
1282 2772 1440 2840 licet,
1485 2781 1665 2827 tamen
1711 2772 1842 2827 mihi

250 2868 530 2930 Operatum
561 2869 645 2915 est
674 2871 922 2916 mortem.
971 2863 1063 2918 Sic
1104 2864 1247 2918 enim
1291 2864 1571 2935 proposuit
1611 2864 1846 2933 Aposto-

251 2949 375 3007 lus:
411 2952 562 3018 Quod
589 2970 708 3024 ergo
735 2952 922 3008 bonum
949 2964 1020 3009 est
1043 2995 1056 3019 ,
1087 2955 1215 3008 mihi
1247 2973 1384 3011 mors
1411 2967 1504 3012 est.
1536 2957 1702 3014 Absit.
1738 2959 1845 3013 Sed

253 3057 553 3118 peccatum,
604 3057 658 3100 ut
705 3055 956 3118 appareat
1007 3059 1312 3118 peccatum,
1363 3065 1451 3119 per
1497 3051 1683 3104 bonum
1722 3044 1848 3105 mihi

254 3149 523 3205 operatum
564 3149 636 3195 est
676 3147 888 3195 mortem
919 3139 1095 3211 (Rom.
1134 3156 1237 3205 vn,
1272 3141 1392 3212 15).
1424 3141 1606 3212 itaque
1637 3143 1849 3213 specle-

253 3247 376 3286 mus
404 3233 635 3302 singula.
671 3233 978 3288 Mandatum
1013 3234 1199 3304 utique
1229 3234 1389 3304 Legis
1428 3241 1511 3290 est
1540 3253 1551 3288 :
1597 3235 1704 3290 Lex
1745 3251 1843 3290 auo

1939 2023 2057 2092 ejus
2085 2019 2440 2092 repugnabat.
2472 2019 2590 2076 Non
2623 2019 2769 2076 enim
2803 2029 3020 2092 poterat
3057 2021 3238 2075 virtuti
3281 2019 3540 2088 obedire,

1939 2113 2326 2185 cupiditatibus
2352 2112 2531 2168 dedita
2554 2155 2568 2180 ,
2597 2119 2654 2169 et.
2693 2101 2980 2167 lenociniis
3019 2113 3324 2167 carnalibus
3368 2111 3548 2182 impli-

1940 2217 2082 2263 cata.
2109 2205 2236 2264 Ideo
2265 2207 2620 2262 laborandum
2647 2217 2748 2275 εει,
2779 2215 2838 2260 ut
2866 2215 3147 2261 teneamus
3175 2207 3266 2261 Dei
3294 2205 3544 2276 gratiam.

1941 2301 2090 2356 Mens
2134 2302 2315 2370 itaque
2357 2299 2526 2367 bona,
2569 2298 2614 2354 si
2658 2300 2853 2355 rationi
2900 2299 3177 2363 intendat;
3223 2300 3317 2353 sed
3358 2313 3546 2369 parum

1943 2394 2204 2466 perfecta,
2235 2394 2336 2448 nisi
2364 2394 2558 2449 habeat
2581 2391 2946 2463 gubernacula
2967 2390 3191 2446 Christi.
3220 2390 3383 2446 Venit
3404 2391 3547 2446 enim
3642 2375 3648 2388 ’

1945 2487 2203 2543 Dominus
2231 2486 2410 2554 Jes'us,
2439 2488 2528 2558 qui
2559 2497 2775 2542 nostras
2805 2486 3089 2557 passiones
3119 2487 3266 2540 cruci
3293 2499 3403 2538 suae
3430 2483 3550 2538 affi-

1942 2593 2115 2655 geret,
2141 2593 2361 2654 peccata
2390 2583 2618 2640 donaret
2644 2601 2659 2639 :
2693 2583 2744 2636 iu
2770 2581 2922 2651 cujus
2951 2592 3124 2636 morte
3147 2579 3428 2649 justilicati
3455 2595 3547 2632 su-

1944 2690 2104 2741 mus;
2148 2687 2204 2729 ut
2250 2685 2394 2731 totus
2437 2675 2670 2731 mundus
2711 2674 2829 2743 ejus
2873 2673 3228 2728 mundarctur
3264 2672 3544 2743 sanguine.

1947 2768 2192 2838 Denique
2221 2767 2272 2822 in
2305 2779 2480 2822 tnorte
2505 2767 2675 2836 ipsius
2702 2765 2959 2836 baptizati
2991 2778 3198 2819 sumus.

2025 2864 2109 2918 l8.
2140 2863 2194 2918 Si
2225 2864 2385 2932 igitur
2412 2864 2464 2916 in
2493 2863 2639 2916 illius
2668 2871 2842 2916 morte
2869 2860 3221 2914 dimittuntur
3249 2857 3404 2912 nobis
3433 2872 3549 2927 pec-

1947 2967 2063 3009 cata
2092 2996 2105 3018 ,
2154 2955 2314 3008 etiam
2367 2963 2714 3021 peccatorum
2763 2953 2920 3007 nobis
2972 2952 3258 3022 passiones
3305 2951 3356 3004 in
3405 2950 3548 3003 illius

1950 3059 2122 3104 morte
2151 3049 2469 3115 moriantur,
2501 3048 2645 3101 illius
2685 3048 2864 3103 crucis
2905 3047 3072 3102 clavis
3114 3045 3289 3100 affixa:
3329 3054 3548 3098 terrean—

1950 3152 2057 3198 tur.
2101 3143 2156 3198 Si
2195 3143 2246 3196 in
2291 3142 2434 3196 illius
2472 3151 2645 3196 morte
2689 3141 2883 3196 mortui
2920 3154 3140 3205 sumus,
3182 3137 3311 3207 quid
3353 3139 3546 3192 iterum

1951 3245 2226 3307 tamquam
2259 3236 2504 3291 viventes
2532 3234 2596 3290 ad
2625 3251 2686 3289 ea
2714 3252 2833 3304 quae
2862 3245 2988 3288 sunt
3017 3231 3286 3287 mundana
3327 3245 3551 3286 revoca-

255 3335 362 3382 tem
395 3328 656 3398 spiritalis
687 3338 804 3393 est,
835 3327 992 3396 cujus
1018 3327 1245 3398 gratiam
1278 3329 1457 3396 video,
1489 3329 1840 3399 pulchritudi-
1875 3325 1917 3387 C
1953 3331 2114 3386 mur?
2140 3329 2278 3398 Quid
2327 3327 2482 3383 nobis
2509 3344 2632 3382 cum
2665 3329 2952 3383 elementis
2981 3327 3138 3395 hujus
3165 3322 3548 3390 mundi?Quid
3608 3391 3622 3402 ο

254 3436 375 3475 nem
409 3419 601 3486 laudo,
640 3420 867 3475 formam
907 3421 1166 3492 praedico,
1195 3429 1523 3492 praeceptum
1569 3424 1806 3478 admiror
1835 3443 1846 3478 :

252 3515 345 3570 sed
377 3517 499 3586 quia
532 3517 764 3571 carnalis
794 3529 910 3570 sum
939 3531 1040 3587 ego
1071 3516 1431 3570 venumdatus
1461 3517 1564 3573 suh
1599 3529 1845 3586 peccato,

256 3609 442 3662 trahor
469 3606 634 3680 450
664 3609 861 3662 invitus
889 3609 953 3661 ad
986 3608 1221 3678 culpam.
1257 3607 1470 3663 Etenim
1504 3610 1654 3678 quasi
1688 3623 1848 3665 servo

255 3703 407 3772 culpa
437 3702 768 3756 dominatur.
801 3699 984 3770 Itaque
1011 3699 1100 3755 odi
1133 3701 1338 3756 crimen
1363 3744 1376 3766 ,
1410 3707 1464 3755 et
1493 3701 1654 3756 facio.
1700 3699 1850 3756 Mens

255 3798 401 3861 odit,
433 3813 561 3852 caro
591 3798 960 3868 concupiscit;
993 3811 1094 3868 ego
1133 3803 1315 3852 tamen
1356 3799 1408 3852 in
1451 3807 1715 3867 utraque,
1758 3797 1850 3868 qui

257 3889 384 3960 Legi
419 3899 596 3943 mente
625 3891 932 3956 consentio,
963 3899 1020 3945 et
1050 3905 1214 3945 carne
1242 3890 1382 3961 quod
1418 3891 1562 3955 nolo,
1596 3892 1697 3945 hoc
1726 3906 1847 3961 ago.

259 3983 464 4037 Bonum
493 3996 623 4052 ergo
653 3981 964 4036 mandatum
991 3983 1076 4036 cui
1103 3983 1422 4049 consentio;
1452 3993 1503 4038 et
1533 3997 1685 4037 mens
1713 3983 1852 4038 bona

262 4091 381 4145 utne
413 4075 556 4143 quod
587 4075 789 4129 bonum
821 4083 939 4141 est,
973 4074 1159 4144 elegit.
1196 4075 1342 4129 Bona
1375 4075 1439 4129 ad
1463 4074 1812 4144 judicandum
1835 4117 1850 4142 ,

261 4169 353 4224 sed
385 4170 593 4223 iullrma
625 4168 945 4239 plerumque
984 4167 1051 4222 ad
1099 4167 1495 4233 resistendum;
1539 4169 1663 4238 quia
1693 4182 1856 4237 repu-

261 4269 387 4334 gnat
417 4264 464 4317 ei
495 4263 740 4333 corporis
769 4263 1078 4331 appetentia
1103 4302 1116 4327 ,
1138 4263 1209 4316 "et
1237 4261 1502 4332 captivam
1530 4277 1648 4316 eam
1691 4260 1855 4316 trahit

261 4357 326 4412 ad
359 4356 560 4411 erroris
589 4354 895 4410 illecebras.

333 4451 420 4507 16.
452 4448 508 4503 1η
540 4457 646 4518 qtto
671 4447 914 4519 periculo
940 4457 1103 4502 unum
1133 4455 1212 4503 est
1243 4446 1540 4503 remedium
1566 4488 1580 4514 ,
1610 4455 1669 4502 ut
1694 4461 1851 4518 quem

262 4543 369 4599 Lex
399 4532 625 4599 iiberare
653 4553 760 4599 non
789 4543 992 4614 potuit,
1021 4542 1213 4598 liberet
1243 4543 1333 4598 Dei
1364 4547 1558 4614 gratia.
1586 4542 1674 4599 Sic
1705 4543 1849 4597 enim

263 4639 516 4708 scriptum
549 4646 662 4694 est:
696 4638 898 4708 Infelix
927 4655 1020 4709 ego
1054 4639 1204 4692 homo
1225 4679 1239 4704 ,
1271 4638 1386 4708 quis
1416 4653 1496 4691 me
1524 4637 1758 4691 liberabit
1789 4637 1853 4690 de

267 4749 476 4803 corpore
505 4734 683 4787 mortis
711 4733 912 4804 hujus?
939 4730 1121 4787 Gratia
1146 4731 1244 4786 Dei
1273 4747 1362 4803 per
1382 4729 1562 4785 Iesum
1589 4727 1848 4784 Christum
1877 4719 1931 4780 D

268 4821 544 4878 Dominum
573 4831 807 4880 nostrum
844 4813 1008 4895 (ibid.
1043 4824 1077 4878 ὁ
1108 4827 1154 4879 et
1183 4823 1298 4895 25).
1333 4821 1521 4893 Itaque
1551 4822 1610 4876 tit
1639 4832 1699 4877 ut
1728 4822 1854 4877 licet

270 4927 542 4987 peccatum
572 4920 710 4990 quod
744 4919 979 4982 latebat,
1015 4917 1066 4972 id
1102 4925 1184 4972 est
1206 4958 1222 4982 ,
1258 4917 1701 4986 concupiscentia
1735 4927 1851 4969 mea

270 5027 426 5083 quam
471 5028 574 5066 non
618 5013 868 5084 putabam
916 5023 1040 5066 esse
1083 5018 1402 5081 peccatum,
1448 5015 1676 5062 mortem
1723 5005 1854 5060 mihi

269 5117 485 5178 operata
514 5107 619 5170 sit,
647 5105 774 5161 dum
806 5104 1072 5176 proditur,
1104 5111 1158 5158 et
1185 5115 1347 5172 supra
1376 5101 1592 5155 tnodum
1622 5100 1758 5154 facta
1788 5098 1859 5152 sit

269 5202 443 5272 ipsum
495 5209 772 5270 peccatum
803 5198 956 5268 (erat
985 5188 1128 5254 enim
1180 5203 1459 5267 peccatum
1501 5193 1601 5248 etsi
1650 5193 1859 5246 nescie-

270 5295 448 5358 batur,
481 5294 573 5347 scd
603 5293 910 5361 cognitione
937 5298 1314 5344 coacervatum
1347 5297 1464 5355 est,
1499 5296 1554 5341 et
1581 5284 1737 5356 quasi
1771 5287 1856 5337 iu-

273 5398 604 5444 crementum
635 5384 836 5439 erroris
865 5382 1186 5450 assumpsit,
1217 5393 1376 5452 atquc
1405 5384 1454 5435 in
1488 5385 1735 5434 naturam
1764 5377 1860 5432 de—

275 5482 383 5539 licri
406 5481 568 5537 cessit
598 5478 767 5534 forma
798 5473 1425 5547 mandati),mihitamen
1455 5488 1604 5528 mors
1633 5489 1738 5528 non
1763 5473 1856 5539 sit,

275 5575 359 5632 cui
385 5579 685 5645 promptum
715 5582 794 5628 est
822 5569 889 5625 ad
915 5569 1186 5624 Christum
1217 5569 1509 5640 confugere
1530 5609 1543 5632 ,
1577 5584 1671 5637 per
1697 5583 1855 5638 quem

276 5670 535 5724 solvimur
557 5665 704 5721 omni
729 5663 920 5718 mortis
944 5661 1198 5729 periculo.
1227 5663 1482 5718 Absoluta
1505 5660 1670 5732 igitur
1692 5661 1855 5716 etim

269 5743 507 5818 secunda
543 5765 628 5816 est
656 5755 980 5830 propositio,
1023 5753 1145 5823 quia
1170 5753 1478 5810 nrahdatum
1521 5754 1656 5810 mihi
1699 5753 1858 5825 Legis

347 5888 372 5914 ει
400 5877 557 5932 Rom.
587 5875 745 5938 edit.,
769 5881 815 5925 et
837 5870 1038 5924 locutus
1063 5883 1164 5924 non
1193 5869 1423 5940 fuissem.

1951 3435 2072 3480 Cum
2105 3421 2533 3493 cupiditatibus?
2560 3421 2700 3489 Quid
2730 3436 2850 3476 cum
2881 3419 3091 3473 luxuria
3131 3428 3292 3487 atque
3332 3417 3546 3470 lascivia

1951 3521 2147 3590 quibus
2181 3534 2301 3573 cum
2340 3514 2556 3571 Christo
2597 3515 2792 3570 mortui
2835 3513 3060 3568 sumus?
3100 3511 3252 3580 Quod
3283 3512 3327 3564 si
3379 3509 3548 3564 simus

1951 3616 2003 3671 in
2049 3615 2267 3670 Christo
2320 3613 2550 3678 mortui,
2601 3613 2652 3666 in
2693 3601 2911 3666 Christo
2956 3607 3383 3663 resurreximus:
3426 3620 3546 3659 cum

1951 3711 2166 3766 Christo
2194 3709 2358 3780 igitur
2385 3717 2666 3762 versemur
2691 3724 2702 3760 :
2730 3722 2850 3760 cum
2877 3703 3094 3758 Christo
3121 3699 3399 3771 superiora
3430 3715 3549 3769 qua:

1951 3812 2108 3869 sunt,
2139 3819 2245 3857 non
2277 3818 2394 3871 qua:
2421 3797 2581 3872 451
2611 3795 2987 3866 Corruptibilia
3013 3807 3066 3849 et
3097 3803 3308 3847 terrena
3339 3805 3550 3861 qua-ra-

1953 3911 2094 3950 mus.
2119 3895 2368 3950 Christus
2391 3907 2679 3962 resurgens
2702 3906 2730 3944 a
2756 3890 2986 3943 mortuis
3010 3899 3245 3940 veterem
3272 3884 3546 3937 hominem

1953 3967 2174 4044 al'llixum
2207 3989 2353 4041 cruci
2389 3986 2638 4054 reliquit,
2673 3999 2871 4036 novum
2906 3979 3269 4034 resuscitat-it.
3301 3975 3549 4031 Christus

1954 4085 2078 4141 ideo
2108 4089 2352 4139 mortuus
2377 4090 2481 4144 est,
2513 4089 2569 4134 ut
2595 4090 2648 4133 et
2679 4094 2776 4133 nos
2806 4088 3026 4148 peccato
3054 4089 3412 4138 moreremur,
3442 4072 3549 4124 Deo

1957 4187 2385 4247 resurgeremus.
2421 4174 2626 4230 Mortua
2658 4183 2740 4228 est
2768 4187 2894 4226 caro
2928 4180 3143 4234 nostra,
3185 4166 3310 4238 quid
3353 4165 3546 4220 iterum

1957 4279 2180 4343 peceato
2205 4267 2514 4328 reviviseit?
2539 4267 2675 4336 Quid
2703 4267 2897 4320 iterum
2927 4272 3147 4333 peccato
3171 4258 3390 4316 obedit?
3411 4257 3547 4324 Quid

1954 4366 2150 4419 iterum
2182 4369 2459 4432 peccatum
2494 4365 2684 4429 regnat
2714 4359 2765 4412 in
2801 4354 3062 4422 mortuis,
3097 4368 3219 4408 cum
3251 4365 3397 4404 mors
3431 4349 3550 4402 linis

1955 4453 2162 4526 peccati
2205 4451 2312 4506 sit?
2369 4443 2559 4506 Morini
2601 4461 2790 4506 sumus
2832 4463 3033 4526 carne,
3076 4441 3323 4501 renovati
3364 4457 3549 4496 sumus

1952 4525 2166 4619 spiritu.
2196 4545 2403 4616 Spiritu
2433 4543 2773 4598 ambulemus
2796 4584 2810 4606 ,
2840 4543 2929 4612 qui
2959 4525 3206 4610 Spiritum
3235 4536 3434 4591 Christi
3463 4550 3552 4588 ae-

1954 4641 2216 4714 eepimus.
2249 4639 2302 4695 Si
2331 4640 2514 4694 autem
2544 4636 2768 4708 spiritus
2792 4635 2992 4690 Christi
3023 4635 3076 4688 in
3103 4631 3291 4691 nobis,
3323 4645 3454 4699 ergo
3482 4627 3551 4682 sit

1957 4734 2113 4790 nobis
2143 4743 2272 4788 caro
2306 4733 2516 4787 mortua
2550 4740 2773 4802 pr0pter
2816 4733 3094 4798 peccatum
3123 4744 3135 4780 :
3170 4723 3392 4796 spiritus
3420 4736 3550 4776 vero

1956 4829 2098 4882 vivat
2128 4835 2346 4895 propter
2369 4823 2828 4894 justiticatinncm.

2030 4919 2117 4976 i9.
2152 4919 2242 4975 Sic
2273 4917 2416 4988 quod
2449 4927 2565 4972 erat
2597 4916 2934 4987 impossibile
2968 4913 3128 4984 Legi,
3165 4912 3397 4965 solutum
3429 4916 3511 4964 est
3534 4949 3548 4974 ,

1959 5015 2002 5069 si
2036 5015 2086 5068 in
2119 5013 2310 5084 spiritu
2341 5013 2681 5068 ambulemus
2703 5055 2716 5078 ,
2750 5012 2796 5067 si
2840 5010 3121 5078 passiones
3162 5003 3512 5074 sepelivinms
3534 5043 3548 5066 ,

1961 5109 2008 5164 si
2037 5124 2255 5164 crucem
2291 5109 2447 5180 hujus
2476 5107 2720 5179 corporis
2753 5123 2860 5161 non
2894 5105 3229 5160 resolvamus
3252 5142 3265 5165 ,
3297 5101 3342 5153 si
3371 5099 3552 5151 chiro-

1961 5203 2224 5274 graphum
2257 5204 2460 5274 peccati
2492 5199 2634 5273 quod
2663 5201 2899 5256 deletum
2931 5207 3013 5253 cst
3043 5199 3094 5251 in
3128 5210 3291 5250 cruce
3318 5190 3513 5247 Christi
3539 5233 3552 5254 ,

1964 5311 2069 5350 non
2098 5295 2461 5349 rescribamus
2482 5336 2496 5358 ,
2531 5295 2575 5347 si
2613 5293 2814 5347 veteris
2846 5291 3080 5345 hominis
3111 5290 3367 5342 amictum
3395 5298 3554 5354 quem

1962 5389 2234 5454 exuimus,
2267 5405 2370 5444 non
2398 5389 2704 5444 induamus.
2749 5386 3020 5454 Scriptura
3055 5392 3139 5439 cst
3169 5381 3311 5436 enim
3345 5380 3394 5433 in
3420 5377 3557 5433 Cau-

1971 5483 2126 5538 ticis:
2165 5483 2298 5537 Exui
2333 5484 2563 5536 tunicam
2614 5497 2777 5534 meam
2799 5521 2814 5546 ,
2847 5477 3107 5549 quomodo
3136 5475 3347 5529 induam
3404 5471 3559 5526 eam?

1962 5573 2089 5628 Lavi
2104 5577 2256 5644 pedes
2278 5591 2436 5639 meos,
2470 5573 2724 5644 quomodo
2756 5573 3033 5641 inquinabo
3063 5585 3146 5623 eos
3179 5565 3358 5638 (Cant.
3395 5579 3444 5628 v,
3477 5561 3560 5632 5)?

1961 5665 2276 5721 Mortilicata
2332 5667 2494 5737 igitur
2524 5665 2678 5717 trabis
2710 5673 2832 5717 sunt
2865 5663 3110 5731 corporis
3143 5657 3377 5713 membra
3402 5697 3414 5720 ,
3465 5667 3562 5709 cur

1963 5759 2080 5830 ejus
2102 5760 2367 5831 pullulant
2397 5757 2567 5814 vitia?
2611 5756 2735 5811 Ideo
2780 5753 2894 5812 Lex
2941 5770 3049 5810 non
3078 5753 3395 5827 prmvaluit,
3437 5748 3560 5820 quia

356 5954 383 5996 ι»
420 5947 562 6005 Edit.
593 5936 753 6002 Rom.
777 5985 792 6013 ,
834 5941 898 5997 Et
932 5936 1304 6014 quonwdo’per
1354 5941 1540 5997 bonum
1594 5939 1721 5996 mihi
1766 5950 2029 6015 operatum
2059 5949 2132 5994 ett
2160 5946 2401 6008 mortem,
2431 5947 2622 5994 contra
2649 5947 2875 5995 caeteras
2900 5936 3030 5994 edit.
3061 5949 3122 5993 ac
3151 5945 3281 5991 mss.
