4138 6366
491 392 595 449 607

492 601 616 669 quia
641 594 1052 655 noucoloravit:
1082 593 1204 648 ideo
1225 591 1388 648 etiam
1414 589 1762 646 obumbravit
1788 601 1889 644 nos
1915 602 1945 641 a
1973 588 2091 642 sole

485 690 738 766 justitiae,
768 699 795 728 ι
819 691 945 761 quia
967 686 1312 744 coacervavit
1336 682 1583 740 crimina.
1617 683 1759 754 Ergo
1786 690 1841 737 et
1867 677 2061 736 obfuit.

1117 820 1347 879 CAPUT
1388 820 1478 878 Vl.

497 938 860 1013 Promulgatis
890 938 1042 1012 Legis
1073 940 1273 1011 {ructus
1302 953 1409 992 esse
1440 935 1633 1003 peccati
1674 934 2054 1006 confessionem
2073 974 2090 1001 ,

565 1051 625 1090 ac
654 1035 995 1090 humilitatem
1018 1074 1033 1098 ,
1074 1033 1230 1088 immo
1270 1041 1317 1087 et
1356 1031 1580 1102 gratiam
1619 1031 1819 1102 ipsum,
1849 1039 1898 1085 et
1924 1029 2097 1084 chari-

567 1130 686 1184 tntis
716 1129 942 1200 pignus:
972 1127 1158 1196 quibus
1187 1125 1520 1199 subjungitur
1549 1126 1617 1178 ad
1642 1123 1971 1198 gratitudinis
2016 1127 2097 1194 of-

569 1221 689 1293 ficia
719 1220 1010 1275 exhortatio
1039 1235 1155 1273 cum
1189 1217 1554 1287 beneﬁciorum
1593 1216 1789 1271 homini
1830 1233 2097 1272 concesso-

563 1328 680 1366 rum
718 1312 1122 1366 enumeratione.

566 1426 658 1482 2ο.
687 1424 714 1464 b
743 1425 882 1496 Quid
913 1427 1076 1498 igitur
1105 1440 1244 1494 opus
1277 1423 1372 1479 fuit
1405 1433 1460 1480 ut
1488 1423 1599 1480 Lex
1632 1424 2095 1496 promulgaretur,

493 1519 538 1575 si
573 1519 854 1589 profutura
887 1535 994 1574 non
1026 1519 1182 1574 erat?
1230 1517 1577 1574 Habebamus
1601 1519 1711 1587 jam
1746 1522 1914 1590 legem
1943 1531 2099 1575 natu-

495 1627 606 1678 rae;
640 1622 759 1668 erat
800 1614 946 1667 enim
981 1612 1351 1684 unusquisque
1378 1613 1479 1668 sibi
1514 1613 1601 1668 lex
1623 1656 1639 1683 ,
1673 1615 1767 1686 qui
1795 1630 1933 1679 Opus
1964 1615 2099 1687 legis

495 1707 759 1777 scriptum
793 1705 1027 1763 habebat
1053 1707 1106 1762 in
1131 1704 1298 1763 corde
1325 1723 1442 1765 suo.
1473 1707 1623 1766 Illam
1653 1725 1759 1766 non
1789 1712 2096 1768 tenuimus:

494 1814 595 1854 cur
623 1800 928 1856 addebatur
955 1811 1010 1858 et
1038 1803 1206 1859 altera
1226 1847 1240 1867 .
1277 1805 1333 1862 in
1363 1804 1519 1876 cujus
1547 1807 1805 1874 operibus
1831 1822 1960 1862 caro
1992 1823 2097 1863 nou

1842 377 2092 436 SANCTI
2129 376 2451 435 AMBROSII

492 519 600 563 non
622 517 840 562 carnem
869 499 1244 558 mortiﬁcavit:
1271 498 1392 555 ideo
1420 498 1574 570 quasi
1595 495 1784 552 umbra
1816 493 2100 566 prmteriit,
2129 496 2182 559 Α
2207 492 2321 558 cit;
2365 489 2641 548 haeredem
2692 492 2788 548 Dei
2832 534 2847 558 ,

3688 375 3806 432 608

2893 491 3233 548 cohaeredem
3257 487 3459 547 Christi
3485 510 3501 548 :
3544 492 3806 562 spiritum

2198 587 2292 642 tibi
2320 585 2628 654 adoptionis
2657 584 2874 641 infudit.
2904 584 3137 641 Numera
3172 585 3320 649 haec,
3348 594 3404 640 et
3429 583 3660 656 adjttnge
3687 599 3808 640 non

2199 691 2305 735 tam
2356 680 2423 736 ad
2472 681 2638 737 debiti
2695 696 2934 747 nexum,
2977 697 3136 752 quam
3185 681 3251 735 ad
3299 680 3542 736 muneris
3586 681 3805 748 accepti

2197 778 2690 831 conservationem.
2722 775 2980 830 Cohaeres
3009 773 3210 829 Christi
3241 789 3332 839 es,
3365 774 3408 828 si
3441 773 3799 841 compatiare,

2198 872 2242 926 si
2284 870 2678 935 commoiiare.
2726 871 2770 925 si
2807 871 3182 941 consepeliarc
3220 883 3341 922 cum
3382 867 3622 923 Christo.
3664 869 3808 922 Sus-

2199 966 2318 1037 cipe
2355 965 2634 1034 passiones
2669 965 2787 1035 ejns
2808 1006 2823 1022 .
2853 972 2914 1019 ut
2943 979 3106 1031 supra
3141 960 3423 1032 passiones
3452 978 3573 1017 cum
3603 962 3802 1017 eodem

2201 1074 2320 1114 esse
2357 1058 2638 1113 utet-caris.
2673 1057 2804 1112 Vi-le
2835 1056 3109 1125 quomodo
3140 1055 3232 1110 tibi
3266 1065 3485 1127 peccata
3518 1054 3803 1122 superiora

2201 1152 2463 1215 donavit;
2517 1162 2573 1206 ut
2623 1150 2756 1206 nihil
2809 1149 3015 1205 faceret
3065 1150 3296 1212 obesse,
3346 1147 3490 1217 quod
3541 1147 3802 1217 peccaSti.

2206 1245 2337 1300 Vide
2377 1244 2648 1314 quomodo
2694 1255 2745 1298 te
2787 1243 3057 1308 hortatur,
3102 1259 3168 1297 ne
3207 1243 3425 1297 amittas
3464 1239 3608 1309 quod
3646 1253 3808 1295 acce-

2201 1339 2347 1410 pisti.
2387 1338 2571 1393 Brevis
2597 1337 2753 1408 hujus
2782 1337 2986 1391 laboris
3013 1345 3098 1391 est
3127 1344 3268 1390 meta
3293 1377 3308 1398 ,
3341 1345 3395 1389 et
3424 1348 3624 1388 corona
3656 1332 3806 1388 fruc—

2205 1431 2617 1502 tusperpelui:
2663 1428 2962 1485 tolerabilis
3003 1427 3218 1497 passio,
3262 1440 3473 1482 merces
3513 1423 3806 1480 inaestima-

2205 1524 2347 1579 bilis.
2381 1523 2517 1591 Quid
2550 1523 2693 1578 enim
2727 1532 2780 1578 te
2808 1521 2998 1592 angit?
3027 1521 3110 1575 Att
3143 1519 3501 1591 ignobilitatis
3529 1515 3806 1586 abjectio?

2209 1618 2320 1673 Sed
2377 1618 2482 1672 erit
2513 1618 2608 1672 tibi
2641 1618 2694 1671 in
2725 1615 2964 1670 futurum
2995 1615 3230 1686 gloriosa
3265 1613 3519 1667 nobilitas
3557 1610 3810 1667 develio—

2207 1713 2290 1768 uis
2330 1727 2395 1767 ac
2427 1712 2570 1767 lidei.
2603 1709 2739 1766 Num
2775 1725 2974 1766 census
3008 1709 3242 1769 tenuior.
3278 1707 3453 1761 victus
3482 1707 3760 1776 augustior
3781 1703 3809 1757 ?

2207 1807 2312 1863 Sed
2355 1817 2513 1861 erunt
2561 1805 2653 1858 tibi
2696 1803 2899 1859 divitia:
2939 1800 3399 1858 remunerationis
3438 1810 3696 1864 aeternae,
3747 1798 3802 1850 in

496 1903 684 1964 posset
707 1894 1039 1963 iustiﬁcati?
1069 1897 1314 1953 Accessit
1345 1899 1617 1954 vinculum
1638 1941 1654 1966 ,
1700 1915 1805 1953 non
1850 1901 2051 1956 solutio
2081 1918 2094 1954 :
2129 1905 2178 1966 Β
2204 1899 2399 1970 quibus
2429 1896 2508 1951 rei
2539 1895 2698 1951 ullius
2728 1911 2891 1968 egere
2925 1910 3033 1950 non
3067 1895 3261 1965 possis.
3308 1892 3446 1948 Num
3485 1891 3707 1945 amissio
3739 1888 3804 1943 li-

496 1985 679 2040 addita
709 1997 794 2042 est
820 1999 1166 2059 peceatorum
1194 1992 1402 2061 agnitio
1423 2034 1438 2059 ,
1468 2007 1575 2047 non
1605 1993 1876 2048 remissio.
1907 1994 2106 2050 Pecca-

495 2078 676 2134 vimus
712 2095 902 2135 omnes
940 2082 1031 2152 qui
1075 2091 1386 2153 poteramus
1425 2089 1832 2140 excusationem
1872 2097 2104 2156 praeten-

495 2171 627 2228 dere
665 2188 760 2242 per
797 2175 1158 2244 ignorantiam
1187 2195 1200 2231 :
1240 2193 1305 2233 os
1340 2179 1679 2234 obstructum
1712 2190 1796 2236 est
1827 2183 2100 2238 omnibus.

565 2267 659 2322 21.
693 2266 902 2324 Profuit
934 2279 1114 2326 tamen
1147 2269 1277 2327 tnihi
1300 2314 1316 2340 ,
1347 2273 1490 2344 coepi
1522 2273 1775 2330 conﬁteri
1814 2275 1957 2346 quod
2004 2293 2103 2332 ne-

505 2359 700 2432 gabam
728 2380 741 2416 :
787 2365 930 2434 coepi
954 2363 1214 2421 delictum
1254 2382 1435 2422 meum
1457 2383 1821 2440 cognoscere,
1850 2379 1905 2424 et
1933 2369 2107 2440 injus-

500 2453 673 2510 titiam
706 2472 880 2512 meam
914 2475 1022 2514 non
1053 2461 1268 2531 operire
1296 2477 1311 2516 :
1346 2463 1485 2532 coepi
1520 2465 1872 2532 pronuntiare
1912 2464 2108 2519 adver-

501 2562 598 2603 sus
640 2564 726 2603 me
767 2550 1086 2620 iniustitiam
1132 2568 1306 2608 meam
1348 2554 1617 2621 Domino,
1657 2566 1708 2612 et
1755 2568 1810 2612 tu
1850 2559 2106 2614 remisisti

502 2639 811 2709 impietates
849 2643 1032 2698 cordis
1073 2645 1198 2698 mei.
1245 2644 1351 2701 Sed
1392 2656 1449 2702 et
1489 2648 1623 2703 illud
1670 2648 1799 2704 mihi
1846 2650 2101 2720 prodest,

501 2731 646 2801 quod
677 2749 779 2787 non
805 2733 1164 2801 justilicamur
1192 2754 1260 2793 ex
1287 2741 1548 2810 operibus
1574 2741 1753 2814 Legis.
1782 2742 1898 2799 Non
1933 2743 2106 2800 habeo

501 2825 664 2896 igitur
694 2827 837 2883 unde
864 2830 1085 2899 gloriari
1129 2831 1183 2887 itt
1224 2835 1483 2903 Operibus
1525 2839 1664 2892 meis
1705 2838 1907 2907 possim
1937 2881 1951 2904 ,
1996 2854 2103 2894 non

508 2917 684 2974 habeo
711 2920 851 2976 unde
880 2937 964 2978 me
985 2923 1181 2993 jactem
1205 2943 1218 2988 ;
1249 2937 1304 2982 et
1331 2926 1454 2983 ideo
1483 2929 1763 2999 gloriabor
1789 2931 1842 2986 in
1863 2931 2102 2988 Christo.

501 3009 617 3066 Non
646 3013 925 3083 gloriabor
953 3019 1076 3087 quia
1121 3020 1302 3088 justus
1349 3037 1468 3076 sum
1504 3039 1520 3077 :
1555 3023 1650 3080 sed
1677 3023 1952 3094 gloriabor
1981 3027 2104 3095 quia

500 3103 816 3176 redemptus
842 3123 983 3164 sum.
1017 3109 1331 3177 Gloriabor,
1359 3132 1467 3170 non
1501 3117 1624 3187 quia
1646 3133 1850 3173 vacuus
1870 3119 2105 3187 peccatis

503 3209 624 3252 sum
653 3241 668 3262 ,
701 3199 954 3270 sed‘quia
990 3202 1121 3258 tnibi
1153 3206 1381 3262 remissa
1413 3218 1541 3264 sunt
1571 3220 1810 3279 peccata.
1844 3210 1962 3266 Non
1993 3213 2110 3282 glo-

2211 1993 2447 2048 liorum?
2494 1992 2744 2061 Recipies
2795 2001 3092 2062 perpetuos
3111 2031 3127 2057 ,
3158 2005 3293 2060 quos
3323 2002 3639 2056 susceperas
3670 1997 3808 2041 tem—

2207 2085 2426 2156 porales
2448 2127 2462 2150 ,
2498 2095 2550 2139 et
2581 2084 2792 2138 dicetur
2821 2083 2889 2138 de
2921 2093 3009 2146 te;
3043 2081 3232 2136 Beatus
3260 2081 3347 2146 qui
3375 2081 3526 2135 habet
3555 2095 3722 2133 semen
3753 2080 3804 2132 in

2209 2181 2340 2236 Sion
2361 2223 2374 2246 ,
2411 2189 2456 2234 et
2485 2179 2793 2233 domesticos
2840 2178 2894 2232 in
2929 2176 3256 2232 Hierusalem
3290 2174 3477 2244 (Esai.
3509 2189 3645 2230 xxxt
3668 2216 3681 2238 ,
3707 2173 3802 2242 9).

2209 2271 2470 2343 Indignis,
2501 2272 2695 2340 inquit,
2721 2271 2984 2341 passiones
3015 2280 3133 2324 sunt
3163 2267 3322 2343 hujus
3351 2268 3594 2340 “miraris
3623 2267 3689 2320 ad
3720 2270 3807 2335 fu-

2208 2375 2374 2419 turam
2405 2365 2624 2438 gloriam
2655 2363 2850 2432 (Rom.
2885 2377 3013 2426 vnt,
3049 2360 3149 2433 l8)
3175 2403 3190 2428 ,
3224 2362 3502 2432 Scriptura
3535 2359 3626 2415 tibi
3657 2359 3804 2413 dicit.

2279 2459 2372 2514 24.
2407 2458 2559 2514 Adde
2590 2459 2716 2530 quia
2749 2458 2854 2513 vita
2889 2457 3044 2513 beata
3077 2455 3162 2511 bis
3193 2455 3438 2511 adversis
3467 2453 3807 2510 sa'cttlarium

2208 2552 2620 2618 molestiarum,
2663 2558 2757 2605 aut
2798 2551 3107 2618 passionum
3146 2547 3515 2618 corporalium
3561 2561 3666 2602 non
3711 2549 3808 2600 mi-

2210 2648 2416 2713 nuitur,
2462 2645 2556 2700 sed
2601 2647 2769 2717 magis
2818 2645 3097 2716 probatur.
3145 2644 3298 2701 Adde
3333 2644 3475 2714 quod
3517 2643 3600 2696 vel
3644 2643 3806 2712 patri-

2210 2739 2376 2794 tnottii
2415 2737 2614 2793 damna
2652 2752 2757 2792 non
2804 2739 3008 2805 sentit,
3057 2737 3142 2793 vel
3189 2736 3646 2792 necessitudinum
3687 2735 3808 2790 forti

2209 2839 2392 2886 mente
2413 2829 2700 2885 abscondit
2729 2830 3017 2900 dispendia
3041 2872 3055 2895 ,
3082 2829 3339 2885 absorbet
3360 2828 3629 2884 dolorem.
3659 2826 3809 2882 Adde

2208 2923 2334 2992 quia
2364 2923 2534 2978 nescit
2565 2921 2845 2992 naufragia
2870 2963 2885 2987 ,
2915 2921 3009 2991 qui
3035 2936 3254 2990 semper
3282 2921 3335 2975 itt
3365 2929 3522 2989 portu
3552 2919 3812 2991 tranquil-

2209 3017 2376 3072 litatis
2403 3027 2508 3072 εει.
2542 3014 2680 3082 Quid
2714 3014 2844 3069 illttd
2866 3054 2882 3080 ,
2913 3013 3058 3086 quod
3089 3013 3241 3068 labor
3269 3010 3366 3067 tibi
3395 3012 3699 3066 communis
3727 3020 3812 3067 est

2209 3125 2331 3165 cum
2359 3109 2508 3164 omni
2534 3119 2820 3172 creatura;
2848 3112 2970 3177 quia
2993 3115 3283 3176 propterte
3307 3103 3532 3160 mundus
3556 3102 3670 3172 ipse
3695 3119 3809 3158 ser-

2210 3204 2434 3258 vitntem
2475 3201 2670 3257 tolerat
2707 3200 3111 3270 corruptionis;
3153 3199 3276 3270 quia
3312 3213 3435 3253 cum
3477 3195 3680 3252 sanctis
3715 3197 3809 3252 tibi

503 3289 685 3345 riabor
722 3292 848 3362 quia
893 3295 1106 3364 profui,
1157 3314 1333 3369 neque
1373 3303 1498 3371 quia
1547 3303 1748 3371 profuit
1789 3303 1918 3358 mihi
1960 3305 2106 3373 quis-
2135 3307 2181 3370 ρ
2213 3295 2416 3350 laboris
2445 3295 2604 3366 hujus
2630 3303 2686 3351 et
2711 3294 3137 3366 exspectationis
3163 3308 3453 3347 commune
3479 3291 3808 3346 consortium

503 3396 705 3451 quam:
759 3384 853 3439 sed
894 3387 1019 3457 quia
1069 3405 1167 3460 pro
1217 3407 1304 3446 me
1347 3393 1642 3469 advocatus
1693 3396 1834 3465 apud
1883 3395 2099 3451 Patrem

503 3472 757 3531 Christus
787 3487 871 3534 est
901 3497 914 3533 :
949 3479 1044 3535 sed
1074 3485 1198 3554 quia
1232 3500 1329 3554 pro
1384 3501 1470 3538 me
1517 3486 1716 3541 Christi
1747 3490 1971 3559 Sanguis
2020 3491 2101 3545 ef-

506 3565 660 3621 fusus
688 3577 793 3624 est.
810 3569 973 3626 Facta
1005 3585 1090 3629 est
1119 3576 1248 3630 mihi
1277 3577 1436 3648 culpa
1461 3594 1577 3634 mea
1610 3595 1818 3636 merces
1848 3582 2100 3654 redemp.
2127 3647 2134 3652 θ

509 3659 673 3714 tionis
699 3702 714 3726 ,
746 3676 844 3732 per
871 3679 1034 3734 quam
1062 3665 1191 3720 mihi
1220 3667 1467 3723 Christus
1491 3670 1728 3726 advenit.
1762 3671 1994 3740 Propter
2020 3691 2105 3731 tne

507 3748 754 3807 Christus
786 3765 1015 3811 mortem
1045 3756 1208 3832 452
1238 3747 1501 3830 gustavit.
1527 3763 1879 3821 Fructuosior
1907 3766 2064 3838 culpa
2087 3810 2102 3834 ,

507 3859 670 3914 quam
715 3846 1045 3906 innocentia.
1092 3851 1406 3908 lnnocculia
1447 3867 1793 3927 arrogantem
1832 3874 1919 3915 me
1961 3857 2105 3915 fece-

509 3947 630 4006 rat,
658 3941 814 4012 culpa
843 3942 1146 4014 Suhjectutn
1178 3947 1434 4005 reddidit.
1797 4015 1802 4020 ,

579 4028 669 4085 22.
715 4031 894 4091 Habes
935 4037 1098 4108 igitur
1140 4040 1338 4105 quibus
1375 4042 1504 4098 latio
1547 4044 1749 4114 profuit
1791 4047 1884 4102 tibi
1919 4046 2102 4120 Legis.

511 4125 618 4183 Sed
649 4129 783 4184 dicis
810 4134 931 4201 quia
967 4149 1060 4204 per
1089 4134 1286 4205 Legem
1311 4139 1775 4208 superabundavit
1801 4155 2103 4213 peccatum.

508 4220 618 4277 Sed
659 4222 746 4276 ubi
788 4229 1248 4294 superabundavit
1289 4242 1566 4300 peccatum
1591 4276 1606 4300 ,
1647 4238 2107 4307 superabundavit

509 4327 565 4372 et
609 4319 800 4389 gratia.
855 4321 1098 4377 Mortuus
1145 4339 1206 4378 es
1255 4339 1513 4394 peccato,
1567 4329 1774 4383 homo:
1817 4346 1950 4402 ergo
1996 4333 2106 4388 Lex

504 4415 617 4484 jam
669 4429 776 4469 non
822 4415 998 4471 obest.
1048 4419 1306 4489 ltesurgis
1355 4437 1450 4490 per
1496 4424 1764 4492 gratiam;
1822 4440 1952 4496 ergo
1997 4425 2107 4482 Lex

509 4505 756 4580 profuit;
809 4507 936 4580 quia
989 4511 1276 4582 acquisivit
1324 4513 1577 4584 gratiam.
1628 4515 1899 4584 Accepisti
1945 4519 2106 4573 etiam

509 4600 704 4671 pignus
735 4603 933 4658 Christi
964 4605 1284 4672 cltaritatis;
1317 4607 1576 4678 quoniam
1607 4610 1696 4680 qui
1731 4625 1830 4680 pro
1871 4620 1924 4666 te
1961 4626 2109 4666 mor-

2206 3392 2330 3444 est?
2358 3388 2455 3446 Sol
2483 3405 2734 3456 occasum
2763 3405 2921 3443 suunt
2953 3387 3295 3457 recognoscit
3318 3427 3331 3448 ,
3366 3385 3488 3439 luna
3518 3384 3806 3449 defectum,

2205 3501 2446 3543 errorem
2475 3486 2758 3542 stellarum
2788 3485 2992 3540 lumina
3014 3529 3028 3551 ,
3059 3483 3188 3537 dum
3221 3481 3386 3538 totius
3412 3481 3658 3551 corporis
3688 3493 3810 3534 nos-

2205 3581 2274 3634 tri
2303 3589 2647 3650 exspectatur
2668 3577 2988 3648 redemptio.
3659 3647 3662 3650 ῃ

2276 3673 2366 3727 25.
2401 3669 2511 3726 Sed
2558 3671 2766 3725 vereris
2798 3670 2995 3726 dubios
3019 3669 3148 3724 vita:
3175 3667 3452 3723 anfractus
3472 3710 3488 3732 ,
3517 3676 3572 3722 et
3611 3668 3804 3721 adver-

2208 3767 2334 3821 sarii
2376 3765 2638 3831 insidias,
2685 3779 2808 3819 cum
2860 3763 3064 3820 habeas
3109 3763 3372 3818 auxilium
3425 3761 3560 3827 Dei,
3613 3760 3806 3815 habeas

2210 3870 2411 3916 tantam
2467 3858 2588 3929 ejus
2624 3858 2996 3928 dignationem
3021 3897 3037 3922 ,
3100 3866 3158 3910 ut
3194 3854 3333 3938 Filio
3371 3854 3592 3923 proprio
3629 3868 3722 3923 pro
3759 3863 3806 3907 te

2211 3970 2315 4009 non
2357 3953 2663 4023 pepercerit
2704 3949 2900 4021 (Rom.
2929 3967 3053 4014 \‘Ill,
3085 3948 3213 4021 52).
3249 3948 3484 4004 Pulchro
3516 3948 3681 4002 verbo
3716 3961 3802 4002 usa

2208 4056 2293 4102 est
2321 4047 2623 4116 Scriptura,
2656 4056 2712 4098 ut
2738 4043 2833 4098 Dei
2859 4044 3034 4098 Patris
3061 4057 3195 4113 erga
3225 4054 3274 4097 te
3299 4044 3445 4114 pitttn
3475 4041 3802 4112 propositum

2209 4141 2536 4205 declararet,
2552 4135 2577 4175 ἀ
2600 4138 2689 4208 qtti
2712 4137 2905 4191 Filium
2929 4135 3089 4190 morti
3112 4137 3326 4190 obtulit.
3353 4135 3418 4189 Et
3436 4133 3603 4188 Filius
3625 4133 3803 4187 mortis

2208 4235 2564 4290 acerbitatem
2594 4234 2798 4286 sentire
2826 4246 2933 4286 non
2967 4231 3157 4299 potuit.
3189 4230 3344 4298 Quod
3377 4231 3430 4284 iu
3469 4228 3632 4283 Patre
3674 4227 3798 4290 fuit,

2210 4329 2345 4384 nihil
2377 4328 2476 4383 sibi
2519 4328 2634 4395 ipse
2676 4326 2932 4396 reliquit:
2966 4336 3135 4378 totum
3164 4323 3326 4396 553
3368 4339 3464 4393 pro
3497 4333 3550 4379 te
3576 4322 3798 4376 obtulit;

2211 4421 2354 4493 quod
2385 4421 2438 4475 in
2471 4420 2808 4491 plenitudine
2835 4419 3174 4484 divinitatis,
3204 4417 3334 4472 nihil
3366 4418 3480 4488 ipse
3508 4416 3719 4480 amisit,
3750 4423 3801 4469 et

2214 4525 2267 4572 te
2295 4515 2548 4571 redemit.
2580 4513 2873 4570 Considera
2903 4513 3159 4568 affet-tum
3204 4511 3459 4582 patrium.
3503 4510 3656 4580 Quod
3698 4509 3804 4580 pie-

2210 4608 2338 4663 tatis
2376 4616 2493 4672 est,
2537 4606 2692 4676 quasi
2734 4607 2979 4661 morituri
3023 4605 3144 4661 Filii
3186 4606 3426 4674 suscepit
3471 4604 3799 4673 periculum,

510 4703 635 4749 tuus
663 4706 743 4749 est
765 4735 780 4759 ,
813 4696 1109 4756 advocatus
1131 4709 1214 4755 est
1246 4700 1376 4768 tibi,
1409 4710 1465 4756 et
1494 4703 1770 4772 sanguinis
1801 4703 1884 4758 sui
1913 4715 1936 4744 ο
1965 4720 2109 4760 mer-
2133 4695 2188 4757 D
2212 4701 2366 4773 quasi
2398 4701 2646 4757 orbitatis
2677 4700 2857 4755 hausit
2885 4700 3129 4756 dolorem
3157 4715 3173 4764 ;
3209 4715 3274 4754 ne
3305 4699 3398 4754 tibi
3431 4700 3634 4769 periret
3663 4696 3797 4752 fruc-

506 4784 697 4841 cedem
751 4801 994 4845 reservat
1025 4833 1041 4857 ,
1096 4800 1150 4847 et
1199 4793 1289 4864 qui
1347 4803 1684 4863 peccatorem
1737 4797 2111 4854 reconciliavit
2210 4805 2296 4852 tus
2327 4795 2736 4866 redemptionis.
2779 4796 3011 4850 Tantum
3039 4794 3136 4848 fuit
3163 4793 3391 4849 Domino
3433 4793 3668 4848 studium
3700 4805 3798 4846 tua:

507 4879 653 4934 Patri
672 4921 686 4943 .
723 4883 893 4939 multo
921 4884 1092 4957 magis
1121 4887 1469 4944 commendat
1496 4891 1838 4948 innocentem
1862 4934 1877 4959 ,
1908 4902 1961 4948 et
1990 4901 2102 4950 tue-

2207 4889 2401 4945 salutis
2425 4931 2441 4954 ,
2477 4899 2532 4944 ut
2564 4889 2953 4958 prepemodum
2985 4887 3054 4944 de
3082 4904 3207 4950 suo,
3223 4889 3632 4958 periclitaretur,
3676 4887 3795 4943 dum

507 4979 592 5027 tur
622 4974 895 5031 subditum
917 5020 932 5044 ,
965 4979 1056 5050 qui
1085 4980 1315 5035 adscivit
1346 4983 1590 5039 noxium.

599 5064 688 5120 25.
733 5067 888 5124 Tanti
937 5070 1098 5142 igitur
1144 5072 1394 5129 beneﬁcii
1442 5075 1658 5132 debitor
1689 5093 1798 5132 non
1832 5077 2105 5149 rependes

503 5157 862 5230 obsequium?
901 5161 1184 5221 Hazredem
1230 5176 1281 5221 te
1321 5166 1483 5234 fecit,
1538 5169 1878 5225 colueredem
1935 5181 1988 5226 te
2023 5169 2104 5227 fe-

579 5362 605 5390 ¹¹
633 5352 725 5409 Sic
749 5353 881 5408 edit.
909 5362 1020 5408 aut.
1051 5369 1114 5409 ac
1143 5369 1273 5410 mss.
1303 5370 1531 5411 omnes:
1559 5354 1725 5410 editio
1758 5370 1888 5410 vero
1915 5357 2101 5423 Rom.,

504 5425 628 5495 quin
656 5435 968 5480 coacervavit
996 5427 1212 5480 crimina
1235 5468 1248 5490 ,
1277 5444 1378 5481 non
1409 5427 1614 5482 delevit.

579 5495 608 5536 δ
641 5497 808 5570 Edim
839 5497 979 5563 Quid
1003 5499 1162 5568 igitur
1189 5501 1404 5570 profuit.

585 5580 607 5607 ε
640 5568 758 5625 Vet.
809 5571 966 5639 edit,
1011 5586 1227 5625 mercem
1273 5568 1536 5636 reservat;
1589 5569 1774 5636 Rom.,
1827 5581 1874 5624 te
1917 5581 2102 5625 serunt.

511 5640 711 5710 Scripti
763 5659 892 5696 vero
941 5642 1200 5707 codices,
1255 5658 1448 5713 tnagno
1501 5658 1768 5704 numero,
1821 5643 2104 5696 mercedem

509 5724 778 5776 reservat;
825 5713 1019 5783 Lung..
1068 5715 1299 5770 mercede
1349 5715 1583 5769 servavit.
1627 5714 1858 5769 Rursum
1909 5715 2100 5770 eodem

513 5784 620 5858 lori
643 5826 659 5850 ,
688 5786 818 5841 edit.
849 5801 1038 5840 omnes
1064 5800 1187 5858 cum
1231 5802 1365 5858 mss.
1405 5790 1487 5840 ali.
1515 5798 1608 5841 unt
1652 5787 1772 5858 quia
1813 5790 1919 5858 scit
1946 5786 2101 5840 inno-

511 5857 676 5929 gpium.
735 5855 1562 5929 Atmelius_'l‘orn.,hT_heml.,
1617 5855 1851 5929 Remig.,
1904 5857 2099 5929 Long.,

518 5919 665 5984 Vale.
701 5941 754 5983 et
785 5927 921 5996 Big.,
949 5928 1034 5997 qui
1062 5919 1382 5997 (nonnulli,
1412 5919 1574 5994 quin)
1614 5919 1848 5983 adscivit-
1869 5919 2095 5984 nomium:

2210 4991 2264 5039 te
2297 4982 2748 5038 lucraretumllle
2781 4992 3004 5051 propter
3043 4990 3098 5036 te
3135 4981 3423 5048 diSpentIia
3465 4992 3650 5035 nostra
3690 4996 3802 5036 sus-

2206 5057 2348 5146 Cepit
2375 5094 2391 5142 ;
2436 5086 2490 5130 ut
2533 5086 2584 5130 te
2608 5076 2808 5131 divinis
2836 5075 3140 5142 insereret,
3170 5075 3486 5132 ctnlestibus
3515 5091 3801 5131 consecra-

2207 5182 2311 5228 ret.
2345 5171 2477 5227 Mire
2507 5172 2668 5228 etiam
2701 5170 2948 5226 addidit:
2979 5170 3088 5226 Pro
3134 5171 3280 5225 nobis
3320 5171 3550 5225 omnibus
3595 5168 3802 5225 tradidit

2279 5352 2308 5392 ιί
2353 5355 2426 5410 lta
2475 5357 2819 5426 reposuimus
2863 5371 2927 5412 ex
2975 5372 3108 5411 mss.
3131 5357 3589 5423 Tltuan.,'l‘orn.,
3631 5357 3801 5421 Vale,

2209 5426 2354 5498 Big..
2392 5429 2631 5496 Itemig.,
2667 5428 2836 5499 Long.
2867 5440 2916 5482 et
2949 5428 3159 5483 Theod.
3189 5430 3424 5484 secunda
3454 5446 3612 5483 manu
3641 5448 3654 5484 :
3682 5445 3797 5484 nam

2209 5503 2381 5570 prima
2430 5499 2658 5554 habebat
2703 5515 2826 5554 cum
2858 5499 3024 5564 Vict.,
3075 5500 3226 5555 Colb.
3275 5511 3322 5554 et
3371 5501 3489 5554 Vat.
3524 5517 3671 5562 uno,
3716 5501 3800 5570 qui

2208 5572 2363 5625 mat-ti
2412 5581 2574 5624 totum
2626 5571 2807 5624 obtulit
2861 5574 2999 5640 quod
3040 5573 3093 5625 in
3148 5571 3468 5642 plenitudine
3495 5573 3796 5633 divinitatis,

2213 5644 2344 5695 nihil
2371 5644 2482 5712 ipse
2508 5645 2715 5704 amisit,
2748 5654 2794 5696 et
2823 5654 2870 5698 te
2894 5643 3126 5697 redemit.
3179 5643 3418 5711 Denique
3445 5643 3566 5698 Vat.
3609 5646 3704 5699 alt.
3744 5658 3801 5697 ac

2211 5713 2370 5784 Rom.
2402 5715 2557 5772 edit..
2590 5716 2678 5784 qui
2703 5731 2757 5766 se
2783 5716 2934 5768 morti
2962 5725 3120 5768 totunt
3149 5731 3242 5783 pro
3271 5725 3316 5767 te
3343 5716 3544 5768 obtulit.
3578 5716 3727 5781 Quod
3752 5715 3799 5767 in

2211 5783 2375 5839 Patre
2404 5787 2500 5855 fuit
2528 5786 2659 5840 nihil
2686 5785 2780 5839 sibi
2814 5790 2922 5852 ipse
2946 5786 3150 5853 reliquit
3177 5803 3196 5840 :
3223 5796 3379 5840 tomm
3411 5803 3503 5852 pro
3529 5797 3578 5841 te
3605 5786 3799 5847 obtulit,

2209 5857 2351 5982 qu‘pd
2481 5857 2802 5930 plenitudine
2840 5858 3125 5914 diuinitatis
3168 5865 3270 5912 nan
3311 5859 3486 5914 amisit
3513 5901 3529 5927 ,
3556 5868 3604 5914 et
3628 5859 3801 5927 ipsete

2209 5944 2264 5980 re
2304 5945 2399 5982 eun
2431 5971 2440 5982 .

2209 5929 2440 5984 redemit.
