4138 6366
338 323 444 387 609

1395 325 1486 386 DE
1523 322 1736 386 JACOB
1773 325 1862 386 ET
1904 328 2065 388 VITA
2104 324 2340 390 BEATA
2377 330 2508 388 LIB.
2549 329 2591 386 1.

3540 331 3648 395 610

335 439 486 494 illum
512 439 716 513 (Rana,
746 456 861 508 vui,
888 439 1018 515 32);
1047 449 1107 498 ut
1137 441 1452 500 ostenderet
1481 445 1626 516 quod
1650 445 1723 500 ita
1745 459 1936 502 omnes
1962 456 2016 518 Α
2041 447 2165 504 vita:
2203 447 2377 504 beata:
2406 462 2604 503 munus
2643 446 3005 516 imminuent,
3033 463 3211 520 neque
3233 447 3301 506 de
3324 450 3442 522 ejus
3464 454 3646 509 suavi-

334 534 1050 606 diligat,utdilectissimum
1081 537 1186 592 sibi
1211 537 1409 593 Filium
1444 553 1542 608 pro
1567 538 1795 610 singulis
1825 547 1939 594 tra-

335 627 511 684 deret.
543 629 650 685 Pro
675 630 870 701 quibus
900 629 1062 701 igitur
1104 630 1247 701 quod
1288 646 1452 701 super
1491 632 1671 686 omnia
1715 640 1802 688 est
1835 631 1929 688 de-

337 719 454 788 dit,
488 730 661 790 potest
693 723 807 778 ﬁeri
841 733 897 777 ut
928 738 1036 778 non
1076 723 1130 779 in
1174 724 1270 780 illo
1310 723 1558 780 universa
1604 725 1935 781 donaverit?

337 813 482 870 Nihil
505 817 647 871 enim
676 817 926 888 excepit,
951 817 1042 888 qui
1068 817 1307 873 omnium
1336 819 1604 875 concessit
1633 831 1931 876 auctorem.

405 907 498 964 26.
540 907 686 964 Nihil
715 920 798 965 est
822 911 985 980 igitur
1005 910 1148 980 quod
1175 910 1359 981 negari
1385 925 1547 983 posse
1572 912 1728 968 nobis
1749 927 1937 968 verea-

337 1018 459 1058 mur
485 1020 500 1056 :
531 1003 666 1059 nihil
697 1013 782 1058 est
814 1005 866 1058 in
895 1020 1002 1074 quo
1041 1004 1109 1060 de
1139 1006 1522 1060 muniﬁcentia:
1552 1005 1752 1062 divina:
1792 1007 1932 1062 difﬁ-

335 1095 468 1150 dere
495 1097 900 1168 perseverantia
923 1096 1242 1163 debeamus,
1262 1097 1416 1168 cujus
1433 1096 1530 1152 fuit
1549 1105 1658 1152 tam
1677 1097 1933 1154 diuturna

336 1197 392 1243 et
429 1189 572 1259 jngis
610 1189 860 1256 ubertas;
907 1200 966 1244 ut
1012 1192 1189 1260 primo
1235 1190 1686 1260 prtedestinaret,
1735 1191 1935 1248 deinde

337 1293 589 1349 vocaret;
627 1293 684 1339 et
708 1299 844 1355 quos
872 1293 1110 1348 vocaret,
1144 1283 1241 1338 bos
1260 1295 1314 1340 et
1336 1285 1690 1354 justilicaret;
1715 1298 1769 1339 et
1795 1300 1934 1356 quos

329 1377 678 1447 justiﬁcaret,
702 1377 804 1432 bos
833 1386 886 1433 et
912 1378 1262 1434 clariﬁcaret.
1295 1378 1503 1434 Poterit
1524 1377 1776 1434 deserere
1797 1392 1934 1447 quos

339 1471 502 1524 t:mtis
531 1469 810 1526 beneﬂciis
852 1471 968 1525 suis
1015 1487 1186 1541 usque
1231 1470 1298 1525 ad
1348 1470 1573 1541 praemia
1619 1481 1932 1540 prosecutus

335 1566 454 1620 est?
479 1564 623 1620 Inter
654 1574 731 1619 tot
761 1565 1025 1621 beneﬁcia
1059 1566 1150 1620 Dei
1179 1583 1303 1621 num
1347 1567 1653 1622 metuendae
1679 1577 1805 1622 sunt
1831 1568 1932 1622 ali-

335 1673 457 1727 qure
481 1658 817 1713 accusatoris
859 1658 1110 1714 insidiae?
1153 1659 1259 1715 Sed
1288 1661 1408 1731 quis
1436 1659 1632 1715 audeat
1673 1675 1932 1718 accusare

334 1767 470 1820 quos
501 1752 703 1807 electos
733 1751 917 1806 divino
943 1753 1119 1808 cernit
1163 1752 1403 1824 judicio?
1431 1752 1569 1808 Num
1602 1755 1744 1810 Deus
1773 1753 1934 1814 Pater

2043 549 2153 596 tate
2182 539 2386 609 aliquid
2419 539 2693 607 delibant;
2733 541 2856 614 quia
2886 557 2994 596 non
3040 541 3094 597 in
3124 542 3488 602 delectatione
3517 559 3642 602 cor-

2042 635 2189 704 poris
2219 636 2342 688 vitae
2371 633 2651 690 beatitudo
2679 643 2801 690 est:
2830 633 2926 690 sed
2960 635 3014 690 in
3045 637 3380 693 conscientia
3414 653 3544 709 pura
3571 637 3642 695 ab

2040 727 2190 782 omni
2223 727 2347 782 labe
2377 729 2612 800 peccati,
2657 739 2711 785 et
2753 729 2808 784 in
2833 728 2951 800 ejus
2981 741 3198 796 mente,
3232 730 3324 801 qui
3353 732 3644 804 cognoscit

2039 823 2163 894 quia
2188 820 2333 893 quod
2363 822 2562 878 bonum
2585 831 2688 888 est,
2723 821 2829 878 hoc
2854 821 3114 889 delectat,
3139 822 3355 880 etiamsi
3379 839 3642 896 asperum

2038 914 2140 978 sit;
2191 913 2336 983 quod
2378 922 2559 970 autem
2613 913 2967 982 indecorum,
3018 915 3230 971 etiamsi
3278 931 3478 983 suave,
3529 932 3641 974 non

2040 1006 2261 1063 mulcet.
2310 1005 2454 1078 Ergo
2499 1021 2661 1062 causa
2711 1007 2849 1064 bene
2893 1007 3146 1075 vivendi,
3191 1024 3299 1065 non
3342 1009 3640 1067 delectatio

2039 1099 2370 1168 corporalis,
2399 1099 2494 1156 sed
2525 1100 2720 1155 mentis
2745 1101 3034 1170 prudentia
3065 1113 3189 1158 est:
3221 1117 3329 1159 non
3360 1117 3491 1160 caro
3519 1119 3642 1175 quae
3711 1106 3718 1112 ’

2039 1191 2284 1263 subjecta
2324 1203 2408 1248 est
2459 1193 2719 1262 passioni,
2765 1194 2862 1250 sed
2910 1211 3069 1252 mens
3093 1213 3214 1267 qua:
3256 1197 3467 1268 judicat
3513 1199 3662 1270 quia.

2039 1286 2178 1341 nihil
2208 1286 2407 1341 melius
2433 1286 2685 1351 delectat,
2711 1303 2872 1358 quam
2895 1288 3245 1345 consiliorum
3278 1293 3559 1360 honestas,
3584 1301 3640 1348 et

2039 1395 2264 1450 operum
2311 1379 2684 1450 pulchritudo.
2714 1379 2790 1434 Ea
2835 1380 2996 1450 igitur
3025 1379 3198 1436 beata:
3243 1381 3514 1452 interpres
3554 1391 3641 1439 est

2037 1473 2184 1528 vitae.
2234 1474 2429 1529 Melior
2471 1482 2556 1528 est
2598 1474 2743 1529 enim
2796 1474 3083 1544 prudentia
3114 1476 3199 1530 vel
3247 1477 3389 1532 ratio
3432 1477 3637 1533 arbitra

2035 1567 2308 1637 passionis
2328 1610 2342 1634 ,
2369 1583 2528 1639 quam
2571 1569 2752 1638 passio
2785 1586 2798 1624 :
2828 1571 3287 1642 priestantiusque
3325 1572 3466 1644 quod
3494 1571 3639 1643 judi-

2036 1672 2146 1724 cat,
2177 1677 2338 1731 quam
2373 1662 2514 1732 quod
2539 1663 2748 1733 judicio
2779 1664 3082 1733 subjectum
3115 1676 3218 1720 est.
3261 1665 3448 1738 Neque
3489 1667 3636 1723 enim
3703 1693 3710 1701 -

2039 1754 2157 1810 lieri
2189 1764 2398 1824 potest,
2429 1764 2486 1810 ut
2529 1757 2742 1810 ratione
2771 1757 2846 1812 sit
2876 1758 3088 1823 melius,
3119 1757 3262 1828 quod
3303 1770 3383 1814 est
3416 1758 3634 1816 irratio-

333 1843 452 1913 ipse
500 1846 590 1914 qui
643 1846 914 1911 contulit,
957 1856 1138 1917 potest
1182 1847 1321 1902 dona
1367 1861 1460 1902 sua
1503 1846 1849 1915 rescindere;
1881 1856 1936 1903 et
1964 1859 2013 1922 Β
2042 1847 2242 1902 nabile.
2292 1846 2467 1902 Habet
2495 1863 2626 1920 ergo
2659 1849 2710 1903 in
2743 1864 2804 1906 se
2832 1852 3328 1908 remunerationem
3362 1867 3513 1908 suam
3547 1853 3639 1926 qui

331 1956 467 2010 quos
490 1941 784 2010 adoptiooe
806 1944 1069 2014 suscepit,
1097 1953 1192 2000 eos
1215 1961 1243 1999 a
1273 1947 1484 2013 paterni
1508 1945 1734 2001 allectus
1757 1947 1932 2018 gratia

331 2035 619 2106 relegare?
648 2035 755 2092 Sed
786 2047 962 2093 metus
985 2046 1071 2092 est
1101 2053 1169 2093 ne
1198 2039 1364 2109 judex
1393 2040 1637 2094 severior
1669 2041 1758 2094 sit.
1792 2038 1935 2095 Con-

331 2127 512 2182 sidera
555 2144 716 2198 quem
759 2128 995 2199 judicem
1041 2129 1263 2186 habeas.
1297 2130 1502 2202 Nempe
1537 2131 1758 2187 Christo
1785 2132 1936 2188 dedit

333 2217 496 2274 Pater
521 2234 684 2276 omne
710 2220 994 2290 judicium.
1041 2222 1247 2278 Poterit
1280 2237 1330 2279 te
1370 2239 1503 2296 ergo
1530 2225 1623 2280 ille
1650 2225 1930 2294 damnare,

331 2327 492 2383 quem
525 2313 755 2370 redemit
783 2331 812 2370 a
855 2326 1056 2383 morte,
1106 2334 1206 2388 pro
1251 2335 1360 2390 quo
1401 2335 1462 2376 se
1506 2321 1734 2390 obtulit,
1779 2322 1933 2393 cujus

333 2410 495 2460 vitam
529 2424 642 2462 suae
673 2410 865 2464 mortis
893 2409 1200 2465 mercedem
1231 2427 1354 2467 esse
1383 2413 1659 2482 cognoscit
1681 2414 1706 2466 ?
1743 2412 1933 2470 Nonne

330 2497 512 2555 dicet:
547 2499 679 2566 Qua:
705 2502 904 2558 utilitas
933 2504 984 2558 in
1016 2507 1269 2575 sanguine
1293 2522 1406 2559 meo
1439 2505 1567 2578 (Ps.
1596 2522 1756 2574 xxix,
1787 2507 1855 2561 10
1876 2509 1895 2578 )
1914 2549 1929 2574 ,

331 2594 374 2648 si
436 2593 636 2650 damno
690 2613 849 2666 quem
899 2598 1018 2667 ipse
1069 2599 1312 2654 salvavi?
1368 2599 1576 2656 Deinde
1620 2600 1934 2657 consideras

327 2684 587 2756 judicem,
621 2704 726 2744 non
769 2690 1085 2746 consideras
1116 2691 1460 2747 advocatum.
1493 2693 1680 2748 Potest
1708 2695 1812 2749 iste
1833 2707 1934 2749 sae-

333 2783 538 2838 viorem
573 2785 712 2840 l'erre
751 2785 1110 2852 sententiam,
1145 2786 1236 2858 qui
1266 2786 1620 2857 interpellare
1653 2803 1758 2842 non
1789 2787 1935 2842 desi-

331 2874 403 2930 ni!
431 2917 446 2942 ,
489 2883 549 2931 ut
590 2887 830 2948 paternae
875 2878 1339 2935 reconciliationis
1381 2879 1434 2935 in
1481 2894 1580 2936 nos
1623 2879 1934 2936 conferatur

271 2963 288 2974 ”
331 2969 542 3037 gratia?

940 3063 1172 3122 CAPUT
1209 3064 1321 3122 VII.

331 3151 463 3210 Eunt
493 3155 547 3211 in
572 3156 716 3211 nobis
741 3156 921 3212 debere
944 3174 1057 3214 esse
1085 3159 1391 3214 clraritatein
1410 3200 1422 3221 ,
1454 3168 1508 3213 ut
1547 3158 1707 3214 nullis
1745 3159 1928 3214 adver-

2036 1940 2286 2007 sequitur
2330 1940 2547 2004 Jesum,
2579 1950 2632 1997 et
2666 1941 2718 1997 in
2752 1957 2853 1998 suo
2880 1943 3074 2000 affectu
3121 1948 3402 2015 prtemium
3435 1956 3486 2002 et
3513 1961 3641 2018 gra-

2039 2032 2207 2086 tiam:
2241 2032 2455 2090 etiamsi
2488 2035 2625 2090 dura
2657 2037 2946 2103 suSIineat,
2978 2039 3172 2094 beatus
3203 2049 3383 2096 tamen
3413 2051 3497 2096 est
3525 2042 3640 2098 suis

2034 2126 2303 2192 moribus,
2335 2128 2525 2183 beatus
2558 2129 2689 2199 ipsis
2719 2130 2983 2201 periculis
3007 2173 3020 2197 ,
3050 2132 3191 2187 sicut
3217 2133 3480 2189 Dominus
3503 2133 3641 2189 deli-

2035 2220 2172 2276 nivit
2191 2222 2376 2277 dicens
2396 2240 2409 2276 :
2433 2221 2584 2278 Beati
2604 2225 2690 2294 qui
2714 2227 3113 2295 persecutionem
3133 2227 3404 2300 patiuntur
3425 2239 3640 2301 propter

2024 2312 2290 2384 justitiam
2325 2312 2500 2384 (Matt.
2535 2331 2590 2381 ν,
2633 2316 2746 2387 IO).

2105 2403 2198 2459 29.
2245 2405 2340 2460 list
2370 2422 2502 2473 ergo
2546 2407 2700 2463 beata
2729 2409 2837 2466 vita
2873 2411 2927 2466 in
2957 2410 3306 2480 hominibus,
3339 2413 3435 2469 sed
3467 2413 3519 2469 in
3552 2412 3640 2470 bis

2035 2496 2249 2552 scilicet
2277 2497 2328 2551 in
2348 2498 2547 2569 quibus
2566 2499 2732 2556 fuerit
2754 2502 2998 2574 perfecta
3027 2504 3159 2560 vita.
3191 2505 3432 2562 Perfecta
3458 2514 3640 2562 autem

2035 2589 2145 2644 vita
2176 2604 2283 2644 non
2317 2591 2593 2647 sensibilis
2625 2593 2725 2648 ista
2746 2636 2759 2659 ,
2793 2595 2890 2650 sed
2934 2595 3024 2650 illa
3067 2597 3416 2652 rationabilis
3444 2612 3642 2654 Secun-

2034 2681 2164 2736 dum
2198 2686 2580 2740 tractationem
2622 2687 2886 2754 rationis,
2929 2697 2985 2744 et
3019 2689 3219 2744 mentis
3250 2685 3636 2747 vivacitatem:

2035 2775 2094 2830 in
2124 2791 2235 2847 quo
2263 2792 2371 2832 non
2411 2787 2494 2833 est
2539 2781 2716 2848 portio
2753 2779 3029 2849 hominis,
3079 2782 3179 2838 sed
3211 2783 3474 2853 perlectio
3518 2799 3642 2854 qua:

2036 2885 2144 2925 non
2181 2880 2288 2924 tam
2316 2879 2402 2926 est
2433 2870 2487 2926 in
2517 2871 2836 2930 cenditione
2867 2874 3134 2940 hominis,
3166 2881 3328 2946 quam
3357 2876 3412 2931 in
3446 2891 3644 2948 opera-

2037 2961 2208 3017 tione.
2245 2962 2320 3018 Ea
2354 2964 2499 3019 enim
2538 2964 2757 3020 beatum
2792 2967 2939 3022 facit.
2986 2967 3123 3023 Iluie
3168 2969 3335 3040 igitur
3358 2970 3482 3024 viro
3509 2969 3641 3040 quid

2035 3065 2119 3112 est
2143 3057 2372 3123 bonum,
2424 3057 2531 3113 nisi
2570 3058 2689 3128 ipse
2719 3058 2823 3114 sibi
2856 3059 2998 3130 quod
3033 3060 3232 3127 habet,
3283 3069 3337 3116 ct
3381 3061 3538 3116 adest
3586 3062 3638 3118 ei

2035 3150 2139 3205 hoc
2171 3149 2370 3204 bonum
2393 3191 2410 3217 ,
2445 3160 2500 3206 et
2531 3166 2694 3207 causa
2739 3152 2788 3206 ei
2837 3153 2940 3206 erit
2971 3151 3276 3207 futurorum
3331 3152 3641 3210 bonorum?

402 3252 473 3304 sis
510 3267 541 3304 a
579 3249 782 3306 C/trista
823 3269 1162 3324 separemur,
1211 3269 1328 3307 cum
1373 3251 1481 3306 illis
1524 3269 1626 3306 non
1666 3252 1931 3306 minuatur
1957 3249 2003 3314 C
2039 3252 2113 3306 De
2163 3250 2270 3306 Iioc
2312 3251 2458 3306 bono
2505 3251 2640 3305 dixit
2688 3249 2994 3306 Salomon:
3033 3249 3159 3306 Bibe
3197 3267 3383 3321 aquam
3423 3250 3489 3306 de
3535 3250 3640 3307 tuis

402 3342 547 3397 beata
586 3345 687 3398 vita
719 3361 738 3399 .'
782 3344 984 3398 beatam
1015 3346 1153 3399 enint
1191 3347 1346 3400 vitam
1377 3345 1596 3414 reperiri
1623 3345 1677 3398 in
1709 3344 1933 3398 homini-

400 3436 525 3503 bus,
567 3437 622 3492 in
662 3439 847 3509 quibus
879 3441 1034 3511 fuerit
1065 3440 1170 3494 vita
1217 3439 1482 3510 perfecta;
1522 3448 1569 3493 et
1599 3440 1652 3493 in
1690 3454 1794 3509 quo
1822 3440 1931 3493 haec

401 3529 670 3583 consistat.
719 3529 952 3602 Denique
1011 3534 1176 3588 virum
1227 3535 1520 3604 perfectum
1571 3549 1733 3603 supra
1780 3549 1931 3590 casus

398 3643 572 3680 omnes
594 3643 657 3680 ac
682 3642 942 3681 aerumnas
966 3644 1075 3682 esse
1104 3628 1352 3695 positum.

396 3718 487 3772 9.7.
537 3718 642 3774 Sed
669 3720 772 3774 etsi
801 3736 906 3790 qua
937 3721 1287 3776 imminerent
1314 3722 1499 3793 gravia
1520 3763 1535 3788 ,
1583 3737 1926 3794 nequaquam

325 3826 426 3864 nos
455 3826 484 3864 a
515 3810 731 3868 Christo
765 3827 1023 3883 separare
1061 3812 1348 3870 deberent.
1401 3815 1511 3870 (Zur
1549 3830 1648 3869 nos
1691 3830 1790 3884 pro
1837 3814 1929 3870 IIIO

325 3919 434 3958 non
464 3905 624 3960 etiam
652 3905 785 3960 dura
815 3913 870 3960 et
895 3907 1087 3962 acerba
1119 3908 1417 3964 toleremus
1441 3949 1455 3974 ,
1495 3910 1587 3980 qui
1635 3924 1732 3979 pro
1773 3908 1930 3965 nobis

327 4006 435 4052 tam
468 3998 684 4068 indigna
719 4000 1000 4071 suscepit?
1046 3999 1285 4071 Ideoque
1326 4000 1488 4056 debet
1532 3999 1585 4056 in
1620 4000 1776 4056 nobis
1803 4015 1929 4058 esse

323 4090 592 4158 Charitas,
646 4099 704 4146 ut
758 4095 919 4147 nullis
966 4093 1218 4163 periculis
1265 4107 1583 4148 revocemur
1613 4109 1640 4145 a
1685 4092 1925 4148 Christo.

322 4181 594 4252 Seiiptum
627 4195 711 4240 est
737 4188 882 4240 enim
910 4203 924 4238 :
955 4184 1102 4258 Aqua
1124 4189 1285 4240 multa
1311 4185 1590 4241 excludere
1616 4204 1716 4241 non
1742 4188 1928 4258 poterit

322 4276 655 4343 citaritatem,
704 4288 752 4333 et
804 4279 1024 4350 ﬂumina
1075 4296 1178 4334 non
1223 4279 1531 4333 concludent
1581 4295 1693 4334 eam
1740 4278 1924 4353 (Cant.

322 4385 450 4436 vni,
481 4370 582 4440 7);
634 4371 757 4441 quia
807 4382 1106 4428 torrentem
1155 4374 1346 4429 transit
1398 4372 1580 4428 anima
1627 4372 1924 4444 diligentis.

321 4463 479 4519 Nulla
512 4474 829 4535 tempeSIas,
856 4467 1061 4521 nullum
1096 4467 1420 4537 profundqu
1455 4467 1773 4538 periculum,
1807 4466 1928 4521 IIIII-

324 4558 406 4612 Ius
437 4565 611 4613 terror
637 4562 826 4614 mortis
855 4569 949 4616 aut
979 4576 1152 4631 pinna:
1184 4562 1290 4615 vim
1322 4561 1603 4616 charitalis
1630 4559 1920 4614 imminuit.

2034 3344 2194 3410 vasis,
2218 3354 2265 3398 et
2293 3345 2356 3397 de
2384 3355 2656 3413 puteorum
2686 3352 2892 3397 tuorum
2916 3342 3164 3412 fontibus.
3193 3342 3527 3414 Super/luant
3545 3341 3639 3398 tibi
3675 3341 3678 3343 λ

2033 3451 2180 3507 aqua:
2205 3437 2267 3490 de
2295 3445 2383 3491 tuo
2415 3436 2557 3506 fonte
2583 3453 2603 3490 :
2632 3435 2687 3490 in
2724 3446 2840 3490 tuas
2882 3444 3050 3488 autem
3082 3435 3280 3507 plateas
3309 3434 3633 3492 discurrant.

2034 3530 2157 3588 Sint
2199 3531 2288 3585 tibi
2331 3531 2429 3585 soli
2465 3531 2775 3603 constitutio,
2809 3540 2856 3584 et
2877 3547 3022 3585 nemo
3051 3531 3252 3585 alienus
3274 3529 3531 3602 particeps
3569 3529 3638 3585 sit

2033 3627 2143 3681 tibi.
2168 3627 2313 3681 Fons
2329 3643 2476 3697 aqua:
2493 3636 2592 3681 tua:
2613 3627 2679 3682 sit
2703 3626 2794 3680 tibi
2810 3626 3050 3699 proprius
3071 3623 3260 3698 (Prov.
3285 3641 3342 3691 v,
3363 3626 3430 3681 17
3450 3635 3496 3680 et
3517 3624 3632 3697 18).

2032 3717 2204 3774 Utere
2235 3719 2397 3789 igitur
2426 3719 2645 3776 interno
2673 3718 2818 3774 bono
2844 3726 2957 3774 tuo.

2104 3811 2196 3867 50.
2239 3811 2635 3867 TestimOnium
2681 3822 2858 3868 autem
2912 3811 3040 3866 boui
3095 3810 3256 3882 hujus
3302 3809 3631 3878 maximum,

2035 3905 2292 3974 quoniam
2325 3903 2419 3975 qui
2463 3905 2653 3972 habet,
2701 3903 2803 3959 alia
2847 3919 2952 3960 non
3004 3906 3253 3976 requirit.
3301 3903 3444 3972 Quid
3485 3905 3628 3961 enim

2034 3997 2312 4068 requirat,
2341 3997 2432 4068 qui
2463 3995 2719 4052 inferiora
2750 3997 3020 4068 despicit?
3047 3996 3512 4053 Pratstantissimo
3536 4012 3634 4053 au-

2036 4102 2144 4146 tem
2181 4091 2443 4146 inhaereat
2463 4130 2478 4152 ,
2506 4089 2649 4144 sicut
2679 4090 2941 4157 scriptum
2973 4098 3058 4146 est
3089 4108 3102 4146 :
3143 4090 3333 4145 Cervus
3362 4091 3628 4160 amicitiw,

2029 4193 2078 4238 et
2100 4183 2274 4255 pullus
2301 4181 2589 4255 gratiarum
2609 4181 2968 4253 confabuletur
2997 4182 3088 4236 tibi
3117 4180 3308 4255 (Ibid.,
3341 4180 3450 4254 I9).
3481 4181 3633 4239 Ami-

2029 4277 2154 4333 citia
2194 4285 2376 4331 autem
2419 4275 2695 4347 praecedat
2725 4287 2810 4342 te,
2839 4284 2894 4331 et
2924 4291 3029 4331 una
3068 4276 3141 4332 sit
3185 4287 3362 4332 tecum
3395 4277 3450 4332 in
3481 4277 3631 4334 omni

2027 4379 2292 4440 tempore.
2338 4369 2485 4424 Bona
2530 4369 2678 4425 enim
2719 4369 2979 4424 virtutum
3017 4367 3294 4435 amicitia,
3339 4379 3394 4425 et
3429 4371 3630 4428 summi

2029 4463 2154 4518 boni
2197 4462 2464 4518 cliaritas.
2506 4460 2656 4517 Nihil
2705 4461 2890 4532 itaque
2920 4461 3069 4518 aliud
3114 4464 3308 4531 quatrit
3355 4464 3632 4534 perfectus

2027 4557 2140 4624 ille,
2169 4559 2270 4612 nisi
2303 4559 2482 4613 solum
2509 4568 2564 4612 et
2594 4558 2917 4627 praeclarum
2948 4557 3174 4612 bonum.
3201 4556 3354 4613 Unde
3375 4569 3430 4614 et
3459 4557 3627 4615 dicit:

322 4651 380 4707 lit
416 4653 496 4707 his
526 4655 670 4710 enim
704 4655 1036 4725 probamur,
1092 4656 1144 4711 in
1172 4653 1339 4730 454
1368 4656 1450 4712 his
1475 4657 1632 4712 beata
1665 4641 1775 4712 vita
1804 4667 1916 4723 εει,
1944 4643 2001 4706 Ι)
2029 4652 2200 4710 Unam
2233 4653 2356 4723 petii
2383 4670 2415 4706 a
2439 4652 2684 4713 Domino,
2710 4653 2844 4706 hanc
2864 4653 3166 4721 requirunt;
3197 4653 3558 4708 utin/rabitem
3576 4653 3632 4709 in

321 4745 532 4800 etiamsi
565 4749 746 4804 multis
773 4749 1030 4819 periculis
1061 4749 1376 4806 inundetur.

391 4839 482 4894 28.
524 4839 642 4896 Non
685 4842 828 4898 enim
873 4843 1139 4916 frangitur
1168 4854 1194 4881 ιι
1236 4842 1455 4914 sapiens
1491 4843 1773 4900 doloribus
1801 4859 1922 4900 cor-

320 4934 491 5002 poris,
519 4949 615 4990 nec
643 4946 868 4992 vexatur
898 4937 1258 4993 incommodis
1283 4957 1296 4992 :
1323 4937 1417 4992 sed
1450 4939 1614 4998 etiam
1641 4938 1697 4993 in
1728 4954 1924 4994 atrum-

321 5027 405 5083 nis
457 5029 649 5088 beatus
705 5042 905 5088 manet.
957 5033 1146 5106 Neque
1193 5034 1336 5090 enim
1394 5033 1629 5090 adversa
1673 5033 1928 5106 corporis

395 5223 420 5291 ξι
451 5215 590 5291 Qua:
621 5216 827 5291 ultimis
857 5219 942 5275 his
980 5218 1192 5277 duobus
1221 5219 1494 5291 capitibus
1525 5217 1811 5291 traduntur
1852 5216 1922 5274 de

320 5284 581 5360 felicitate
608 5290 888 5358 sapientis,
922 5308 982 5346 ea
1013 5308 1118 5346 non
1145 5284 1321 5348 solum
1350 5291 1676 5346 Christiana:
1704 5290 1922 5360 religio-

320 5358 406 5429 nis
450 5360 716 5420 dogmatis
755 5365 1028 5429 nituntur,
1076 5381 1261 5419 verum
1309 5365 1471 5417 etiam
1522 5363 1754 5416 maxime
1797 5358 1916 5414 eum

273 5483 280 5490 _
320 5427 765 5503 leII0~tIphttl‘lllll
796 5427 1383 5503 placitisrconveniunt.
1415 5435 1476 5489 Hi
1511 5435 1710 5503 quippe
1744 5434 1917 5486 beati-

322 5502 560 5576 tudinem
591 5500 644 5556 iu
675 5500 919 5572 corporis
944 5510 1254 5563 externisve
1285 5508 1474 5568 bonis,
1503 5500 1623 5576 qui!
1648 5500 1721 5559 ne
1750 5507 1918 5576 hono-

318 5585 439 5626 will
471 5574 685 5640 quidem
711 5615 727 5642 ,
769 5578 864 5633 sed
907 5588 1112 5632 tantum
1144 5574 1553 5634 eomntodoruiii
1587 5578 1807 5632 nomine
1835 5574 1922 5630 di-

318 5656 552 5718 gnantur
600 5646 813 5714 Stoici,
871 5651 1280 5718 haudquaquam
1335 5653 1636 5718 consistere
1691 5649 1919 5702 mirilice

319 5714 806 5793 demonstrantmc
825 5714 1048 5793 proinde
1074 5714 1190 5778 sive
1217 5725 1330 5793 ipsa
1363 5714 1562 5786 adsint,
1581 5723 1694 5775 sive
1715 5721 1916 5784 absint,

317 5789 542 5864 perinde
569 5802 707 5864 esse
744 5792 824 5864 ad,
856 5789 1278 5861 beatitudinem,
1322 5807 1444 5864 quze
1485 5809 1592 5848 una
1635 5793 1690 5848 in
1723 5793 1921 5864 virtute

317 5858 492 5929 posita
538 5859 627 5917 sit.
677 5862 909 5923 Pulchre
939 5878 1105 5934 sane,
1135 5867 1237 5923 nisi
1266 5858 1588 5924 doctrinam
1621 5879 1772 5921 suam
1819 5862 1920 5936 ipsi

2026 4749 2181 4803 domo
2206 4746 2416 4802 Domini
2437 4763 2611 4802 omnes
2639 4747 2748 4802 dies
2771 4747 2890 4802 vita:
2919 4762 3076 4812 mete,
3104 4757 3150 4802 et
3180 4747 3382 4802 uideam
3407 4749 3632 4802 delecta-

2027 4847 2217 4900 tionem
2243 4841 2456 4897 Domini
2489 4841 2664 4914 (Psal.
2691 4859 2843 4907 xxvi,
2867 4842 2947 4914 4).
2979 4841 3163 4913 Neque
3190 4857 3321 4898 vero
3343 4857 3468 4897 eum
3493 4850 3630 4896 tam-

2027 4953 2188 5010 quam
2237 4945 2525 5008 angustum
2577 4938 2904 5005 in0pemque
2955 4934 3242 5001 fastidias,
3291 4933 3416 5006 quia
3465 4933 3630 4991 unius

2029 5030 2161 5087 boni
2206 5029 2359 5084 velut
2403 5027 2644 5084 solitaria
2687 5027 2954 5084 societate
2982 5035 3273 5082 contentus
3315 5025 3406 5082 sit.
3455 5023 3630 5094 Hujus

2028 5214 2284 5271 doctores
2311 5212 2476 5268 animi
2499 5220 2711 5269 tumore
2727 5222 2888 5284 atque
2904 5212 3208 5284 arr0gantia
3232 5210 3623 5282 corrupissent,

2028 5297 2084 5342 et
2112 5295 2288 5342 semet
2316 5285 2420 5339 vita
2451 5285 2670 5340 dissona
2711 5287 2874 5341 etiam
2914 5287 3058 5347 suis,
3095 5295 3216 5354 puta
3250 5285 3624 5356 Aristophani,

2029 5359 2268 5415 Luctanu
2293 5371 2341 5414 et
2372 5357 2514 5420 aliis,
2543 5357 2796 5412 ridendas
2827 5360 3223 5427 propinassent.
3248 5356 3304 5412 Si
3335 5371 3421 5412 cui
3447 5366 3627 5411 autem

2027 5432 2243 5488 libuerit
2278 5428 2418 5483 hanc
2441 5430 2705 5483 tlm-lritta’
2745 5435 3185 5494 COIISCIISIOIiem,
3211 5432 3277 5482 de
3306 5445 3411 5498 qua
3456 5428 3630 5496 Inqui-

2025 5519 2170 5566 mur,
2209 5502 2420 5570 plenius
2446 5515 2797 5571 cognoscere,
2832 5505 2966 5571 tegat
2999 5506 3292 5556 secundam
3323 5515 3386 5554 ac
3413 5499 3630 5571 tertiam

2025 5573 2229 5642 Qua-st.
2261 5573 2422 5628 Tusc.
2447 5570 2751 5635 Ciceronis,
2779 5574 2872 5626 sed
2891 5570 3014 5640 pra:
3042 5575 3256 5628 ca'teris
3280 5573 3543 5642 quintani,
3569 5570 3626 5626 in

2023 5641 2125 5715 qna
2161 5646 2536 5714 pereleganter
2561 5643 2800 5698 ostendit
2826 5647 3065 5707 uirtutem
3089 5646 3158 5698 ad
3181 5642 3325 5698 beate
3353 5641 3628 5696 vivendum
3709 5683 3714 5685 -

2023 5718 2146 5771 satis
2171 5733 2337 5787 posse.
2362 5715 2514 5784 Quod
2540 5726 2918 5785 argumentum
2948 5715 3118 5787 magis
3139 5715 3529 5782 compendiose
3556 5715 3628 5770 ab

2023 5790 2219 5858 eodem
2251 5798 2512 5844 ll'uClullll'
2556 5790 2708 5842 ineo
2738 5788 3020 5856 paradoxo
3063 5787 3217 5858 cujus
3260 5789 3454 5844 lemma
3495 5793 3623 5846 est:

2021 5857 2137 5918 ’⁷Οτι
2159 5863 2411 5939 αὐτάρκης
2442 5863 2470 5920 ἡ
2499 5863 2655 5937 ἀρετὴ
2680 5862 2809 5938 πρὸς
2831 5857 3170 5936 ιεῦδαιμονὶαὒ.
