4066 6360
578 285 680 342 6H

1935 279 2180 350 SANCTI
2221 249 2546 348 tuaaosu
3803 273 3886 334 sit

579 407 724 462 etim
756 403 990 460 amicitia
1021 400 1384 460 circumdatus
1403 441 1416 468 ,
1465 399 1735 472 plurimus
1761 399 1884 456 erit.
1917 399 2172 460 Abumlat
2201 403 2254 474 Α
2281 405 2390 454 tate
2421 394 2704 470 corporis?
2733 394 2940 468 Negare
2963 409 3070 452 non
3097 405 3406 466 possumus
3427 387 3584 462 quod
3611 385 3886 446 delectetur

580 498 724 554 enim
753 494 1063 568 hujusmodi
1105 496 1221 552 viro
1250 493 1314 548 ad
1348 491 1739 548 beatitudinem
1768 499 1824 546 et
1863 491 1928 548 ad
1963 505 2178 560 posses-

581 590 792 644 sionem
841 588 997 654 boni;
1041 597 1092 642 et
1139 585 1259 642 ideo
1307 585 1440 640 nihil
1490 583 1636 640 aliud
1687 582 1986 640 desiderat.
2015 583 2178 658 455

579 681 722 736 Nihil
751 682 894 736 enim
925 679 1078 750 quasi
1109 693 1307 740 novum
1333 686 1636 754 exspectat,
1667 677 1758 748 qui
1785 679 1964 734 ontnia
1991 677 2176 734 habet.

577 775 717 830 Nihil
750 785 830 830 est
859 775 1002 830 enim
1027 771 1156 828 bnni
1181 772 1324 844 quod
1349 787 1456 828 non
1491 771 1690 828 habeat
1716 789 1730 826 :
1762 786 1864 828 nec
1893 771 2180 842 superlluis

575 871 898 936 delaetatur,
933 867 1028 924 sed
1077 866 1444 932 necessariis,
1493 875 1546 920 et
1591 881 1657 922 eo
1701 865 1822 936 ipso
1871 865 2180 922 necessario

575 963 718 1034 quod
751 978 856 1016 non
886 960 1012 1024 sibi,
1041 959 1136 1016 sed
1169 960 1320 1016 carni
1347 959 1650 1016 adhaerenti
1681 959 1782 1013 sibi
1811 957 2178 1014 necessarium

577 1055 648 1110 sit
678 1073 691 1110 :
724 1054 882 1124 idque
913 1051 1156 1124 indulget
1188 1051 1333 1130 quod
1367 1051 1434 1108 ab
1465 1051 1748 1106 interioris
1776 1049 2014 1108 bOminis
2058 1065 2182 1122 pro-

577 1147 758 1218 posito
789 1161 892 1202 non
941 1145 1233 1214 discrepet,
1267 1144 1410 1216 quod
1437 1143 1600 1198 iaciat
1649 1153 1943 1214 utrumque
1989 1159 2176 1214 unum,

575 1249 630 1298 et
659 1239 974 1296 reconciliet
1001 1236 1322 1292 interiorem
1347 1237 1506 1308 juxta
1530 1235 1806 1292 hominem
1835 1247 1996 1308 atque
2024 1245 2178 1293 exte-

575 1336 776 1390 riorem
811 1334 944 1398 Deo,
971 1341 1032 1386 ut
1056 1330 1150 1386 fiat
1175 1331 1228 1386 in
1257 1342 1488 1402 utroque
1516 1345 1658 1386 unus
1687 1329 1926 1400 spiritus.

649 1429 739 1484 5i.
783 1415 976 1498 llujus'
1001 1425 1164 1496 igitur
1205 1425 1468 1494 prepositi
1509 1425 1591 1480 vir
1633 1439 1730 1480 nec
1761 1423 2058 1494 dispendiis
2081 1425 2181 1480 mi-

576 1521 786 1586 nuitur,
813 1537 914 1574 nec
942 1519 1188 1574 adversis
1217 1517 1482 1588 frangitur
1502 1559 1516 1582 ,
1545 1531 1647 1572 nec
1675 1516 1944 1588 repagulis
1968 1515 2182 1572 inhibe-

579 1622 688 1680 tur,
715 1627 814 1666 nec
843 1626 1064 1666 suorum
1085 1609 1473 1666 amissionibus
1495 1607 1889 1666 iitmstiﬁcatur.
1919 1609 2002 1664 Ad
2025 1609 2180 1678 cujus

577 1703 1018 1758 infurniatiooem
1089 1701 1218 1756 dicit
1295 1703 1643 1772 Apostolus:
1697 1699 1956 1756 Nolumus
2007 1709 2180 1756 autem

2289 488 2586 546 secundum
2621 500 2864 548 naturam
2885 534 2900 556 ,
2935 498 2990 546 et
3017 488 3277 544 libentius
3310 483 3560 556 areipiat
3589 498 3698 538 non
3729 481 3884 538 dolere

2291 584 2532 654 aliquid,
2565 601 2724 654 quam
2763 583 2982 648 dolere;
3037 583 3144 642 nisi
3193 582 3342 638 forte
3389 595 3498 652 pro
3547 577 3768 634 Christo
3809 593 3884 646 pro

2281 691 2410 746 quo,
2434 675 2478 732 si
2507 691 2666 732 causa
2691 685 2898 748 poscat,
2923 683 2976 732 et
2997 673 3338 732 debilitatem
3361 669 3626 746 corporis
3657 681 3878 740 prompte

2283 771 2532 841 accipiat,
2567 779 2622 828 et
2645 769 2812 848 456
2841 779 3008 828 totum
3035 783 3235 840 corpus
3275 783 3440 824 suum
3487 765 3658 822 morti
3689 761 3876 820 "ﬂerat.

2283 865 2428 922 idem
2453 877 2632 922 tamen
2655 865 2818 922 etiam
2841 877 3040 938 praeter
3059 880 3280 920 causam
3309 863 3438 920 ﬁdei
3467 869 3644 930 atque
3661 859 3883 930 justitia,
3963 859 3968 938 ς

2283 959 2328 1012 si
2357 959 2492 1016 desit
2521 961 2758 1026 sanitas,
2787 975 2894 1016 non
2925 959 3199 1018 afﬁciatur
3221 960 3438 1016 animo.
3477 970 3668 1026 neque
3697 952 3886 1024 franga-

2285 1063 2370 1108 tur
2393 1051 2583 1108 dolore
2613 1052 2858 1126 corporis
2879 1095 2896 1122 ,
2939 1053 3032 1124 qui
3075 1067 3135 1110 se
3163 1060 3348 1126 potest
3377 1050 3656 1106 virtutum
3699 1046 3882 1118 perlec-

2287 1146 2430 1204 tieue
2459 1145 2650 1202 solari.

2353 1238 2444 1296 '54.
2484 1240 2683 1310 Quaero
2723 1241 2888 1298 etiam
2935 1248 3114 1298 utrum
3159 1239 3469 1298 delectetur
3505 1234 3744 1294 liberis?
3777 1233 3882 1300 Quis

2283 1335 2424 1390 istud
2453 1335 2692 1390 abnuat?
2717 1335 2905 1406 Neque
2935 1335 3080 1392 enim
3101 1334 3272 1392 durus
3299 1341 3358 1390 et
3384 1333 3630 1398 ferreus,
3659 1329 3756 1388 sed
3785 1345 3880 1402 ρηγ-

2282 1425 2456 1482 ΐεοιιιε
2495 1428 2778 1498 quaeritur.
2823 1427 3028 1486 Tamen
3072 1437 3128 1486 et
3171 1426 3216 1484 si
3265 1425 3486 1480 amittat
3529 1423 3770 1488 liberos,
3797 1437 3880 1474 nos

2283 1522 2408 1578 ideo
2437 1523 2618 1580 minus
2659 1524 2880 1594 beatus,
2921 1526 3012 1596 qui
3061 1541 3166 1580 non
3205 1523 3330 1580 ideo
3375 1525 3566 1580 minus
3607 1521 3878 1588 perlectus.

2283 1617 2438 1686 Quod
2463 1620 2608 1674 enim
2629 1621 2950 1690 perlectum,
2973 1618 3368 1688 heatum.Quin
3398 1618 3572 1680 etiam
3597 1617 3648 1672 si
3679 1615 3878 1670 adversa

2293 1712 2510 1780 toleret,
2541 1728 2706 1784 quam
2737 1714 2782 1768 si
2809 1713 3066 1770 secundis
3095 1711 3302 1778 afﬂuat,
3335 1712 3512 1782 magis
3540 1709 3690 1770 solet
3717 1707 3876 1778 hujus-

574 1797 818 1868 iguorme
847 1812 952 1863 vos,
997 1799 1214 1868 fratres,
1249 1796 1312 1850 de
1340 1795 1750 1860 dormientibus;
1783 1805 1840 1852 ut
1869 1813 1972 1850 non
2012 1799 2182 1852 tristes
2213 1805 2260 1870 Β
2289 1805 2432 1858 modi
2479 1804 2648 1860 videri
2698 1805 2968 1876 perlectus
2999 1821 3012 1858 :
3059 1806 3312 1874 quamvis
3359 1817 3547 1874 neque
3595 1801 3674 1856 si.
3703 1801 3876 1864 desint,

574 1889 719 1954 sitis,
747 1888 881 1942 sicut
903 1897 948 1944 et
983 1889 1158 1942 σωτενὶ
1185 1889 1272 1956 qui
1299 1904 1437 1958 spem
1465 1904 1566 1942 non
1595 1889 1780 1942 habent
1808 1887 1858 1960 (1
1891 1886 2070 1944 Thess.
2101 1903 2174 1954 iv,

579 1983 702 2054 12).
737 1982 955 2036 Solatus
982 1981 1124 2036 enim
1157 1997 1218 2038 se
1261 1981 1677 2038 resurrectionis
1719 1981 1856 2046 fide,
1891 1992 1946 2036 et
1987 1981 2180 2036 futura:

575 2076 1037 2134 remunerationis
1061 2073 1266 2144 gratia,
1303 2089 1404 2130 nec
1447 2075 1640 2142 recipit
1669 2088 1731 2128 ea
1760 2082 1942 2128 mente
1973 2071 2182 2130 mtesu-

575 2170 728 2236 tiam,
772 2185 873 2240 qua
908 2168 1152 2224 adhaeret
1185 2169 1328 2234 Deo,
1358 2177 1384 2206 ει
1411 2177 1467 2224 et
1499 2168 1696 2224 divina:
1727 2167 2054 2238 praestantia:
2081 2183 2181 2222 vo-

573 2263 780 2332 luptate
832 2263 1066 2316 laetatur.
1119 2261 1220 2328 Qui
1273 2271 1452 2316 autem
1498 2261 1854 2318 cantristatur
1901 2259 2019 2326 bis,
2071 2275 2178 2314 nou

571 2355 874 2414 secundum
917 2355 1084 2411 Deum
1117 2355 1494 2410 contristatur.
1543 2354 1698 2422 Quod
1741 2365 1918 2408 autem
1955 2367 2065 2408 non
2095 2367 2182 2410 se-

570 2451 808 2506 cundum
857 2448 1053 2510 Deum,
1105 2449 1210 2502 hoc
1261 2447 1481 2518 plenum
1522 2446 1790 2504 stultitiae.
1846 2447 1893 2502 A
1939 2447 2180 2518 perfecto

571 2541 734 2614 igitur
765 2539 922 2596 abest
947 2539 1104 2610 hujus
1135 2538 1316 2592 mundi
1352 2539 1572 2594 tristitia
1593 2555 1714 2608 quae
1740 2555 1846 2594 non
1877 2537 2180 2594 secundum

574 2633 784 2696 Deum,
836 2641 889 2686 et
935 2631 1118 2686 omnis
1171 2631 1487 2686 sollicitudo
1539 2631 1846 2702 corporalis
1899 2648 2176 2688 ternorum.

575 2724 902 2796 llujusmodi
931 2723 1077 2782 enim
1109 2723 1412 2780 inductioni
1451 2725 1646 2780 mentis
1669 2734 1830 2796 atque
1861 2725 2179 2782 substantiae

575 2835 684 2874 nou
719 2828 1107 2874 annumeratur
1135 2817 1395 2874 habitudo
1431 2820 1710 2888 corporis,
1743 2827 1798 2874 et
1827 2819 2044 2890 quidam
2085 2835 2178 2876 ex-

576 2913 795 2968 terioris
841 2927 969 2968 usus
1011 2923 1252 2978 naturai,
1303 2929 1426 2970 cum
1470 2915 1632 2970 simul
1664 2913 1926 2970 adversus
1957 2913 2180 2970 delicias

573 2999 856 3074 corporis,
893 3005 1350 3077 fragilitatemque
1398 3007 1566 3078 ipsam
1601 3019 1844 3072 naturae,
1889 3006 2175 3074 orbitates,

571 3099 886 3170 dispendia,
921 3099 1306 3166 contumelias,
1343 3099 1575 3156 invictus
1611 3101 1824 3156 animus
1851 3102 2178 3158 uuilormem

2285 1913 2462 1970 neque
2485 1897 2528 1950 si
2557 1896 2738 1952 adsint
2765 1907 2994 1954 externa
3016 1895 3328 1962 commoda,
3353 1907 3448 1950 aut
3468 1896 3600 1952 laeta
3630 1895 3875 1964 corporis,

2283 1991 2548 2048 decedere
2577 1991 2866 2064 quidquam
2895 1991 3082 2050 virtuti
3103 1993 3310 2056 soleat,
3343 1991 3428 2048 vel
3463 1989 3762 2046 accedere.
3793 1986 3878 2044 Sed

2283 2087 2554 2160 plerisque
2588 2099 2694 2146 tant
2729 2087 2875 2144 laudi
2919 2087 3017 2142 luit
3061 2086 3324 2142 tolerasse
3365 2084 3602 2140 adversa
3659 2082 3872 2144 fortiter,

2282 2201 2442 2258 quam
2473 2201 2576 2240 non
2611 2183 2888 2242 incidisse.
2919 2181 3118 2240 Verum
3151 2181 3268 2238 haec
3307 2180 3498 2254 specie
3523 2177 3874 2240 aestimantur.

2285 2291 2391 2332 non
2427 2276 2688 2348 pondere.

2355 2369 2446 2426 55.
2489 2369 2624 2426 Illud
2675 2368 3036 2440 profundum,
3069 2367 3244 2424 virum
3287 2366 3500 2440 justum
3541 2363 3690 2422 nihil
3733 2363 3872 2426 velle,

2281 2461 2386 2518 nisi
2429 2462 2560 2518 illud
2591 2463 2766 2517 solum
2797 2473 2856 2520 et
2885 2461 3208 2538 praeclarum
3237 2459 3476 2526 bonum,
3523 2457 3658 2512 huic
3685 2455 3785 2512 soli
3809 2454 3870 2508 ia-

2285 2553 2534 2620 tenderc,
2563 2553 2664 2610 hoc
2697 2569 2864 2610 unum
2893 2552 2946 2608 iu
2979 2552 3136 2608 bouis
3161 2550 3365 2608 ducere
3395 2567 3410 2604 :
3451 2563 3562 2606 non
3593 2547 3744 2604 aliud
3771 2561 3868 2602 eum

2281 2649 2399 2714 illo,
2433 2648 2528 2704 sed
2559 2647 2734 2704 solum
2771 2647 2952 2718 ipsum
2983 2661 3200 2716 semper
3229 2643 3580 2706 desiderare,
3611 2641 3724 2698 hoc
3749 2641 3868 2698 dele-

2279 2741 2454 2808 ctari;
2483 2742 2568 2798 cui
2596 2741 2642 2798 si
2671 2740 2816 2802 aliud
2845 2739 3172 2814 adjungatur
3205 2737 3352 2812 quod
3382 2737 3624 2794 delectet
3655 2751 3798 2800 eum,
3825 2741 3866 2786 ut

2281 2847 2364 2890 est
2391 2835 2622 2890 ﬁliorum
2653 2833 2890 2890 suavitas
2909 2873 2926 2902 ,
2959 2848 3066 2888 non
3097 2831 3228 2887 illud
3275 2829 3578 2897 amittitur,
3613 2829 3712 2886 sed
3743 2825 3858 2882 istud

2281 2929 2614 3000 adjuagitur.
2665 2927 2783 2983 Non
2815 2929 2960 2982 enim
3005 2927 3256 2980 minuunt
3292 2923 3616 2980 accedentia
3665 2919 3864 2978 beatitu-

2281 3023 2493 3089 dinem,
2525 3039 2644 3093 quae
2675 3037 2872 3092 angere
2901 3038 3006 3076 nou
3041 3027 3302 3092 possunt;
3345 3019 3474 3090 quia
3503 3019 3732 3088 plenum
3761 3013 3862 3070 illud

2280 3124 2336 3169 et
2382 3114 2694 3170 inviolabile
2723 3124 2938 3180 manet,
2971 3114 3023 3168 in
3053 3113 3198 3184 quod
3229 3111 3411 3172 anima
3443 3125 3572 3166 sese
3615 3110 3802 3174 induit,
3823 3115 3864 3161 et

573 3192 770 3248 debeat
812 3207 1035 3248 servare
1078 3194 1467 3259 constantiam;
1499 3202 1556 3248 ut
1595 3209 1796 3264 corpus
1825 3194 2000 3262 ipsum
2032 3194 2178 3250 scin-

2285 3208 2370 3262 cui
2393 3223 2452 3264 se
2482 3209 2706 3264 inseruit
2735 3216 2788 3264 et
2810 3206 3026 3262 infudit.
3051 3206 3228 3262 Manet
3249 3221 3467 3278 semper
3493 3205 3644 3261 inter
3664 3203 3861 3258 adversa

574 3285 683 3352 dat,
707 3301 1012 3358 sensusque
1032 3299 1192 3344 exuat
1220 3289 1424 3353 carnis,
1450 3289 1540 3360 qui
1563 3287 1914 3344 beatitudinis
1943 3289 2176 3358 palmam

577 3389 762 3434 tenere
784 3379 1080 3445 desiderat,
1109 3379 1263 3452 cujus
1289 3379 1499 3436 fructus
1527 3395 1633 3436 non
1662 3381 1714 3434 iu
1743 3381 1902 3436 unius
1927 3381 2178 3452 portione

573 3474 666 3538 sit,
689 3475 783 3528 sed
811 3474 863 3528 iu
889 3474 1274 3544 plurimarum,
1299 3484 1354 3530 et
1383 3474 1427 3528 si
1463 3474 1580 3530 lieri
1615 3484 1814 3544 potest,
1851 3475 1904 3530 in
1933 3477 2178 3532 omnium

576 3566 650 3622 sit
693 3568 950 3622 virtutum
984 3569 1284 3622 consortio.

649 3657 738 3712 3:2.
783 3657 966 3714 Nescit
992 3659 1154 3730 igitur
1195 3659 1468 3729 perlectus
1493 3659 1838 3718 incommoda
1867 3661 2029 3732 hujus
2055 3677 2180 3720 cor-

575 3751 752 3823 poris,
781 3762 876 3810 aut
903 3753 1129 3808 adversa
1153 3751 1360 3819 mundi,
1395 3769 1572 3824 neque
1603 3755 1790 3829 sentit,
1823 3755 1912 3826 qui
1942 3755 2176 3810 alienum

576 3846 646 3901 ab
679 3845 986 3916 hujusmodi
1013 3856 1156 3902 metu
1191 3861 1260 3900 ne
1289 3847 1573 3915 occidant,
1606 3847 1845 3904 animum
1869 3850 2028 3920 gerit.
2059 3849 2177 3906 Non

575 3941 718 3996 enim
753 3941 860 3996 vita
895 3940 1204 4011 perfectior,
1239 3941 1284 3996 si
1317 3941 1400 3996 his
1432 3951 1650 4008 careat,
1684 3941 1978 4000 delinitur:
2012 3943 2104 4000 sed
2132 3945 2176 4001 si

576 4031 680 4089 ista
712 4043 1048 4088 contemnat.
1079 4033 1212 4090 Nam
1246 4034 1290 4088 si
1330 4033 1402 4090 ita
1444 4034 1797 4102 deﬁuiretur,
1836 4045 1892 4092 ut
1926 4051 1988 4092 ea
2033 4045 2180 4094 esset

575 4127 734 4183 beata
767 4127 902 4194 vita,
933 4144 1051 4198 quae
1079 4128 1148 4183 ab
1177 4128 1484 4199 hujusmodi
1519 4131 1738 4186 casibus
1764 4146 1960 4202 expers
1986 4145 2175 4186 vacua-

575 4235 683 4292 que
731 4221 956 4288 reperiri
1006 4229 1224 4292 posset,
1274 4224 1459 4294 utique
1511 4223 1594 4280 his
1639 4223 2022 4284 accedentibus
2073 4241 2178 4280 non

577 4320 762 4384 posset
800 4313 997 4368 beatus
1037 4315 1233 4383 aliquis
1263 4313 1495 4370 deliniri.
1532 4315 1606 4368 Ea
1641 4316 1803 4386 igitur
1839 4326 2178 4388 sequestrata

579 4415 744 4485 sunt,
783 4417 838 4464 et
877 4408 978 4462 hoc
1021 4408 1196 4462 Solum
1239 4411 1290 4462 iu
1337 4409 1698 4466 aestimatione
1731 4411 1902 4466 beatae
1932 4414 2056 4468 vita:
2099 4421 2184 4468 est

579 4501 923 4570 requisitum,
949 4509 1008 4556 ut
1037 4516 1144 4560 non
1177 4502 1230 4556 in
1261 4501 1406 4568 aliis,
1437 4502 1532 4566 sed
1559 4501 1587 4541 ι’
1619 4504 1672 4558 in
1697 4505 2042 4578 possessione
2070 4509 2182 4564 veri

2283 3309 2338 3362 et
2381 3300 2724 3358 delectabilia
2777 3300 3014 3374 perfecta
3061 3301 3272 3364 virtus;
3324 3315 3506 3374 neque
3551 3301 3778 3358 adversa
3813 3297 3862 3350 de

2281 3395 2614 3468 perfectione
2639 3395 2758 3466 ejus
2795 3395 3088 3468 quidquam
3137 3395 3408 3462 minuunt,
3441 3409 3628 3468 neque
3655 3393 3861 3450 delecta-

2281 3489 2410 3544 bilia
2455 3489 2750 3560 adjungunt
2785 3489 3126 3558 perlectioni.
3177 3487 3318 3556 Quid
3357 3488 3504 3544 enim
3535 3498 3626 3544 est
3663 3487 3798 3558 quod
3829 3485 3860 3538 is

2281 3585 2372 3654 qui
2403 3583 2470 3636 ad
2501 3599 2772 3638 summum
2799 3583 3062 3652 ascendit,
3087 3593 3179 3640 aut
3205 3582 3386 3650 damni
3419 3583 3490 3640 de
3509 3583 3736 3640 caducis
3757 3595 3856 3638 sen-

2282 3677 2400 3742 tiat,
2431 3685 2524 3732 aut
2547 3677 2983 3734 commoditatis?

2355 3770 2444 3830 56.
2487 3769 2674 3842 Neque
2704 3785 2865 3838 vero,
2899 3770 3044 3844 quod
3075 3770 3454 3844 gravissimum
3485 3770 3634 3844 apud
3679 3771 3863 3842 pleros-

2283 3878 2388 3934 que
2421 3861 2676 3930 babetur,
2703 3879 2764 3920 se
2793 3864 3050 3926 miserum
3093 3864 3321 3936 putabit,
3352 3865 3398 3920 si
3426 3863 3484 3920 in
3511 3865 3862 3933 captivitatem

2283 3958 2367 4012 vel
2394 3959 2513 4027 ipse
2541 3957 2740 4024 veniat,
2765 3959 2852 4014 vel
2871 3957 2990 4028 ejus
3013 3957 3130 4014 lilii.
3161 3958 3278 4014 Non
3299 3959 3444 4018 enim
3469 3959 3864 4018 intolerabiliter

2284 4049 2422 4104 feret
2451 4049 2594 4122 quod
2627 4048 2789 4104 habet
2829 4058 3020 4108 natura
3041 4091 3058 4118 ,
3087 4051 3174 4106 vel
3203 4051 3348 4124 quod
3387 4051 3608 4107 videtur
3637 4052 3860 4106 Domino.

2284 4141 2530 4214 Denique
2547 4141 2724 4212 justus
2755 4141 2928 4198 dixit:
2961 4141 3168 4200 Bonum
3189 4144 3391 4200 verbum
3421 4146 3565 4216 quod
3587 4147 3788 4200 locutus
3809 4153 3866 4197 est

2285 4234 2538 4290 Dominus
2567 4235 2658 4308 (IV
2685 4236 2810 4310 Reg.
2843 4252 2936 4304 xx,
2967 4237 3077 4308 19).
3107 4236 3176 4292 Et.
3205 4239 3338 4300 dixit
3365 4256 3380 4294 :
3413 4237 3542 4294 Fiat
3559 4257 3670 4312 pa;
3691 4253 3740 4296 et
3763 4239 3866 4304 ﬁdet

2283 4329 2336 4383 in
2371 4328 2548 4384 diebus
2577 4331 2702 4384 meis
2731 4329 2959 4404 (Ibid).
3009 4332 3128 4388 Non
3174 4333 3364 4404 utique
3395 4334 3582 4408 justus
3630 4337 3732 4390 iste
3759 4335 3868 4388 Eze-

2283 4421 2437 4478 chias
2476 4423 2530 4478 in
2563 4423 2705 4480 ﬁlios
2747 4423 3036 4482 deﬂexisse
3063 4442 3362 4492 aerumnam
3402 4429 3736 4500 captivitatis
3763 4443 3866 4498 gra-

2288 4516 2560 4572 tulabatur
2585 4532 2597 4570 :
2621 4515 2718 4572 sed
2741 4516 3008 4576 voluntati
3027 4518 3241 4576 Domini
3263 4519 3487 4576 obviare
3509 4537 3622 4576 non
3649 4524 3866 4590 poterat;

579 4607 632 4650 et
669 4594 826 4662 horti,
877 4593 996 4664 ejus
1036 4594 1282 4658 definitio
1316 4603 1630 4662 teneretur;
1680 4599 1934 4670 quoniam
1985 4601 2078 4672 qui
2127 4601 2180 4658 id
2207 4596 2340 4668 Det
2395 4607 2518 4662 ideo
2564 4608 2814 4664 mandata
2863 4609 2980 4684 ejus
3023 4611 3406 4682 aequanimiter
3450 4613 3784 4684 suscipiebat
3823 4619 3870 4664 ut

577 4685 764 4754 habet,
793 4685 1010 4764 despuit
1041 4698 1258 4756 czetera,
1293 4703 1394 4744 nec
1423 4689 1672 4760 requirit.

1022 4777 1030 4784 ’
1176 4778 1405 4844 CAPUT
1449 4782 1584 4840 VIII.

580 4870 882 4940 Sapientem
910 4871 982 4926 ita
1011 4872 1252 4928 delectari
1279 4874 1499 4929 sanitate
1529 4875 1758 4948 corporis
1784 4887 1874 4932 aut
1902 4877 2094 4946 liberis,
2123 4889 2180 4934 ut

649 4969 694 5024 si
719 4967 814 5024 illa
833 4969 1052 5034 amittat,
1084 4985 1188 5024 non
1219 4969 1335 5024 ideo
1371 4969 1538 5024 minus
1561 4970 1764 5026 beatum
1785 4991 1837 5028 se
1863 4985 2035 5048 putet;
2063 4993 2180 5030 cum

593 5047 596 5050 Α
649 5073 835 5136 prater
865 5081 1123 5118 summum
1156 5064 1342 5118 bonum
1383 5066 1514 5120 nihil
1538 5069 1738 5140 cupiat.
1777 5047 2034 5126 Eumdem
2061 5087 2179 5142 ergo

649 5173 800 5212 suam
836 5173 898 5212 ac
941 5175 1156 5214 suorum
1198 5160 1584 5228 captivitatem,
1629 5163 1957 5232 inﬁrmitates
1997 5181 2184 5232 corpo-

647 5265 784 5316 reus,
817 5267 878 5305 ac
917 5259 1108 5308 cratera
1136 5254 1350 5314 aduersa
1397 5269 1502 5310 non
1548 5256 1866 5325 formidare,
1909 5259 2048 5326 quod
2091 5275 2184 5314 nec

647 5343 756 5398 illis
797 5344 1100 5400 beatitudini
1131 5348 1414 5419 quidquam
1451 5347 1748 5416 adimatur,
1785 5367 1880 5404 nec
1903 5351 2185 5426 adjiciatur

649 5455 770 5510 pros
779 5455 937 5502 peris.

652 5529 741 5588 55.
782 5529 982 5599 Quer
1031 5547 1176 5590 nunc
1225 5541 1404 5590 utrum
1445 5533 1674 5614 sapiens,
1699 5535 2003 5594 delectetur
2031 5540 2180 5600 sani-

655 5675 680 5757 ῗ
720 5668 862 5757 Em"
891 5683 1176 5757 omnes,“
1201 5673 1354 5741 βτιιιοί
1389 5687 1552 5757 επιξει,⁸
1579 5682 1629 5728 et
1645 5673 1836 5730 divinat
1853 5675 2180 5757 privantia,

585 5738 852 5860 ejc.lhlss.
885 5755 1014 5862 \lrero
1045 5738 1225 5812 plures
1251 5759 1313 5802 ac
1341 5738 1685 5816 probatiores
1706 5787 1722 5815 ,
1755 5755 1802 5802 et
1830 5738 2019 5802 divina:
2049 5738 2184 5818 iier

586 5823 610 5862 ³
635 5827 698 5862 (ιη
727 5825 790 5862 ιω
813 5851 827 5862 .
860 5826 890 5862 ϐ
915 5827 965 5862 (3.

586 5823 790 5864 ﬂuitth
813 5851 828 5876 ,
860 5823 965 5865 etc.

2289 4703 2556 4758 servulus.
2588 4703 2812 4758 Accedit
2841 4703 2996 4766 illud.
3019 4706 3164 4776 quod
3187 4707 3462 4768 aestimare
3487 4718 3706 4780 poterat
3733 4720 3870 4780 posse

2287 4806 2342 4852 et
2373 4797 2425 4852 in
2472 4797 2782 4868 captivitate
2829 4799 3082 4856 meritum
3127 4801 3370 4858 eminere
3418 4799 3657 4856 virtutis.
3707 4799 3870 4872 Neque

2287 4890 2434 4946 enim
2465 4891 2646 4952 minus
2674 4889 2866 4948 beatus
2899 4889 3202 4948 Hieremias
3233 4892 3286 4952 in
3317 4893 3666 4962 captivitate,
3713 4893 3870 4946 minus

2287 4983 2448 5040 etiam
2481 4983 2685 5054 Daniel,
2731 4991 2910 5044 minus
2953 4984 3188 5050 Esdras,
3222 4986 3401 5048 minus
3433 4986 3582 5044 beati
3627 4985 3866 5048 Ananias,

2287 5073 2531 5144 Azarias,
2561 5085 2620 5132 et
2647 5077 2854 5143 Misael,
2877 5093 3038 5148 quam
3060 5077 3108 5133 si
3133 5079 3184 5132 in
3211 5077 3585 5148 captivitatem
3615 5096 3728 5134 non
3757 5077 3868 5132 inci-

2285 5171 2530 5238 dissent;
2578 5187 2699 5228 cum
2753 5170 2875 5228 ideo
2917 5171 2970 5232 in
3021 5173 3388 5244 captivitatem
3439 5173 3592 5234 ducti
3639 5173 3776 5238 sint,
3823 5179 3868 5224 ut

2285 5263 2487 5332 popqu
2527 5269 2584 5318 et
2614 5264 2904 5334 praesentia
2946 5264 3002 5324 in
3033 5265 3346 5334 captivitate
3383 5266 3610 5332 solatia,
3651 5276 3708 5323 et
3733 5281 3864 5336 spem

2285 5355 2580 5412 eradenda:
2621 5359 2954 5428 captivitatis
3003 5357 3279 5415 afferrent.
3335 5361 3568 5416 Perfeeti
3607 5361 3750 5416 enim
3795 5368 3865 5416 est

2285 5449 2389 5504 viri
2427 5459 2448 5487 ο
2481 5451 2926 5510 communitatem
2959 5463 3165 5512 natura:
3204 5461 3516 5512 sustentare
3559 5455 3725 5511 animi
3766 5453 3862 5506 vir-

2288 5550 2430 5608 tute,
2463 5553 2518 5598 et
2561 5541 2628 5604 ad
2660 5543 2886 5600 meliora
2927 5544 3234 5614 adducere;
3281 5561 3383 5608 nec
3425 5546 3778 5604 succumbere
3808 5545 3864 5600 iis

2357 5673 2404 5754 ι’-
2426 5675 2554 5754 Mss.
2589 5678 2832 5734 nonnulli
2861 5689 2917 5736 et
2935 5680 3068 5738 edit.
3101 5696 3316 5754 omnes,
3355 5683 3406 5736 in
3435 5681 3862 5754 possessionum

2287 5747 2425 5802 boni.
2453 5749 2558 5804 Alii
2585 5765 2744 5814 mss.,
2777 5791 2792 5806 .
2821 5793 2834 5805 .
2867 5793 2882 5808 .
2907 5755 3012 5810 ueri
3041 5765 3089 5808 et
3113 5753 3256 5820 boui,
3281 5747 3382 5810 etc.

2366 5831 2388 5858 ο
2431 5821 2542 5876 Hoc
2566 5831 2670 5884 est.
2697 5823 2967 5896 perfectus
2987 5828 3079 5888 vir
3107 5826 3356 5892 homines
3385 5823 3626 5898 ejusdem
3659 5824 3854 5896 partici-
