4066 6360
162 319 275 376 615

1235 316 1326 372 DE
1363 314 1577 373 JAmB
1612 313 1701 371 Εῒ
1748 309 1901 371 Vl'l‘A
1943 305 2168 370 BEATA
2209 305 2336 361 LIB.
2380 304 2423 361 l.

3358 303 3463 364 614

157 450 286 506 qua:
337 434 610 505 plerisque
661 432 921 490 terribilia
969 441 1023 488 et
1071 430 1420 492 formidolosa
1468 431 1756 488 videntur:
1789 430 1838 489 Α
1868 438 2040 492 neque
2069 423 2312 480 externis
2333 421 2540 491 seculi,
2574 422 2669 480 sed
2705 433 2725 462 ε
2761 423 2975 480 virtutis
3005 423 3321 481 domesticis
3351 442 3465 481 me-

158 527 260 583 sed
314 528 469 598 quasi
516 527 711 581 fortem
763 527 988 581 militem
1044 524 1489 596 gravissimorum
1534 538 1757 579 casuum

159 621 436 675 sustinere
467 620 736 687 incursus,
784 618 1068 675 conflictus
1097 617 1313 681 subire;
1366 627 1420 677 et
1451 616 1603 685 quasi
1639 631 1760 684 pro-

159 714 346 768 vidum
389 715 803 784 gubernatorem
840 728 1032 768 navem
1084 713 1137 768 in
1188 721 1506 781 tempestate
1546 725 1758 779 regere,

161 815 326 874 atque
361 806 698 861 occurrendo
732 805 1138 876 insurgentibus
1178 805 1460 868 ﬂuctibus,
1486 804 1656 874 magis
1687 803 1762 858 vi-

161 906 282 954 tare
311 898 648 969 naufragium
678 899 940 954 sulcando
969 899 1173 965 undas,
1220 915 1382 970 quam
1412 896 1759 956 declinando,

159 988 281 1044 Non
312 991 414 1046 iste
459 993 510 1045 in
554 991 930 1060 persecutione
959 991 1182 1060 pavidus
1203 1032 1216 1053 ,
1253 1005 1359 1044 non
1393 991 1444 1044 in
1478 989 1762 1044 tormentis

159 1081 400 1147 mollior,
437 1091 461 1118 ⁸
490 1097 555 1137 ne
577 1091 918 1154 torquentem
948 1081 1111 1156 45⁷
1131 1092 1418 1154 exasperet
1445 1101 1456 1136 :
1485 1083 1580 1138 scd
1611 1083 1760 1153 quasi

159 1173 366 1229 athleta
399 1173 588 1238 furtis,
639 1176 729 1246 qui
766 1178 1097 1245 repercutiat
1139 1177 1516 1231 verberantem
1561 1176 1606 1231 si
1656 1192 1761 1231 non

156 1267 346 1334 eicdis,
378 1279 526 1324 certe
553 1271 820 1325 sermonis
849 1269 1091 1345 ﬂagello;
1137 1271 1226 1341 qui
1258 1269 1545 1324 metuenda
1581 1271 1763 1324 multis

156 1371 427 1418 tormenta
461 1364 725 1436 despiciat
756 1365 984 1420 dicens:
1039 1365 1255 1439 Sagime
1285 1365 1564 1436 infantium
1612 1364 1766 1434 facta:

156 1467 280 1510 sunt
313 1459 482 1528 plaga:
506 1475 682 1512 eorum
712 1458 832 1531 (Ps.
864 1474 1012 1522 thtt,
1045 1458 1136 1526 8);
1171 1457 1259 1528 qui
1288 1473 1408 1511 cum
1441 1457 1764 1530 gravissimo

159 1549 285 1604 licet
318 1550 507 1605 dolore
539 1551 796 1617 luctetur,
839 1567 936 1606 nec
966 1567 1024 1604 se
1074 1549 1437 1605 miserabilem
1489 1549 1761 1616 przebcat;

161 1641 258 1695 sed
287 1641 539 1696 ostendat
572 1652 845 1712 tamquam
871 1643 922 1696 in
953 1642 1159 1696 laterna
1190 1641 1395 1705 lumen,
1426 1641 1589 1696 etiam
1623 1640 1765 1695 inter

161 1749 390 1804 asperas
418 1735 684 1802 procellas
715 1743 769 1788 et
798 1733 1148 1805 gravissimos
1187 1733 1347 1788 ﬂatus
1380 1748 1529 1787 suam
1557 1733 1759 1799 lucere,

163 1841 266 1881 nec
293 1827 564 1897 exsitingui
595 1842 755 1897 posse
781 1827 944 1881 animi
975 1829 1249 1882 virtutem.
1281 1827 1395 1881 Non
1431 1829 1532 1881 iste
1558 1827 1610 1882 in
1643 1841 1769 1881 suo-

159 1935 282 1975 rum
335 1921 548 1985 injuriis
581 1919 795 1986 mollis,
832 1936 932 1976 nec
977 1921 1044 1975 de
1075 1922 1330 1992 sepulcro
1374 1920 1641 1976 sollicitus
1685 1920 1766 1975 sui

158 2013 435 2083 corporis,
468 2015 555 2069 cui
587 2014 722 2068 sciat
749 2015 946 2069 caelum
981 2013 1163 2070 deberi
1193 2032 1204 2067 :
1240 2029 1344 2069 non
1376 2015 1426 2067 in
1457 2013 1767 2084 captivitate

159 2106 350 2161 civicae
376 2107 549 2177 plebis
577 2106 868 2176 abjectior;
898 2108 990 2163 sed
1023 2109 1159 2162 sicut
1186 2107 1348 2176 judcx
1375 2121 1618 2171 severus,
1646 2106 1768 2160 infi-

160 2199 368 2254 delium
403 2200 681 2268 perfidiam
727 2215 1051 2272 erroresque
1080 2200 1452 2256 condetnnans
1491 2207 1548 2252 ut
1582 2199 1766 2254 Daniel

162 2295 254 2363 qui
306 2295 646 2348 sacerdotum
699 2292 838 2347 furta
894 2293 1200 2364 prodebat,
1247 2301 1301 2345 et
1347 2291 1769 2361 superstitiones

162 2400 356 2440 eorum
404 2385 795 2453 redarguebat,
845 2384 1144 2439 ostendens
1187 2383 1332 2437 nulla
1370 2383 1598 2438 vii-ritate
1639 2383 1768 2437 sub-

163 2480 342 2544 nixas,
370 2479 464 2534 sed
496 2479 775 2533 fraudibus
805 2478 1174 2533 adumbratas.
1209 2476 1355 2531 Talis
1386 2476 1467 2529 vir
1495 2486 1771 2546 p05tremo

163 2579 249 2625 est
281 2571 583 2641 perfectus,
616 2576 706 2643 qui
737 2587 930 2627 omnes
959 2575 1091 2626 velit
1133 2573 1270 2626 bene
1301 2586 1495 2639 agere,
1526 2569 1772 2639 nihilque

165 2665 421 2735 cuiquam
445 2665 694 2721 accidere
724 2667 882 2731 mali;
913 2674 967 2720 et
993 2667 1038 2720 si
1063 2675 1259 2735 praeter
1287 2665 1618 2719 voluntatem
1653 2665 1770 2733 ejus

167 2758 461 2824 acciderit,
494 2761 611 2830 ipse
654 2769 835 2816 tamen
875 2761 942 2816 de
991 2761 1204 2831 propria
1257 2758 1591 2814 beatitudine
1641 2759 1772 2813 nihil

171 2852 408 2906 amittat.

242 2947 331 3002 37.
363 2947 468 3002 Sed
498 2947 636 3003 forte
665 2947 862 3018 aliquis
889 2955 1043 3017 putet
1069 2946 1446 3018 aegritudinem
1479 2955 1640 3018 atque
1673 2944 1776 3000 im-

173 3041 522 3095 becillitatcm
553 3040 803 3109 corporis
831 3041 1220 3111 impedimento
1246 3056 1369 3095 esse
1390 3040 1454 3094 ad
1486 3038 1776 3111 perfectio-

171 3132 259 3188 nis
289 3148 484 3187 munus
517 3133 878 3204 implendum;
902 3147 968 3187 eo
988 3132 1130 3203 quod
1155 3149 1260 3186 non
1291 3133 1496 3202 possint
1524 3131 1588 3186 ad
1613 3145 1776 3200 opera

1866 518 1965 572 rita
2002 533 2248 586 pensare.

1933 609 2022 664 58.
2070 608 2224 666 lllatn
2271 627 2486 682 qtioque
2530 614 2754 670 formam
2781 613 2911 682 justi
2934 629 3055 670 esse
3082 614 3202 684 quis
3223 613 3464 680 abnuat;

1863 710 1921 755 ut
1971 701 2104 756 nihil
2153 711 2378 770 metuat,
2427 703 2561 759 nihil
2612 705 2952 768 reformidet,
2985 707 3086 762 nisi
3117 709 3330 762 virtutis
3358 708 3466 762 dis-

1863 795 2096 864 pendia,
2143 795 2484 868 aliorumque
2536 815 2700 854 vanas
2751 801 3069 856 formidines
3118 803 3462 874 comprimat,

1864 904 1998 958 quas
2046 888 2282 943 habeant
2324 894 2391 945 de
2422 892 2789 960 periculorum
2817 894 3218 962 Sollicitudine,
3277 896 3468 950 mortis

1865 983 2083 1045 timore,
2111 983 2356 1052 corporis
2387 981 2730 1049 infirmitate;
2755 983 2921 1060 458
2943 996 3000 1042 ut
3026 987 3220 1042 doceat
3241 987 3465 1042 dissolvi

1864 1089 2123 1143 corpore,
2157 1084 2210 1129 et
2254 1088 2376 1129 esse
2419 1089 2542 1130 Cum
2572 1075 2792 1131 Christo
2835 1080 3006 1133 inulto
3036 1080 3258 1146 melius;
3291 1089 3348 1134 ut
3373 1096 3466 1136 os-

1866 1167 2048 1224 tendat
2079 1166 2198 1236 quia
2240 1168 2589 1238 operationes
2625 1186 2732 1226 non
2775 1173 3144 1243 impediuntur
3178 1173 3442 1229 debilitati

1864 1261 1967 1317 bus
2011 1263 2278 1333 corporis,
2309 1263 2404 1318 sed
2441 1275 2744 1334 augentur;
2775 1282 2954 1337 neque
2984 1268 3275 1338 splendore
3301 1283 3468 1339 gene—

1869 1355 1979 1418 ris,
2029 1364 2122 1410 aut
2171 1357 2592 1426 prepinquorum
2639 1359 2936 1426 subsidiis,
2980 1370 3073 1416 aut
3116 1362 3339 1431 opibus,
3375 1361 3471 1416 sed

1869 1447 2011 1502 bono
2040 1450 2485 1504 commendantur
2515 1450 2728 1506 aﬂectu.
2759 1452 2946 1524 Neque
2970 1456 3114 1510 enim
3147 1457 3324 1512 minus
3348 1459 3472 1514 bea-

1869 1550 1956 1596 tus
2000 1543 2178 1597 llelias
2229 1560 2388 1616 quam
2442 1545 2686 1617 Moyses;
2738 1563 2859 1602 eum
2907 1549 3046 1604 alter
3074 1551 3176 1605 cibi
3224 1552 3467 1622 indigus,

1871 1637 2129 1692 tnelotide
2147 1637 2258 1702 vili,
2280 1637 2396 1692 sine
2412 1639 2552 1704 filiis,
2571 1640 2686 1694 sine
2704 1651 2942 1712 sumptu,
2956 1642 3072 1697 sine
3086 1643 3284 1699 comite
3305 1663 3315 1694 :
3335 1645 3472 1700 alter

1871 1730 2052 1802 populi
2085 1730 2303 1798 ductor,
2333 1731 2487 1787 la;tus
2509 1733 2729 1800 sobole,
2760 1737 3065 1789 succinctus
3098 1735 3362 1806 potentia,
3389 1737 3472 1790 di-

1798 1839 1845 1902 Β
1876 1841 2036 1880 verso
2078 1842 2278 1896 genere
2323 1827 2577 1881 meritum
2611 1829 2818 1897 aequale
2855 1828 3233 1899 fundaverint,
3259 1832 3472 1887 sicutin

1870 1919 2168 1989 Evangelia
2214 1918 2544 1974 declaratum
2587 1931 2669 1975 est
2697 1919 2911 1987 (Matth.
2958 1939 3086 1987 xvn,
3137 1921 3213 1996 5),
3249 1923 3468 1994 quando

1869 2029 1990 2068 cum
2024 2014 2254 2072 Domino
2275 2013 2403 2069 .lcsu
2431 2015 2482 2069 in
2504 2018 2917 2072 resurrectionis
2934 2018 3104 2088 gloria
3123 2018 3474 2080 refulserunt.

1870 2107 2098 2162 Videtur
2141 2108 2284 2162 enim
2331 2123 2514 2188 parem
2561 2108 2644 2163 his
2676 2112 2828 2181 quasi
2874 2110 3090 2178 paribus
3128 2110 3317 2182 gloriae
3365 2127 3479 2168 sum

1871 2203 2100 2257 testibus
2142 2201 2360 2256 dedisse
2397 2202 2730 2258 mercedem.
2785 2202 2896 2257 Nec
2932 2203 3108 2257 minus
3141 2204 3330 2258 beatus
3373 2204 3482 2262 Eli-

1871 2309 2017 2349 sarus
2043 2310 2204 2364 quam
2257 2295 2440 2360 David,
2476 2311 2598 2350 cum
2625 2296 2764 2352 alter
2784 2297 3007 2370 regibus
3038 2297 3308 2362 subditus,
3343 2298 3483 2353 alter

1871 2388 2037 2460 rvgali
2071 2395 2337 2457 potestate
2368 2390 2644 2458 praeditus,
2674 2389 3007 2462 prophetica:
3028 2389 3477 2446 sanctificationis

1874 2481 2015 2536 haud
2048 2481 2323 2552 disparem
2356 2484 2467 2536 sint
2493 2481 2672 2555 adepti
2702 2482 2958 2554 gratiam.

1946 2577 2034 2630 59.
2068 2575 2208 2646 Quid
2242 2577 2386 2630 enim
2428 2575 2584 2631 deest
2619 2575 2668 2630 ei
2701 2577 2788 2645 qui
2820 2575 2953 2632 illud
2983 2575 3183 2632 bonum
3215 2575 3483 2648 possidet,

1873 2679 1929 2725 et
1967 2669 2125 2724 habet
2159 2669 2259 2724 sibi
2297 2685 2515 2740 semper
2552 2672 2805 2725 comitem
2839 2671 3156 2742 sociamque
3191 2667 3488 2724 virtutem?

1877 2759 1932 2815 In
1978 2777 2084 2834 quo
2121 2771 2264 2816 Statu
2297 2778 2403 2816 non
2455 2761 2898 2831 potentissimus?
2929 2760 2986 2816 In
3029 2777 3131 2832 qua
3166 2771 3487 2834 panpertate

1826 2864 1832 2870 '
1879 2871 1985 2908 non
2036 2853 2226 2910 dives?
2277 2854 2332 2908 In
2370 2870 2472 2930 qua
2516 2855 2729 2923 generis
2759 2855 3098 2926 ignobilitate
3132 2869 3238 2909 non
3270 2854 3489 2909 clarus?

1878 2947 1934 3002 In
1981 2963 2089 3018 quo
2131 2948 2243 3002 otio
2288 2962 2394 3001 non
2447 2947 2793 3002 laboriosus?
2831 2946 2886 3000 in
2937 2963 3039 3018 qua
3070 2946 3347 3002 debilitate
3379 2962 3488 3002 non

1881 3041 2144 3108 vegetus?
2169 3041 2224 3095 In
2251 3056 2355 3111 qua
2389 3040 2703 3096 infirmitate
2731 3056 2836 3095 non
2867 3039 3061 3094 fortis?
3093 3039 3148 3094 ln
3179 3056 3279 3108 qua
3306 3039 3485 3094 somni

1881 3134 2062 3202 quiete
2095 3133 2338 3201 feriatus,
2366 3149 2528 3210 quem
2566 3135 2726 3190 etiam
2761 3131 3135 3208 quiescentem
3161 3133 3330 3187 virtus
3364 3147 3491 3202 pro-

174 3243 430 3281 manuum
481 3227 586 3280 tilla
647 3227 894 3297 factaque
944 3226 1258 3298 procedere.
1316 3225 1512 3280 Verum
1564 3229 1633 3279 ea'
1675 3225 1776 3279 sibi
1807 3233 1851 3294 (ζ
1888 3227 2001 3299 pria
2047 3243 2150 3280 non
2199 3225 2494 3298 relinquit?
2529 3225 2582 3280 In
2621 3241 2723 3296 qua
2772 3224 3067 3280 solitudine
3100 3241 3204 3279 non
3236 3225 3489 3296 stipatus,

166 3321 346 3389 justus
384 3320 767 3387 impedimento
817 3333 940 3374 esse
985 3334 1090 3372 non
1127 3318 1327 3372 sentiet
1362 3335 1374 3372 :
1423 3319 1589 3373 immo
1616 3318 1778 3374 etiam

173 3429 296 3469 eum
343 3415 435 3484 qui
478 3429 540 3468 ea
575 3414 964 3468 miserabiliter
992 3412 1210 3476 deﬂeat,
1244 3411 1520 3482 corripiet,
1546 3422 1600 3466 et
1626 3411 1781 3483 quasi

175 3508 424 3577 ignavum
455 3517 664 3578 arguet,
689 3507 832 3578 quod
864 3508 987 3577 plus
1025 3509 1076 3561 in
1108 3507 1354 3575 corporis
1379 3521 1502 3572 usu,
1533 3521 1693 3576 quam
1726 3506 1778 3560 in

125 3626 128 3628 η
175 3601 340 3653 animi
372 3600 568 3654 virtute
599 3601 893 3654 constituat
920 3618 933 3655 :
963 3600 1105 3670 quod
1134 3615 1197 3654 ea
1221 3600 1416 3670 quibus
1438 3602 1660 3663 serviat,
1688 3599 1782 3655 de-

175 3693 412 3758 sideret,
447 3707 568 3746 cum
604 3693 797 3748 habeat
823 3692 963 3764 quod
993 3692 1114 3747 aliis
1150 3693 1320 3764 magis
1349 3693 1518 3762 possit
1545 3692 1736 3764 jubere
1766 3711 1780 3746 :

176 3786 318 3855 quod
347 3786 399 3839 in
431 3797 747 3856 paupertate
776 3787 1112 3857 ingemiscat,
1141 3788 1231 3857 qui
1253 3788 1422 3857 possit
1445 3804 1603 3857 supra
1630 3803 1785 3841 mun-

177 3877 231 3931 di
274 3893 408 3948 opes
450 3893 602 3945 esse;
646 3878 788 3934 lideli
835 3879 980 3933 enim
1027 3888 1170 3934 totus
1202 3879 1433 3934 mundus
1472 3879 1782 3934 divitiarum

179 3978 266 4025 est
291 3987 304 4023 :
343 3969 484 4039 quod
509 3971 902 4040 ignobilitatem
932 3970 1150 4037 deﬂeat,
1176 3973 1264 4041 qui
1290 3971 1486 4026 debeat
1508 3972 1786 4041 despicere

181 4062 356 4139 regias
394 4070 712 4131 potestates,
746 4061 1003 4139 divitibus
1050 4071 1106 4116 et
1151 4063 1464 4130 potentibus
1497 4064 1784 4130 imperare.

184 4155 312 4210 Haec
355 4157 501 4211 enim
550 4159 653 4210 vita
679 4157 834 4227 justi,
865 4157 953 4228 qui
983 4157 1144 4212 etiam
1176 4171 1308 4226 quas
1339 4156 1538 4212 habeat
1565 4157 1790 4211 faculta-

184 4257 266 4302 tes
285 4290 298 4313 ,
328 4262 644 4305 communes
673 4250 943 4304 aestimare
968 4248 1196 4315 debeat;
1231 4248 1398 4304 immo
1421 4240 1582 4304 etiam
1611 4249 1790 4321 inopi—

182 4341 284 4398 bus
311 4341 556 4398 dividere
578 4385 591 4407 ,
623 4342 944 4412 dispensare
977 4343 1331 4414 pauperibus,
1362 4341 1391 4380 ι’
1425 4342 1667 4399 recidere
1697 4357 1790 4398 vo-

185 4435 418 4505 luptates
450 4437 717 4507 pmprias,
753 4446 977 4492 tenuare
1005 4447 1302 4505 Sumptum,
1330 4435 1589 4492 adhibere
1614 4438 1791 4507 parci-

187 4529 422 4584 moniam
457 4531 850 4600 temperantiae,
886 4531 1236 4586 sobrietatem
1273 4541 1458 4586 tenere
1487 4530 1538 4585 in
1566 4547 1788 4606 prospe-

1884 3337 2045 3392 quein
2080 3321 2188 3374 vita
2221 3320 2374 3374 beata
2413 3319 2909 3389 circumdat,quem
2932 3317 3091 3372 vestit
3112 3319 3488 3388 gratia,qucm

1885 3414 2071 3483 gloria:
2114 3413 2344 3466 amictus
2390 3411 2664 3466 illustrat?
2693 3411 2810 3465 Non
2862 3409 3038 3464 minus
3065 3411 3230 3465 etiam
3257 3412 3490 3480 otiosus,

1885 3522 2049 3576 qttam
2092 3522 2214 3560 cum
2257 3519 2546 3574 operatur,
2596 3505 2816 3571 beatus;
2850 3519 2947 3558 nec
2985 3504 3162 3558 minus
3187 3503 3491 3571 dormiens,

1885 3618 2045 3672 quam
2079 3602 2322 3672 vigilans,
2351 3600 2659 3670 gloriosus;
2691 3601 2814 3672 quia
2848 3616 2953 3654 non
2988 3600 3166 3654 minus
3189 3599 3491 3664 dormiens,

1886 3710 2046 3766 quam
2091 3710 2213 3749 cum
2249 3695 2465 3762 vigilat,
2508 3693 2800 3754 incolumis
2831 3701 2884 3746 ct
2914 3707 3081 3748 sanus
3120 3701 3220 3750 est.
3253 3692 3486 3761 Quando

1887 3799 2065 3842 autem
2099 3787 2322 3842 feriatus
2350 3787 2516 3841 videri
2547 3796 2748 3857 potest,
2774 3785 2928 3855 cujus
2953 3800 3108 3840 mens
3130 3799 3345 3855 semper
3365 3800 3487 3856 Ope-

1890 3883 2074 3937 ratur?
2110 3881 2336 3949 Quando
2373 3892 2552 3935 autem
2600 3881 2782 3946 solus,
2812 3877 2836 3917 ἀ
2876 3880 2966 3951 qui
3000 3896 3121 3935 cum
3155 3879 3246 3934 illo
3277 3895 3495 3949 semper

1890 3975 2035 4029 bono
2064 3983 2169 4036 est,
2201 3973 2268 4028 de
2297 3989 2404 4043 quo
2435 3972 2512 4027 ait
2535 3971 2807 4042 Propheta
2843 3989 2856 4024 :
2892 3972 3225 4039 Replebimur
3254 3972 3307 4024 in
3351 3972 3497 4026 bonis

1893 4067 2076 4120 domus
2106 4076 2208 4121 tua:
2249 4063 2427 4137 (Psal.
2461 4081 2603 4128 wa,
2638 4063 2733 4136 5)?
2764 4063 2992 4132 Quando
3033 4063 3310 4134 abjectus,
3343 4063 3497 4134 cujus

1893 4157 2234 4213 conversatio
2279 4166 2362 4210 est
2398 4156 2448 4210 in
2487 4155 2663 4211 coelo?
2699 4155 2926 4226 Quando
2965 4173 3070 4210 non
3101 4158 3366 4224 decorus,
3404 4159 3496 4228 qui

1894 4251 1961 4307 ad
2008 4250 2153 4306 illius
2182 4249 2418 4318 decoris,
2454 4258 2509 4305 et
2537 4248 2708 4305 solius
2739 4249 2864 4305 boni
2893 4265 2953 4305 se
2981 4250 3285 4306 conformat
3312 4251 3500 4310 simili-

1893 4345 2168 4411 tudinem;
2213 4345 2301 4416 qui
2344 4344 2556 4399 etiamsi
2605 4344 2864 4399 membris
2902 4344 3110 4400 solutus
3159 4345 3268 4411 sit,
3315 4356 3498 4402 tamen

1894 4447 2076 4492 mente
2105 4452 2164 4492 se
2197 4436 2402 4506 erigat?
2433 4435 2502 4492 Et
2527 4447 2797 4506 tamquam
2821 4435 2915 4492 ille
2946 4439 3035 4508 qui
3065 4438 3272 4494 cithara
3302 4453 3500 4496 canere

1893 4531 2113 4595 solitus,
2145 4529 2190 4583 si
2220 4544 2340 4584 eam
2379 4527 2728 4600 dissipatam,
2762 4529 3018 4584 resolutis
3064 4533 3262 4598 nervis,
3291 4538 3347 4584 et
3371 4547 3503 4586 con-

188 4623 264 4676 I'is
284 4664 298 4687 ,
349 4624 660 4692 patientiam
712 4624 764 4678 in
803 4623 1079 4691 adversis,
1113 4625 1163 4679 in
1191 4624 1382 4679 dolore
1413 4626 1788 4694 tolerantiam,
1819 4633 1873 4696 Ι)
1898 4620 2122 4675 fractam
2167 4620 2399 4688 viderit,
2430 4629 2485 4676 et
2525 4636 2680 4675 nsum
2709 4620 2827 4690 ejus
2858 4620 3215 4691 interruptum
3237 4664 3251 4687 ,
3285 4623 3509 4688 abjiciat

191 4716 684 4782 magnanimitatem
745 4715 799 4770 in
864 4719 1164 4788 periculis,
1219 4717 1467 4772 sanitatis
1519 4728 1794 4787 perpetua:

193 4817 315 4861 vota
364 4811 608 4875 nescire,
649 4811 841 4864 mortis
881 4809 1217 4866 imminentis
1272 4820 1482 4865 terrore
1517 4827 1622 4865 non
1668 4827 1798 4866 con-

196 4903 338 4970 cuti,
371 4917 546 4974 neque
574 4921 697 4960 eum
741 4907 1173 4974 priestantioretn
1222 4917 1449 4976 putare,
1482 4906 1567 4964 cui
1597 4921 1792 4960 secun-

197 4997 320 5052 dum
373 5010 616 5054 naturam
662 5000 847 5064 liberi,
883 4999 1196 5070 propinqui,
1226 4999 1538 5064 salubritas,
1570 4999 1791 5067 laetitia,

197 5093 476 5149 affluentia
521 5092 980 5161 redundaverint,
1014 5109 1178 5166 quam
1227 5093 1316 5147 cui
1360 5091 1448 5150 illa
1493 5090 1788 5158 defuerint,

199 5332 290 5386 pes
309 5325 515 5370 natura:
538 5315 591 5368 in
607 5312 982 5386 communibus
998 5309 1404 5368 calamitatibus
1418 5309 1583 5366 solari
1604 5307 1793 5375 debet,

199 5384 357 5458 atque
381 5389 447 5440 ad
476 5386 744 5441 constanti
768 5401 834 5437 :m
859 5384 1120 5439 excitare.

272 5493 297 5522 ιι
337 5484 410 5538 lta
442 5481 572 5534 edit.
609 5493 798 5533 omnes
820 5493 881 5532 ac
911 5491 1042 5531 mss.
1073 5475 1340 5543 petiores;
1374 5475 1495 5529 Vat.
1533 5483 1626 5527 aut
1656 5471 1796 5530 Vict.

202 5555 352 5611 Colb.
384 5597 399 5619 ,
452 5569 514 5606 ne
564 5559 877 5618 torquentem
921 5555 1208 5616 exsuperet.
1247 5547 1449 5619 iMelitts
1505 5545 1698 5619 Long._
1729 5558 1793 5598 ac

203 5616 436 5689 Theod.,
468 5641 530 5679 ne
553 5616 834 5690 torpentem
872 5628 1196 5688 exsuperent.
1238 5617 1344 5674 Sed
1375 5617 1585 5672 il'heod.
1619 5616 1793 5689 prima

203 5717 400 5755 manu:
435 5713 561 5753 nam
589 5693 826 5750 secunda
863 5691 1023 5746 habet
1056 5699 1114 5744 ut
1139 5692 1190 5744 in
1217 5690 1400 5745 editis.

239 5784 241 5786 '
272 5771 299 5812 δ
324 5776 452 5827 Ant.
476 5763 633 5836 sua,
663 5765 890 5821 recidere
912 5760 1641 5836 voluntatcs_proprtas.__Mss.
1666 5758 1796 5824 Ἧι,

209 5842 344 5918 Big.,
373 5833 872 5913 Remigq'recederc
891 5855 922 5891 η
948 5833 1288 5906 voluptatibus
1319 5833 1562 5904 propriis.
1609 5859 1617 5864 ι

1898 4731 2043 4782 eam,
2075 4725 2235 4783 atque
2263 4715 2380 4783 ejus
2413 4728 2670 4770 numeros
2699 4729 2807 4767 non
2830 4715 3095 4784 requirat,
3115 4715 3212 4770 sed
3234 4729 3364 4768 voce
3389 4715 3505 4783 ipse

1899 4826 1966 4864 se
1988 4809 2253 4863 mulceat:
2279 4809 2349 4862 ita
2379 4816 2434 4862 et
2465 4805 2567 4862 iste
2593 4807 2856 4862 citharam
2887 4811 3132 4878 corporis
3161 4808 3244 4862 sui
3272 4807 3503 4860 otiosam

1892 4903 2078 4974 jacere
2108 4901 2366 4973 patietur,
2404 4901 2569 4955 corde
2597 4914 2657 4955 se
2683 4900 2997 4966 0|)Icclabit,
3033 4900 3190 4954 home
3218 4898 3507 4953 conscien-

1898 4996 1987 5050 tia:
2016 4994 2392 5050 recordatione
2420 4993 2698 5059 mulcebit,
2723 4993 2922 5048 divinis
2950 4992 3187 5046 oraculis
3216 5001 3270 5047 et
3291 4991 3510 5064 scriptis

1899 5089 2231 5162 propheticis
2253 5088 2555 5157 alleviabit,
2579 5104 2745 5146 suave
2769 5088 2901 5144 illud
2923 5098 2977 5144 et
3001 5087 3301 5159 jucundum
3326 5087 3510 5141 animo

1983 5319 2004 5347 ε
2041 5307 2180 5364 Edit.
2227 5323 2450 5372 omnes,
2496 5308 2704 5364 virtutis
2733 5307 3028 5364 domestica:
3062 5307 3242 5364 merita
3268 5323 3506 5377 pensare.

1909 5380 1978 5435 At
2009 5391 2195 5436 contra
2231 5396 2357 5436 mss.
2389 5396 2578 5434 onlnes
2610 5380 2888 5434 nobiscum
2922 5381 3124 5434 faciunt
3154 5395 3347 5446 magno
3379 5395 3510 5435 con-

1910 5465 2095 5507 sensu.
2140 5450 2238 5507 Hic
2282 5464 2461 5506 autem
2507 5455 2747 5506 externis
2786 5452 2969 5507 saeculi
3013 5451 3169 5508 bonis
3213 5452 3510 5507 domestica

1905 5525 2120 5578 virtutis
2151 5524 2289 5578 bona
2319 5534 2686 5594 opponuntur.

1975 5618 2003 5656 ά
2033 5615 2178 5674 Edit.
2211 5626 2322 5673 vet.
2357 5628 2412 5672 et
2459 5615 2704 5684 qnmdam
2736 5615 2908 5671 Paris.
2951 5630 3073 5671 cum
3113 5633 3244 5673 mss.
3279 5616 3506 5686 aliquot,

1907 5693 1994 5763 qui
2022 5707 2137 5745 cum
2176 5691 2268 5745 illo
2303 5704 2501 5763 semper
2531 5688 2692 5744 bonus
2719 5697 2811 5744 est.
2861 5687 3053 5746 Melius
3091 5689 3213 5745 alia:
3237 5689 3408 5746 Parii.
3443 5706 3508 5746 ac

1910 5761 2102 5832 reliqui
2128 5776 2256 5817 mss.
2283 5769 2344 5815 ut
2365 5761 2416 5816 in
2445 5768 2614 5816 textu.
