4066 6360
642 337 748 415 615

1983 316 2226 377 SANCTI
2266 314 2595 374 AMBROSII
3915 298 3985 351 ﬁli

638 463 829 512 tenens
850 494 865 519 ,
914 454 1094 506 mente
1133 444 1539 515 complectens;
1572 440 1661 497 cui
1708 437 1839 494 nihil
1870 436 2026 492 triste
2056 434 2230 506 possit
2257 446 2309 508 Α
2331 434 2505 505 gratia
2528 473 2544 499 ,
2575 439 2633 488 et
2668 429 2787 503 ipse
2811 425 2914 485 sibi
2945 423 3106 483 adsit
3134 429 3378 479 summa
3410 413 3586 472 animi
3615 411 3982 483 tranquillitate

635 546 887 603 accidere
907 582 921 609 ,
953 556 1075 598 cum
1120 552 1336 609 semper
1365 535 1417 592 ei
1448 535 1657 589 divinae
1692 530 2000 603 prazsentia:
2029 526 2235 598 aspiret

2342 526 2616 596 perfusus.

648 638 3964 697 ______________________________———-

916 770 917 773 Ν
1744 781 2098 869 LIBER
2171 778 2837 866 SECUNDUS.

1051 1053 1219 1130 459
1244 1049 1475 1109 CAPUT
1520 1044 1809 1105 PRIMUM.

632 1197 799 1253 Facta
835 1194 1142 1251 transitione
1176 1209 1209 1245 a
1251 1188 1511 1263 superiori
1554 1184 1621 1238 ad
1650 1184 1784 1237 hunc
1814 1180 2034 1245 librant,
2067 1186 2237 1233 osten-

699 1290 776 1345 dit
822 1300 1060 1344 sanctum
1093 1284 1127 1340 .1
1135 1285 1262 1340 acab
1305 1284 1463 1338 etiam
1498 1282 1552 1333 in
1592 1277 1775 1333 exsilio
1806 1275 1967 1344 fuisse
1988 1272 2190 1328 beatum
2216 1285 2236 1324 :

694 1399 757 1437 ac
776 1380 1116 1447 beatitudinis
1139 1376 1495 1445 deﬁnitionem
1524 1373 1691 1427 eidem
1710 1368 1951 1440 apprime
1970 1364 2237 1421 convenire

703 1477 1043 1532 demonstrat.

703 1614 754 1669 l.
788 1610 1085 1682 Superiore
1110 1608 1251 1666 libro
1286 1606 1355 1663 de
1384 1606 1645 1661 virtutum
1677 1600 1965 1673 prazceptis
1991 1598 2237 1667 disputa-

627 1708 808 1764 vimus
840 1725 853 1761 :
882 1703 1130 1777 sequenti
1157 1702 1425 1758 clarorum
1450 1700 1687 1754 virorum
1714 1707 1927 1752 utamur
1948 1691 2235 1763 exemplis,

626 1802 719 1873 qui
752 1801 805 1856 iii
838 1803 1066 1854 suminis
1102 1795 1359 1869 periculis
1385 1793 1547 1867 positi
1567 1789 1956 1846 beatitudinem
1983 1789 2107 1842 vita:
2130 1800 2236 1839 non

2338 1043 2540 1111 tinens,
2573 1059 2605 1099 a
2636 1042 2867 1099 luxuria:
2894 1044 3081 1100 omnis
3136 1042 3455 1099 ebrietate
3497 1038 3759 1103 sobrius,
3793 1044 3849 1092 ut
3873 1037 3961 1092 dan

2338 1136 2585 1193 laborum
2614 1138 2957 1194 absorbuerit
2980 1181 2995 1204 ,
3045 1137 3151 1193 otii
3183 1153 3409 1194 secura
3452 1132 3802 1204 neglexerit?
3823 1131 3961 1186 Noae:

2342 1230 2565 1302 pulchre
2591 1242 2647 1288 et
2679 1249 2804 1288 vere
2832 1232 2901 1287 de
2928 1233 3032 1289 hoc
3058 1233 3285 1289 dictum
3326 1241 3456 1296 est,
3491 1226 3647 1299 quod
3679 1237 3731 1283 et
3761 1225 3846 1280 hic
3866 1225 3959 1280 frat-

2343 1332 2454 1376 tum
2506 1322 2658 1376 dabit
2703 1322 2755 1377 in
2800 1332 3046 1395 tempore
3094 1339 3225 1389 suo,
3281 1322 3363 1380 de
3426 1335 3554 1392 quo
3600 1320 3957 1388 scriptuuiest;

2342 1402 2479 1471 Ecce
2515 1418 2643 1471 odor
2687 1418 2787 1487 ﬁlii
2825 1419 2923 1471 mei
2969 1428 3244 1486 tamquam
3293 1418 3455 1472 odor
3500 1416 3631 1487 agri
3684 1416 3818 1481 pleni
3854 1413 3953 1481 (Cea;

2344 1524 2520 1575 xxvn,
2548 1510 2662 1580 2'7).
2712 1510 2841 1565 Erat
2866 1513 3010 1567 enim
3046 1512 3340 1581 perfectus
3378 1511 3443 1565 in
3481 1515 3649 1564 omni
3682 1509 3816 1565 ﬂore
3844 1513 3953 1561 ritu»

2344 1613 2455 1657 tum
2476 1645 2491 1671 ,
2523 1613 2577 1657 et
2606 1620 2775 1660 sacra?
2805 1604 3209 1661 benedictionis
3246 1615 3443 1676 atque
3476 1604 3748 1660 caelestis
3784 1603 3951 1657 bratiis-

2342 1695 2484 1751 dinis
2535 1697 2816 1753 redolebat
2855 1700 3106 1770 gratiam.
3154 1699 3283 1771 Ipse
3327 1706 3432 1753 est
3468 1699 3638 1753 enim
3689 1713 3817 1768 ager
3846 1712 3945 1765 onem

2342 1787 2623 1844 benedixit
2681 1789 2985 1846 Dominus:
3022 1809 3130 1847 non
3191 1794 3302 1849 iste
3345 1801 3674 1857 terrenus,
3704 1802 3796 1845 aut
3842 1788 3947 1861 ια

629 1893 969 1957 amiserunt,
1013 1890 1107 1947 sed
1148 1890 1329 1961 p0tius
1371 1887 1762 1957 acquisierunt.
1813 1885 1895 1938 An
1958 1896 2069 1959 non
2111 1880 2240 1935 bea-
2270 1879 2317 1941 B
2347 1883 2602 1941 horridus
2622 1884 2907 1948 silvis,aut
2930 1886 3176 1957 fragosus
3201 1887 3733 1951 torrentibus,aut
3760 1886 3944 1954 palus-as

625 1993 715 2041 tus
759 1985 926 2042 Jacob
968 1985 1132 2041 etiam
1185 1999 1307 2039 cum
1358 1984 1591 2052 patriam
1641 1975 2022 2048 relinqueret?
2066 1974 2239 2029 Immo

626 2079 788 2150 plane
818 2079 1025 2145 beatus,
1056 2077 1145 2148 qui
1176 2077 1309 2131 dura
1343 2074 1521 2130 exsilii
1545 2070 1809 2140 susi-epit,
1834 2079 1895 2124 ut
1927 2066 2109 2122 fratris
2132 2067 2237 2120 mi-

627 2172 824 2243 tigaret
869 2170 1228 2227 iracundiam.
1275 2168 1409 2223 Nam
1440 2168 1486 2221 si
1515 2167 1705 2222 beatus
1736 2172 1820 2219 est
1840 2164 1930 2234 qui
1959 2169 2237 2231 peccatum

622 2265 896 2331 declinat,
945 2266 1131 2335 utique
1163 2263 1349 2332 negari
1389 2260 1585 2316 beatus
1614 2273 1737 2314 esse
1766 2273 1871 2311 non
1904 2264 2119 2324 potest,
2147 2253 2238 2323 qui

620 2348 852 2420 alterius
894 2362 1108 2432 culpam
1144 2361 1313 2425 levat,
1345 2359 1555 2413 crimen
1587 2353 1805 2409 avertit.
1852 2351 2107 2406 Paratum
2140 2349 2242 2402 ita-

621 2474 730 2528 que
758 2455 1117 2529 parricidium
1139 2452 1439 2508 declinavit
1468 2449 1669 2505 exsilio
1698 2444 2032 2505 voluntario,
2064 2455 2240 2512 eoque

623 2551 772 2606 facto
800 2548 903 2605 sibi
930 2550 1160 2602 salutem
1184 2543 1459 2617 quazsivit,
1491 2540 1645 2595 fratri
1678 2537 2047 2594 innocentiam
2071 2534 2241 2590 dona-

626 2643 725 2696 vit.
764 2639 957 2695 Merito
1008 2638 1190 2709 itaque
1233 2650 1357 2692 eum
1399 2634 1582 2689 divina
1629 2632 1827 2702 ubique
1870 2630 2123 2685 comitata
2157 2636 2242 2682 est

628 2734 823 2806 gratia,
852 2744 909 2787 ut
938 2739 1139 2787 etcum
1166 2729 1453 2793 dormiret,
1486 2728 1660 2782 beata:
1692 2726 1814 2778 vitae
1841 2738 2035 2778 munus
2055 2719 2241 2789 acqui-

631 2836 800 2883 reret.
836 2824 1068 2881 Videbat
1119 2824 1267 2880 enim
1303 2821 1609 2877 futurorum
1647 2818 1941 2892 mysteria,
1974 2825 2028 2871 et
2056 2815 2235 2870 divina

627 2923 886 2980 audiebat
923 2921 1144 2977 oracula
1192 2917 1345 2992 (Gen.
1379 2932 1568 2983 xxvut,
1598 2917 1651 2982 5,
1694 2916 1762 2970 li
1790 2924 1838 2968 et
1866 2916 2022 2983 seq.).
2057 2910 2239 2965 Bonus

629 3018 682 3073 in
736 3033 930 3074 Somno
980 3016 1302 3088 operarius,
1350 3024 1405 3069 et
1454 3013 1507 3067 iu
1552 3018 1870 3081 paupertate
1909 3007 2100 3069 dives,
2147 3004 2237 3075 qui

628 3114 985 3170 mercenaria),
1028 3114 1153 3167 vita;
1196 3124 1423 3165 mouere
1454 3116 1510 3162 et
1541 3104 1928 3177 patrimonium
1960 3111 2015 3155 et
2049 3099 2240 3167 conjuo

625 3208 771 3282 giutu
801 3209 993 3266 eodem
1021 3206 1226 3277 paravit
1255 3203 1438 3259 officio
1460 3200 1614 3263 (Gen.
1641 3197 1903 3266 xxtx,22.
1926 3197 1998 3255 ‘29
2015 3206 2061 3250 et
2077 3192 2233 3267 seq.).

2342 1976 2666 2047 pigrioribus
2692 1979 2872 2049 aquis,
2906 1977 3241 2049 aut-jejunus
3276 1978 3642 2043 frumentis,
3677 1989 3777 2033 aut.
3807 1978 3943 2031 inullis

2338 2070 2537 2124 vitibus
2561 2110 2576 2137 ,
2607 2068 2634 2107 ι)
2672 2082 2765 2125 aut
2796 2070 3079 2127 infecunda
3107 2072 3294 2139 glarea
3323 2086 3599 2126 saxosus
3624 2113 3642 2137 ,
3672 2080 3770 2125 aut
3798 2070 3940 2124 hiulcis

2342 2174 2398 2215 et
2427 2161 2613 2216 aridus
2655 2161 2898 2217 siccitate
2919 2205 2934 2225 ,
2966 2172 3059 2216 aut
3088 2166 3361 2234 sanguine
3397 2162 3730 2228 madidus,
3764 2173 3847 2216 aut
3868 2176 3939 2214 sri-

2340 2254 2483 2309 t+bus
2528 2254 2764 2310 incultus
2805 2266 2859 2309 et
2900 2254 3069 2325 spinis
3098 2274 3111 2307 :
3145 2254 3241 2311 sed
3286 2256 3385 2310 ille
3414 2271 3599 2325 ager,
3633 2255 3712 2310 de
3742 2271 3841 2327 quo
3861 2254 3939 2308 dies

2341 2347 2585 2402 Ecclesia
2618 2348 2669 2400 in
2701 2345 2980 2403 Canticis:
3014 2346 3267 2421 Adjuravi
3296 2364 3416 2410 vos,
3453 2349 3611 2418 ﬁlim
3646 2346 3935 2405 Hiﬂmles,

2340 2439 2394 2493 in
2443 2440 2711 2494 virtutibus
2750 2451 2798 2495 et
2838 2440 3226 2510 [ortitudiuibus
3262 2442 3385 2512 agri
3438 2441 3647 2511 (Cant.
3684 2458 3756 2505 ιι,
3789 2442 3856 2509 7).
3883 2441 3935 2492 lli:

2343 2549 2575 2604 namque
2606 2543 2689 2588 est
2716 2550 2868 2605 ager,
2900 2534 2970 2589 de
2998 2551 3104 2604 quo
3138 2545 3189 2589 et
3226 2535 3505 2590 Dominus
3541 2538 3631 2592 ait
3662 2556 3677 2591 :
3710 2537 3778 2591 Et
3802 2552 3932 2605 spem.

2342 2628 2455 2698 agri
2495 2644 2691 2681 mecum
2720 2637 2793 2682 est
2823 2626 2997 2701 (Psal.
3032 2643 3177 2695 χιιι,
3213 2628 3325 2699 ll).
3352 2626 3416 2682 In
3456 2629 3582 2685 hoc
3608 2646 3754 2701 agro
3781 2629 3928 2684 urailii

2342 2721 2631 2790 reperitur,
2662 2738 2781 2791 qua:
2804 2735 3061 2789 espreSsa
3084 2721 3409 2792 sanguinein
3434 2720 3618 2789 fudit,
3644 2734 3705 2778 et
3731 2722 3925 2777 mundae

2342 2814 2518 2869 diluit.
2570 2812 2624 2867 ln
2660 2814 2765 2869 hoc
2796 2829 2927 2885 agro
2956 2823 3042 2870 est
3072 2813 3203 2870 licus
3252 2816 3347 2868 illa
3378 2815 3493 2870 sub
3530 2832 3651 2883 qua
3685 2814 3848 2871 sancti
3878 2830 3925 2867 re

2342 2914 2647 2985 quiescent,
2678 2913 2943 2982 Spiritalis
2966 2915 3154 2982 gratiae
3178 2913 3465 2969 suavitate
3499 2916 3774 2970 recreati.
3794 2914 3841 2968 lo
3862 2913 3921 2965 in:

2342 3022 2471 3077 agro
2495 3016 2579 3062 est
2616 3006 2755 3061 oliva
2794 3006 2882 3059 illa
2915 3004 3228 3069 fructifera,
3262 3005 3590 3063 Dominica:
3624 3008 3803 3063 ﬂuens
3826 3005 3919 3075 parte

2344 3110 2693 3171 unguentum.
2743 3099 2799 3154 Ιιι
2851 3100 2955 3156 hoc
3000 3116 3133 3172 agro
3178 3100 3379 3156 ﬂorent
3410 3102 3917 3174 inalogranata,qu

2344 3194 2602 3262 plurimos
2632 3192 2841 3247 fructus
2872 3208 2981 3247 uno
3010 3194 3134 3248 lidei
3159 3194 3470 3249 munimine
3501 3206 3730 3266 tegunt,
3758 3204 3809 3251 et
3829 3208 3914 3264 que

625 3270 776 3358 idem
808 3302 1031 3358 fraterni
1065 3299 1294 3354 affectus
1321 3294 1705 3351 reconciliator
1731 3290 1983 3362 egregius
2009 3288 2237 3343 certavit
2264 3270 2311 3334 C
2342 3284 2464 3339 dam
2497 3284 2683 3341 fovent
2715 3286 3002 3341 cliaritatis
3026 3286 3302 3357 amplexu.

632 3395 953 3451 muneribus
997 3403 1052 3449 et
1102 3390 1381 3460 obse-quiis
1428 3386 1591 3460 (Gen.
1629 3400 1798 3448 χχχιι,
1830 3384 1897 3437 13
1918 3392 1967 3438 et
1989 3384 2152 3452 seq.);
2184 3388 2243 3434 ιιι

627 3489 1058 3559 indignationem
1101 3498 1319 3539 omnem
1369 3479 1729 3540 excluderet,
1779 3476 2022 3530 dolorem
2068 3472 2242 3528 offen-

630 3580 801 3637 sionis
830 3586 1135 3641 averteret,
1169 3574 1468 3632 ostendens
1498 3588 1558 3627 se
1588 3572 1855 3626 minorem
1897 3567 2102 3624 exsilio
2132 3582 2238 3622 non

626 3674 821 3736 fuisse.
850 3674 942 3747 qui
971 3678 1157 3744 possiet
1183 3668 1369 3742 largiri
1400 3682 1521 3739 quae
1551 3682 1658 3721 non
1686 3671 1994 3734 acceperat.

703 3768 882 3825 2.Sed
907 3766 1069 3823 nimis
1090 3764 1158 3821 ad
1187 3763 1443 3818 inferiora
1472 3774 1727 3829 propero,
1747 3766 1801 3813 et
1828 3756 2043 3811 utiliora
2067 3762 2243 3810 trans-

628 3877 822 3929 curro,
853 3876 978 3917 cum
1024 3861 1173 3931 prius
1221 3854 1592 3911 definiendum
1636 3853 1708 3905 sit
1762 3849 1889 3921 quid
1931 3848 1997 3902 sil
2026 3847 2237 3903 beatus.

628 3959 901 4028 Scriptum
943 3962 1031 4010 est
1076 3952 1223 4009 enim
1255 3968 1268 4004 :
1299 3949 1489 4004 Beatus
1524 3947 1601 4001 vir
1631 3946 1716 4016 qui
1749 3960 1850 3999 non
1878 3943 2004 3996 abiit
2033 3942 2086 3996 in
2118 3957 2241 3995 con-

628 4053 747 4108 silio
792 4050 1097 4117 impiorum,
1129 4055 1176 4101 et
1202 4044 1257 4099 in
1281 4044 1364 4098 via
1391 4049 1717 4113 peccatorum
1754 4053 1857 4091 non
1886 4035 2058 4100 stetit,
2102 4044 2149 4087 et
2187 4033 2240 4086 in

632 4141 882 4198 cathedra
926 4139 1229 4202 pestilentia:
1257 4152 1361 4191 non
1390 4134 1522 4189 sedit
1553 4130 1727 4203 (Psal.
1770 4146 1810 4197 ι,
1844 4129 1920 4192 ι’).
1955 4128 2067 4182 Hoc
2094 4126 2241 4182 Scri-

634 4246 791 4308 ptura
831 4233 1204 4304 significante,
1234 4246 1358 4287 eum
1389 4228 1609 4284 beatum
1642 4239 1787 4290 esse,
1816 4223 1988 4293 quise
2014 4237 2043 4275 a
2076 4220 2238 4290 perli-

634 4326 827 4382 dorum
861 4326 1139 4380 consortio
1168 4318 1552 4388 temperaverit
1576 4317 1663 4388 (ea
1697 4327 1781 4369 est
1809 4314 1955 4369 enim
1989 4313 2241 4380 impietas

634 4427 913 4477 auctorem
960 4419 1086 4472 vita:
1136 4425 1192 4472 et
1238 4422 1518 4483 parentem
1565 4407 1853 4479 quemdam
1903 4408 2093 4460 salutis
2132 4421 2239 4460 non

632 4528 1061 4586 recognoscere,
1108 4509 1157 4564 si
1206 4518 1232 4546 ει
1277 4506 1361 4561 vel
1394 4505 1445 4559 in
1480 4511 1704 4573 peccato
1734 4500 2032 4564 manserit,
2072 4499 2153 4553 vel
2184 4498 2239 4553 in

634 4610 855 4668 luxuria
881 4620 1042 4677 atque
1071 4603 1291 4660 lascivia
1306 4592 1786 4673 perseveraverit),
1819 4594 1997 4665 ipsum
2023 4608 2241 4664 quoque

633 4704 691 4762 in
740 4704 858 4775 lege
901 4668 1120 4756 Domini
1161 4695 1252 4751 die
1282 4668 1345 4749 ac
1378 4702 1537 4748 nocte
1569 4689 1920 4745 meditantem
1961 4684 2077 4740 fore
2109 4695 2245 4739 tam-
2270 4668 2325 4729 Ῐ)

634 4816 797 4874 quam
843 4799 1044 4871 lignum
1094 4790 1236 4865 quod
1282 4786 1433 4844 dabit
1481 4785 1715 4841 fructum
1766 4782 1821 4837 in
1855 4792 2105 4851 tempore
2145 4796 2247 4835 suo

636 4895 830 4971 (Ibid,
865 4892 903 4948 2
945 4899 995 4947 et
1035 4886 1115 4960 ὅ).
1147 4884 1445 4953 Superiora
1483 4879 1676 4936 merita
1715 4884 1841 4934 sunt
1868 4875 2240 4947 praemiorum,

636 4998 741 5048 boc
780 4986 1105 5045 meritorum
1136 4978 1441 5052 praemium.

707 5084 763 5140 3.
794 5078 935 5149 Quid
969 5076 1164 5132 borum
1188 5084 1311 5143 quae
1338 5068 1405 5125 ad
1438 5065 1692 5122 meritum
1721 5062 2073 5120 beatitudinis
2093 5076 2247 5133 spec-

633 5187 788 5241 tant,
820 5170 995 5229 defuit
1027 5176 1218 5223 sancto
1256 5161 1456 5228 Jacob,
1488 5158 1577 5230 qui
1608 5165 1817 5212 tantmn
1848 5154 2025 5211 abfuit
2051 5154 2119 5210 ab
2147 5156 2245 5209 im-

633 5274 845 5344 piorum
887 5263 1185 5324 consortiis
1210 5302 1225 5327 ,
1261 5269 1321 5314 ut
1363 5273 1432 5314 ex
1482 5271 1549 5310 eo
1579 5252 1755 5307 lidelis
1785 5252 2017 5321 p0pulus
2044 5265 2242 5305 nomen

635 5369 953 5438 acciperet,
999 5357 1171 5416 Israel
1208 5356 1387 5412 dictus
1425 5348 1581 5425 (Gen.
1626 5361 1808 5413 χχχιι,
1837 5346 1965 5419 28);
2002 5360 2070 5403 eo
2098 5346 2245 5414 quod

635 5461 805 5519 Deum
836 5455 1037 5514 mentis
1066 5454 1297 5508 interna:
1320 5446 1496 5504 oculis
1523 5443 1849 5507 intueretur,
1877 5439 2083 5509 peccati
2110 5439 2242 5495 abr-

708 5630 734 5658 ι
766 5618 840 5674 Ita
874 5632 1005 5675 mss.
1031 5628 1245 5675 omnes,
1278 5607 1381 5663 nisi
1410 5602 1553 5677 quod
1586 5597 1781 5677 vocula
1808 5597 1850 5650 si
1879 5596 2035 5653 ain-st
2061 5612 2089 5649 η
2122 5595 2241 5667 qui-

634 5670 1053 5747 but-dannEdit.
1074 5670 1212 5741 vero
1234 5670 1760 5749 clausa'parenthesi
1792 5677 1920 5749 post
1942 5684 2128 5749 vocem
2156 5684 2237 5723 re-

633 5741 943 5835 cognoscere
959 5741 1573 5835 ,WprQSequuntut"ltoc
1608 5756 1799 5835 pacto,
1845 5741 1920 5797 vel
1946 5745 2001 5799 in
2028 5750 2237 5811 peccato

636 5823 737 5890 ηοῖι
767 5823 1200 5897 ηιηιιεενιιξυει...
1227 5841 1327 5880 non
1351 5823 1770 5893 perseveraverit.

2413 3377 2468 3433 4.
2517 3379 2627 3434 ﬂos
2660 3381 2824 3448 igitur
2864 3378 3074 3434 fructus
3113 3379 3399 3435 redolebat
3431 3380 3654 3449 Jacob,
3688 3382 3779 3451 qui
3805 3382 3913 3436 Dee

2342 3490 2439 3546 per
2471 3476 2703 3544 pericula
2731 3475 3085 3544 sequebatur,
3115 3484 3169 3529 et
3192 3486 3370 3530 tutum
3398 3492 3462 3531 se
3490 3478 3627 3547 ejus
3658 3478 3911 3547 ubiquede

2342 3569 2599 3624 ductione
2636 3569 2915 3623 credebat.
2964 3567 3099 3624 Nam
3143 3568 3271 3624 licet
3296 3569 3498 3631 dulcis
3534 3583 3593 3627 et
3628 3574 3808 3628 suavis
3829 3569 3912 3623 edet

2343 3664 2413 3717 sit
2443 3662 2597 3733 agri,
2631 3661 2753 3733 quia
2783 3670 2869 3717 est
2896 3660 3033 3716 odor
3061 3670 3297 3727 natura}:
3332 3673 3523 3719 tamen
3570 3665 3629 3720 in
3661 3664 3913 3721 sanctoPa—

2345 3755 2575 3811 triarclia
2622 3756 2884 3809 virtutum
2931 3757 3175 3825 spirabat
3220 3756 3419 3826 gratia.
3470 3758 3660 3827 Quam
3692 3762 3911 3816 cantionis

2344 3861 2461 3903 erat
2489 3849 2857 3919 parcimonia,
2882 3852 2972 3920 qui
2998 3852 3177 3905 cibum
3203 3852 3304 3905 sibi
3342 3866 3608 3922 paratum
3638 3873 3746 3911 non
3767 3854 3911 3925 expeti-

2345 3944 2441 4009 vit,
2473 3943 2568 3999 sed
2600 3945 2801 4013 petenti
2833 3943 2986 3999 fratri
3014 3945 3133 4000 sine
3160 3945 3424 4001 dilatione
3467 3952 3774 4021 concessit,
3800 3966 3822 4002 a
3846 3964 3909 4017 qua:

2344 4036 2608 4108 primatus
2639 4038 3035 4095 benediCIionis
3054 4038 3437 4109 accepit(Gcn.
3468 4057 3611 4110 xxv,
3636 4044 3710 4099 50
3734 4044 3906 4111 ρειαί.ιί

2345 4131 2516 4199 Quam
2566 4130 2691 4203 pius
2726 4149 2853 4203 erga
2885 4144 3136 4202 parentes
3158 4175 3173 4201 ,
3209 4143 3266 4188 ut
3308 4134 3567 4204 praeferri
3599 4150 3909 4207 germanose—

2346 4225 2485 4279 niori
2515 4234 2761 4280 materno
2786 4225 2978 4281 affectu
3008 4236 3331 4295 mereretur,
3357 4236 3417 4283 et
3444 4242 3701 4299 paterna:
3721 4230 3909 4288 benedici

2345 4318 2511 4374 tionis
2562 4336 2792 4377 munere
2838 4330 3148 4377 sacraretur
3195 4320 3351 4391 (Gen.
3402 4338 3587 4391 xxvn,
3639 4328 3675 4381 8
3723 4336 3765 4381 et
3796 4322 3909 4393 κῆεν

2344 4412 2514 4480 Quam
2544 4412 2860 4485 religiosus,
2888 4424 2946 4468 ut
2966 4413 3187 4470 fratrem
3217 4426 3505 4471 recuSaret
3532 4417 3771 4475 laedere!
3793 4428 3909 4483 uuam

2344 4509 2709 4577 verecundus,
2742 4517 2802 4563 ut
2845 4521 3055 4579 patrem
3090 4511 3309 4565 timeret
3335 4510 3569 4568 lallere!
3599 4518 3768 4580 Quam
3794 4512 3910 4565 Ιισιιιιὶο

2346 4603 2555 4671 rilicus,
2587 4613 2645 4659 ut
2668 4604 2828 4660 matri
2856 4620 2965 4660 non
2994 4614 3182 4675 posset
3210 4605 3354 4675 quod
3382 4605 3714 4678 jubebatur,
3737 4604 3909 4678 negare!

2982 4741 3213 4799 CAPUT
3254 4742 3320 4799 II.

2351 4854 2580 4912 Excusat
2606 4869 2840 4927 parentes
2867 4858 2999 4913 beati
3026 4857 3209 4923 Iacob,
3242 4869 3289 4914 et
3314 4876 3497 4914 eorum
3528 4866 3766 4935 exemplo
3789 4877 3913 4933 quera-

2422 4950 2705 5004 admodum
2748 4952 2841 5006 alii
2874 4960 3109 5023 parentes
3140 4968 3249 5008 sese
3277 4970 3402 5026 erga
3431 4952 3626 5010 liberos
3668 4974 3829 5028 gerere
3850 4954 3910 5007 dt-

2421 5041 2592 5109 beant,
2639 5044 2805 5098 docet.
2864 5042 2995 5097 Tum
3043 5060 3135 5097 cur
3182 5046 3318 5099 idem
3354 5042 3523 5101 Iacob
3566 5049 3913 5118 viariam

2422 5135 2669 5207 mysteria
2697 5135 2839 5189 illius
2870 5135 3153 5192 benedictio
3180 5140 3456 5206 contineat,
3491 5142 3684 5207 aperit.

2423 5251 2478 5306 5.
2514 5250 2620 5307 Sed
2666 5266 2766 5305 nec
2795 5260 3049 5321 parentes
3079 5252 3234 5307 nobis
3276 5254 3573 5311 inexcusati
3624 5254 3911 5326 relinquendi

2349 5354 2507 5409 sunt,
2542 5344 2684 5415 quod
2728 5344 3003 5413 iuniorem
3038 5346 3206 5402 lilium
3249 5348 3455 5403 seniori
3486 5351 3830 5419 praetulerint.
3854 5348 3911 5404 Si.

2350 5439 2461 5494 mul
2489 5439 2813 5505 cavendum,
2831 5455 2901 5495 ne
2923 5441 3043 5511 quis
3069 5440 3197 5497 dum
3221 5458 3408 5500 eorum
3434 5444 3909 5515 intenditexemplo.

2351 5670 2363 5681 .
2418 5596 2447 5637 h
2478 5596 2607 5681 fdas.
2657 5599 2899 5681 aliquot,
2946 5602 3369 5681 autinfecundus
3405 5605 3815 5681 glas-camara.
3842 5615 3908 5659 est

2344 5671 2608 5730 incultus.
2656 5680 2765 5749 etc.
2813 5673 2998 5739 Unus,
3049 5687 3138 5729 aut
3182 5671 3492 5745 infecundus
3540 5679 3907 5749 glareis.sn.ra-

2347 5758 2435 5825 ειη
2454 5783 2469 5797 ο
2494 5752 2607 5825 ,θεο-
2649 5740 2854 5825 Οιιιιξεξδ
2879 5758 3061 5825 alliam
3095 5755 3215 5825 post
3240 5740 3426 5825 vorem
3451 5740 3701 5820 indultus,
3726 5751 3903 5813 addunt,

2351 5824 2396 5867 et
2426 5814 2609 5884 spinis,
2639 5813 2785 5884 quod
2811 5816 2865 5873 in
2891 5816 3024 5874 edit.
3058 5833 3163 5875 non
3195 5818 3488 5889 legebatur.
