4066 6360
154 295 262 352 617

1192 283 1281 340 DE
1319 280 1531 341 JACOB
1570 279 1659 338 ET
1697 277 1862 338 VITA
1899 275 2134 335 BEATA
2175 273 2306 334 LIB.
2348 275 2414 332 ll.

3354 273 3461 331 618

153 407 398 477 iniquum
439 400 581 458 inter
616 396 757 456 filios
782 397 979 456 habeat
1004 398 1295 471 judicium;
1332 407 1390 453 ut
1414 398 1646 453 alterum
1677 395 1760 450 di-
1787 391 2111 460 Adicabat,
2161 391 2305 464 quod
2363 391 2541 445 futura
2599 395 2720 444 erat
2770 384 3026 444 remissio
3077 395 3455 458 peccatorum.

156 495 438 572 ligendum
478 502 651 566 putet,
683 493 913 549 alterum
957 491 1415 564 posthabendum.
1449 490 1584 545 Hinc
1615 489 1758 543 enim

1935 484 1988 541 9.
2032 485 2159 540 Ideo
2191 484 2388 540 stolam
2413 482 2623 554 accepit
2648 480 2830 537 fratris
2849 481 2964 548 sui,
2988 480 3112 551 quia
3136 481 3294 536 senili
3327 497 3466 552 prac-

159 589 470 650 excitantur
513 583 638 640 odia
681 582 956 651 fraterna,
1015 591 1071 639 et
1130 581 1198 637 de
1253 581 1379 635 vilis
1429 580 1764 635 incremento
1863 579 2046 635 stabat
2065 579 2370 648 sapientia:
2404 577 2526 633 ideo
2544 576 2918 648 juniorfrater
2938 575 3210 631 seniorem
3234 574 3461 632 fratrem

172 680 421 746 pecunia:
486 678 689 733 facinus
752 674 1073 748 parricidale
1137 672 1494 744 componitur.
1562 670 1764 728 Eadem

168 766 352 826 foveat
407 770 612 841 prolem
662 783 914 826 mensura
965 767 1200 839 pietatis.
1255 765 1385 821 Esto
1434 771 1660 833 tamen,
1709 770 1770 819 ut

167 861 370 933 aliquid
422 863 523 918 sibi
571 860 804 932 amplius
845 862 986 918 circa
1023 857 1359 914 blandiorem
1402 867 1496 914 aut
1541 855 1769 913 similio-

171 970 291 1010 rem
344 955 516 1026 rapiat
549 953 805 1021 affectus,
863 969 961 1025 par
1009 952 1173 1010 debet
1227 952 1370 1007 circa
1421 966 1611 1007 omnes
1648 965 1771 1007 esse

169 1048 347 1104 forma
397 1048 640 1120 justitim.
701 1048 827 1104 Plus
865 1045 1145 1104 confertur
1212 1045 1453 1111 dilecto,
1509 1044 1596 1100 cui
1665 1045 1770 1100 fra-

174 1149 317 1197 trum
368 1157 520 1197 amor
554 1139 815 1213 quteritur
853 1158 867 1196 :
915 1140 1040 1212 plus
1064 1150 1246 1196 autem
1270 1138 1528 1194 adimitur
1554 1137 1605 1194 ei
1627 1177 1642 1204 ,
1681 1136 1773 1209 qui

180 1234 516 1307 prmlationis
568 1235 780 1306 injustas
826 1246 1084 1292 oneratur
1149 1234 1368 1289 invidia.
1429 1233 1776 1288 Minitabatur

173 1327 319 1384 Esau
363 1328 510 1400 quod
553 1329 778 1385 fratrem
809 1343 967 1383 suum
1003 1326 1278 1383 occideret
1305 1324 1496 1398 (lbid.,
1530 1324 1644 1394 41),
1676 1339 1776 1380 nec

173 1421 418 1478 fraterna
460 1437 584 1478 eum
619 1421 971 1493 germanitas,
1017 1435 1117 1476 nec
1160 1427 1441 1489 parentum
1475 1419 1777 1474 reverentia

177 1529 208 1568 a
250 1513 556 1583 parricidali
588 1514 775 1570 futore
809 1513 1132 1580 revocabat;
1160 1520 1216 1569 et
1238 1511 1456 1567 dolebat
1482 1511 1585 1566 sibi
1612 1510 1777 1566 bene-

179 1592 475 1664 dictionem
520 1622 644 1664 esse
691 1616 1014 1680 praireptam
1033 1649 1048 1674 ,
1077 1607 1232 1676 cujus
1259 1605 1444 1678 utique
1472 1604 1691 1676 dignum
1719 1618 1781 1660 se

181 1702 598 1759 mansuetudine
622 1702 853 1759 debebat
882 1701 1134 1773 probare,
1168 1717 1276 1756 non
1307 1699 1537 1757 scelere.

1867 673 2019 729 exuit
2043 715 2056 738 ,
2084 673 2209 745 quia
2241 672 2367 728 fidei
2394 672 2617 728 emicuit
2640 672 2925 743 dignitate.
2959 669 3110 726 Hanc
3140 671 3333 728 stolam
3368 670 3472 726 Ec-

1866 767 2047 824 clesiae
2091 777 2220 840 typo
2263 767 2509 824 Rebecca
2532 767 2791 838 protulit,
2829 775 2885 822 et
2929 765 3076 821 dedit
3118 765 3229 820 filio
3261 765 3469 836 juniori

1869 861 2066 918 stolam
2110 862 2314 918 veteris
2357 862 2734 930 Testamenti,
2763 862 2958 916 stolam
2999 860 3374 932 propheticam
3415 867 3472 915 et

1870 962 2308 1030 sacerdotalem,
2364 960 2558 1016 stolam
2611 961 2756 1015 illam
2807 959 3047 1030 regalem
3107 958 3466 1023 Davidicam,

1871 1055 2066 1112 stolam
2114 1055 2425 1112 Salomonis
2451 1096 2466 1119 ,
2523 1053 2772 1109 Ezechia:
2798 1097 2812 1121 ,
2845 1064 2899 1109 et
2944 1053 3110 1110 Josiac
3154 1068 3377 1123 regum,
3419 1061 3476 1108 et

1873 1147 2022 1205 dedit
2067 1148 2267 1220 populo
2305 1147 2648 1209 Christiano.
2681 1146 2774 1216 qui
2822 1146 2900 1201 uti
2942 1147 3139 1203 amictu
3190 1146 3358 1201 sciret
3385 1160 3478 1201 ac-

1875 1253 2076 1314 cepto;
2109 1241 2363 1312 quOuiam
2395 1239 2628 1311 populus
2675 1237 2988 1294 Judaaorum
3039 1254 3159 1293 eam
3205 1239 3324 1293 sine
3377 1253 3477 1292 usu

1879 1333 2141 1414 habebat,
2175 1341 2232 1388 et
2253 1335 2503 1404 proprios
2528 1331 2808 1387 nesciebat
2836 1341 3081 1386 ornatus.
3111 1330 3335 1386 Jacebat
3364 1330 3480 1384 htcc

1878 1431 2018 1486 stola
2043 1429 2099 1485 in
2130 1430 2320 1485 umbra
2347 1427 2556 1496 abiecta
2583 1436 2748 1499 autne
2777 1426 3045 1498 neglecta.
3077 1424 3481 1482 Obscurabatur

1882 1526 2024 1582 enim
2069 1523 2356 1580 tenebrosa
2397 1522 2692 1594 impietatis
2720 1520 2955 1593 caligine
2980 1562 2993 1586 ,
3028 1534 3127 1575 uec
3169 1521 3223 1574 in
3251 1526 3482 1590 angusto
3574 1506 3576 1509 ’

1882 1617 2050 1675 corde
2081 1615 2264 1688 populi
2294 1614 2504 1672 Judaici
2537 1615 2699 1670 latius
2731 1621 2946 1685 poterat
2974 1611 3260 1684 explicari.
3305 1609 3490 1666 Induit

1884 1724 2003 1767 eam
2054 1707 2401 1765 Chrisuianus
2454 1707 2692 1779 populus
2717 1749 2731 1774 ,
2765 1715 2820 1762 et
2865 1704 3124 1761 refulsit:
3163 1701 3492 1760 illuminavit

255 1799 310 1853 6.
340 1796 446 1854 Sed
473 1805 528 1852 et
561 1797 802 1853 Rebecw
834 1812 940 1851 non
963 1795 1118 1867 quasi
1149 1793 1318 1850 ﬁlium
1345 1794 1480 1859 ﬁlio.
1505 1791 1598 1848 80d
1623 1791 1784 1865 461
1815 1794 1864 1857 Β
1891 1819 2011 1860 eam
2055 1819 2168 1860 suae
2207 1802 2332 1857 fidei
2377 1801 2624 1858 claritate
2644 1843 2658 1866 ,
2689 1809 2746 1856 et
2790 1801 3004 1872 piarunt
3051 1801 3167 1856 luce
3198 1799 3488 1856 factorum.

182 1891 338 1961 quasi
349 1890 553 1961 justum
574 1890 898 1961 praeferebat
918 1889 1138 1960 injusto.
1159 1887 1374 1944 Etenim
1395 1884 1534 1957 apud
1555 1894 1786 1941 matrem

184 1982 330 2054 piam
347 1983 658 2054 mysterium
677 1982 882 2054 pignori
900 1979 1372 2053 praeponderabat:
1391 1979 1541 2034 illum
1555 1994 1663 2034 non
1679 1987 1787 2033 tam

186 2077 342 2134 fratri
368 2077 708 2148 praeferebat,
731 2090 891 2148 quam
913 2075 1175 2130 offerebat
1197 2074 1625 2145 Domino,quetn
1653 2073 1791 2127 scie-

185 2171 283 2229 bat
327 2171 582 2227 collatum
631 2171 736 2240 sibi
785 2185 979 2226 munus
1025 2183 1185 2240 posse
1227 2182 1482 2233 servare;
1517 2166 1571 2220 in
1605 2180 1712 2237 quo
1737 2171 1793 2220 et

187 2268 346 2325 alteri
392 2267 735 2334 consulebat,
767 2283 927 2340 quem
953 2267 1150 2323 divinae
1177 2264 1513 2324 subducebat
1538 2261 1790 2325 offensae;

187 2376 260 2419 ne
303 2363 557 2433 graviore
598 2360 968 2432 implicaretur
1006 2368 1179 2429 reatu,
1221 2360 1266 2416 si
1296 2365 1536 2430 acceptae
1563 2355 1792 2428 gratiam

190 2456 586 2514 benedictionis
612 2455 908 2513 amitteret.

191 2590 193 2592 -
268 2550 324 2606 7.
365 2550 567 2622 Accipe
588 2559 767 2606 tamen
801 2551 1003 2606 bonum
1032 2560 1316 2608 certamen
1347 2549 1491 2605 inter
1513 2555 1788 2621 parentes.

195 2643 363 2699 Mater
385 2642 592 2698 deferat
609 2642 886 2712 affectum,
901 2652 1053 2715 pater
1066 2644 1352 2715 judicium.
1371 2641 1539 2697 Mater
1557 2642 1697 2697 circa
1711 2640 1799 2711 ju—

195 2735 406 2792 niorem
439 2731 621 2792 tenera
648 2735 846 2806 pietate
871 2734 1208 2806 propendeat
1237 2753 1251 2788 :
1277 2743 1433 2805 pater
1453 2733 1598 2789 circa
1622 2730 1801 2788 senio-

197 2843 316 2886 rem
345 2838 552 2884 naturte
582 2828 1054 2884 honorificentiam
1078 2838 1284 2885 servet.
1309 2828 1407 2884 liic
1432 2827 1604 2898 magis
1630 2824 1804 2881 hono-

200 2929 316 2986 ret,
347 2920 440 2975 illa
471 2919 592 2991 plus
616 2919 809 2992 diligat
839 2937 852 2975 :
886 2920 1014 2976 dum
1048 2921 1247 2992 singuli
1278 2920 1523 2991 singulos
1551 2924 1803 2986 foveant,

202 3030 315 3071 non
358 3017 413 3070 in
459 3031 624 3071 unum
667 3024 898 3087 uterque
941 3013 1807 3088 conspirent,defraudentalte-

203 3125 346 3166 rum.
381 3119 409 3148 ιι
460 3110 580 3166 Fiat
622 3111 908 3182 aequalitas
949 3109 1094 3167 inter
1134 3109 1350 3166 diversa
1391 3110 1726 3172 certamina,
1753 3115 1809 3162 et

1888 1898 2124 1970 Agnovit
2149 1895 2303 1953 Isaac
2333 1907 2518 1952 netum
2549 1895 2776 1952 odorem
2806 1896 3024 1968 generis
3069 1897 3189 1964 sui,
3220 1910 3490 1967 recogno-

1891 1989 1969 2046 vit
1989 1990 2182 2046 stolam
2214 1987 2508 2059 Scripturte
2538 1989 2772 2055 veteris,
2795 1989 2890 2043 sed
2922 2003 3110 2045 vocem
3142 1987 3318 2059 plebis
3346 1996 3494 2044 vetc-

1892 2084 1968 2139 ris
2000 2100 2105 2139 non
2139 2081 2494 2152 recognovit;
2536 2091 2592 2137 et
2622 2081 2745 2136 ideo
2772 2081 3027 2153 cognovit
3057 2095 3179 2137 esse
3211 2089 3492 2136 mutatam.

1893 2178 2072 2234 Manet
2096 2178 2241 2235 enim
2270 2178 2540 2249 hodieque
2557 2179 2748 2233 eadem
2778 2179 2914 2232 stola
2935 2220 2950 2244 ,
2980 2177 3077 2233 sed
3105 2177 3291 2250 populi
3333 2176 3502 2232 devo-

1897 2274 2051 2330 tioris
2075 2288 2277 2331 canora
2299 2272 2465 2345 coepit
2504 2272 2666 2347 462
2709 2289 2832 2330 esse
2851 2273 3122 2330 confessio
3147 2290 3161 2339 ;
3191 2273 3501 2342 meritoque

1895 2367 2069 2425 dixit:
2111 2367 2226 2423 Vox
2262 2369 2470 2439 quidem
2507 2385 2606 2423 vox
2642 2368 2806 2423 Jacob
2837 2383 2855 2423 :
2886 2385 3070 2423 manus
3100 2378 3273 2423 autem
3316 2384 3502 2422 manus

1898 2464 2062 2520 Esau.
2122 2461 2192 2519 Et
2240 2465 2487 2518 odoratus
2540 2473 2614 2520 est
2657 2463 2867 2518 odorem
2914 2465 3334 2519 vestimentorum
3379 2465 3497 2535 ejus

1897 2558 2094 2632 (Ibid.,
2124 2559 2197 2614 2'2.
2232 2570 2279 2614 et
2323 2557 2456 2629 27).
2508 2558 2578 2615 Et
2625 2559 2857 2616 fortasse
2902 2559 3033 2615 illud
3075 2569 3192 2627 est,
3228 2560 3352 2631 quia
3393 2574 3506 2614 non

1900 2652 2156 2723 operibus
2199 2651 2594 2722 justificamur,
2624 2652 2722 2709 sed
2775 2651 2924 2719 fide;
2971 2652 3226 2723 quoniam
3271 2651 3511 2708 carnalis

1901 2742 2190 2799 infirmitas
2219 2743 2476 2813 operibus
2498 2742 2893 2815 impedimento
2914 2753 3032 2810 est,
3065 2744 3158 2800 sed
3195 2744 3319 2800 fidei
3349 2745 3514 2802 clari-

1905 2845 1988 2893 tas
2031 2839 2296 2894 factorum
2327 2839 2619 2895 obumbrat
2663 2853 2945 2907 errorem,
2975 2854 3098 2909 qua:
3137 2850 3382 2896 meretur
3423 2854 3515 2895 ve-

1908 2933 2055 2990 niant
2085 2933 2430 2990 delictorum.

2527 3066 2759 3125 CAPUT
2801 3069 2887 3124 III.

204 3203 514 3275 disparibus
539 3180 736 3261 studiis
783 3220 884 3277 par
918 3205 1136 3278 utrique
1163 3219 1228 3261 ac
1257 3204 1484 3276 aequalis
1518 3213 1800 3276 parentum

1918 3180 2042 3238 Post
2073 3181 2478 3237 benedictionem
2503 3182 2684 3253 fratris
2703 3182 2929 3248 iunioris
2951 3198 3110 3254 quare
3151 3183 3326 3239 senior
3355 3184 3507 3242 adve-

202 3311 362 3354 amor
400 3307 457 3354 et
498 3299 670 3370 gratia
699 3299 1056 3356 conferatur:
1089 3307 1414 3373 compenset
1455 3298 1632 3367 alter,
1661 3298 1808 3370 quod

203 3389 345 3446 alter
383 3391 676 3447 imminuit.
719 3391 810 3449 Sic
853 3391 944 3463 pio
991 3391 1187 3449 affectu
1218 3393 1368 3448 Isaac
1402 3390 1714 3464 patriarcha
1753 3397 1808 3445 et

205 3493 396 3540 sancta
444 3484 690 3541 Rebecca
737 3486 1051 3555 certabant,
1087 3496 1147 3543 ut
1195 3497 1446 3543 neutrum
1493 3484 1810 3541 inferiorem

205 3579 484 3647 facerent,
507 3579 606 3637 sed
639 3589 926 3653 utrumque
953 3581 1220 3652 tequalem
1255 3579 1406 3654 (Gen.
1445 3595 1592 3645 xxv,
1620 3575 1736 3651 28).

279 3674 333 3730 8.
377 3674 520 3731 Vicit
551 3683 732 3732 tamen
765 3676 857 3732 ille
887 3677 978 3748 qui
1008 3676 1403 3748 prmferebatur
1431 3676 1654 3733 oraculo
1684 3693 1698 3731 :
1732 3674 1814 3730 vi-

211 3767 287 3824 cit
350 3768 645 3840 impigritia
719 3769 1076 3836 tarditatem,
1125 3769 1489 3826 mansuetudo
1561 3768 1816 3824 duritiam

221 3859 389 3933 (Ibid.
420 3901 436 3928 ,
452 3860 571 3933 23).
602 3862 736 3917 Dum
759 3863 899 3918 alter
918 3872 1118 3919 venatu
1142 3878 1340 3933 aspero
1362 3864 1602 3934 praedam
1627 3862 1821 3932 quaerit

219 3965 490 4026 agrestem
510 3996 526 4022 ,
551 3955 641 4012 hic
666 3956 880 4011 mitium
903 3956 1056 4012 cibos
1081 3973 1292 4011 morum
1313 3999 1328 4023 ,
1351 3956 1441 4012 hic
1466 3956 1820 4013 domesticam

217 4051 479 4124 gratiam,
508 4050 599 4106 hic
644 4059 846 4108 tenera:
893 4051 1361 4116 mansuetudinis,
1397 4059 1560 4122 atque
1606 4049 1824 4120 pietatis

219 4144 312 4217 pio
340 4144 480 4217 patri
523 4143 712 4200 dulces
757 4145 949 4216 epulas
987 4145 1334 4201 ministravit.
1383 4145 1509 4200 Plus
1551 4144 1730 4216 placet
1770 4143 1824 4198 in

219 4237 419 4294 animis
457 4237 718 4310 quidquid
747 4238 1080 4304 occurrerit,
1110 4253 1273 4310 quam
1311 4237 1573 4310 quidquid
1605 4238 1827 4293 affecta-

226 4318 338 4389 tum
388 4333 662 4404 putaveris
690 4331 1069 4391 deferendum.
1102 4331 1352 4391 Accessit
1371 4333 1437 4389 ad
1464 4347 1594 4390 oves
1617 4331 1786 4389 Jacob
1808 4374 1824 4402 ,

225 4435 282 4484 et
323 4427 506 4482 attulit
548 4425 877 4484 innocentiae
917 4437 1137 4498 partus,
1181 4426 1268 4484 vel
1308 4443 1479 4484 sacra:
1517 4426 1826 4499 prophetia:

226 4534 449 4575 munera
483 4517 636 4591 (Gen.
671 4535 817 4576 xxvtt
839 4561 854 4587 ,
880 4520 914 4576 9
940 4530 988 4575 et
1016 4519 1184 4594 aeq.);
1218 4521 1346 4594 quia
1389 4519 1724 4576 Patriarchae
1751 4519 1829 4576 ci-

1986 3275 2117 3330 nerit
2140 3290 2160 3335 ,'
2187 3283 2237 3328 et
2269 3290 2386 3328 cum
2423 3273 2654 3346 urgendo
2679 3273 2978 3329 obtinuisset
3008 3287 3065 3330 ut
3099 3284 3146 3330 et
3170 3276 3282 3349 ipse
3305 3276 3517 3332 benedi-

1985 3377 2182 3424 ceretur
2201 3407 2216 3432 ,
2249 3369 2318 3422 ad
2341 3367 2668 3423 serviendum
2693 3367 2850 3442 fratri
2881 3367 3040 3439 fuerit
3071 3368 3393 3425 damnatus?
3421 3368 3522 3425 Ubi

1987 3466 2051 3520 de
2070 3465 2311 3520 servitute
2330 3505 2345 3530 ,
2368 3478 2432 3517 ae
2454 3478 2575 3518 uera
2604 3463 2840 3518 libertate
2867 3463 3180 3536 disputatur.

1992 3577 2080 3633 10.
2120 3577 2404 3633 Celebrate
2453 3576 2874 3646 benediCtione,
2907 3590 3096 3650 postea
3146 3580 3330 3636 senior
3360 3582 3529 3638 frater

1919 3671 2140 3727 advenit
2177 3670 2346 3743 (Ibid.
2375 3712 2390 3737 ,
2431 3671 2548 3744 50).
2586 3671 2706 3740 Quo
2736 3672 3044 3728 declaratur
3085 3673 3232 3743 prius
3267 3673 3527 3730 Ecclesiae

1922 3783 2184 3839 regnum,
2218 3783 2382 3839 quam
2427 3767 2727 3839 Synagogze
2762 3767 2815 3822 in
2853 3767 3331 3837 prmdestiuatione
3378 3768 3530 3823 dela-

1922 3869 2036 3915 tum
2063 3879 2076 3915 :
2108 3858 2204 3914 sed
2235 3857 2578 3915 subintrasse
2604 3859 2947 3931 Synagogam
2968 3901 2983 3924 ,
3017 3870 3076 3916 ut
3121 3859 3532 3937 superabunda-

1923 3961 2008 4008 ret
2050 3961 2333 4023 peccatum
2363 3967 2378 4017 ;
2412 3962 2468 4008 et
2497 3968 2619 4007 cum
2666 3953 3170 4023 superabundasset
3201 3965 3481 4025 peccatum
3512 3997 3527 4021 ,

1923 4044 2405 4116 sttperabuudaret
2434 4053 2488 4099 et
2509 4043 2720 4116 gratia,
2756 4045 2918 4100 simul
2961 4046 3199 4102 clareret
3240 4047 3532 4118 impigrum

1926 4137 2156 4194 militem
2195 4137 2347 4209 regni
2380 4138 2623 4195 caelestis
2656 4137 3006 4194 candidatum
3050 4155 3172 4196 esse
3200 4139 3443 4210 debere;
3477 4151 3538 4198 ut

1927 4231 2209 4304 prasripiat
2229 4231 2665 4288 benedictionem
2689 4274 2704 4301 ,
2729 4241 2783 4289 et
2810 4236 3222 4306 prmrogativam
3252 4253 3364 4292 sum
3385 4251 3536 4292 com-

1929 4329 2296 4386 mendationis
2318 4339 2568 4401 usurpet.
2595 4328 2748 4387 Unde
2775 4345 2882 4386 non
2922 4341 3006 4387 est
3031 4329 3058 4370 ι)
3081 4341 3295 4388 notatus
3324 4349 3354 4388 a
3387 4343 3537 4402 patre

1926 4423 2112 4495 junior
2157 4425 2334 4491 filius,
2368 4423 2466 4482 sed
2509 4424 2791 4493 laudatus,
2835 4425 2980 4499 quod
3011 4427 3087 4481 ait
3117 4427 3266 4485 Isaac
3297 4447 3309 4483 :
3349 4427 3537 4486 Frater

1932 4531 2053 4576 tuus
2093 4521 2301 4576 veniens
2341 4536 2458 4576 cum
2503 4520 2662 4588 dolo,
2702 4522 2900 4595 accepit
2940 4522 3348 4581 benedictionem
3387 4534 3534 4582 tuam

228 4612 359 4669 lium
393 4613 602 4669 nullum
640 4614 878 4671 credidit
917 4615 1222 4672 dulciorem
1260 4631 1416 4682 esse,
1450 4632 1611 4688 quam
1640 4615 1829 4673 Chris—
1855 4605 1910 4668 Ι)
1934 4611 2100 4688 (Ibid.
2132 4656 2148 4682 ,
2171 4614 2286 4688 55).
2324 4626 2345 4654 ο
2377 4614 2562 4671 Bonus
2590 4615 2734 4671 enim
2773 4615 2930 4672 dolus
2952 4659 2966 4682 ,
3004 4617 3092 4673 ubi
3136 4618 3540 4689 irreprehensi-

232 4712 346 4760 tum
367 4745 383 4769 ,
410 4706 500 4777 qui
521 4707 661 4763 sicut
677 4707 794 4762 ovis
814 4707 882 4763 ad
903 4706 1235 4764 occisionem
1258 4708 1453 4764 ductus
1472 4720 1586 4777 est,
1610 4717 1663 4766 et
1687 4711 1830 4767 sicut

237 4811 408 4868 agnus
449 4799 517 4854 ad
554 4801 849 4856 victimam.
904 4799 1058 4856 Hune
1089 4801 1177 4856 vel
1211 4801 1430 4873 publico
1462 4804 1709 4874 parenti,
1743 4802 1828 4859 vel

238 4891 470 4962 populo,
517 4894 669 4965 cujus
718 4903 902 4965 typum
954 4893 1214 4964 gerebat,
1269 4894 1453 4950 cibum
1510 4895 1700 4952 utilem
1748 4894 1834 4966 ju-

315 5063 340 5092 ει
380 5053 522 5110 Edit.
553 5063 606 5112 et
638 5070 768 5111 mss.
819 5055 1164 5122 complures,
1193 5052 1317 5109 Fiat
1341 5055 1557 5122 aequitas
1594 5071 1608 5120 ;
1641 5053 1839 5110 melius

246 5136 423 5182 tamen
440 5125 659 5198 ,Thuan.
684 5137 738 5182 et
765 5126 881 5198 Big.
911 5169 928 5190 ,
948 5125 1116 5182 Turn.
1144 5169 1158 5192 ,
1180 5125 1334 5184 Vale.
1363 5123 1523 5198 ,AFiat
1543 5126 1833 5198 aequalitas.

248 5200 318 5256 Et
343 5197 540 5254 ibidem
573 5199 817 5270 pauculis
835 5196 1145 5268 interiectis
1174 5240 1187 5263 ,
1221 5213 1350 5254 mss.
1383 5196 1608 5270 Remig.’
1631 5240 1644 5263 ,
1673 5197 1788 5266 Big.
1816 5239 1839 5270 7,

248 5270 427 5352 Long.
468 5280 524 5324 et
548 5269 756 5324 'l‘heod.
811 5271 1045 5352 secunda
1079 5276 1272 5352 manu,
1304 5287 1403 5352 par
1422 5269 1627 5352 utrique
1653 5269 1842 5352 arquati

1939 4707 2065 4764 bilis
2094 4717 2178 4764 est
2203 4709 2394 4772 rapina
2426 4726 2439 4764 :
2471 4707 2972 4780 irreprehensibilis
3003 4719 3182 4767 autem
3210 4713 3397 4784 rapina
3428 4712 3542 4783 pie-

1941 4804 2104 4868 tatis;
2136 4803 2262 4875 quia
2294 4818 2323 4856 a
2349 4801 2541 4858 diebus
2572 4802 2799 4860 Joannis
2832 4819 3058 4876 regnum
3087 4805 3348 4861 caelorum
3389 4809 3543 4879 cogi-

1944 4905 2062 4964 tur,
2095 4903 2154 4952 et
2195 4903 2453 4967 cogentes
2483 4893 2747 4967 diripiunt
2782 4895 2940 4952 illud.
2976 4896 3324 4956 Festinantes
3361 4908 3542 4957 autem

2016 5065 2054 5130 0_
2078 5051 2256 5108 Bonus
2283 5053 2441 5130 dolus
2471 5062 2618 5130 recte
2651 5053 2848 5110 dicitur
2876 5070 2907 5130 _;_
2932 5054 3545 5130 quandoquidemapud

1943 5125 2200 5196 antiquos
2247 5140 2351 5180 vox
2403 5125 2557 5181 dolus
2604 5135 2737 5198 erat,
2770 5125 2965 5198 mediae
3010 5125 3463 5198 significationis,
3491 5142 3549 5188 et

1945 5197 2110 5252 modo
2157 5197 2473 5252 sumebatur
2520 5212 2619 5267 pro
2663 5197 2885 5252 solertia
2936 5196 3113 5258 licita.
3147 5203 3379 5254 maxime
3422 5217 3546 5260 cum

1945 5268 2209 5324 adversus
2265 5272 2474 5325 hostem
2515 5280 2606 5322 aut
2652 5269 2915 5323 latronem
2945 5267 3306 5323 adhibebatur
3339 5288 3352 5317 τ
3387 5273 3548 5330 modo

247 5338 520 5414 parentum
561 5356 738 5414 amore
770 5341 936 5411 gratia
975 5345 1276 5413 conferatur
1302 5338 1320 5397 ὲ
1349 5341 1441 5398 ubi
1487 5338 1685 5414 reliqui
1713 5338 1844 5396 cum
1948 5351 2128 5414 autem
2179 5355 2277 5409 pro
2306 5339 2456 5394 omni
2488 5338 2696 5394 fallacia
2721 5351 2776 5414 et
2804 5339 3158 5414 simulatione
3177 5340 3243 5414 ad
3273 5341 3549 5412 decipien-

249 5411 380 5469 edit.
419 5412 614 5465 habent
643 5421 699 5466 ut
727 5411 777 5465 in
807 5411 1081 5468 contextu.

322 5483 348 5521 δ
392 5480 650 5558 Nomius,
685 5484 789 5558 hoc
833 5495 952 5558 est,
991 5485 1237 5558 culpatus
1288 5497 1382 5543 aut
1433 5486 1842 5558 reprehensus;

251 5570 360 5626 quo
382 5568 545 5610 sensu
572 5553 826 5610 Horatius
853 5557 1013 5626 epist.
1049 5553 1115 5611 ad
1142 5557 1352 5615 vaam
1384 5576 1397 5614 :

998 5635 1049 5685 Si
1074 5637 1229 5691 sciret
1250 5639 1456 5702 regibus
1478 5639 1548 5689 uti
1569 5677 1582 5701 ,

379 5694 648 5764 Fastidiret
668 5695 779 5764 olus
800 5699 885 5764 qui
907 5711 989 5750 me
1011 5707 1168 5751 notat.

265 5755 336 5815 Et
363 5759 542 5816 Satira
571 5761 638 5830 3,
671 5761 779 5818 l.t:

350 5839 539 5891 Stultus
562 5848 614 5893 et
635 5842 885 5904 improbus
906 5842 986 5894 hic
1007 5855 1143 5894 amor
1165 5848 1259 5903 est,
1281 5841 1561 5906 dignusque
1583 5841 1767 5894 notari.

626 5926 902 5988 Ρηιιοι.
951 5926 1124 5990 XIV.

1950 5411 2079 5487 dum
2112 5413 2422 5487 instructa;
2453 5419 2510 5466 et
2537 5419 2667 5487 tunc
2715 5409 2829 5466 fere
2863 5424 2969 5487 non
3000 5411 3322 5487 simpliciter
3363 5409 3549 5487 dolus,

1956 5484 2051 5556 sed
2099 5482 2250 5556 dolus
2301 5485 2471 5556 malus
2519 5481 2820 5556 dicebatur.
2881 5481 3035 5556 Hunc
3091 5492 3230 5556 teste
3259 5481 3543 5556 Cicerone,

1963 5555 2062 5628 lib.
2114 5570 2175 5628 ut
2195 5555 2264 5609 de
2307 5555 2491 5618 Oltic.,
2527 5553 2764 5628 itemque
2794 5569 2849 5628 tn
2881 5552 2950 5628 de
2977 5552 3095 5608 Nat.
3123 5554 3280 5628 Deor.
3302 5552 3555 5628 (Aquilius

1963 5625 2289 5697 definiebat,
2318 5642 2434 5697 cum
2472 5625 2632 5697 (aliud
2676 5626 2741 5697 sit
2792 5625 3117 5697 simttlatum,
3161 5624 3308 5681 aliud
3359 5624 3554 5697 actum,

1969 5696 2110 5825 Ἥξει
2149 5699 2311 5781 etiam
2360 5695 2648 5767 Ulpianum
2693 5695 2758 5748 de
2811 5693 2944 5750 Dolo
2991 5696 3160 5766 malo,
3209 5699 3323 5771 lege
3382 5693 3557 5773 prima

1969 5785 2027 5825 su
2098 5778 2330 5824 tntttum.

1966 5769 2066 5827 sub
2098 5768 2330 5824 initium.

2977 5925 3056 5989 “20
