4066 6360
615 301 722 359 619
1969 293 2199 353 SANCT]

2310 292 2565 352 KBROSII
3855 295 3948 352 6-20

611 430 792 491 patres
826 417 1020 490 pascha
1053 413 1437 479 celebrabant,
1470 413 1560 482 qui
1609 413 1930 470 festinantes
1970 413 2198 469 mandu-
2225 423 2275 484 Α
2304 412 2393 484 qui
2423 421 2603 468 autem
2636 413 2736 483 piae
2765 411 3027 468 doctrina:
3072 411 3242 468 fenus
3285 407 3588 481 impartit,
3619 407 3667 464 is
3693 418 3778 465 est
3804 413 3944 480 prin-

607 512 806 566 cabant
835 523 1028 580 agnum
1051 551 1064 573 ,
1099 523 1203 563 non
1228 507 1577 563 demorantes
1603 523 1617 569 ;
1647 515 1703 562 ct
1735 505 1959 561 fratrem
1999 506 2198 576 Benja-
2304 521 2466 577 ceps,
2496 507 2633 561 sicut
2678 505 2790 561 Lex
2823 507 2956 561 dicit
2987 526 2998 560 :
3033 505 3302 576 Princeps
3330 506 3446 560 eris
3489 505 3738 577 gentium
3769 507 3943 559 mults-

614 605 724 659 min
759 611 975 658 sanctus
998 599 1200 668 Ioseph
1234 600 1332 670 pize
1356 607 1665 656 commento
1688 598 1892 655 fraudis
1915 599 2202 655 accersivit

610 708 666 754 et
703 698 876 754 tenuit
916 694 1066 766 (Gen.
1101 707 1244 761 xm,
1267 694 1366 758 20,
1392 704 1438 748 et
1461 710 1583 749 xuv
1603 735 1616 760 ,
1646 695 1671 749 1
1710 705 1753 748 et
1783 691 1915 763 seq).

680 791 765 846 ll.
811 790 874 844 Et
893 789 1008 860 ipse
1029 796 1208 844 tamen
1233 797 1289 843 ut
1312 787 1731 844 benediceretur
1753 786 1996 858 cogendo
2019 786 2204 842 elicuit

603 894 655 942 et
681 884 989 954 impetravit
1010 881 1168 954 (Gen.
1196 898 1343 938 xxvii
1362 925 1376 948 ,
1409 883 1508 949 58,
1533 882 1651 956 39);
1679 882 1775 938 sed
1801 897 1920 938 eam
1947 881 2202 938 benedic-

604 977 805 1032 tionem
826 1016 839 1041 ,
871 991 992 1046 qua:
1033 991 1156 1032 cum
1186 976 1468 1046 superiore
1495 985 1824 1046 congrueret
1854 985 1910 1032 et
1936 976 2200 1032 conveni-

604 1079 716 1136 ret,
751 1078 810 1125 ut
834 1069 1067 1124 serviret
1096 1068 1248 1124 fratri
1273 1083 1396 1124 suo.
1434 1069 1646 1125 Etenim
1674 1069 1768 1140 qui
1797 1069 2066 1140 imperare
2092 1083 2200 1127 non

604 1171 845 1230 poterat,
881 1172 933 1216 et
966 1161 1201 1217 alterum
1244 1176 1437 1232 regere
1461 1204 1475 1226 ,
1519 1161 1729 1216 servire
1771 1161 2036 1230 debebat,
2074 1170 2134 1217 ut
2171 1175 2201 1218 a

601 1256 956 1325 prudentiore
994 1264 1303 1326 regeretur.
1333 1253 1521 1326 Neque
1565 1255 1710 1310 enim
1744 1254 1846 1310 fuit
1875 1255 2203 1311 Patriarcha:

601 1351 806 1417 sancti,
838 1361 893 1406 ut
924 1350 1093 1406 filium
1124 1366 1285 1408 suum
1320 1349 1574 1421 degeneri
1600 1350 1898 1406 conditioni
1921 1350 2203 1434 servitutis

600 1445 922 1503 addiceret:
957 1445 1051 1502 sed
1097 1454 1157 1501 ut
1202 1444 1376 1500 bonus
1425 1455 1606 1514 pater,
1637 1459 1754 1500 cum
1796 1445 1933 1500 duos
1978 1443 2205 1501 haberet

601 1541 769 1606 filios,
805 1555 970 1595 unum
1002 1539 1494 1608 intemperantem,
1526 1537 1839 1608 prudentem
1870 1547 1924 1594 et
1959 1537 2201 1594 sobrium

603 1632 835 1688 alterum
857 1671 870 1697 ,
907 1645 1012 1700 quo
1044 1630 1258 1700 utrique
1283 1630 1623 1696 consuleret,
1649 1629 2030 1700 intemperanti
2064 1643 2204 1698 pra:-

603 1723 732 1779 f'ccit
774 1722 1050 1788 sobrium,
1076 1732 1131 1777 et
1172 1721 1515 1792 insipientem
1554 1720 1805 1793 prudenti
1836 1721 2028 1776 statuit
2072 1723 2203 1775 obe-

2305 617 2414 654 rum
2439 616 2457 654 :
2481 600 2574 654 tibi
2600 610 2768 655 autem
2810 601 3071 671 principes
3097 618 3166 656 ea:
3205 601 3350 672 ipsis
3395 614 3513 654 non
3560 607 3714 653 erunt
3742 597 3937 671 (ibim).

2305 695 2570 766 Princeps
2601 696 2745 752 enim
2775 703 2862 751 est
2891 677 2979 768 qui
3021 697 3203 767 regit,
3238 695 3338 767 qui
3376 703 3437 750 et
3470 693 3647 749 habet
3679 694 3939 763 sapientia

2306 788 2669 858 principatum
2693 829 2707 852 ,
2737 804 2895 859 quem
2944 787 3129 844 habuit
3169 787 3426 858 populus
3458 785 3809 841 Judmorum.
3849 784 3936 840 Sed

2304 882 2561 953 quoniam
2613 881 2756 953 quod
2802 882 3064 951 docebat,
3099 896 3332 938 servare
3367 896 3491 938 non
3542 878 3770 952 potuit,
3800 879 3940 937 debet

2304 974 2516 1032 discere
2537 1015 2553 1044 ,
2586 975 2729 1047 quod
2761 975 2960 1032 docere
2993 975 3250 1032 nescivit.

2381 1069 2468 1124 15.
2515 1068 2626 1123 Hoc
2654 1076 2736 1124 est
2759 1068 2923 1140 igitur
2948 1070 3091 1141 quod
3122 1069 3198 1124 ait
3222 1067 3563 1141 patriarcha
3587 1064 3756 1123 Isaac
3783 1084 3797 1120 :
3829 1068 3933 1123 Sero

2305 1163 2408 1218 vies
2456 1164 2606 1234 fratri
2653 1173 2760 1218 tuo.
2808 1162 2926 1217 Erit
2960 1174 3133 1218 autem
3163 1181 3285 1218 cum
3316 1162 3654 1234 deposueris
3680 1173 3730 1217 et
3757 1162 3933 1215 saturis

2296 1261 2484 1331 jugum
2532 1257 2676 1312 illius
2706 1277 2737 1312 α
2767 1259 2902 1312 collo
2943 1267 3028 1312 tuo
3053 1257 3209 1330 (Gen.
3248 1273 3403 1313 xxvn
3428 1300 3444 1323 ,
3475 1255 3610 1328 40),
3642 1255 3930 1326 signiﬁcans

2305 1351 2442 1406 duos
2468 1350 2674 1406 futuros
2702 1351 2966 1422 populos,
3001 1367 3165 1406 unum
3195 1350 3416 1406 ancilla:
3453 1349 3648 1404 ﬁlium
3673 1391 3690 1414 ,
3726 1348 3925 1404 alterum

2305 1440 2491 1499 liberae
2514 1444 2700 1516 (servit
2731 1446 2875 1499 enim
2901 1444 3078 1500 littera
3098 1486 3111 1508 ,
3142 1444 3318 1500 libera
3345 1453 3438 1500 est
3471 1441 3701 1515 gratia)
3729 1456 3926 1512 eumque

2307 1540 2564 1608 populum
2595 1539 2685 1608 qui
2716 1538 2909 1593 littera:
2951 1538 3212 1604 intendit,
3246 1537 3465 1593 tamdiu
3512 1551 3757 1593 servum
3799 1534 3920 1607 fore,

2305 1629 2562 1700 quamdiu
2611 1629 2868 1700 spiritalis
2915 1629 3180 1686 doctrinm
3221 1640 3502 1702 sequatur
3559 1628 3919 1699 interpretem.

2306 1723 2456 1779 Tunc
2478 1739 2691 1795 quoque
2720 1724 2852 1779 illud
2881 1724 3116 1780 futurum
3147 1733 3266 1791 est,
3296 1723 3448 1796 quod
3483 1723 3812 1794 Aposwlus
3834 1723 3918 1776 ait:

602 1817 718 1872 dire
750 1816 922 1887 ;,quia
951 1814 1213 1885 insipiens
1246 1831 1352 1870 nor.
1393 1823 1572 1886 potest
1612 1814 1952 1870 voluntarius
1983 1812 2200 1869 virtutis
2236 1834 2283 1895 Β
2317 1815 2383 1873 Ut
2428 1819 2663 1888 reliquid:
2688 1818 2847 1873 εαιυω
2889 1819 3018 1887 [iant
3069 1820 3348 1873 secundum
3399 1817 3738 1873 electionem
3778 1817 3920 1888 gratis

604 1925 727 1966 esse
771 1908 1107 1980 discipulus,
1154 1923 1253 1964 nec
1300 1923 1652 1978 perseverare
1700 1907 1757 1962 in
1806 1907 2026 1974 studio,
2075 1906 2200 1976 quia

605 2003 806 2058 stultus
842 2003 980 2057 sicut
1009 2003 1133 2057 luna
1162 2009 1406 2056 mutatur
1435 2019 1447 2056 :
1490 2001 1793 2070 meritoque
1817 2000 1867 2054 ei
1897 1999 2202 2054 libertatem

603 2097 808 2168 proprii
854 2097 1066 2168 negavit
1095 2095 1340 2160 arbitrii,
1384 2109 1450 2150 ne
1490 2095 1638 2150 velut
1670 2093 1826 2150 navis
1865 2094 1919 2148 in
1951 2091 2203 2148 ﬂuctibus

608 2191 723 2248 sine
751 2191 1112 2261 gubernatore
1142 2189 1381 2245 fluitarct
1411 2208 1422 2242 :
1457 2189 1552 2246 sed
1581 2188 1822 2244 subdidit
1851 2204 1974 2244 eum
2005 2189 2158 2244 fratri
2183 2227 2200 2253 ,

593 2283 892 2340 secundum
923 2283 1064 2356 quod
1095 2284 1360 2353 scriptum
1387 2293 1472 2337 est
1496 2299 1508 2335 :
1536 2282 1707 2338 Servit
1735 2281 1872 2336 enim
1897 2282 2203 2351 imprudens

597 2377 839 2448 prudenti
867 2374 1052 2449 (Prov.
1083 2391 1136 2430 xl
1158 2416 1172 2441 ,
1203 2375 1320 2445 L29).
1347 2374 1516 2430 Recte
1543 2389 1674 2445 ergo
1697 2389 1821 2430 eum
1848 2373 2118 2438 subdidit,
2148 2381 2205 2429 ut

596 2471 838 2541 regentis
863 2469 1098 2540 imperio
1121 2485 1276 2523 suum
1302 2468 1610 2525 melioraret
1635 2467 1909 2524 affectum.
1939 2467 2065 2523 Ideo
2089 2467 2196 2522 ait:

599 2565 770 2634 Super
801 2562 1034 2634 gladium
1062 2571 1210 2614 tuum
1237 2561 1369 2615 vives
1390 2602 1405 2627 ,
1430 2570 1486 2630 [et
1527 2561 1713 2616 servies
1739 2561 1892 2631 fratri
1921 2570 2010 2613 tuo
2047 2559 2201 2632 (Gen.

525 2643 528 2646 ’
599 2673 780 2722 xxvii,
817 2656 930 2725 54).
974 2655 1203 2711 Domina
1247 2655 1391 2710 enim
1424 2665 1505 2712 est
1538 2655 1710 2726 pietas
1738 2654 2110 2722 crudelitatis,
2147 2667 2202 2712 et

599 2749 962 2806 mansuetudo
987 2759 1010 2786 η
1038 2750 1192 2804 duris
1220 2749 1457 2806 motibus
1489 2759 1729 2820 praestat.

674 2844 761 2898 12.
805 2842 988 2900 Servit
1012 2843 1191 2900 omnis
1215 2845 1306 2915 qui
1331 2845 1708 2902 auctoritatem
1735 2861 1882 2917 parte
1908 2862 2016 2903 non
2036 2846 2200 2921 ωε

600 2936 765 2992 habet
797 2936 1150 2992 conscientia:
1179 2955 1190 2989 :
1222 2938 1391 2992 servit
1419 2938 1744 3009 quicumque
1768 2941 1853 2996 vel
1884 2950 2030 2996 metu
2053 2941 2203 2998 fran-

601 3031 789 3100 gitur,
831 3030 917 3085 vel
969 3030 1333 3086 delectatione
1381 3032 1760 3097 irretitnr,vel
1810 3035 2201 3106 cupiditatibus

598 3122 848 3186 ducitur,
880 3123 964 3179 vel
1013 3123 1383 3194 indignatione
1424 3135 1802 3196 exasperatur,
1840 3129 1921 3183 vel
1964 3144 2198 3185 mcernre

2309 1914 2488 1987 (Rom.
2525 1929 2577 1969 ιχ
2601 1958 2615 1983 ,
2648 1915 2767 1987 27).
2803 1914 3022 1971 Servies
3071 1927 3204 1984 ergo
3259 1912 3415 1969 fratri
3474 1922 3578 1968 tuo
3618 1931 3634 1968 :
3674 1911 3777 1968 sed
3829 1921 3918 1966 luat

2312 2012 2515 2066 senties
2543 2009 2818 2066 servitutis
2843 2009 3166 2081 profectum,
3192 2024 3317 2066 cum
3347 2008 3724 2064 voluntarius
3751 2009 3914 2078 potia,

2304 2118 2466 2175 quam
2499 2112 2722 2159 coaetus
2749 2103 2975 2159 obedire
3010 2103 3247 2175 coeperis
3275 2101 3304 2141 ι’
3336 2102 3529 2158 fratri.

2923 2239 3153 2297 CAPUT
3194 2239 3284 2296 IV.

2307 2350 2487 2408 Fratri
2512 2369 2685 2410 necem
2709 2354 2974 2408 minitatur
3000 2353 3144 2412 Esau
3168 2397 3185 2423 ,
3213 2371 3315 2427 qua
3341 2355 3642 2414 occasione
3673 2358 3913 2429 placanda

2376 2447 2582 2500 invidia:
2604 2457 2858 2518 praecepta
2880 2459 3257 2520 praponuntur.
3292 2449 3376 2503 Ad
3399 2447 3700 2505 Labantur
3739 2453 3911 2520 profu-

2378 2551 2458 2595 tus
2475 2538 2636 2596 Jacob
2658 2542 2709 2595 in
2737 2544 2815 2596 via
2838 2543 3157 2614 Angelorum
3191 2554 3460 2614 recreatur
3481 2547 3851 2617 apparitione,
3870 2562 3911 2599 e:

2375 2642 2550 2704 postea
2570 2631 2716 2688 bonis
2735 2633 3107 2704 ampliﬁcatur.

2379 2748 2466 2803 14.
2512 2750 2646 2804 llinc
2671 2758 2786 2806 orta
2811 2759 2896 2807 est
2918 2751 3153 2819 invidia,
3180 2760 3235 2808 et
3256 2753 3581 2809 minabatur
3609 2755 3760 2810 Esau
3790 2752 3901 2826 quod

2305 2851 2428 2914 post
2448 2842 2656 2899 obitum
2691 2844 2860 2914 patris
2892 2844 3115 2900 fratrem
3143 2845 3445 2902 occideret.
3486 2857 3513 2886 ε
3543 2847 3663 2902 Sed
3697 2849 3743 2902 si
3773 2847 3822 2901 id
3841 2862 3902 2902 ac-

2303 2938 2528 3005 ciderit,
2563 2937 2842 2993 discamus
2870 2953 2900 2992 a
2934 2937 3181 2994 Rebecca
3237 2937 3407 3012 ιαι
3452 2941 3899 3011 quemadmodum

2307 3029 2701 3099 providendum
2726 3031 2832 3098 sit,
2863 3046 2933 3087 ne
2953 3032 3155 3086 invidia
3179 3032 3525 3088 iracundiam
3556 3036 3800 3097 excitet,
3822 3036 3898 3088 ira-

2305 3123 2496 3179 cundia
2528 3123 2579 3179 in
2611 3123 2962 3195 parricidium
2995 3134 3238 3192 proruat.
3265 3124 3464 3182 Veniat
3494 3125 3760 3183 Rebecca
3782 3170 3796 3192 ,
3821 3127 3892 3181 be:

595 3217 866 3288 dejicitur.
915 3216 1141 3274 Servilia
1167 3219 1312 3273 enim
1353 3230 1438 3274 est
1462 3221 1643 3274 omnis
1687 3221 1906 3290 passio;
1938 3221 2197 3292 quoniam
2226 3233 2270 3297 ρ
2305 3229 2422 3286 est,
2459 3219 2745 3275 inducatur
2793 3221 3050 3290 patientia
3075 3261 3090 3287 ,
3123 3223 3266 3278 bona
3313 3232 3506 3290 custos
3557 3224 3892 3288 innocentia,

597 3311 689 3381 qui
720 3309 845 3364 facit
871 3321 1148 3380 peccatum
1167 3349 1182 3376 ,
1209 3324 1396 3364 servus
1426 3317 1512 3366 est
1533 3315 1740 3382 peccati
1761 3352 1776 3378 ,
1801 3322 1856 3367 et
1879 3313 2023 3383 quod
2049 3313 2203 3384 pejus

597 3409 713 3468 est,
741 3401 1035 3456 multorum
1068 3416 1260 3456 servus
1291 3410 1411 3456 est:
1447 3403 1534 3472 qui
1584 3402 1860 3472 subjectus
1896 3412 1980 3459 est
2021 3403 2199 3470 vitiis,

611 3493 796 3548 multis
832 3508 893 3549 se
923 3492 1156 3550 dominis
1194 3493 1439 3560 addixit,
1470 3506 1526 3549 ut
1555 3495 1781 3552 servitio
1823 3498 1874 3553 ei
1919 3498 2070 3553 exire
2114 3498 2203 3553 vix

598 3585 779 3640 liceat.
801 3585 868 3640 At
886 3599 1013 3641 vero
1032 3584 1122 3640 ille
1138 3585 1225 3656 qui
1249 3585 1541 3641 voluntatis
1557 3603 1666 3643 suae
1690 3588 1892 3645 arbiter
1906 3599 2012 3655 est,
2037 3590 2203 3660 judex

597 3676 834 3740 consilii,
855 3676 1121 3747 interpres
1140 3675 1374 3744 arbitrii,
1393 3680 1480 3749 qui
1500 3689 1718 3735 coercet
1743 3695 2020 3753 corporeae
2041 3698 2205 3754 appe-

611 3771 830 3828 tentiam
864 3772 1155 3843 passionis,
1171 3776 1261 3844 qui
1285 3789 1346 3829 ea
1361 3790 1480 3845 qua:
1493 3776 1623 3846 agit,
1640 3776 1778 3834 bene
1794 3778 1924 3848 agit,
1950 3778 2085 3835 bene
2108 3795 2202 3835 au-

605 3875 713 3922 tem
727 3881 894 3938 agens
907 3877 1055 3922 recte
1077 3867 1204 3936 agit,
1229 3875 1282 3922 et
1297 3869 1385 3938 qui
1403 3869 1688 3939 recteagit.
1708 3871 1978 3942 inculpate
1999 3882 2055 3928 et
2072 3873 2205 3929 irre-

598 3959 1043 4030 prehensibiliter
1069 3962 1212 4032 agit,
1241 3959 1450 4052 haben;
1473 3976 1695 4017 suorum
1721 3973 1935 4019 actuum
1967 3976 2205 4036 potesta-

593 4064 706 4123 tem
732 4070 748 4121 ;
778 4055 824 4110 is
850 4055 1097 4126 profecto
1127 4055 1266 4110 liber
1291 4065 1396 4111 est.
1423 4055 1556 4112 Nam
1581 4062 1668 4128 qui
1700 4059 1879 4114 omnia
1907 4061 2202 4130 prudenter

604 4149 717 4219 agit
741 4189 757 4216 ,
788 4158 843 4204 et
870 4149 942 4206 ita
971 4150 1104 4205 vivit
1132 4159 1189 4206 ut
1213 4151 1366 4218 vult,
1394 4151 1437 4207 is
1465 4153 1616 4208 solus
1643 4165 1726 4212 est
1752 4155 1905 4212 liber.
1932 4157 2049 4212 Non
2072 4173 2203 4214 con-

480 4241 488 4308 i
531 4252 536 4258 ‘
601 4241 736 4296 ditio
763 4241 981 4296 fortuita
1031 4259 1248 4300 servum
1280 4244 1447 4309 facit,
1479 4246 1574 4302 sed
1602 4247 1862 4314 probrosa
1889 4249 2200 4318 insipientia

489 4327 512 4391 ἰ
600 4332 788 4402 (Prov.
816 4349 920 4401 vit,
949 4334 1033 4405 2).
1069 4335 1312 4404 Denique
1345 4334 1576 4392 lautulus
1606 4339 1845 4409 prudens
1873 4343 2203 4414 regitdomi-

604 4441 704 4481 nos
745 4426 946 4482 stultos
971 4469 983 4493 ,
1013 4436 1066 4482 et
1093 4428 1251 4498 periti
1279 4429 1419 4483 servi
1441 4428 1674 4484 dominis
1703 4430 2039 4490 fenerabunt.
2064 4438 2201 4506 Quid

606 4519 974 4577 fenerabunt?
1006 4521 1120 4577 Non
1148 4522 1331 4591 utique
1360 4523 1644 4592 pecuniam
1670 4567 1682 4591 ,
1714 4525 1810 4581 sed
1840 4529 2198 4601 sapientiam,

2308 3313 2532 3369 suadeat
2577 3323 2633 3368 ut
2683 3315 2778 3370 ira:
2816 3315 2997 3371 locum
3041 3315 3251 3371 demus.
3309 3315 3711 3375 Concedamus
3751 3320 3893 3389 aliqua

2308 3408 2554 3480 longius,
2582 3409 2759 3466 donec
2787 3418 3032 3481 tempore
3073 3409 3374 3482 indignatio
3405 3412 3728 3479 molliatur,
3757 3412 3891 3468 olea.

2308 3504 2477 3560 sionis
2503 3504 2730 3577 obrepat
2755 3507 2978 3562 oblivio.
3002 3505 3192 3577 Itaque
3223 3507 3489 3577 patientia
3527 3522 3638 3564 nec
3669 3508 3886 3564 exsilium

2309 3598 2663 3664 reformidat,
2694 3599 2788 3656 sed
2817 3598 3046 3670 impigre
3077 3599 3305 3670 suscipit
3335 3616 3348 3652 :
3383 3614 3492 3654 non
3537 3608 3658 3656 tam
3690 3610 3748 3656 ut
3783 3599 3890 3670 peri

2316 3693 2499 3748 culum
2528 3693 2718 3748 salutis
2737 3736 2751 3760 ,
2784 3708 2946 3765 quam
2975 3701 3032 3749 ut
3063 3693 3394 3748 incentivum
3423 3696 3664 3750 sceleris
3690 3695 3888 3752 decline-

2312 3794 2418 3840 tur.
2473 3784 2645 3841 Mater
2694 3802 2909 3856 quoque
2959 3787 3043 3855 pia
3094 3785 3288 3842 abesse
3342 3786 3446 3840 sibi
3500 3787 3885 3844 dilectissimum

2307 3877 2477 3932 filium
2513 3877 2743 3940 tolerat,
2771 3878 2889 3948 plus
2918 3880 2967 3933 ei
2991 3879 3254 3934 collatura
3294 3893 3461 3949 quem
3491 3879 3640 3936 laesit
3669 3898 3684 3936 :
3710 3881 3884 3951 utrique

2307 3979 2488 4027 tamen
2519 3971 2846 4039 consulens,
2879 3981 2940 4026 ut
2966 3972 3197 4027 alterum
3227 3971 3531 4029 immunem
3565 3988 3595 4029 a
3633 3975 3877 4045 periculo,

2306 4065 2537 4121 alterum
2567 4065 2838 4136 integrum
2864 4077 3146 4137 praestaret
3177 4081 3208 4120 a
3236 4068 3489 4124 crimine.

2383 4160 2470 4215 15.
2515 4158 2837 4216 Audivimus
2862 4161 2990 4232 quid
3021 4163 3301 4233 corporeis
3339 4163 3491 4219 ebria
3522 4165 3883 4236 cupiditatibus

2308 4253 2724 4322 intemperantia
2772 4254 2950 4309 locuta
3005 4255 3118 4322 sit,
3150 4254 3572 4313 consideremus
3615 4258 3746 4329 quid
3788 4270 3880 4312 ven

2307 4346 2480 4401 virtus
2521 4354 2662 4416 agat.
2712 4345 2860 4401 Nihil
2893 4347 3124 4417 requirit
3158 4349 3259 4402 nisi
3288 4348 3382 4403 Dei
3419 4350 3660 4420 gratiam
3696 4371 3710 4405 :
3739 4351 3878 4407 solm

2307 4440 2440 4496 illud
2468 4451 2522 4496 et
2549 4456 2820 4496 summum
2849 4441 3050 4496 bonum
3098 4443 3374 4514 sequitur,
3405 4444 3528 4499 solo
3560 4457 3632 4500 eo
3661 4453 3879 4501 contenta

2306 4543 2420 4600 est,
2447 4549 2473 4588 a
2507 4550 2612 4604 quo
2643 4536 2952 4606 accepimus
2974 4537 3188 4602 omnia;
3214 4537 3316 4607 ipsi
3341 4547 3526 4592 autem
3557 4538 3696 4594 nihil
3728 4538 3881 4595 eculeo

597 4614 810 4670 sicutet
833 4613 941 4670 Lex
957 4613 1089 4669 dicit
1119 4634 1131 4668 :
1167 4613 1442 4670 Fenerabis
1459 4618 1691 4703 gentib‘us
1709 4619 1884 4675 multis
1911 4637 1929 4675 :
1956 4632 2006 4676 tn
2029 4635 2199 4680 autem
2227 4639 2280 4703 1)
2309 4631 2508 4692 rimus,
2542 4632 2664 4702 quia
2701 4633 2850 4687 nullo
2882 4632 3116 4703 indiget,
3146 4632 3288 4689 sicut
3312 4633 3387 4687 ait
3411 4632 3586 4688 David
3616 4650 3630 4687 :
3662 4631 3880 4689 Dixibe

602 4721 836 4764 mutuum
857 4727 956 4764 non
973 4711 1192 4783 accipies
1213 4709 1394 4783 (Deut.
1418 4728 1505 4781 xv,
1527 4709 1915 4785 6)]Fcneravit
1934 4717 2077 4774 enim
2097 4720 2195 4776 Ju—

595 4803 746 4861 daeus
793 4805 1071 4879 proselyto
1100 4805 1299 4862 divin.c
1330 4807 1462 4880 legis
1509 4811 1752 4866 oracula.
1788 4812 1892 4869 Sed
1925 4814 2049 4884 quia
2083 4816 2199 4887 ipse

598 4897 758 4970 Legis
788 4898 1050 4971 mysteria
1100 4898 1280 4955 videre
1311 4914 1416 4956 non
1463 4902 1670 4971 potuit,
1705 4911 1759 4959 et
1801 4920 1922 4976 quae
1968 4907 2201 4964 habebat

599 4995 828 5050 nescivit
857 4995 1107 5061 oracula,
1167 4995 1256 5065 qui
1299 4994 1538 5051 litteram
1593 4998 1872 5055 fenerabat
1910 5002 2192 5071 gentibus,

596 5103 740 5143 nunc
765 5089 834 5143 ab
860 5087 947 5144 bis
971 5088 1306 5158 spiritalibus
1334 5089 1598 5145 doctrina:
1625 5092 1855 5162 gratiam
1881 5101 2196 5152 mutuatur:

597 5179 902 5250 meritoque
926 5179 1203 5249 subjectus
1232 5186 1315 5235 est
1340 5180 1588 5236 servituti
1616 5199 1629 5248 ;
1661 5184 1916 5253 quoniam
1959 5187 2050 5256 qui
2081 5204 2198 5243 mu-

591 5277 805 5338 tiatur,
834 5287 1027 5328 servus
1048 5281 1132 5328 est
1151 5315 1164 5340 ,
1194 5273 1346 5343 quasi
1373 5271 1620 5330 addictus
1651 5275 1820 5332 [ρηοΐὶ
1869 5279 2192 5340 creditoris:

665 5427 691 5491 εἱ
728 5417 889 5491 Rom.
939 5417 1096 5491 edi_t.,
1121 5418 1264 5491 duris
1304 5421 1531 5474 moribus
1553 5431 1784 5491 praestat.
1821 5424 1971 5480 llaud
1999 5428 2138 5484 male
2171 5449 2184 5486 :

595 5490 692 5546 sed
716 5507 821 5545 non
842 5490 962 5545 ideo
987 5489 1055 5544 ab
1069 5490 1316 5555 aliarum,
1343 5503 1394 5546 et
1411 5489 1800 5552 mss,.‘omuium
1820 5497 2185 5556 recedendum

598 5563 857 5627 lectione,
883 5570 1089 5621 cumet
1119 5561 1231 5631 ipsa
1261 5562 1398 5615 bona
1426 5565 1514 5618 sit.
1547 5564 1684 5620 Sunt
1706 5564 1849 5621 enim
1873 5571 1991 5623 duri
2014 5584 2188 5628 motus

596 5631 772 5710 idem;
800 5649 861 5688 ac
885 5633 1036 5688 dura:
1079 5633 1692 5710 passiones,_gut__vocant
1726 5638 2055 5710 philosophi.

666 5703 692 5740 δ
733 5701 862 5757 Post
891 5701 1256 5775 vocem’fratri
1294 5705 1442 5758 addit
1472 5707 1627 5762 Rom.
1663 5701 1794 5765 edit.
1827 5752 1840 5774 ,
1866 5701 1999 5768 Ecce
2042 5715 2183 5770 Esau

592 5777 758 5854 [ra-ter.
784 5785 903 5828 tuus
935 5777 1196 5854 minitatur
1239 5775 1328 5828 tibi
1360 5778 1588 5854 occidere
1617 5790 1692 5847 te,
1725 5799 1860 5836 nunc
1887 5799 2037 5854 ergo,
2073 5796 2178 5842 etc.

593 5845 796 5906 Deinde
819 5853 982 5915 caput
1007 5845 1221 5900 tertium
1247 5846 1526 5904 continuat
1554 5845 1724 5922 usque
1751 5854 1819 5909 ad
1853 5845 1968 5912 haec
1996 5845 2184 5930 verba,

2305 4726 2489 4780 mino:
2523 4722 2663 4781 Deus
2713 4741 2855 4781 meus
2896 4743 2949 4781 es
2990 4735 3080 4793 tu;
3106 4725 3351 4796 quoniam
3392 4725 3648 4782 bonorum
3684 4740 3879 4782 ineorum

2307 4834 2412 4873 non
2429 4817 2740 4890 eges(Psal.
2779 4833 2878 4886 xv,
2902 4817 3106 4890 2).Quo
3141 4818 3286 4874 enim
3311 4818 3553 4890 indiget,
3605 4821 3698 4890 qui
3739 4820 3879 4874 abnuo

2309 4911 2401 4966 dat
2427 4912 2710 4976 omnibus,
2742 4920 2798 4966 et
2829 4913 2986 4969 nobis
3017 4913 3241 4984 largitur
3268 4913 3558 4980 universa,
3580 4913 3760 4970 omnia
3781 4913 3876 4969 sine

2307 5003 2522 5059 defectu
2550 5005 2819 5059 ministrat
2848 5005 2870 5058 ?

2379 5099 2466 5154 t6.
2509 5096 2535 5134 ἀ
2567 5097 2634 5153 Et
2663 5098 2941 5171 profectus
2985 5107 3068 5155 est
3111 5099 3308 5168 Jacob,
3342 5109 3397 5157 et
3443 5099 3732 5170 dormivit,
3760 5099 3874 5174 quod

2305 5203 2389 5248 est
2425 5194 2591 5262 quieti
2636 5195 2798 5250 animi
2829 5194 3088 5250 indicium
3119 5214 3135 5250 :
3163 5205 3219 5250 et
3246 5195 3380 5250 vidit
3417 5193 3662 5267 Angelos
3693 5196 3782 5252 Dei
3805 5209 3872 5250 as-

2300 5287 2595 5344 cendentes
2619 5299 2675 5344 et
2695 5287 3094 5344 descendentes
3119 5285 3272 5361 (Gen.
3301 5301 3491 5357 xxvvn,
3516 5287 3635 5360 11),
3662 5288 3762 5344 hoc
3777 5297 3867 5353 est,

2301 5435 2472 5487 omnia
2501 5435 2613 5490 sine
2641 5435 2846 5506 defectu
2873 5435 3151 5490 ministrat.

2372 5517 2392 5544 ε
2419 5506 2509 5566 ita
2542 5521 2672 5561 mss.
2700 5505 2968 5578 quinque,
2997 5521 3060 5562 ac
3087 5507 3220 5578 edit.
3256 5508 3374 5560 Am.
3410 5514 3576 5577 atque
3608 5507 3728 5563 Era.
3761 5505 3864 5578 Mss.

2293 5588 2474 5631 autem
2503 5574 2801 5644 ltemigfet
2832 5574 3038 5634 'l‘ltcod.
3059 5593 3180 5633 cum
3213 5577 3371 5633 Batti.
3404 5574 3536 5634 edit.
3571 5621 3586 5644 ,
3619 5578 3724 5634 Sed
3751 5574 3866 5632 neid

2292 5648 2577 5722 accideret;
2601 5650 2876 5706 edit.thl.
2907 5693 2922 5714 ,
2948 5651 3212 5704 acciderit.
3233 5650 3549 5722 lterumdioc
3586 5651 3704 5722 ipso
3739 5652 3863 5722 loco.

2292 5698 2546 5774 aurai-.1;
2561 5698 2788 5777 Ἀἰῖιζὸέ
2802 5698 3324 5787 ’ῐὶὲέζᾶἐὲἆήιὶἶῆ
3344 5698 3863 5786 adaugent}

2293 5791 2451 5845 Rom.
2488 5807 2609 5846 cum
2627 5808 2756 5846 mss.
2794 5794 3046 5848 omnibus
3065 5795 3282 5858 habent,
3300 5793 3558 5847 discamus
3583 5791 3860 5848 a'Rebecca.

2369 5859 2394 5899 ει
2414 5862 2572 5919 Rom.
2599 5865 2732 5921 odit.
2767 5864 2858 5922 hic
2886 5877 3083 5922 novum
3113 5874 3277 5938 caput
3305 5864 3620 5923 ordiebatur
3648 5865 3730 5923 his
3765 5877 3862 5920 ver-
