4066 6360
183 258 208 278 ρ

157 349 268 409 621

1209 349 1300 408 DE
1337 347 1549 408 JACOB
1587 345 1677 405 ET
1713 339 1877 406 VITA
1916 343 2144 403 BEATA
2185 343 2313 404 LIB.
2356 344 2417 404 ll.

3368 346 3478 404 622

151 467 442 523 Christum
481 465 734 539 praevidit
776 467 828 522 in
879 468 1069 536 terris,
1112 466 1179 522 ad
1226 482 1386 538 quem
1443 465 1772 539 Angelorum
1804 469 1846 526 Α
1880 464 2190 521 nobilitavit
2223 465 2545 538 insignibus.
2581 464 2765 536 Itaque
2797 479 2898 522 nec
2926 463 3030 522 sibi
3062 465 3346 523 videbatur
3376 482 3474 523 an-

152 567 386 615 calerva
417 560 700 617 descendit
735 570 893 632 atque
919 561 1182 628 ascendit,
1207 560 1520 632 obsequium
1553 558 1774 632 proprio

155 651 391 708 domino
408 655 496 723 pio
511 654 794 724 praebitura
815 654 1034 710 servitio
1061 654 1276 726 (Matth.
1307 668 1380 720 tv,
1409 651 1522 726 11).

250 748 340 802 i7.
387 747 457 803 Et
487 749 636 804 venit
662 755 727 804 ad
752 757 968 820 puteum
989 791 1003 815 ,
1037 758 1094 802 ut
1121 749 1327 805 biberet
1357 747 1425 804 de
1451 748 1562 803 suis
1591 746 1738 802 vasis
1757 786 1772 812 ,

158 849 220 896 et
250 839 322 896 de
362 851 646 910 puteorum
674 857 895 897 suorum
935 842 1208 908 fontibus,
1239 852 1289 898 et
1325 840 1776 912 superetiluerent

163 933 218 988 ei
253 947 409 1004 aqua:
437 933 504 989 de
527 948 628 988 suo
656 933 801 990 fonte
829 933 985 999 (Gen.
1016 949 1174 1002 xxix,
1197 932 1279 1005 2).
1310 933 1456 990 Fons
1477 934 1621 990 enim
1652 932 1776 987 vitae

163 1038 256 1082 est
289 1028 340 1081 in
378 1027 629 1084 manibus
653 1028 806 1098 justi.

246 1123 336 1177 18.
383 1122 447 1176 Et
487 1122 635 1178 venit
660 1121 725 1176 ad
751 1121 931 1177 Laban
955 1162 970 1187 ,
1000 1130 1053 1176 et
1080 1135 1209 1178 oves
1235 1121 1352 1193 ejus
1381 1122 1549 1192 pavit.
1580 1118 1780 1192 Iniqui-

167 1226 252 1269 tas
305 1215 620 1270 incomitata
670 1214 919 1270 residet:
954 1215 1222 1285 sapientia
1269 1214 1492 1286 regendi
1540 1213 1778 1269 ofﬁcium

164 1324 280 1364 non
309 1311 509 1364 omittit
543 1308 696 1379 (Gen.
731 1325 898 1377 χχιι,
926 1310 1026 1376 i9,
1057 1319 1104 1364 et
1134 1325 1240 1364 xxx
1262 1351 1276 1376 ,
1305 1309 1378 1365 28
1402 1319 1449 1364 et
1481 1309 1612 1380 seq.)
1639 1326 1651 1362 :
1686 1322 1782 1363 ne-

173 1407 282 1463 scit
309 1407 394 1462 vel
440 1407 492 1462 iu
523 1407 717 1462 alienis
758 1421 976 1473 vacare,
1009 1406 1184 1462 nescit
1212 1405 1364 1462 exsul
1397 1419 1518 1462 esse
1546 1404 1598 1460 in
1631 1419 1785 1475 pere-

166 1485 374 1573 grinis.
447 1499 735 1569 Quomodo
789 1500 932 1555 enim
998 1500 1188 1564 exsul,
1238 1513 1360 1570 quae
1412 1498 1610 1568 ubique
1641 1496 1784 1567 ejus

168 1607 333 1648 suum
368 1601 580 1656 servat,
613 1603 668 1647 et
694 1591 749 1646 in
777 1605 838 1647 se
870 1591 1027 1646 habet
1057 1590 1202 1660 quod
1233 1589 1519 1661 possidet?

251 1686 341 1742 i9.
383 1684 549 1754 Quasi
591 1683 963 1740 mercenarius
1002 1683 1303 1755 ingreditur
1329 1681 1504 1752 justus
1534 1696 1548 1747 ;
1581 1689 1633 1736 et
1663 1693 1782 1735 rec-

183 1790 274 1836 tor
331 1790 443 1844 est,
499 1780 590 1850 qui
637 1778 738 1835 sibi
779 1793 995 1850 gregem
1043 1777 1332 1832 multarunt
1385 1773 1783 1846 praistantiumo

1878 566 2089 629 gustus,
2115 574 2282 615 censu
2313 558 2436 615 ﬁdei
2465 561 2700 631 opimus,
2727 569 2782 616 et
2810 559 2974 618 Labzn
2996 560 3120 618 ﬁliis
3148 571 3209 618 ut
3236 563 3473 632 opulen-

1880 651 2122 708 tissimus
2168 654 2219 706 in
2273 653 2530 710 invidiam
2585 655 2902 718 vocabatur,
2933 656 3023 728 qui
3054 671 3208 712 suum
3245 672 3468 728 gregem

1877 745 2040 800 alieni
2108 746 2284 818 gregis
2340 749 2653 804 accessione
2707 750 3056 805 cumulasset.
3119 750 3185 806 Et
3241 751 3375 806 dixit
3423 753 3473 807 ei

1880 837 2026 892 Deus
2056 853 2070 894 :
2104 837 2374 894 Revertere
2424 840 2479 894 in
2533 849 2722 895 terram
2764 843 2927 914 patris
2965 844 3078 910 tui,
3112 852 3159 897 et
3187 843 3238 897 in
3277 853 3477 915 gentem

1881 939 2062 996 tuam;
2107 940 2155 985 et
2199 947 2290 1002 ego
2327 946 2417 986 ero
2455 940 2620 986 tecum
2651 932 2804 1004 (Gen.
2842 949 3003 1001 xxxi,
3031 935 3118 1006 ὅ),
3175 933 3475 991 ostendens

1884 1023 2018 1078 nihil
2045 1024 2094 1079 ei
2121 1023 2338 1092 deesse,
2361 1024 2446 1080 cui
2476 1024 2692 1081 adesset
2721 1021 2740 1064 ί
2771 1028 3012 1083 omnium
3037 1028 3312 1097 plenitudo
3341 1029 3481 1086 :hoc

1881 1117 2056 1172 solum
2084 1117 2360 1174 abundare
2385 1117 2654 1189 perfecte,
2683 1119 2736 1174 in
2770 1119 2872 1175 hoc
2903 1131 3154 1177 constare
3182 1123 3388 1190 omnia,
3423 1129 3483 1176 et

1883 1213 2067 1266 omnia
2088 1211 2154 1266 ad
2179 1213 2354 1282 ipsum
2389 1211 2598 1267 referri.
2628 1221 2652 1259 ε
2686 1213 2828 1268 Nihil
2853 1215 2901 1269 ei
2929 1215 3264 1285 superﬂuum
3289 1231 3484 1272 neces-

1887 1305 2124 1370 sarium,
2155 1305 2240 1360 cui
2272 1320 2371 1374 pax
2411 1303 2512 1359 ﬁda
2545 1315 2884 1374 suppeteret,
2919 1321 3014 1376 per
3039 1321 3200 1378 quam
3235 1307 3486 1364 reconci-

1887 1395 2047 1452 liaret
2075 1411 2195 1467 qua:
2224 1396 2461 1466 primum
2487 1395 2701 1452 fuerant
2728 1397 3121 1468 discrepantia.
3146 1398 3258 1455 Nec
3284 1402 3483 1455 mirum

1887 1491 1933 1544 si
1965 1503 2150 1560 pacem
2185 1488 2431 1556 haberet,
2462 1490 2551 1560 qui
2580 1490 2889 1544 columnam
2912 1497 3201 1558 statuerat,
3234 1500 3287 1548 et
3312 1507 3486 1548 unxe-

1888 1590 1974 1637 rat
2004 1582 2136 1647 Deo,
2166 1596 2289 1651 quae
2319 1590 2401 1636 est
2426 1581 2666 1637 Ecclesia
2697 1580 2852 1654 (Gen.
2884 1597 3048 1648 xxxv,
3077 1581 3194 1655 2ο).
3221 1581 3487 1638 Columna

1887 1675 2033 1728 enim
2057 1684 2112 1730 et
2139 1673 2540 1730 ﬁrmamentum
2577 1673 2721 1731 dicta
2752 1683 2838 1731 est
2863 1677 3114 1732 veritatis
3141 1675 3199 1748 (ι
3234 1675 3368 1730 Tim.
3404 1692 3487 1743 ιιι,

1892 1765 2006 1838 i5).
2036 1766 2168 1822 Eam
2200 1768 2352 1838 ungit
2381 1769 2471 1846 qui
2516 1769 2568 1822 iu
2607 1765 2888 1825 Christum
2921 1769 3077 1837 fidei,
3111 1771 3168 1825 in
3216 1785 3494 1842 pauperes

171 1888 284 1943 que
317 1873 576 1927 virtutum
608 1870 898 1946 splendore
929 1868 1222 1939 fulgentem
1253 1866 1598 1939 Evangelicm
1640 1881 1782 1934 praa-
1811 1867 1861 1932 B
1890 1859 2285 1914 Misericordia:
2312 1859 2490 1914 fundit
2519 1869 2880 1931 unguentum.

170 1963 468 2020 dicationis
499 1963 525 2002 δ
554 1963 860 2019 ministerio
902 1960 1190 2033 colligebat
1221 1977 1236 2027 ;
1271 1971 1328 2016 nt
1370 1959 1633 2032 putatoris
1663 1959 1782 2015 ori-

171 2060 278 2116 bus
307 2060 517 2129 virgam
562 2058 922 2124 storacinam,
956 2065 1014 2113 et
1043 2057 1296 2112 nucinant
1317 2099 1330 2124 ,
1365 2065 1422 2112 et
1466 2051 1535 2110 de
1566 2053 1784 2125 platano

175 2163 511 2224 proponeret
544 2164 564 2192 ε
608 2153 880 2218 inventis,
924 2165 1031 2222 quo
1083 2151 1534 2220 roncupisccntes
1581 2146 1785 2202 beatis-

174 2249 331 2303 sima:
357 2246 636 2302 Trinitatis
662 2245 1003 2316 prteﬁgurata
1034 2243 1294 2315 mysteria
1315 2284 1330 2310 ,
1364 2240 1784 2312 haudquaquam

175 2341 462 2397 decoloros
507 2339 644 2394 fetus
673 2338 774 2409 pia:
823 2338 1019 2393 mentis
1061 2336 1425 2406 conceptione
1465 2334 1782 2390 formarent.

177 2434 344 2489 Bona:
373 2447 501 2489 oves
522 2474 536 2498 ,
562 2447 682 2502 quae
705 2431 970 2486 bonorum
997 2437 1182 2500 partus
1204 2443 1430 2500 operum
1459 2427 1582 2482 ﬁdei
1613 2439 1786 2482 sacra:

177 2508 287 2582 non
320 2526 622 2597 degeneres
651 2523 960 2579 ediderunt.
999 2522 1101 2577 Per
1133 2533 1403 2576 storacem
1451 2519 1787 2591 significatur

183 2622 468 2675 incensum
499 2628 554 2672 et
581 2618 907 2673 sacriﬁcium
937 2616 1340 2686 vespertinum,
1373 2614 1517 2685 quod
1544 2614 1659 2669 Deo
1688 2613 1789 2668 Pa-

183 2715 250 2768 tri
275 2714 516 2769 defcrtur
546 2712 598 2765 in
629 2711 858 2782 psalmo.
885 2710 990 2765 Per
1012 2710 1262 2764 nucinam
1288 2709 1497 2778 virgam
1529 2706 1787 2762 sacerdo-

185 2807 293 2861 tale
313 2804 532 2860 Christo
559 2819 756 2858 munus
783 2801 1025 2858 defertur
1059 2799 1174 2869 (Ps.
1209 2816 1338 2866 ch,
1370 2800 1448 2870 2).
1484 2799 1613 2854 Haec
1641 2797 1787 2853 enim

184 2899 334 2970 virga
387 2899 567 2954 Aaron
599 2912 719 2968 qua:
765 2896 1002 2966 reposita
1045 2894 1254 2956 floruit,
1289 2907 1394 2962 qua
1439 2890 1791 2946 sacerdotalis

189 2995 361 3066 gratia
411 2993 860 3050 sanctificationis
906 2991 1128 3049 emicuit
1172 2989 1361 3064 (Num.
1411 3005 1543 3054 xvn,
1570 2987 1647 3061 8).
1685 2988 1792 3043 Per

188 3088 470 3160 platanum
494 3085 756 3158 spiritalis
780 3087 985 3140 fructus
1006 3082 1342 3154 signiﬁcatur
1366 3081 1586 3136 ubertas
1619 3096 1633 3146 ;
1667 3080 1790 3150 quia

190 3183 371 3237 arbori
406 3181 529 3236 huic
557 3179 681 3234 vitis
709 3179 1046 3243 annectitur,
1077 3185 1135 3231 ut
1163 3175 1280 3246 ejus
1311 3176 1435 3230 laeta
1465 3174 1742 3229 consortio
1771 3211 1789 3238 ,

1958 1952 2053 2008 2i.
2087 1951 2239 2007 Nunc
2267 1952 2688 2009 consideremus
2725 1955 2903 2024 qualis
2933 1955 3016 2009 vir
3038 1954 3218 2024 justus
3250 1967 3372 2011 esse
3400 1954 3496 2011 de-

1890 2045 2040 2112 beat,
2073 2045 2118 2100 si
2150 2044 2353 2100 invidia
2399 2045 2563 2101 fuerit
2605 2056 2823 2102 exorta.
2863 2046 3106 2103 Primum
3155 2057 3213 2104 ut
3257 2048 3500 2105 declinet

1889 2154 2044 2206 eam;
2077 2140 2273 2195 melius
2299 2150 2382 2196 est
2404 2142 2552 2196 enim
2581 2142 2704 2197 sine
2726 2142 2819 2197 lite
2847 2139 3016 2208 abire,
3051 2157 3212 2213 quam
3243 2144 3490 2200 residere

1889 2249 2014 2289 cum
2060 2234 2262 2306 jnrgio.
2311 2233 2520 2290 Deinde
2551 2243 2607 2289 ut
2649 2233 2773 2289 talia
2814 2235 3121 2305 possideat,
3151 2251 3270 2305 quae
3303 2251 3489 2294 secum

1889 2327 2104 2382 auferre
2133 2329 2337 2398 possit;
2367 2338 2424 2383 ut
2454 2328 2508 2382 in
2537 2326 2688 2382 nullo
2712 2329 2886 2382 teneri
2917 2328 2984 2383 ab
3010 2328 3330 2385 adversario
3360 2345 3484 2400 pos-

1891 2423 1962 2477 sit
2008 2423 2310 2490 obnoxius,
2357 2423 2452 2478 sed
2495 2423 2640 2478 dicat
2669 2421 2967 2496 :Cognosce
2994 2427 3038 2480 si
3064 2427 3190 2498 quid
3233 2437 3378 2482 tuum
3418 2439 3492 2484 est

1891 2515 2032 2586 apud
2062 2531 2142 2570 me
2165 2515 2324 2586 (Gen.
2368 2530 2534 2581 xxxi,
2575 2514 2647 2571 52
2679 2525 2726 2570 et
2776 2515 2931 2588 seq).
2984 2517 3054 2572 Et
3089 2520 3338 2588 quaesivit
3387 2519 3494 2575 La-

1894 2609 1998 2664 ban
2021 2652 2035 2674 ,
2064 2619 2118 2664 et
2143 2610 2275 2664 nihil
2305 2625 2462 2665 suum
2486 2608 2693 2664 invenit
2724 2608 2868 2679 apud
2898 2606 3088 2665 Jacob.
3129 2611 3356 2683 Magnus
3387 2613 3494 2676 vir,

1893 2713 1948 2758 et
1976 2717 2105 2758 vere
2133 2703 2343 2770 beatus,
2375 2703 2468 2775 qui
2500 2702 2631 2758 nihil
2665 2704 2842 2772 potuit
2867 2717 3024 2760 suum
3049 2706 3324 2773 amittere,
3361 2707 3497 2763 nihil

1895 2796 2132 2850 alienum
2185 2793 2407 2863 habere,
2437 2796 2542 2851 hoc
2587 2803 2693 2862 est,
2729 2796 2857 2849 nihil
2887 2797 3068 2852 minus
3101 2798 3328 2864 habere,
3363 2799 3494 2856 nihil

1896 2887 2252 2956 superfluum.
2282 2890 2464 2958 Itaque
2487 2887 2578 2944 ille
2609 2886 2880 2958 Perfectus
2903 2899 3017 2956 est,
3036 2892 3122 2946 cui
3147 2892 3280 2948 nihil
3299 2893 3497 2951 deest:

1892 2981 2104 3053 justus,
2147 2986 2231 3038 cui
2263 2983 2398 3037 nihil
2428 2993 2698 3053 superest.
2734 2983 2848 3038 Hoc
2873 2986 3017 3040 enim
3051 2988 3383 3058 estjustitia:
3420 2999 3502 3045 te-

1899 3090 2032 3130 nere
2059 3090 2393 3131 mensuram.
2414 3077 2628 3145 Quanta
2652 3077 2824 3132 virtus
2844 3077 3000 3148 cujus
3029 3081 3266 3136 societas
3289 3082 3500 3138 lucrum
3525 3099 3532 3108 ·

1899 3167 2086 3237 dabat,
2112 3184 2222 3224 non
2253 3170 2534 3239 irrogabat
2557 3168 2939 3240 dispendium?
2961 3169 3072 3228 Hoc
3091 3182 3178 3229 est
3202 3175 3503 3245 perfectum

190 3277 244 3331 in
293 3285 479 3346 partus
529 3289 649 3331 sese
693 3274 886 3330 uberes
936 3272 1140 3327 fundat.
1181 3270 1460 3342 Siquidem
1509 3269 1797 3324 dominica:
1826 3273 1872 3337 ο
1904 3277 2056 3329 esse,
2087 3263 2494 3319 adhaerentibus
2537 3263 2637 3318 sibi
2689 3263 2964 3319 commodi
3014 3265 3306 3337 plurimum
3345 3269 3502 3338 dare,

188 3368 353 3444 ωδ
403 3383 626 3424 munera
675 3366 984 3438 passionis,
1019 3365 1510 3434 remissionumque
1554 3363 1797 3418 omnium

190 3472 537 3533 peccatorum
588 3459 840 3531 adjuncta
897 3458 1132 3530 Spiritus
1181 3457 1356 3530 gratia
1403 3451 1430 3493 ιι
1477 3457 1610 3512 dare
1667 3469 1799 3512 con-

191 3556 389 3612 auevit.

825 3666 1055 3725 CAPUT
1095 3667 1160 3723 ν.

191 3804 355 3860 Jocob
394 3805 571 3860 divino
613 3807 760 3872 iussu
807 3806 860 3860 in
899 3807 1124 3876 patriam
1171 3805 1446 3860 revertitur
1487 3807 1550 3860 ob
1596 3804 1798 3860 Labani

266 3902 478 3971 ejusque
505 3898 735 3968 ﬁliorum
765 3898 1036 3952 invidiam.
1071 3898 1202 3966 Haec
1244 3899 1287 3953 si
1329 3909 1514 3954 exorta
1541 3900 1640 3966 sit,
1673 3915 1801 3965 quo-

269 3991 424 4047 modo
448 3991 760 4048 declinanda
789 4008 806 4046 :
832 4008 932 4062 qua
964 3993 1120 4046 etiam
1150 3994 1354 4047 ratione
1390 3995 1597 4064 sapiens
1629 3994 1804 4048 inanis

270 4099 552 4153 numquam
574 4099 680 4138 esse
699 4082 879 4154 possit.
907 4082 1030 4138 Post
1052 4099 1167 4154 quw
1192 4087 1494 4154 mysterium
1511 4087 1564 4139 in
1586 4083 1801 4138 Lnbano

269 4175 444 4252 generi
473 4174 606 4230 bona
634 4184 991 4246 perscrutante
1011 4217 1024 4242 ,
1049 4176 1102 4230 in
1129 4173 1312 4244 Iacob,
1347 4186 1498 4246 atque
1526 4179 1639 4250 ejus
1667 4193 1795 4232 uxo-

269 4269 408 4324 ribus
439 4269 763 4340 designatum
793 4269 1090 4338 exponitur.

267 4387 359 4443 20.
395 4397 418 4424 ε
452 4386 546 4442 His
595 4387 804 4457 itaque,
839 4397 897 4442 ut
934 4387 1216 4458 Scriptura
1247 4387 1406 4454 dicit,
1437 4389 1591 4444 dives
1624 4387 1796 4443 factus

203 4492 318 4550 est,
354 4481 510 4538 valde
547 4481 746 4537 bonum
789 4497 1006 4552 gregem
1056 4482 1303 4538 nutriens
1337 4483 1587 4549 Christo,
1633 4498 1795 4554 quem

206 4575 326 4631 fidei
366 4575 556 4641 titulo,
585 4585 639 4631 et
683 4576 948 4632 varietate
996 4577 1253 4632 virtutum
1305 4577 1527 4648 gloriosi
1560 4577 1796 4633 nominis

1905 3356 2040 3412 nihil
2071 3357 2269 3412 aﬁ'crre
2301 3358 2658 3414 incommodi.

1974 3449 2067 3504 22.
2100 3450 2343 3523 Denique
2388 3453 2434 3506 is
2472 3453 2561 3524 qui
2591 3469 2793 3512 nocere
2815 3456 3102 3528 cupiebat,
3135 3457 3353 3514 inanem
3382 3473 3508 3516 eum

1904 3559 2015 3600 non
2042 3545 2218 3616 potuit
2243 3545 2547 3602 dimittere.
2573 3546 2803 3618 Sapiens
2831 3549 2976 3605 enim
3009 3559 3302 3617 numquam
3332 3553 3512 3608 inanis

1902 3646 1986 3696 est
2029 3637 2148 3711 (De
2173 3640 2348 3710 patuit.
2374 3639 2493 3695 dist.
2537 3639 2604 3707 2,
2635 3657 2752 3712 cap.
2785 3643 3054 3716 Sapiens),
3087 3659 3307 3716 semper
3345 3646 3399 3700 in
3442 3659 3503 3702 se

1903 3733 2116 3788 habens
2144 3735 2403 3788 amictum
2426 3733 2753 3803 prudentiae,
2774 3736 2865 3806 qui
2899 3746 3078 3806 potest
3105 3738 3291 3793 dicere
3310 3756 3322 3793 :
3341 3737 3510 3794 Justi-

1903 3827 2029 3879 tiam
2058 3825 2353 3890 induebam,
2379 3835 2424 3880 et
2446 3827 2717 3881 vestiebmn
2734 3830 2998 3902 judicium
3031 3829 3172 3900 (Job.
3206 3847 3356 3895 xxtx,
3383 3830 3497 3902 M),

1899 3919 2042 3972 sicut
2086 3917 2225 3971 dixit
2265 3917 2388 3974 Job.
2439 3917 2682 3987 Namque
2735 3919 2849 3974 haec
2903 3925 3102 3976 mentis
3129 3931 3258 3977 sunt
3289 3924 3501 3978 interna

1901 4011 2192 4073 velamina,
2220 4026 2341 4082 qua}
2383 4025 2548 4066 nemo
2591 4011 2730 4065 alius
2774 4015 2944 4082 possit
2971 4013 3210 4081 auferre,
3238 4015 3342 4070 nisi
3384 4030 3508 4072 cum

1907 4101 2145 4172 aliquem
2177 4116 2272 4157 sua
2297 4103 2458 4172 culpa
2479 4103 2771 4171 despoliat.
2800 4104 3044 4174 Denique
3067 4104 3144 4160 sic
3169 4106 3510 4178 despoliatus

1908 4194 2112 4259 Adam,
2145 4194 2321 4248 nudus
2368 4196 2621 4248 inventus
2666 4203 2795 4251 est:
2827 4205 2882 4251 at
2922 4212 3052 4252 vero
3092 4197 3296 4270 Ioseph
3339 4201 3505 4256 etiam

1906 4289 2230 4344 vestimento
2259 4286 2423 4360 ιω
2461 4288 2734 4345 exteriore
2769 4291 2997 4361 rejecto,
3030 4291 3206 4348 nudus
3227 4309 3334 4349 non
3362 4305 3500 4364 erat,

1906 4381 2158 4452 quisalva
2178 4381 2411 4437 habebat
2439 4382 2750 4438 indumenta
2780 4385 3013 4440 virtutis.
3043 4385 3343 4459 Numquam
3373 4407 3505 4462 ergo

1905 4475 2086 4532 inanis
2113 4478 2351 4547 sapiens.
2386 4475 2518 4532 Nam
2543 4477 2816 4548 quomodo
2837 4479 3036 4548 inanis,
3067 4483 3157 4550 qui
3183 4484 3253 4538 de
3274 4485 3510 4554 plenitu-

1905 4574 2032 4628 dine
2055 4570 2260 4627 Cbristi
2289 4571 2512 4642 accipit,
2543 4580 2598 4626 et
2637 4580 2822 4628 servat
2847 4583 3134 4643 acceptum
3160 4577 3184 4631 i
3213 4576 3506 4646 Quomodo

209 4753 330 4827 bis,
357 4753 420 4827 Et
451 4756 589 4811 misit
632 4753 786 4810 Isaac
815 4755 980 4811 Iacob
1011 4771 1030 4811 :
1059 4768 1105 4812 et
1135 4755 1260 4812 abiit
1286 4757 1341 4812 in
1372 4755 1803 4827 Mesopotamiam
1832 4753 1882 4812 D
1909 4750 2067 4806 Dives
2103 4751 2254 4827 valde
2285 4753 2454 4827 factus
2484 4759 2594 4827 erat
2617 4750 2777 4827 Iacob
2807 4752 2995 4827 bonum
3025 4770 3245 4826 gregem,
3271 4767 3376 4814 etc.
3414 4759 3518 4816 lte-

210 4825 274 4900 ad
303 4824 500 4900 Laban,
529 4838 626 4900 etc.
652 4827 923 4900 Profectus
954 4836 1027 4884 est
1048 4829 1239 4900 Jacob,
1267 4839 1310 4882 et
1335 4829 1386 4882 in
1409 4824 1587 4882 itinere
1609 4828 1806 4900 dormi-

210 4898 296 4969 uit.
331 4898 524 4952 Eadem
551 4899 680 4954 edit.
709 4898 846 4955 duos
873 4900 1010 4955 alios
1037 4899 1331 4969 Scripturae
1370 4915 1562 4953 versus
1614 4899 1803 4969 paucis

214 4968 504 5040 intorjectis
547 4971 874 5037 inseruerat,
908 4973 1090 5027 sensui
1121 4968 1335 5040 quidem
1368 4971 1508 5025 haud
1542 4968 1762 5026 inutiles
1786 5011 1801 5037 ,

212 5039 302 5095 sed
324 5057 458 5112 quos
486 5057 585 5096 nec
616 5044 667 5097 in
698 5043 817 5098 aliis
841 5043 963 5098 uilis
985 5043 1116 5099 edit.
1143 5039 1204 5098 et
1232 5059 1364 5097 mss.
1392 5043 1652 5112 reperias.

279 5121 304 5149 ιι
340 5111 521 5186 ,υἰοιὶο
539 5117 630 5186 jus
656 5129 720 5186 ex
748 5116 999 5186 omnibus
1021 5114 1151 5168 edit.
1178 5115 1396 5179 aberat,
1428 5111 1588 5184 quam
1617 5127 1714 5167 nos
1737 5125 1804 5166 ex

213 5183 456 5238 omnibus
485 5183 616 5238 mss.
649 5183 788 5240 Gall.
820 5187 1177 5241 restituimus.

280 5253 306 5291 δ
347 5255 564 5328 Septem
594 5270 724 5309 mss.
755 5257 970 5328 optimm
993 5267 1153 5324 notae,
1185 5255 1480 5328 magisterio
1509 5254 1798 5326 colligebat.

286 5335 308 5363 ε
348 5325 495 5379 Edit.
520 5326 681 5378 Rom.
719 5367 732 5390 ,
763 5326 827 5380 In
873 5329 1164 5395 canalibus,
1197 5325 1386 5385 contra
1433 5329 1568 5382 alias
1611 5325 1802 5382 omnes

217 5396 340 5452 edit.
367 5407 419 5451 et
447 5412 579 5450 mss.
610 5397 664 5450 in
698 5397 890 5464 quibus
915 5401 1111 5468 legitur
1134 5443 1149 5466 ,
1178 5402 1416 5456 inventis.
1462 5399 1604 5454 forte
1635 5401 1686 5453 in
1718 5414 1802 5452 ve-

219 5469 292 5521 nis
311 5511 323 5532 ,
354 5479 447 5542 aut
477 5469 530 5542 in
557 5469 712 5542 terris,
744 5471 794 5542 ἓν
815 5477 933 5531 ταῖς
955 5470 1122 5532 ληνοῖς
1148 5489 1161 5536 ;
1188 5472 1329 5540 quod
1357 5473 1521 5527 vertit
1554 5472 1808 5542 Augusti-

221 5555 350 5615 nus,
379 5541 433 5594 in
461 5540 639 5615 alveis.
675 5539 780 5595 Sed
812 5545 1012 5596 nostris
1041 5539 1450 5615 conjecturisiin
1485 5539 1690 5597 textum
1722 5541 1806 5595 ni-

222 5610 288 5666 hil
324 5612 704 5681 permittimus.
1144 5610 1155 5613 ⁷
1389 5610 1396 5615 ’
1501 5659 1505 5662 .

291 5681 315 5720 ἀ
333 5683 460 5757 Mss.
478 5683 607 5748 duo,
625 5682 842 5752 {undere
853 5683 1106 5757 consuevit
1121 5701 1136 5750 ;
1152 5685 1304 5740 totid.
1316 5727 1330 5753 ,
1345 5690 1513 5757 fovere
1525 5683 1804 5757 consuevit.

289 5765 312 5792 ε
342 5755 414 5809 Ita
441 5771 580 5828 mss.
603 5768 794 5808 omnes
821 5765 980 5828 algttc
1006 5755 1139 5828 edit.
1170 5755 1391 5828 excepta
1415 5758 1601 5822 Rom.,
1626 5755 1678 5810 in
1703 5769 1808 5828 qua

222 5825 408 5897 legitur
433 5845 447 5881 :
483 5824 630 5880 Dixit
661 5835 832 5879 autem
863 5824 1116 5879 Dominus
1138 5828 1203 5880 ad
1229 5824 1423 5884 Iacob:
1459 5824 1731 5883 Revertere
1755 5826 1810 5880 in

223 5906 403 5952 terram
426 5898 588 5970 patris
610 5897 705 5966 tui,
732 5907 776 5952 et
799 5897 851 5952 in
875 5907 1072 5970 gentem
1095 5906 1254 5965 tuam,
1275 5909 1320 5954 et
1367 5915 1457 5971 ego
1491 5915 1580 5956 ero
1620 5909 1806 5954 tecum.

1912 4839 2035 4878 rum
2075 4823 2266 4877 eodem
2313 4824 2433 4876 loco
2468 4823 2599 4878 edit.
2629 4825 2751 4876 Αιιι.
2783 4836 2833 4879 et
2870 4823 3376 4889 Era.,'et'uarietate
3407 4833 3513 4886 vir-

1911 4906 2076 4948 tutum
2096 4893 2392 4966 nobilitabat
2411 4892 2715 4966 insignibus.
2738 4893 2862 4950 Gill.
2889 4912 2951 4951 ac
2970 4896 3154 4963 Rom.,
3187 4911 3231 4952 et
3250 4903 3512 4958 variarum

1910 4968 2157 5020 virtutum
2187 4965 2483 5018 nobilitabot
2500 4965 2804 5037 insignibus.
2827 4967 2956 5023 Mss.
2974 4983 3165 5024 omnes
3186 4979 3242 5024 ιιι
3263 4972 3311 5025 in
3333 4984 3509 5029 textu.

1988 5037 2007 5075 τ
2045 5037 2198 5111 fidit.
2250 5038 2408 5111 Rom.
2459 5053 2582 5091 cum
2642 5039 2827 5105 paucis
2882 5054 3012 5111 mss.
3073 5042 3193 5096 voci
3246 5045 3512 5111 plenitudo

1906 5109 2082 5179 jungit
2105 5123 2290 5162 vocem
2317 5108 2579 5172 virtutum,
2614 5124 2735 5179 qua:
2761 5112 2813 5162 in
2847 5109 2968 5164 aliis
2998 5112 3193 5167 melius
3224 5108 3512 5173 omittitur.

1912 5181 2043 5256 Nam
2081 5181 2350 5256 plenitudo
2394 5179 2505 5256 hic
2530 5182 2696 5256 Deum
2749 5181 2922 5256 ipsum
2957 5181 3233 5256 designat,
3272 5187 3359 5256 qui
3390 5205 3510 5241 Olll-

1912 5198 2043 5235 nam
2081 5198 2350 5306 ptenttuao
2395 5198 2480 5235 ntc
2531 5198 2696 5235 uelim
2749 5198 2922 5249 fpSIlm
2957 5198 3233 5252 uesrguat,
3272 5203 3359 5256 qui
3390 5205 3510 5241 om-

1911 5253 2058 5306 nium
2117 5266 2341 5306 onorum
2367 5252 2645 5322 plenitudo
2661 5262 2763 5307 est.
2791 5251 2998 5307 Rursus
3023 5253 3114 5308 ubi
3144 5267 3354 5310 cunct:e
3378 5259 3513 5314 edit.

1910 5339 1974 5378 ac
1998 5325 2176 5394 plures
2209 5339 2339 5396 mss.
2374 5324 2636 5378 abundare
2664 5327 2920 5394 perfecte,
2952 5325 3043 5380 alii
3083 5326 3285 5396 aliquot
3317 5329 3518 5388 habent

1911 5395 2174 5450 abundare
2196 5395 2437 5464 perfecto.

1987 5478 2010 5514 ε
2037 5467 2195 5522 Ηυηι.
2227 5467 2382 5531 edit.,
2410 5465 2561 5520 Nihil
2590 5467 2634 5518 ei
2657 5465 3000 5534 superﬂuum,
3031 5478 3120 5520 aut
3148 5474 3513 5528 necessarium.

1914 5539 2041 5613 Mss.
2065 5537 2259 5613 ’I_‘orn.,
2280 5537 2643 5613 Long.,Valc.
2667 5547 2720 5590 et
2753 5536 3165 5613 Theod.,lVihil
3185 5544 3230 5594 ei
3257 5546 3516 5613 nocivum;
3553 5571 3563 5576 -

1916 5610 2126 5666 Theod.
2155 5609 2387 5683 secunda
2423 5624 2582 5683 titanu
2603 5649 2617 5673 ,
2638 5622 2863 5683 novum,
2897 5609 3031 5665 nihil
3055 5615 3400 5683 superﬂuum,
3427 5609 3517 5673 aut

1919 5699 2021 5736 non
2051 5682 2412 5754 necessarium.
2439 5683 2504 5734 At
2528 5679 2814 5754 lectionem
2846 5690 3088 5736 nostram
3107 5679 3267 5754 ,qute
3287 5679 3516 5744 aliorum

1919 5769 2052 5808 mss.
2079 5769 2140 5807 ac
2163 5761 2269 5806 vet.
2296 5751 2425 5805 edit.
2449 5758 2551 5816 est,
2572 5749 2694 5804 aliis
2719 5760 2976 5818 priestare
2997 5749 3358 5813 autumamus.
3379 5761 3510 5816 Sunt

1920 5824 2064 5880 enim
2090 5823 2356 5878 innumeri
2379 5823 2573 5903 quibus
2605 5836 2742 5877 nova
2767 5829 2822 5878 et
2843 5824 3118 5896 superflua
3139 5829 3408 5899 opinionis
3431 5848 3516 5889 er-

1921 5911 2046 5953 rore
2073 5905 2200 5952 ευιιι
2231 5907 2556 5950 necessaria.
