4066 6360
633 353 743 411 625

1985 335 2229 396 SANCTI
2266 337 2590 397 AMBROSII
3861 339 3935 395 ﬁil

627 471 829 536 inanis,
851 465 1007 537 cujus
1039 463 1242 534 repleta
1271 471 1356 517 est
1378 459 1581 526 anima,
1608 472 1730 529 quae
1757 463 1997 526 acceptae
2025 456 2219 526 gratia:
2251 455 2294 515 Α
2329 455 2381 510 in
2416 453 2745 526 Evangelio:
2782 452 2930 509 Venit
2971 454 3138 528 hujus
3182 450 3386 506 ntundi
3422 448 3701 516 princeps,
3732 459 3781 503 et
3810 449 3854 502 in
3880 471 3931 506 nu

628 565 948 621 vestimenta
995 553 1266 612 custodit?
1295 552 1431 608 Illud
1479 549 1825 606 metuendum
1855 558 1938 603 cst
1960 589 1976 614 ,
2008 563 2074 601 ne
2100 546 2222 616 quis

630 655 955 713 inn’ocenthc
983 651 1227 706 velamen
1255 649 1491 709 amittat.
1524 661 1590 700 ne
1619 643 1770 714 impii
1795 643 2074 712 sacrilege
2103 657 2225 710 per-

623 746 922 806 secutiunis
944 741 1301 812 impressione
1325 737 1829 808 terminosjustitia:
1854 735 2221 805 supergressi,

623 841 1002 898 vestimentum
1034 836 1232 890 anima:
1261 849 1324 888 ac
1352 834 1554 887 mentis
1594 831 1852 900 eripiant.
1901 829 2059 896 Quod
2109 841 2217 880 non

621 937 784 992 facile
815 932 1032 999 accidit,
1068 930 1171 985 nisi
1199 930 1349 1000 prius
1379 928 1616 998 aliquem
1644 940 1746 978 vox
1779 939 1893 978 sua:
1924 920 2224 992 iniquitatis

623 1027 858 1086 exuerit.
887 1024 1038 1082 Unde
1062 1033 1116 1078 et
1147 1020 1317 1076 David
1347 1019 1481 1075 dicit
1506 1037 1518 1072 :
1548 1018 1610 1074 Si
1638 1025 1712 1071 est
1753 1015 1998 1086 iniquitas
2027 1015 2078 1066 in
2109 1028 2222 1066 ma-

622 1123 770 1178 nibus
797 1120 1019 1176 meis....
1051 1117 1289 1171 decidant
1319 1115 1500 1168 merito
1523 1113 1585 1167 ab
1607 1112 1831 1166 inimicis
1861 1112 1986 1164 meis
2012 1110 2181 1164 inanis
2203 1123 2222 1162 :

624 1222 962 1286 persequatur
993 1211 1234 1265 inimicus
1259 1210 1489 1262 animam
1520 1223 1684 1261 meam
1705 1245 1721 1272 ,
1749 1215 1796 1260 et
1824 1203 2224 1275 comprehendat

619 1307 796 1380 (Psal.
833 1321 930 1372 vn,
963 1306 997 1359 4
1025 1313 1079 1357 et
1108 1303 1188 1373 5).

688 1403 778 1457 25.
825 1401 998 1456 Nemo
1041 1415 1175 1470 ergo
1208 1413 1277 1453 ex
1320 1395 1558 1451 inimicis
1588 1403 1768 1465 potest
1801 1402 1948 1447 tuam
1980 1391 2222 1446 animam

619 1492 1119 1564 comprehendere,
1145 1489 1247 1546 nisi
1279 1493 1433 1561 prius
1459 1489 1637 1543 inanis
1665 1486 1827 1541 fuerit
1855 1484 2069 1540 effecna.
2102 1481 2223 1538 Noli

622 1587 786 1658 igitur
816 1595 1060 1641 metuere
1090 1598 1186 1638 eos
1215 1582 1306 1653 qui
1330 1591 1559 1652 possunt
1585 1580 1702 1635 auri
1726 1579 2045 1650 argentique
2071 1591 2224 1632 com-

622 1683 800 1754 pilare
848 1682 1155 1735 thesauros.
1200 1676 1292 1732 Isti
1337 1675 1433 1732 tibi
1464 1673 1597 1729 nihil
1631 1675 1900 1728 auferunt.
1933 1671 2046 1726 lloc
2077 1670 2223 1725 enim

623 1774 878 1829 auferunt
899 1770 1044 1842 quod
1068 1786 1173 1824 non
1199 1768 1438 1824 habebas
1468 1785 1481 1820 :
1514 1767 1617 1821 hoc
1648 1764 1899 1819 auferunt
1926 1761 2066 1833 quod
2093 1776 2221 1831 pos-

2329 553 2550 605 inveniet
2572 550 2702 604 nihil
2727 548 2910 622 (Joan.
2941 565 3058 610 xlv.
3086 547 3211 619 50).
3239 546 3399 602 Nihil
3433 555 3522 599 est
3542 545 3694 600 enim
3722 544 3931 613 quidqud

2327 653 2411 699 est
2436 644 2662 707 diaboli,
2699 643 2841 714 quod
2875 642 3080 697 nullam
3133 649 3337 713 potest
3385 637 3609 694 habere
3641 640 3930 708 perpetuita-

2329 748 2437 794 tem
2465 748 2628 808 atque
2656 737 3043 792 substantiam.

2396 831 2638 902 25.1pse
2664 841 2847 887 autem
2896 840 2982 886 est
3018 831 3113 902 qui
3171 828 3668 901 praeﬁgurabatur
3712 826 3762 881 in
3806 825 3930 882 laesi

2334 926 2599 982 Dominus
2623 925 2813 991 Jesus,
2859 923 3094 980 duorum
3126 925 3217 978 vir
3243 923 3378 992 conj
3390 921 3664 993 ugiorum
3690 960 3707 986 ,
3743 919 3836 974 hoc
3860 931 3928 975 est.

2329 1032 2556 1072 consors
2585 1016 2805 1086 quidam
2852 1015 3014 1087 Legis
3057 1025 3116 1072 et
3159 1016 3401 1087 gratiae,
3433 1014 3538 1084 qui
3580 1011 3930 1084 virginemlta—

2330 1109 2456 1164 chel
2477 1118 2605 1163 ante
2623 1109 2836 1174 dilexit,
2862 1118 2917 1163 et
2945 1107 3414 1178 prmdestinatam
3440 1106 3560 1162 sibi
3584 1105 3644 1160 in
3666 1106 3927 1177 coniugiu-

2327 1205 2416 1274 pio
2442 1204 2659 1259 amabat
2695 1203 2913 1259 affectu.
2960 1203 3071 1259 Sed
3104 1204 3376 1272 quoniam
3409 1200 3521 1256 Lia
3548 1208 3826 1272 tamquam
3847 1200 3922 1255 Le!

2327 1300 2682 1368 subintravit,
2711 1309 2765 1356 et
2812 1299 2986 1355 oculis
3034 1299 3313 1354 inﬁrmior
3359 1298 3636 1370 obrepsit
3701 1308 3921 1367 tamquam

2327 1339 2682 1368 συν..........,
2711 1339 2765 1356 ν.
2812 1339 2986 1355 ..........
3359 1339 3512 1354 νων
3563 1339 3636 1353 -.-
3703 1339 3806 1352 .-...
3840 1339 3921 1353 ..-

2326 1391 2633 1464 Synagoga,
2665 1408 2784 1463 qua:
2810 1392 3007 1448 mentis
3036 1393 3288 1448 caecitate
3314 1339 3639 1447 Christtum
3664 1339 3837 1446 videre
3856 1408 3923 1446 nos
3969 1339 3971 1464 1

2328 1489 2538 1557 potuit,
2583 1487 3045 1558 superabundavit
3091 1488 3269 1558 gratia
3301 1496 3537 1542 sanctae
3569 1486 3785 1543 Rachel
3810 1488 3921 1557 (Cra.

2329 1597 2454 1636 xxix
2485 1591 2532 1635 et
2581 1580 2738 1652 seq.),
2766 1597 2886 1652 qua:
2916 1596 3076 1653 supra
3109 1582 3352 1652 primum
3421 1580 3576 1635 illud
3623 1591 3714 1636 est
3754 1582 3922 1651 expetit;

2327 1673 2666 1744 conjugium,
2697 1689 2816 1743 qua}
2853 1674 3111 1729 Ecclesiae
3163 1675 3559 1744 principatum
3597 1674 3833 1728 futurum
3851 1674 3919 1743 ius

2330 1774 2456 1819 tunc
2483 1764 2719 1820 nominis
2747 1765 2832 1820 sui
2859 1765 3315 1836 interpretatione
3343 1765 3659 1836 signabat.
3685 1765 3837 1820 Beata
3854 1764 3920 1819 Pu-

623 1867 805 1923 sidere
833 1882 941 1920 non
966 1872 1226 1935 poteras:
1259 1861 1365 1916 hoc
1391 1860 1648 1914 auferunt
1674 1857 1820 1928 quod
1850 1873 1958 1911 non
1988 1853 2220 1909 ornabat
2252 1857 2296 1918 Β
2324 1859 2467 1926 cnel,
2499 1875 2617 1930 qua:
2642 1859 2867 1914 abstulit
2898 1860 3248 1929 opprobrium
3278 1873 3386 1914 suo
3423 1869 3606 1929 partu
3636 1878 3650 1913 :
3681 1860 3829 1916 beate.
3851 1859 3914 1914 tu.

617 1961 858 2018 animam
907 1970 1084 2023 tuam,
1140 1955 1233 2012 sed
1285 1955 1594 2010 onerabat:
1631 1951 1734 2006 hoc
1792 1951 2045 2006 auferunt
2077 1947 2222 2017 quod

621 2071 729 2111 non
785 2051 1150 2124 locupletabat
1173 2064 1268 2105 cor
1297 2058 1444 2104 tuum
1467 2091 1480 2116 ,
1515 2046 1614 2103 sed
1648 2047 1828 2116 potius
1857 2043 2221 2116 deprimebat.

625 2151 726 2206 Ubi
772 2148 908 2204 enim
957 2147 1110 2218 fuerit
1155 2145 1430 2199 thesaurus
1480 2151 1630 2208 tuus,
1658 2141 1727 2194 ibi
1757 2139 1852 2193 erit
1883 2147 1930 2192 et
1960 2154 2050 2191 cor
2076 2151 2222 2189 tuum

620 2241 834 2314 (Matth.
867 2256 941 2304 vt,
973 2238 1088 2309 21),
1121 2240 1263 2293 sicut
1306 2237 1409 2308 legi
1453 2233 1651 2290 audisti
1685 2232 1870 2288 hodie.
1904 2231 2054 2284 Multi
2083 2228 2222 2284 seris

618 2345 898 2408 portarum
927 2347 1149 2390 suarum
1180 2330 1466 2386 includunt
1493 2342 1684 2382 aurum
1713 2341 1870 2380 suum
1892 2364 1905 2386 ,
1930 2321 2026 2378 sed
2058 2322 2094 2376 ii
2121 2334 2224 2376 nec

616 2431 865 2488 vectibus
913 2437 970 2485 et
1013 2426 1272 2482 claustris
1322 2426 1438 2480 suis
1495 2421 1733 2478 credunt
1776 2437 1789 2471 :
1832 2418 1985 2472 multi
2030 2415 2222 2486 vigiles

618 2506 917 2588 adhibent,
951 2520 1049 2576 sed
1090 2519 1195 2588 ipsi
1223 2531 1439 2587 quoque
1483 2515 1606 2584 plus
1637 2515 1791 2582 ipsos
1818 2511 1997 2565 solent
2030 2509 2223 2562 timere

618 2617 879 2676 custodes
909 2633 921 2668 :
957 2613 1113 2669 multi
1143 2610 1364 2667 defosso
1410 2623 1542 2662 auro
1586 2605 1871 2669 incubant;
1905 2617 2096 2658 aurum
2125 2616 2220 2656 eo-

620 2728 742 2768 rum
794 2710 896 2766 sub
941 2718 1121 2776 terra,
1151 2715 1205 2762 et
1232 2719 1326 2760 cor
1354 2718 1546 2759 eorum
1581 2701 1684 2757 sub
1723 2709 1888 2755 terra.
1922 2699 2066 2754 Cave
2088 2711 2221 2767 ergo

621 2822 692 2862 ne
718 2814 774 2862 et
801 2814 854 2859 tu
884 2818 981 2859 cor
1012 2810 1162 2856 tuum
1205 2809 1368 2854 terrae
1418 2797 1574 2853 vivus
1620 2793 1874 2850 infodias.
1924 2792 2040 2847 Non
2089 2805 2219 2862 ergo

620 2897 742 2954 auri
771 2897 931 2952 istius
962 2891 1236 2949 metuendi
1262 2890 1429 2946 fures.
1459 2888 1554 2944 llle
1581 2887 1675 2943 tibi
1709 2886 1986 2942 cavendus
2031 2894 2117 2940 est
2142 2883 2221 2941 fe-

619 2998 866 3057 nerator,
899 2987 992 3058 qui
1048 2984 1406 3041 substantiam
1456 2982 1651 3037 anima:
1693 2990 1800 3034 tum
1848 2987 2144 3043 scrutatur,
2173 2977 2220 3033 si

619 3101 725 3158 qua
755 3084 965 3156 peccati
998 3081 1265 3156 gravioris
1291 3095 1396 3135 aera
1421 3077 1792 3143 contraxeris,
1827 3076 1918 3146 qui
1941 3090 2040 3130 cor
2062 3083 2218 3129 tuum

616 3177 851 3236 includit
891 3178 1040 3242 solo,
1072 3175 1166 3248 qui
1215 3174 1450 3230 animam
1499 3181 1644 3226 tuam
1673 3184 1740 3226 eo
1769 3169 1974 3240 cespite
2001 3168 2217 3235 obruit,

615 3287 726 3344 quo
767 3286 958 3326 aurum
1003 3268 1241 3333 texeris,
1273 3266 1364 3337 qui
1395 3273 1631 3320 mentem
1658 3271 1803 3318 tuam
1831 3272 1856 3298 α
1887 3261 2216 3318 centesima-
2244 3251 2291 3316 C

619 3381 740 3422 rum
787 3365 1035 3419 incurvat
1073 3359 1291 3426 usuris,
1323 3367 1379 3414 et
1420 3357 1571 3428 gravi
1616 3353 1802 3411 condit
1845 3356 2121 3424 sepulcro,
2151 3352 2219 3408 de

618 3471 733 3528 quo
755 3455 932 3510 nullus
959 3452 1214 3523 resurgit.
1249 3450 1490 3519 Sequere
1514 3456 1762 3504 sanctum
1787 3445 1978 3514 Jacob,
2009 3446 2100 3517 qui
2126 3461 2220 3502 ne-

617 3567 723 3622 que
753 3549 820 3604 de
863 3547 1056 3602 alienis
1083 3544 1230 3598 vitiis
1256 3542 1552 3614 quidquam
1585 3540 1853 3606 habebat,
1881 3555 2058 3608 neque
2089 3553 2219 3594 sua-

619 3658 739 3699 rum
769 3641 1028 3694 virtutmn
1051 3646 1174 3693 erat
1200 3637 1377 3691 inanis
1409 3643 1464 3692 et
1487 3649 1710 3701 vacuus,
1743 3633 1833 3704 qui
1854 3632 2220 3704 eratjustitia:

619 3735 798 3791 fructu
825 3732 1087 3802 repletus.
1113 3729 1220 3786 Sed
1253 3727 1369 3783 haec
1403 3727 1653 3781 moralia.

688 3827 778 3882 24.
822 3825 958 3881 lllud
989 3824 1312 3896 mysticum,
1345 3819 1489 3892 quod
1519 3819 1663 3875 venit
1686 3817 1751 3874 ad
1779 3833 1903 3873 eum
1930 3817 1956 3857 1’
1988 3817 2175 3874 Laban
2199 3860 2216 3887 ,

621 3923 726 3980 hoc
745 3932 852 3990 est,
883 3919 1190 3984 dealbatus,
1222 3917 1347 3988 quia
1373 3925 1428 3972 et
1455 3923 1674 3970 satanas
1707 3915 2053 3985 transfigurat
2077 3929 2138 3970 se
2166 3914 2219 3970 in

618 4017 870 4089 angelum
920 4014 1087 4080 lucis,
1127 4021 1186 4068 et
1221 4011 1388 4080 C(Bpit
1417 4009 1485 4064 ab
1531 4023 1598 4065 eo
1635 4021 1734 4063 sna
1779 4011 2082 4080 requirere.
2114 4007 2219 4064 Re-

620 4109 839 4181 spondit
859 4108 908 4162 ei
932 4106 1098 4163 Jacob
1129 4123 1142 4160 :
1169 4104 1430 4176 Cognosce
1458 4102 1500 4157 si
1531 4102 1655 4174 quid
1685 4112 1760 4156 est
1801 4111 1946 4156 tuum
1972 4101 2116 4171 apud
2140 4117 2220 4156 me

620 4205 774 4272 (Gen.
806 4218 957 4269 xxxi,
982 4201 1098 4269 32),
1127 4200 1232 4256 hoc
1253 4209 1358 4263 est,
1394 4198 1527 4253 nihil
1556 4206 1772 4254 tuorum
1800 4198 1996 4254 habeo.
2022 4183 2219 4265 Quaere

620 4301 669 4355 si
698 4299 828 4370 quid
858 4297 1108 4369 agnoscis
1148 4295 1401 4350 vitiorum
1437 4302 1651 4348 tuorum
1681 4301 1736 4348 et
1766 4293 2076 4348 criminum.
2127 4291 2219 4347 Ni-

619 4394 692 4449 hil
728 4406 942 4448 mccum
972 4389 1171 4444 abstuli
1193 4399 1218 4425 ε
1252 4387 1504 4443 fraudum
1537 4397 1750 4442 tuarum
1771 4429 1785 4452 ,
1818 4387 2038 4459 dolique
2085 4403 2218 4444 con-

619 4483 791 4542 sortia
814 4482 924 4537 ulla
951 4494 1057 4536 non
1083 4479 1275 4546 habeo,
1291 4480 1474 4534 omnia
1500 4487 1588 4533 tua
1613 4487 1886 4549 tamquam
1909 4481 2215 4552 contagium

552 4643 561 4654 ,
619 4577 815 4648 refugi.
852 4576 918 4630 Et
957 4573 1214 4645 quaesivit
1264 4572 1480 4639 Laban,
1513 4582 1568 4629 et
1610 4573 1744 4628 nihil
1786 4589 1940 4628 suum
1983 4575 2211 4645 reperit.

2326 1951 2446 2005 cliel
2471 1991 2486 2016 ,
2518 1965 2640 2020 qua:
2667 1950 2952 2005 abscondit
2993 1951 3176 2006 cultus
3196 1993 3210 2017 ,
3244 1967 3616 2024 erroresque
3657 1953 3914 2024 gentilium.

2323 2059 2441 2114 quae
2468 2043 2762 2099 simulacra
2791 2059 2976 2099 eorum
3007 2043 3161 2114 plena
3187 2059 3314 2100 esse
3359 2045 3761 2102 immunditiz
3796 2047 3915 2101 dedi-

2324 2138 2482 2192 ravit.
2515 2138 2688 2194 Nemo
2718 2138 2904 2194 crcdat
2926 2149 3166 2211 paternae
3192 2140 3432 2210 pietatis
3473 2141 3684 2196 laesam
3727 2158 3834 2196 esse
3860 2159 3913 2197 re

2328 2233 2625 2288 verentiam
2647 2275 2661 2299 ,
2693 2234 2837 2303 quod
2879 2244 3057 2289 stante
3088 2245 3240 2302 patre
3271 2234 3469 2299 sedit;
3501 2236 3773 2306 quoniam
3794 2238 3913 2305 scrip-

2325 2333 2437 2379 tum
2479 2336 2599 2380 est:
2635 2325 2738 2394 Qui
2777 2327 2894 2396 plus
2939 2328 3115 2398 fecerit
3145 2336 3347 2399 patrem
3393 2337 3497 2382 aut
3531 2338 3786 2396 matrem,
3813 2346 3912 2400 qu

2324 2436 2426 2486 me,
2452 2436 2552 2474 non
2581 2430 2654 2474 est
2678 2438 2758 2476 me
2784 2422 2971 2492 dignus
2998 2419 3215 2493 (Matth.
3256 2438 3314 2487 x,
3339 2421 3470 2494 '57).
3509 2423 3624 2482 Ubi
3659 2438 3812 2479 causa
3831 2439 3911 2493 age-

2324 2511 2479 2567 batur
2508 2513 2814 2584 religionis,
2845 2512 2982 2570 ﬁdes
3021 2513 3212 2569 debuit
3255 2513 3464 2571 sedem
3520 2515 3738 2573 habere
3755 2513 3909 2586 indidi,

2325 2613 2382 2662 et
2406 2607 2559 2677 quasi
2587 2621 2678 2662 rea
2705 2616 2850 2663 stare
2880 2605 3126 2680 perﬁdia.

2950 2765 3181 2824 CAPUT
3219 2766 3312 2823 Vl.

2327 2906 2548 2978 Angelos
2581 2905 2633 2959 in
2662 2905 2846 2959 itinere
2876 2905 3012 2960 videt
3039 2903 3101 2960 S.
3133 2903 3323 2960 Iacob.
3372 2903 3538 2962 Idem
3579 2906 3738 2979 fratri
3777 2920 3903 2959 occsi-

2398 3022 2511 3061 rens
2541 3007 2724 3078 septies
2749 3006 2954 3061 adorat.
2984 3003 3219 3074 Denique
3261 3006 3627 3061 concordiam
3657 3007 3723 3060 ab
3746 3023 3798 3062 eo
3820 3007 3905 3075 peti-

2399 3108 2548 3153 turus
2569 3101 2622 3153 in
2647 3099 2829 3154 castris
2849 3099 3056 3154 dormit.
3093 3098 3222 3166 Qua
3247 3100 3435 3154 omnia
3466 3101 3607 3171 quid
3637 3099 3901 3172 signiﬁrat,

2397 3202 2647 3260 aperitur.

2393 3351 2483 3408 26.
2511 3349 2538 3388 ἀ
2565 3351 2690 3408 llaec
2722 3367 2788 3410 eo
2818 3369 2990 3426 usque
3023 3353 3245 3426 probata
3277 3365 3443 3426 sunt,
3477 3367 3541 3414 ut
3569 3355 3894 3430 proﬁciscenti

2321 3455 2512 3503 sancto
2558 3446 2726 3503 Jacob
2753 3449 2931 3519 angeli
2961 3449 3056 3504 Dei
3097 3461 3486 3507 occurrerent.
3537 3452 3784 3523 Denique
3807 3449 3898 3504 vidit

2323 3548 2502 3594 castra
2541 3539 2633 3594 Dei
2679 3539 3041 3610 applicantia,
3068 3551 3123 3596 et
3153 3541 3264 3597 ait:
3303 3543 3496 3598 Castra
3533 3545 3639 3599 Dei
3688 3546 3789 3600 luet:
3819 3552 3897 3595 sunt

2324 3632 2477 3704 (Gen.
2517 3649 2702 3702 xxxii,
2737 3635 2762 3688 1
2808 3645 2855 3689 et
2877 3635 2958 3709 2).
2999 3636 3261 3692 Perlectis
3309 3640 3457 3694 enim
3495 3649 3551 3696 et
3580 3640 3823 3697 ﬁdelibus
3842 3638 3897 3692 di~

2324 3729 2444 3784 vina
2485 3729 2665 3785 solent
2700 3729 2892 3787 adesse
2937 3731 3208 3802 praesidia.
3255 3731 3556 3790 Perfectus
3583 3746 3766 3792 autem
3793 3734 3896 3805 cogi-

2327 3825 2473 3880 tabat
2505 3825 2572 3880 de
2607 3827 3051 3883 reconciliatione
3080 3827 3349 3896 fraterna;
3380 3831 3455 3886 ita
3490 3841 3551 3886 ut
3579 3833 3892 3888 humilitateE

2323 3933 2446 3974 eum
2471 3919 2746 3987 invitaret,
2770 3919 2968 3976 ofﬁciis
2994 3923 3331 3992 acquireret,
3362 3927 3702 3982 muneribus
3732 3937 3894 3997 quoque

2323 4012 2612 4068 emendum
2643 4017 2876 4082 putaret.
2902 4011 3152 4069 Occurrit
3193 4015 3377 4085 itaque
3408 4014 3572 4073 fratri
3597 4033 3725 4073 eum
3755 4030 3893 4073 mune-

2323 4105 2506 4172 ribus,
2560 4107 2854 4175 uxoribus,
2911 4116 2966 4163 et
3021 4107 3334 4178 pignoribus
3400 4109 3550 4176 suis;
3600 4121 3664 4166 ut
3728 4108 3889 4168 etiamsi

2324 4199 2441 4270 ipse
2480 4188 2886 4272 indignaretur,
2917 4201 3337 4257 necessitudinis
3364 4202 3660 4275 obsequiis
3701 4203 3891 4260 inflecte

2322 4303 2494 4350 I'CIUI‘.

2391 4386 2484 4440 27.
2526 4385 2594 4440 Ει
2634 4386 2882 4442 adoravit
2905 4388 3094 4458 septies
3139 4388 3194 4442 in
3241 4397 3379 4443 terra
3413 4388 3582 4460 (Gen.
3623 4406 3813 4456 xxxm,
3838 4386 3889 4456 3).

2320 4481 2460 4550 Quid
2484 4481 2587 4537 sibi
2611 4481 2752 4538 istud
2775 4482 2892 4537 vult
2913 4483 3078 4539 esse?
3101 4482 3210 4538 Lex
3233 4482 3367 4538 dicit
3397 4501 3411 4538 :
3447 4483 3744 4540 Dominum
3764 4483 3893 4538 Dan

2322 4585 2467 4630 tuum
2494 4575 2770 4642 adorabis,
2798 4584 2845 4630 et
2879 4577 2980 4645 ipsi
3018 4577 3118 4632 soli
3144 4578 3327 4632 servies
3351 4576 3558 4647 (Deut.
3590 4596 3676 4648 v1,
3714 4581 3824 4649 i5);
3847 4584 3887 4632 et

620 4674 792 4745 Quam
817 4671 1007 4728 beatus
1033 4669 1137 4734 vir.
1171 4668 1224 4723 in
1246 4684 1355 4740 quo
1384 4668 1639 4724 inimicus
1661 4667 1794 4723 nihil
1821 4669 2048 4734 invenit,
2071 4669 2215 4741 quod
2241 4657 2294 4718 D
2323 4672 2412 4729 hic
2457 4673 2648 4728 adorat
2694 4673 3145 4743 intemperantem
3168 4717 3183 4743 ,
3233 4675 3557 4731 iracundum
3583 4719 3600 4745 ,
3635 4678 3894 4732 minantem

619 4783 775 4823 suum
809 4773 994 4837 posset
1015 4762 1238 4818 dicere:
1275 4762 1328 4817 in
1357 4777 1464 4833 quo
1491 4761 1742 4818 diabolus
1789 4761 1925 4817 nihil
1961 4762 2210 4829 olfcndit,

615 4862 755 4933 quod
787 4875 942 4915 suum
977 4857 1340 4930 agnosceret!
1377 4855 1716 4924 lmpossibile
1744 4855 2034 4911 videbatur
2072 4856 2215 4912 istud

615 4954 668 5010 in
703 4954 955 5022 homine,
989 4951 1084 5006 sed
1117 4959 1300 5022 typum
1326 4946 1488 5020 467
1511 4949 1738 5020 gerebat
1761 4947 1879 5019 ejus
1902 4990 1916 5016 ,
1950 4949 2041 5020 qui
2086 4950 2217 5006 dicit

685 5109 709 5134 ει
740 5093 1027 5159 Centesima
1054 5106 1218 5147 usura
1246 5099 1328 5146 est
1359 5105 1460 5160 qua
1486 5088 1775 5162 fetteratori
1805 5089 2031 5162 singulis
2053 5107 2205 5148 men-

608 5171 757 5225 sibus
786 5181 911 5236 pars
930 5167 1228 5236 centesima
1255 5164 1422 5217 sortis
1445 5161 1691 5236 solvitur;
1716 5171 1878 5232 atque
1899 5161 2037 5236 adeo
2058 5181 2204 5220 sum-

612 5258 698 5295 ma
727 5233 920 5308 capitis
950 5251 1045 5290 seu
1077 5235 1238 5308 sortis
1277 5233 1583 5308 comesiqu
1615 5248 1804 5308 mense
1843 5235 2018 5308 usuris
2056 5236 2204 5290 adie-

608 5303 821 5384 quatur'.
848 5308 935 5384 _ln
980 5309 1117 5362 hanc
1155 5305 1295 5360 libro
1340 5305 1416 5358 De
1456 5303 1498 5357 Τ
1501 5303 1620 5357 obia
1657 5303 1912 5360 ardenter
1938 5307 2207 5363 invehitur

609 5381 648 5437 Ᾰ
660 5381 949 5438 mbrosius.

675 5471 706 5510 δ
735 5472 936 5530 Confer
974 5470 1138 5525 sodes
1175 5469 1316 5524 hunc
1346 5469 1522 5524 locum
1553 5483 1676 5524 cum
1711 5469 1776 5522 iis
1803 5484 1922 5538 qua:
1955 5470 2208 5530 dicuntur

609 5549 703 5605 lib.
738 5547 813 5599 De
841 5543 995 5614 Fuga
1025 5542 1203 5595 sazculi
1231 5557 1352 5611 cap.
1383 5541 1440 5607 li,
1473 5556 1624 5596 num.
1653 5539 1726 5594 22
1752 5551 1805 5596 et
1826 5543 1918 5595 23.

686 5653 707 5677 υ
737 5637 857 5691 Vct.
901 5634 1032 5689 edit.
1064 5648 1186 5688 cum
1218 5649 1350 5688 mss.
1385 5634 1694 5698 nonnullis;
1729 5634 1974 5704 fraudant
2004 5644 2210 5692 tuarum

610 5709 858 5773 dereliqui
887 5708 1145 5760 consortia
1174 5721 1192 5759 :
1223 5706 1316 5758 illa
1342 5707 1453 5775 (vel
1481 5715 1538 5760 ut
1569 5720 1701 5760 mss.
1733 5705 1863 5778 ulla)
1895 5722 1995 5760 non
2025 5708 2205 5768 habeo.

609 5780 845 5850 Frigide.

679 5870 703 5910 ιι
743 5871 813 5926 tta
837 5865 1015 5920 cuncti
1044 5881 1176 5922 mss.
1197 5881 1260 5922 ac
1290 5866 1420 5923 edit.
1447 5876 1646 5938 praster
1671 5867 1832 5927 Rom.
1865 5869 1969 5928 hoc
1995 5870 2206 5929 initium

2324 4765 2652 4836 parricidale
2680 4764 2968 4837 ﬂagitium.
3001 4765 3083 4821 An
3115 4776 3314 4822 terram
3344 4766 3628 4835 adoravit,
3663 4769 3801 4822 illam
3825 4768 3896 4820 hu-

2325 4873 2487 4914 mano
2515 4871 2713 4914 cruore
2745 4869 3089 4926 concretam,
3116 4861 3455 4929 serpentium
3501 4860 3740 4916 infusam
3770 4872 3895 4914 vene-

2323 4957 2446 5016 nis,
2477 4960 2568 5005 aut
2611 4951 2798 5023 jejuna
2849 4951 3124 5009 infelicem
3168 4953 3383 5024 glarea,
3409 4962 3509 5009 aut
3558 4954 3714 5010 duris
3763 4962 3894 5021 autne

2313 5093 2505 5162 capitis
2535 5091 2753 5146 exhibet
2783 5091 2834 5147 in
2864 5107 2984 5148 eam
3017 5092 3280 5161 formam,
3309 5091 3374 5147 Et
3414 5094 3585 5150 Jacob
3611 5093 3737 5147 abiit

2314 5175 2360 5218 et
2390 5163 2664 5231 respiciens
2697 5164 2822 5217 vidit
2853 5175 3022 5219 castra
3060 5164 3152 5220 Dei
3177 5176 3368 5220 metata
3387 5208 3400 5230 ,
3435 5176 3485 5220 et
3517 5165 3836 5220 obviavenntt
3858 5163 3890 5217 ti

2315 5236 2496 5307 Angeli
2528 5233 2646 5288 Dei.
2683 5233 3073 5307 Proﬁciscenti,
3099 5247 3206 5293 etc.

2392 5320 2414 5344 υ
2443 5307 2644 5362 Omnes
2691 5307 2822 5361 edit.
2866 5324 2930 5363 ac
2978 5325 3106 5363 mss.
3154 5309 3394 5378 aliquot.
3425 5325 3538 5363 eam
3565 5310 3886 5363 ἐποῦσαν...

2318 5380 2584 5434 emendant
2626 5387 2845 5446 putaret.
2880 5379 2988 5435 Alii
3032 5396 3164 5434 mss.
3212 5380 3553 5448 antiquiores
3589 5388 3645 5434 et
3672 5390 3890 5434 numero-

2316 5452 2510 5522 siores,
2541 5466 2656 5502 eum
2677 5452 2984 5508 invitaret...
3011 5451 3315 5516 emendum;
3340 5449 3533 5522 Long.,
3553 5451 3724 5519 \'alc.,
3750 5465 3889 5504 emen-

2315 5521 2568 5594 dandum,
2605 5533 2829 5589 putaret.
2863 5523 3128 5594 Syllepsis
3154 5533 3236 5579 est
3261 5539 3362 5591 qua
3386 5523 3719 5578 constructio
3749 5522 3888 5575 refer-

2314 5601 2402 5647 tur
2449 5593 2513 5647 ad
2562 5608 2750 5647 vocem
2799 5593 2980 5661 fratris
3036 5596 3086 5648 in
3135 5597 3298 5664 priori
3351 5595 3602 5650 membro
3650 5599 3887 5659 poteSIate

2312 5666 2784 5736 comprehensam.
2812 5665 2944 5720 Post
2970 5663 3195 5720 verbum
3227 5675 3447 5736 putaret.
3484 5664 3752 5734 subjungit
3773 5663 3880 5718 edit.

2313 5734 2678 5810 Ron‘i.,_Di:cit
2711 5738 2843 5810 enim
2873 5753 2891 5791 :
2925 5737 3151 5810 Placabo
3183 5734 3367 5808 [aciem
3388 5739 3501 5810 ejus
3532 5737 3587 5790 in
3617 5736 3760 5810 donis
3778 5748 3883 5800 pra.

2313 5807 2638 5872 cedentibus;
2669 5809 2812 5877 quod
2841 5807 3312 5878 superﬂuum’est,
3335 5807 3473 5865 etin
3501 5809 3750 5863 omnibus
3773 5819 3876 5859 mss.

2311 5887 2370 5934 et
2389 5877 2510 5934 aliis
2536 5879 2667 5934 edit.
2697 5877 3062 5938 desideratur.
