4066 6360
166 357 279 415 625

1217 354 1306 410 DE
1344 350 1554 411 JACOB
1595 314 1884 411 Ervrrs
1922 353 2152 411 BEATA
2192 353 2324 410 LIB.
2367 354 2430 410 ll.

3367 350 3473 407 626

167 478 388 550 asperis
433 476 804 534 inliorrentem
849 473 1136 531 caulibus?
1165 472 1302 540 Quid
1335 471 1436 528 sibi
1464 471 1628 526 etiam
1659 470 1775 526 vult
1798 476 1854 538 Α
1876 470 2421 542 perturbationesque
2458 470 2700 542 mitigat,
2727 482 2888 540 quam
2915 483 2981 525 ea
3015 483 3134 539 quae
3163 467 3476 524 barbaricos

168 571 320 644 quod
346 572 549 643 septies
589 570 936 628 adoraverit?
967 569 1211 625 Haereret
1252 568 1473 634 solutio,
1507 566 1609 621 nisi
1637 565 1770 621 illud

170 676 499 724 occurreret
520 668 662 737 quod
690 667 852 723 Petro
879 664 1234 736 interroganti
1264 665 1317 720 in
1348 662 1682 734 Evangelio:
1710 661 1773 718 Si

178 761 351 833 frater
371 777 511 816 meus
533 761 586 815 in
608 776 686 815 me
705 760 1004 834 peccaverit,
1030 759 1228 830 quoties
1250 757 1505 811 dimittant
1529 757 1593 819 ei,
1613 771 1775 828 usque

173 857 409 929 septies?
435 855 718 927 Respondit
742 856 786 908 ei
809 853 1062 909 Dominus
1090 851 1245 908 Jesus
1270 869 1288 908 :
1323 851 1444 907 Non
1467 857 1634 907 solum
1660 868 1778 923 sep-

176 953 277 1007 ties
301 993 315 1017 ,
348 951 439 1005 sed
468 967 626 1022 usque
646 950 932 1022 septuagies
960 950 1147 1020 septies
1168 948 1396 1022 (Matth.
1429 963 1559 1002 xvnt
1579 988 1592 1013 ,
1634 945 1700 1001 2i
1730 956 1774 1001 et

173 1047 296 1116 22).
332 1057 357 1084 ει
387 1047 500 1102 lloc
531 1047 690 1117 igitur
718 1044 1034 1116 prophetico
1062 1046 1252 1114 spiritu
1293 1053 1514 1100 sanctus
1540 1042 1776 1097 Patriar-

176 1139 282 1194 clia
323 1137 620 1209 signiﬁcat,
656 1139 709 1193 in
756 1137 1133 1194 advenientem
1177 1138 1514 1208 respiciens,
1543 1136 1632 1206 qui
1668 1149 1773 1190 non

178 1232 360 1286 solum
410 1247 578 1302 usque
625 1232 857 1302 septies,
912 1231 1006 1285 sed
1050 1232 1210 1285 etiam
1261 1245 1429 1298 usque
1473 1227 1776 1298 septuagics

177 1318 387 1385 septies
417 1315 632 1371 veniam
657 1315 811 1371 fratri
835 1318 1005 1372 laxari
1028 1317 1272 1387 juberet;
1303 1326 1361 1370 ut
1389 1316 1508 1385 ejus
1533 1327 1778 1369 contem-

175 1410 424 1482 platione
445 1419 749 1468 conventus
771 1411 912 1467 Esau
943 1411 1198 1484 injuriam
1227 1426 1387 1482 quam
1419 1426 1478 1465 se
1504 1409 1780 1480 accepisse

177 1505 447 1574 putabat,
495 1505 806 1561 remitteret
857 1504 1056 1572 fratri,
1107 1514 1162 1561 et
1214 1504 1459 1576 quamvis
1508 1503 1672 1559 laesus
1725 1502 1782 1557 in

179 1597 354 1671 468
391 1598 618 1670 gratiam
666 1600 902 1667 rediret;
935 1600 1058 1670 quia
1102 1609 1387 1670 propterea
1417 1612 1635 1654 carnem
1665 1612 1784 1652 sus-

180 1705 445 1762 cepturus
471 1700 589 1749 erat
613 1692 881 1748 Dominus
918 1691 1098 1758 Jesus,
1125 1703 1178 1747 et
1209 1700 1467 1746 venturus
1499 1690 1552 1744 in
1584 1700 1778 1755 terras,

185 1793 247 1838 ut
277 1784 690 1853 multiplicatam
715 1784 874 1840 nobis
895 1783 1122 1839 donaret
1151 1783 1368 1838 veniam
1399 1781 1742 1836 delictorum.

1870 564 2025 619 sedat
2070 563 2341 619 incursus.
2387 565 2516 620 Plus
2555 573 2641 620 est
2683 565 2826 620 enim
2857 563 3042 620 clauso
3078 563 3219 618 intra
3259 570 3310 619 te
3336 561 3482 619 hosti

1873 658 2155 727 resistere,
2191 675 2351 730 quam
2389 670 2621 716 remoto.

2486 795 2713 853 CAPUT
2752 796 2866 851 VII.

1876 914 2046 968 Jacob
2094 930 2209 967 cum
2250 912 2360 968 Deo
2401 913 2646 981 luctatur,
2672 924 2721 969 et
2751 924 2888 970 tacto
2915 912 3127 986 femoris
3158 928 3308 968 nervo
3337 911 3485 966 clau-

1951 1009 2107 1062 dicat.
2158 1008 2277 1062 Vim
2321 1007 2474 1062 Dina,
2516 1010 2716 1063 illatam
2760 1013 2946 1080 fratres
2985 1008 3324 1073 ulciscuntur,
3354 1020 3482 1074 quos

1950 1103 2113 1158 Jacob
2146 1114 2291 1172 pater
2329 1103 2605 1176 improbat.
2631 1101 2689 1157 Is
2709 1103 2921 1176 jubetur
2948 1104 3003 1157 in
3022 1101 3203 1158 Bethel
3223 1100 3480 1169 habitare,

1951 1216 2050 1266 quo
2078 1208 2252 1253 sancta
2278 1196 2514 1252 Ecclesia
2537 1197 2928 1268 prwﬁgnratur.

1952 1314 2040 1368 50.
2085 1313 2268 1383 Itaque
2307 1312 2474 1368 Jacob
2503 1312 2594 1383 qui
2621 1326 2717 1366 cor
2743 1325 2902 1365 suum
2935 1310 3001 1365 ab
3028 1311 3177 1365 omni
3208 1309 3486 1364 simultate

1883 1409 2258 1475 mundaverat,
2308 1418 2363 1464 et
2414 1407 2693 1478 pacificum
2744 1404 2992 1461 affectum
3041 1405 3284 1476 gerebat,
3332 1412 3485 1473 post-

1884 1521 2045 1578 quam
2072 1504 2261 1575 rejecit
2293 1504 2475 1558 omnia
2500 1517 2595 1558 sua
2616 1545 2629 1569 ,
2664 1501 2817 1557 solus
2838 1487 3102 1555 remansit
3123 1541 3136 1564 ,
3167 1509 3222 1554 et
3253 1499 3490 1553 luctatus

1884 1609 1969 1657 est
1996 1615 2118 1656 cum
2149 1599 2257 1654 Deo
2282 1597 2435 1670 (Gen.
2469 1612 2646 1663 χχιιι,
2670 1595 2741 1650 24
2764 1606 2812 1649 et
2834 1593 2948 1665 25).
2973 1592 3310 1662 Quicumque
3339 1591 3484 1646 enim

1887 1693 2170 1749 srccularia
2225 1691 2479 1762 negligit,
2518 1689 2586 1744 ad
2632 1689 2918 1759 imaginem
2967 1683 3490 1752 similitudinemque

1890 1788 1984 1843 Dei
2015 1785 2235 1857 propius
2257 1785 2484 1840 accedit.
2518 1783 2656 1852 Quid
2687 1792 2768 1839 est
2800 1782 2942 1836 enim
2976 1779 3167 1835 luctari
3191 1793 3314 1834 cum
3348 1776 3484 1841 Deo,

254 1875 349 1928 93-
397 1875 638 1946 υθιιὶψιθ
666 1875 934 1943 [luiturus
955 1889 984 1928 ³
1015 1877 1183 1929 [ταῑΐθ
1211 1873 1558 1929 concordiam
1585 1873 1781 1928 dOI'IIIi-
1813 1876 1862 1937 B
1887 1880 1990 1935 nisi
2035 1877 2250 1933 virtutis
2291 1878 2572 1946 suscipere
2619 1883 2923 1941 certamen,
2958 1882 3013 1929 et
3039 1887 3162 1928 cum
3201 1871 3490 1941 superiore

182 1968 265 2024 tit
293 1970 345 2024 iit
374 1969 589 2024 caStris.
625 1967 876 2024 Perfecta
903 1969 1075 2022 virtus
1098 1967 1260 2022 habet
1291 1968 1487 2038 quietis
1517 1965 1778 2036 tranquil-

181 2062 394 2118 litatem
440 2075 494 2119 et
535 2063 882 2120 stabilitatem
909 2079 923 2120 :
953 2062 1077 2118 ideo
1119 2063 1378 2118 Dominus
1424 2063 1626 2117 donum
1665 2063 1782 2131 ejus

184 2155 603 2228 perfectioribus
635 2156 937 2212 reservavit
957 2155 1149 2212 dicens
1180 2173 1192 2209 :
1229 2154 1420 2210 Pacem
1443 2171 1604 2210 meam
1627 2155 1786 2209 retin-

183 2250 290 2320 quo
310 2248 450 2304 vobis
472 2266 490 2314 ;
521 2266 696 2321 pacem
716 2264 880 2303 meam
903 2249 969 2303 do
993 2249 1129 2303 vobis
1155 2247 1336 2321 (Joan.
1364 2263 1480 2313 xw,
1505 2247 1623 2320 27).
1650 2247 1784 2302 Per—

188 2343 456 2399 fectorum
486 2353 572 2399 est
599 2345 743 2400 enim
776 2358 882 2399 non
917 2343 1076 2399 facile
1101 2344 1386 2398 mundanis
1412 2342 1650 2410 moveri,
1677 2359 1783 2398 non

186 2438 398 2494 turbari
425 2447 604 2504 metu,
635 2453 742 2493 non
765 2437 1026 2508 exagitari
1058 2437 1396 2507 suspicione,
1441 2450 1546 2491 non
1576 2444 1785 2491 terrore

185 2535 441 2601 concuti,
483 2549 590 2590 non
621 2533 814 2589 dolore
854 2535 1040 2589 vexari
1068 2549 1082 2587 :
1107 2532 1202 2588 sed
1224 2533 1380 2603 quasi
1411 2532 1463 2586 in
1497 2532 1680 2587 littore
1701 2539 1787 2586 tu-

187 2627 402 2682 tissimo
457 2625 745 2682 adversum
797 2627 1138 2696 insurgentes
1186 2625 1382 2680 ﬂuetus
1440 2625 1785 2680 saecularium

189 2720 550 2790 procellarum
584 2727 820 2774 mentem
858 2719 1188 2775 immobilem
1222 2719 1323 2774 fida
1354 2721 1590 2774 statione
1619 2719 1788 2790 placi—

192 2810 347 2865 dare.
382 2811 494 2866 Hoc
522 2812 922 2866 firmamentum
951 2811 1263 2866 christianis
1294 2813 1563 2868 mentibus
1587 2811 1790 2868 Chris-

194 2912 283 2958 tus
305 2904 530 2971 invexit,
557 2918 747 2975 pacem
771 2903 1041 2959 internam
1070 2904 1338 2960 invehens
1367 2907 1564 2961 animis
1599 2907 1792 2976 proba-

197 3006 403 3066 torum;
423 3007 605 3053 utnon
629 2998 880 3053 turbetur
896 3012 991 3053 cor
1008 3007 1274 3065 nostrum,
1301 3014 1477 3068 neque
1491 3000 1792 3070 exagitetur

194 3093 432 3148 animus.
487 3092 638 3148 Hanc
689 3107 874 3162 pacem
921 3107 1085 3163 super
1132 3107 1350 3148 omnem
1394 3103 1629 3149 mentem
1671 3109 1792 3150 esse

196 3186 489 3256 Apostolus
535 3186 730 3241 doctor
766 3187 1000 3241 asseruit
1041 3187 1228 3242 dicens
1259 3203 1271 3243 :
1297 3187 1363 3241 Et
1413 3204 1516 3259 pax
1557 3186 1650 3242 Dei
1678 3204 1793 3258 qua:

1887 1973 2180 2044 congredi,
2207 1973 2584 2045 potioremque
2612 1973 2822 2026 cazteris
2850 1968 3178 2024 imitatorem
3210 1967 3328 2023 fieri
3369 1967 3488 2022 Dei.

1889 2069 1959 2124 Et
2000 2069 2125 2140 quia
2176 2065 2559 2139 insuperabilis
2591 2075 2709 2121 erat
2753 2065 2882 2120 fides
2909 2064 3031 2135 ejus
3059 2075 3222 2135 atque
3249 2062 3490 2130 devotio,

1889 2172 2095 2219 secreta
2116 2163 2164 2217 ei
2186 2163 2445 2234 mysteria
2463 2162 2720 2216 Dominus
2751 2159 3047 2224 reveiahat,
3063 2167 3290 2226 tangens
3306 2158 3490 2212 latituo

1889 2259 2071 2314 dinem
2095 2259 2313 2313 femoris
2334 2257 2451 2327 ejus
2477 2254 2689 2329 (Ibid.);
2707 2269 2770 2310 eo
2795 2254 2940 2324 quod
2963 2270 3026 2308 ex
3049 2252 3214 2326 5.69
3232 2251 3349 2323 ejus
3372 2259 3493 2307 erat

1889 2352 2241 2421 generatione
2265 2351 2527 2404 Dominus
2548 2349 2708 2404 Jesus
2748 2347 3011 2403 oriundus
3033 2364 3098 2402 ex
3127 2347 3369 2417 Virgine,
3401 2344 3496 2415 qui

1892 2446 2005 2502 Deo
2050 2462 2150 2501 nec
2193 2444 2389 2516 impar,
2425 2459 2525 2499 nec
2554 2443 2835 2514 inaequalis
2865 2451 3043 2508 esset;
3085 2440 3237 2511 cujus
3269 2455 3494 2494 crucem

1890 2538 2328 2610 obstupescentis
2376 2535 2597 2591 femoris
2645 2534 2870 2589 latitudo
2921 2533 3308 2603 signabat;eo
3349 2531 3495 2602 quod

1893 2631 2087 2687 dilfusa
2122 2647 2217 2701 per
2240 2629 2554 2686 universum
2591 2627 2854 2684 mundum
2885 2627 3209 2682 remissione
3251 2625 3494 2695 peccati,

1894 2726 2148 2782 salutaris
2177 2725 2313 2780 foret
2347 2725 2620 2786 omnibus.
2654 2723 2746 2793 qui
2779 2732 3001 2792 stupore
3028 2723 3110 2776 sui
3148 2719 3398 2790 corporis
3433 2733 3499 2775 ac

1895 2834 2094 2890 sopore
2115 2818 2573 2872 resurrectionem
2607 2815 2865 2870 tribueret
2903 2813 3303 2868 defunctorum.
3340 2809 3498 2866 Unde

1898 2928 2004 2966 non
2039 2910 2312 2964 immerito
2334 2918 2558 2963 exortus
2581 2916 2665 2962 est
2691 2909 2770 2962 sol
2796 2917 2985 2961 sancto
3006 2906 3194 2969 πωροι),
3223 2904 3379 2974 cujus
3405 2919 3499 2974 ge-

1897 3006 2016 3061 neri
2046 3020 2180 3060 crux
2205 3004 2422 3058 Domini
2460 3003 2717 3057 salutaris
2748 3001 2920 3057 illuxit
2948 3020 2960 3055 :
2988 3001 3144 3055 simul
3183 3001 3305 3070 quia
3339 2999 3419 3054 sol
3449 2999 3500 3053 ei

1897 3099 2334 3169 orilurjustitia‘,
2367 3098 2458 3167 qui
2481 3097 2651 3152 Deum
2680 3097 2888 3160 cernit;
2912 3096 3035 3166 quia
3061 3097 3174 3166 ipse
3203 3104 3285 3150 est
3315 3094 3498 3148 lumen

1897 3205 2158 3250 aeternum
2171 3234 2182 3246 .

195 3291 470 3350 exsuperat
511 3297 712 3335 ontnem
758 3290 999 3346 mentem,
1037 3280 1292 3334 custodiat
1319 3280 1480 3335 corda
1518 3292 1714 3349 vestra,
1747 3291 1794 3336 et
1822 3276 1868 3340 C
1972 3289 2064 3345 5'1.
2105 3284 2438 3341 Claudicavit
2465 3293 2641 3339 autem
2669 3283 2834 3339 Jacoh
2862 3299 2892 3338 a
2922 3283 3128 3339 feruore
3155 3296 3253 3337 suo
3279 3301 3292 3335 :
3324 3281 3499 3352 PrOp—

196 3391 377 3430 sensus
401 3377 452 3430 in
474 3373 679 3430 Christo
713 3372 842 3429 Jesu
874 3374 1100 3444 (Philip.
1133 3390 1205 3441 tv,
1239 3375 1318 3446 7).
1352 3374 1580 3430 Fructus
1611 3375 1795 3446 itaque

200 3469 349 3540 pacis
391 3480 475 3526 est
524 3486 631 3525 non
678 3469 986 3542 perturbari
1034 3471 1086 3524 in
1135 3480 1373 3540 pectore.
1402 3470 1643 3541 Denique
1689 3472 1796 3526 vita

193 3562 324 3634 justi
357 3565 537 3634 quieta
569 3573 673 3628 est,
707 3562 942 3634 injustas
973 3572 1151 3620 autem
1186 3563 1572 3634 inquietudlnis
1598 3575 1652 3619 et
1674 3580 1797 3634 prr-

203 3657 524 3714 turbationis
553 3658 746 3728 plenus
782 3666 885 3713 est.
919 3656 1105 3728 Itaque
1141 3657 1372 3726 amplius
1399 3658 1512 3712 suis
1534 3657 1795 3728 suspicio-

203 3753 361 3810 nibus
399 3753 658 3825 aflligitur
685 3753 1098 3822 impins,quam
1147 3751 1338 3806 alienis
1393 3752 1634 3822 plerique
1677 3768 1796 3807 ver-

203 3846 423 3902 beribus
467 3865 479 3901 :
521 3828 865 3918 majoresqne
929 3846 1136 3903 vibices
1205 3847 1494 3900 vulnerum
1560 3845 1612 3900 in
1680 3846 1796 3916 ejus

197 3940 379 3993 animo
405 3947 553 4004 sunt,
577 3953 736 4010 quam
766 3938 820 3993 in
852 3951 1038 3993 eorum
1065 3951 1299 4008 corpore
1325 3938 1415 4008 qui
1448 3937 1515 3992 ab
1537 3939 1656 3992 aliis
1681 3953 1800 3993 ver-

196 4031 476 4088 berantur.
1239 4037 1248 4046 ‘

269 4126 360 4182 29.
392 4124 612 4182 Grande
636 4132 720 4181 est
751 4125 893 4180 intra
926 4139 984 4182 se
1017 4126 1248 4196 aliquem
1274 4125 1628 4195 tranquillum
1652 4139 1794 4190 esse,

198 4229 252 4276 et
280 4219 387 4275 sibi
417 4219 732 4275 convenire.
763 4219 915 4276 Foris
941 4235 1044 4291 pax
1077 4231 1166 4274 aut
1195 4220 1536 4290 imperatoris
1567 4220 1796 4274 sollicita

199 4311 575 4382 providentia,
601 4322 691 4367 aut
729 4327 889 4366 manu
927 4312 1153 4368 militum
1187 4315 1468 4383 qumritur,
1497 4324 1590 4368 aut
1626 4313 1796 4368 bello-

198 4419 314 4458 rum
352 4419 617 4475 prospero
649 4404 792 4460 cedit
823 4416 1056 4473 eventu,
1088 4416 1180 4460 aut
1225 4407 1590 4461 internecione
1620 4408 1797 4477 aliqua

199 4496 550 4553 barbarorum
573 4541 588 4566 ,
620 4501 663 4554 si
693 4500 744 4554 in
783 4515 842 4554 se
871 4498 1053 4554 hostili
1098 4511 1243 4556 motu
1272 4517 1364 4556 sua
1395 4517 1543 4556 arma
1572 4516 1798 4556 conver-

202 4599 334 4646 tant.
367 4593 422 4647 ln
447 4609 508 4648 ea
539 4608 671 4664 pace
703 4593 848 4648 trulla
879 4605 1063 4648 nostra
1095 4594 1289 4662 virtus,
1317 4594 1411 4649 sed
1440 4604 1666 4650 eventus
1693 4605 1795 4649 est.

1898 3391 1972 3436 ter
1999 3383 2094 3437 hoc
2141 3399 2244 3436 non
2289 3380 2603 3435 manducant
2649 3379 2898 3449 hodieque
2946 3378 3044 3449 ﬁlii
3077 3377 3248 3432 Israel
3283 3393 3494 3432 nervum

1900 3475 2054 3550 (Gen.
2091 3491 2263 3540 χχχιι,
2296 3473 2412 3547 52).
2446 3473 2663 3530 Utinam
2697 3473 3114 3528 manducassent
3141 3481 3195 3526 et
3224 3470 3494 3526 credidis-

1896 3570 2054 3625 sent!
2085 3567 2190 3624 Sed
2235 3567 2358 3638 quia
2407 3583 2512 3621 non
2560 3573 2715 3621 erant
2760 3564 2950 3620 facturi
2999 3564 3334 3619 voluntatem
3377 3562 3496 3630 Dei,

1897 3662 2018 3718 ideo
2050 3679 2155 3717 non
2194 3662 2676 3716 manducaverunt.
2711 3658 2848 3714 Sunt
2887 3668 2941 3730 et
2970 3657 3062 3731 qui
3093 3659 3165 3712 ita
3195 3657 3496 3728 accipiant,

1897 3755 2039 3825 quod
2073 3754 2195 3809 ideo
2239 3753 2630 3808 claudicaverit
2657 3751 2725 3806 ab
2754 3767 2862 3806 uno
2894 3751 3101 3806 feruore
3138 3749 3336 3817 Jacob,
3369 3749 3498 3820 quia

1898 3850 2110 3906 duobus
2130 3849 2337 3918 populis
2358 3863 2423 3902 ex
2446 3847 2564 3915 ejus
2584 3845 2937 3916 generatione
2956 3845 3320 3908 manantibus,
3342 3843 3502 3899 unius

1899 3943 2213 4012 stuporjam
2239 3951 2367 3995 tunc
2391 3942 2533 3995 circa
2559 3939 2683 3993 ﬁdei
2711 3939 2938 4009 gratiam
2961 3937 3334 3992 declarabatur
3356 3935 3498 3991 futu-

1900 4052 2012 4091 rus.
2048 4035 2167 4106 Ipse
2193 4044 2278 4091 est
2307 4050 2436 4105 ergo
2468 4033 2699 4104 populus
2721 4033 2811 4103 qui
2839 4041 3060 4102 stupore
3089 4029 3328 4102 perﬁdizc
3356 4030 3503 4086 clau-

1899 4127 2117 4184 dicavit.

1973 4223 2061 4277 52.
2093 4220 2122 4259 ι)
2153 4220 2395 4291 Denique
2419 4235 2526 4275 non
2558 4219 2729 4274 multo
2761 4228 2881 4288 post
2906 4217 3288 4273 revelationem
3321 4217 3504 4272 istius-

1901 4316 2047 4373 modi
2095 4331 2218 4371 eum
2264 4325 2408 4371 esset
2434 4315 2502 4370 ab
2541 4314 2854 4384 alienigena!
2882 4313 2993 4368 filio
3024 4313 3154 4368 Dina
3185 4313 3293 4368 filia
3332 4311 3502 4368 Jacob

1901 4409 2164 4466 deflorato
2193 4409 2514 4479 virginitatis
2563 4408 2768 4478 pudore
2812 4417 3091 4472 temerata,
3142 4405 3336 4461 fratres
3385 4405 3503 4476 ejus

1902 4505 1989 4575 qui
2043 4521 2151 4559 non
2196 4505 2581 4559 intellexerunt
2633 4501 2986 4574 mysterium,
3035 4500 3369 4573 alienigenas
3412 4504 3504 4572 qui

1903 4599 2215 4653 societatem
2271 4597 2392 4651 fidei
2440 4612 2536 4666 per
2576 4594 3010 4665 conjunctionem
3056 4593 3273 4663 generis
3311 4592 3505 4648 offere-

201 4684 358 4740 Certe
395 4687 563 4756 gloria
613 4690 760 4756 pacis
802 4687 948 4742 illius
976 4687 1043 4740 ad
1087 4687 1470 4757 imperatorem
1526 4687 1794 4742 refertur:
1825 4678 1880 4739 D
1905 4691 2054 4757 bant,
2084 4689 2338 4745 vindictae
2369 4689 2550 4744 studio
2591 4698 2962 4758 peremerunt.
3001 4685 3168 4742 Jacob
3207 4695 3383 4740 autem
3413 4685 3502 4754 qui

203 4777 357 4833 istius
379 4778 522 4847 pacis
549 4778 752 4834 fructus
780 4781 831 4833 iii
861 4779 1017 4833 nobis
1043 4787 1154 4845 est,
1179 4795 1301 4849 qua:
1328 4789 1411 4833 est
1440 4779 1491 4832 in
1524 4779 1796 4834 mentibus

205 4872 556 4942 singulorum,
582 4890 701 4945 qua:
731 4884 948 4930 tenetttr
976 4873 1280 4928 alfectibus.
1315 4873 1481 4928 Istius
1506 4875 1656 4943 pacis
1685 4891 1799 4928 ma-

201 4966 289 5037 jor
315 4975 397 5020 est
427 4967 668 5034 fructus,
697 4985 810 5039 quo
835 4967 1097 5035 spiritalis
1142 4967 1398 5037 nequitiae
1441 4974 1797 5033 tentatnenta,

207 5077 364 5130 quain
404 5079 509 5132 quo
549 5080 694 5118 arma
728 5063 943 5118 hostilia
971 5061 1330 5132 repelluntur.
1361 5060 1466 5114 Ista
1499 5075 1602 5129 pax
1623 5061 1798 5115 subli—

205 5155 362 5226 niior,
378 5174 498 5228 qua:
515 5158 882 5228 corporalium
905 5157 1218 5229 passionum
1234 5155 1470 5212 excludit
1487 5155 1799 5224 illecebras,

207 5347 217 5357 ‘
278 5351 303 5377 τι
331 5339 464 5395 Cod.
513 5340 706 5410 Loug.,
738 5339 948 5409 Remig.
991 5350 1045 5392 et
1076 5339 1285 5395 'l‘lteod.
1329 5339 1566 5395 secunda
1600 5356 1795 5406 manu,

211 5411 334 5494 liae.
354 5413 523 5494 igitur
565 5412 838 5481 prophetia
889 5412 1142 5481 Spiritum
1192 5422 1429 5466 sanctum
1485 5410 1800 5466 Patriarcha

209 5495 481 5538 stanthcat.

289 5501 335 5536 ni
382 5495 481 5536 cat.

253 5501 303 5593 ab
341 5483 500 5609 gum.
552 5553 682 5610 edit.
725 5553 839 5608 sola
873 5573 884 5608 :
918 5551 1144 5622 Egressa
1185 5565 1256 5608 est
1297 5566 1465 5608 autem
1515 5555 1650 5609 Dina
1691 5556 1802 5622 [ilia

209 5627 333 5693 Lite,
377 5642 531 5695 quam
562 5625 759 5694 peperit
792 5623 979 5687 Jacob,
1013 5635 1062 5676 ut
1085 5636 1406 5695 cognosceret
1438 5627 1577 5695 ﬁlias
1603 5628 1800 5696 indige-

211 5714 430 5752 narum:
465 5709 511 5752 et
559 5697 683 5751 vidit
732 5712 844 5750 eam
895 5697 1100 5748 Sichem
1143 5698 1282 5762 [ilius
1332 5696 1524 5750 [lentor
1567 5697 1802 5763 Iievaans,

211 5772 444 5840 princeps
486 5781 635 5823 terrw
659 5786 676 5834 ;
724 5779 769 5822 et
811 5767 1067 5838 accipiens
1097 5785 1208 5820 rant
1254 5767 1493 5822 dormivit
1535 5787 1651 5822 cum
1686 5770 1801 5824 illa.

211 5842 442 5906 Denique
462 5857 563 5895 non
582 5843 744 5894 multo
772 5848 884 5910 post
909 5845 1099 5910 fectant
1125 5856 1284 5909 supra
1307 5843 1666 5897 revelationem
1691 5858 1806 5896 cum

213 5924 354 5981 esset,
385 5921 491 5971 etc.
523 5911 727 5981 Quibus
757 5911 936 5967 verbis
964 5927 1083 5981 cap.
1119 5926 1189 5967 vn
1220 5911 1517 5968 exorditur.

1905 4783 2096 4839 morali
2129 4781 2544 4836 mansuetudine
2568 4780 2913 4835 clementiam
2940 4779 3214 4849 diligebat,
3245 4777 3330 4832 vel
3358 4791 3506 4848 mys-

1906 4879 2011 4932 tico
2057 4877 2247 4945 spiritu
2289 4875 2690 4929 sacramentum
2717 4872 3110 4945 congreganda:
3153 4887 3220 4926 ex
3251 4869 3506 4941 gentibus

1906 4971 2245 5043 przevidebat
2286 4970 2566 5034 Ecclesiae,
2615 4969 2814 5023 invitus
2854 4978 2910 5022 et
2937 4966 3187 5022 dolenter
3219 4975 3241 5002 ο
3285 4978 3503 5018 scenam

1906 5065 2055 5120 illam
2086 5071 2291 5117 exzicta:
2330 5061 2548 5116 ultionis
2577 5061 2804 5130 accepit.
2844 5058 2992 5115 Unde
3022 5056 3362 5128 proplietanti
3405 5055 3504 5108 ad-

1907 5168 2128 5214 ventum
2159 5155 2374 5212 Domini
2400 5154 2526 5212 Jesu
2553 5168 2874 5225 responsum
2901 5150 3139 5206 divinum
3169 5159 3250 5206 est
3277 5147 3459 5204 datutn
3488 5167 3501 5202 :

1983 5356 2005 5381 ο
2048 5344 2278 5400 Scenam
2306 5344 2482 5400 locum
2523 5342 2804 5399 arboribus
2833 5357 3059 5412 opacum
3101 5355 3224 5396 esse
3271 5339 3506 5395 diximus

1913 5416 1950 5471 Ι.
1985 5432 2020 5470 ιι
2051 5418 2330 5479 llexaeni.,
2360 5432 2410 5472 c.
2447 5419 2498 5479 8,
2530 5432 2584 5469 n.
2616 5415 2704 5469 52.
2735 5414 2838 5467 Sed
2871 5414 2993 5482 quia
3020 5422 3264 5482 poemata
3295 5411 3507 5466 drama-

1913 5489 2016 5542 tica
2050 5503 2169 5558 quae
2200 5487 2321 5542 istic
2345 5488 2642 5555 antiquitus
2672 5485 2990 5551 agebantur,
3029 5486 3080 5538 in
3117 5487 3506 5558 tlieatrapost-

1913 5555 2131 5612 modum
2177 5560 2429 5612 translata
2472 5567 2624 5620 Sunt;
2670 5559 2790 5611 ideo
2830 5571 3007 5610 scena:
3050 5571 3242 5609 nomen
3285 5555 3351 5608 ad
3396 5555 3510 5609 lnrc

1913 5631 2282 5701 signiﬁcanda.
2331 5643 2384 5684 et
2427 5629 2549 5683 inde
2596 5643 2693 5701 per
2731 5628 3108 5701 synecdochen
3150 5627 3214 5680 ad
3257 5636 3510 5701 cruentas

1912 5699 2174 5768 actiones,
2203 5703 2390 5771 quales
2415 5703 2468 5753 in
2493 5700 2695 5753 eisdem
2720 5699 2962 5753 exhiberi
2987 5699 3182 5764 solent,
3206 5700 3505 5750 traductum

1915 5785 2017 5827 est.
2048 5777 2386 5841 Quapropter
2429 5787 2614 5837 parum
2654 5773 2785 5826 scite
2834 5785 2930 5839 pro
2969 5787 3171 5824 scenam
3204 5785 3334 5826 inse.
3376 5774 3509 5824 nott—‘

1914 5846 2047 5901 nulli
2076 5848 2265 5900 C(Pllt'm
2297 5854 2614 5916 posuerunt.
