4066 6360
153 378 282 435 629

1235 371 1325 428 DE
1362 363 1702 427 JACOB‘ET
1745 367 1900 426 VITA
1943 368 2174 426 BEATA
2213 366 2339 425 LIB.
2387 367 2448 424 Il.

3381 369 3486 426 (150

153 493 362 550 fracto
392 491 521 549 licet
561 505 812 560 corpore,
850 488 946 545 sed
984 486 1161 544 vivida
1199 485 1365 541 animi
1407 485 1627 551 virtute,
1673 497 1781 538 non
1807 485 1861 546 Α
1887 482 2148 539 simorum
2177 483 2388 540 dierum
2421 484 2614 540 futurae
2645 482 2980 540 miscebatur
3007 482 3175 538 misti.
3212 481 3305 540 Sic
3341 483 3485 539 enim

157 583 524 658 exspectavit
570 595 631 642 ut
684 583 826 639 [ilius
872 581 940 638 ad
985 595 1046 636 se
1094 579 1328 645 veniret,
1369 577 1466 633 sed
1517 578 1634 647 ipse
1672 591 1786 631 ma-

160 683 259 754 gis
315 680 557 753 perrexit
595 678 661 735 ad
700 678 864 734 ﬁlium
893 674 1046 750 (Gen.
1091 690 1214 740 xcv,
1244 672 1362 744 28).
1405 671 1598 730 Pietati
1638 671 1784 726 enim

137 789 447 844 ,mensura
473 771 680 830 ordinis
707 786 815 828 non
853 767 1248 840 praeponderat.
1273 765 1426 822 Nulla
1461 766 1641 836 itaque
1666 779 1788 820 sen-

162 868 252 923 sit
314 865 701 938 impedimenta
750 862 908 918 fessae
953 861 1282 925 senectutis,
1337 873 1460 914 cum
1513 865 1784 929 pergeret.

161 959 370 1016 Pietas
399 957 543 1015 enim
570 955 783 1012 levabat
808 953 1073 1010 laborem.
1110 951 1307 1008 Verum
1336 950 1426 1005 ubi
1455 949 1660 1020 recepti
1690 947 1788 1004 ﬁlii

159 1050 369 1106 fructu
413 1051 640 1121 potitus,
674 1048 951 1118 aliquanto
979 1053 1176 1102 exacto
1204 1052 1451 1114 tempore
1475 1083 1491 1109 ,
1522 1042 1710 1098 decem
1737 1051 1792 1097 et

162 1151 396 1214 septem
452 1141 710 1198 videlicet
755 1154 1045 1206 annorum,
1096 1137 1240 1208 quod
1293 1135 1589 1193 secundum
1642 1136 1788 1191 illam

164 1235 517 1291 Patriarchte
563 1233 967 1305 longaevitatem
1016 1231 1224 1302 exiguae
1272 1230 1534 1301 portionis
1580 1242 1791 1298 tempus

161 1336 284 1396 est,
317 1326 482 1383 linem
512 1326 634 1382 vitae
649 1325 752 1382 sibi
773 1323 1241 1396 approprinquare
1267 1320 1543 1392 cognovit.
1568 1320 1792 1378 Vocavit

157 1418 386 1491 Joseph
411 1420 600 1487 ﬁlium,
629 1427 686 1476 et
709 1434 806 1490 per
825 1417 1192 1490 generationis
1218 1432 1332 1472 suae
1361 1417 1595 1472 futurum
1621 1415 1794 1472 luere-

163 1511 308 1569 dem
363 1513 690 1569 constrinxit
735 1527 904 1578 eum,
959 1496 1028 1566 ne
1077 1511 1132 1566 in
1185 1507 1420 1580 Egypto
1471 1508 1792 1578 sepeliretur

167 1603 339 1676 (Gen.
391 1620 554 1671 XLVII,
603 1604 717 1675 29).
751 1603 1093 1674 Acceptaque
1125 1602 1253 1667 lide,
1297 1617 1421 1657 cum
1467 1601 1629 1671 paulo
1670 1609 1793 1671 post

167 1695 578 1763 infirmaretur,
610 1704 668 1752 et
695 1696 935 1752 venisset
963 1695 1029 1750 ad
1061 1710 1182 1749 eum
1217 1693 1358 1748 ﬁlius
1387 1707 1517 1749 suus
1543 1692 1744 1762 Joseph
1771 1733 1788 1760 ,

168 1790 334 1844 velut
359 1790 650 1860 resumptis
675 1788 884 1844 viribus
910 1787 1053 1844 sedit
1079 1801 1244 1858 supra
1274 1786 1472 1841 lectum
1508 1799 1666 1840 suum
1686 1823 1704 1850 ,
1733 1791 1791 1839 et

1887 576 2150 645 scriptum
2175 585 2260 632 est
2279 591 2294 628 :
2315 576 2665 643 Annuntiabo,
2693 576 2887 647 inquit,
2910 575 3052 632 nobis
3072 592 3191 649 qua:
3208 591 3490 632 occursura

1888 680 2009 726 sunt
2037 671 2178 724 vobis
2206 672 2260 725 in
2283 671 2572 728 novissimis
2601 670 2782 726 diebus
2809 668 2964 741 (Gen.
2994 686 3145 739 χιιι,
3177 671 3252 742 1).

1960 764 2052 820 58.
2092 762 2232 830 Quid
2262 763 2424 832 igitur
2451 763 2502 819 ei
2532 763 2749 832 deerat,
2777 763 2866 820 cui
2887 763 3033 820 Deus
3063 764 3283 832 aderat,
3314 765 3406 836 qui
3435 765 3486 822 ei

1891 857 2199 927 profecturo
2226 856 2442 911 dixerat
2469 874 2483 911 :
2516 855 2839 912 Descendam
2868 868 3034 913 tecum
3059 858 3113 912 in
3142 857 3436 931 ﬂgyptuni
3469 877 3486 914 :

1887 959 1938 1006 et
1977 966 2072 1020 ego
2098 949 2354 1003 deducam
2391 961 2438 1005 te
2467 951 2520 1004 in
2550 959 2847 1021 perpetuum
2884 950 3038 1024 (Gen.
3069 967 3214 1018 nvi,
3249 954 3284 1008 5
3313 963 3366 1007 et
3395 952 3490 1025 ψ

1889 1043 2001 1100 Nec
2030 1043 2220 1109 deluit,
2250 1044 2470 1114 quando
2495 1046 2550 1099 in
2571 1059 2638 1098 eo
2657 1044 2890 1114 Spiritus
2906 1054 3124 1101 sanctus
3145 1045 3484 1116 loquebatur.

1890 1136 2022 1205 Quis
2044 1146 2151 1192 tam
2178 1145 2368 1207 potens
2387 1135 2442 1190 in
2465 1151 2564 1192 suo
2584 1135 2883 1203 domicilio,
2905 1152 3065 1207 quam
3089 1137 3190 1193 iste
3213 1138 3265 1193 in
3288 1139 3494 1194 alieno?

1891 1229 2024 1299 Quis
2055 1240 2160 1285 tam
2189 1229 2470 1286 abundans
2496 1230 2552 1285 in
2581 1231 2865 1298 ubertate,
2893 1247 3055 1301 quam
3096 1233 3198 1288 iste
3228 1233 3280 1288 in
3310 1231 3492 1288 fame?

1893 1322 2024 1389 Quis
2049 1332 2156 1378 tam
2184 1321 2338 1378 fortis
2368 1322 2420 1376 in
2443 1321 2746 1392 iuventute,
2775 1336 2937 1392 quam
2969 1323 3068 1378 iste
3094 1322 3151 1378 in
3175 1326 3493 1380 senectute?

1893 1413 2025 1483 Quis
2062 1424 2169 1471 tam
2209 1423 2465 1471 actuosus
2505 1415 2559 1470 in
2608 1417 2860 1484 negotio,
2897 1430 3056 1486 quam
3101 1417 3204 1473 iste
3247 1418 3301 1472 in
3338 1419 3495 1473 otio?

1894 1507 2028 1576 Quis
2055 1518 2161 1564 tam
2192 1509 2353 1564 velox
2391 1508 2446 1564 in
2482 1507 2786 1573 curriculo,
2819 1522 2977 1578 quam
3022 1507 3124 1563 iste
3163 1507 3217 1564 in
3250 1508 3450 1564 lectulo
3471 1510 3496 1562 ?

1893 1603 2026 1672 Quis
2065 1613 2172 1660 tam
2217 1604 2372 1659 lactus
2403 1605 2456 1658 in
2503 1603 2639 1660 ﬂore
2681 1602 3086 1669 adolescentia,
3113 1618 3273 1673 quam
3305 1605 3408 1660 iste
3439 1607 3492 1659 in

1894 1697 2086 1753 mortis
2113 1696 2388 1752 conﬁnio?
2415 1697 2545 1765 Quis
2575 1705 2683 1752 tam
2709 1697 2862 1753 dives
2891 1696 2946 1752 in
2975 1711 3174 1767 regno,
3207 1712 3367 1768 quam
3397 1699 3499 1753 iste

1892 1789 1947 1846 in
1980 1791 2269 1862 peregrino
2298 1790 2464 1846 loco?
2496 1789 2740 1861 Denique
2763 1805 2921 1862 reges
2950 1790 3308 1848 benedicebat
3338 1790 3494 1864 (Gen.

169 1882 468 1939 benedixit
493 1881 832 1938 Patriarcbas
855 1879 1164 1947 duodecim,
1187 1888 1238 1934 et
1265 1877 1609 1950 prophetav'tt
1631 1875 1785 1946 (Gen.
1818 1880 1866 1942 B
1896 1901 2058 1952 χινιι,
2090 1884 2167 1957 7),
2213 1884 2323 1941 Nec
2367 1885 2644 1940 immerito
2677 1897 2879 1956 pauper
2905 1901 3013 1940 non
3044 1897 3181 1952 eral,
3212 1885 3305 1956 qui
3345 1886 3498 1940 nullo

169 1991 334 2045 xux,
368 1975 443 2048 1).

798 2063 1028 2122 CAPUT
1068 2063 1160 2120 ιχ.

169 2157 347 2214 Jacob
377 2159 527 2214 morti
555 2158 824 2233 promimus
855 2168 1005 2230 atque
1032 2156 1196 2211 oculis
1229 2165 1439 2228 captus,
1473 2165 1643 2209 tamen
1674 2154 1790 2209 bea-

253 2263 340 2308 tus
388 2252 672 2308 ostenditur
699 2269 720 2307 :
751 2255 902 2326 cujus
933 2260 1181 2322 pi'teterea
1226 2247 1499 2319 multiplex
1531 2262 1788 2301 commen-

253 2346 438 2414 datio;
467 2347 556 2400 sed
599 2345 820 2401 maxime
864 2344 925 2400 ob
959 2341 1388 2399 Patriarcharum
1419 2340 1792 2398 benedictiones

253 2441 602 2513 proponitur;
642 2456 702 2496 ac
743 2439 952 2494 demum
992 2437 1319 2494 concluditur
1359 2453 1450 2492 nec
1490 2437 1660 2506 ipsum
1701 2452 1792 2491 nec

255 2542 552 2590 sanctorum
592 2535 754 2588 alium
803 2542 1011 2606 propter
1061 2547 1319 2588 (erumnas
1370 2531 1538 2586 minus
1589 2529 1792 2586 beatum

255 2628 436 2682 haberi
478 2636 731 2701 oportere.

257 2721 351 2776 37.
395 2720 588 2776 Dicant
614 2733 758 2775 nunc
785 2718 950 2790 aliqui
980 2734 1086 2775 non
1112 2719 1331 2776 beatum
1363 2717 1551 2787 Jacob,
1584 2733 1704 2774 cum
1739 2718 1793 2774 in

185 2816 321 2886 ipsis
352 2817 543 2870 mortis
569 2824 716 2871 esset
753 2814 943 2871 diebus
965 2856 980 2880 ,
1011 2816 1100 2886 qui
1133 2830 1272 2884 pene
1303 2815 1456 2884 plura
1489 2829 1610 2868 cum
1640 2813 1755 2868 Deo
1777 2854 1791 2879 ,

187 2925 352 2980 quam
382 2923 503 2964 cum
528 2908 840 2965 hominibus
860 2908 1096 2978 alloquia
1127 2907 1388 2962 miscebat
1412 2923 1428 2962 :
1451 2921 1555 2962 non
1580 2906 1793 2962 beatum

187 3016 314 3056 cum
366 3001 509 3056 oculi
549 3001 666 3072 ejus
707 3012 1066 3072 gravarentur
1111 3002 1162 3056 in
1219 3006 1530 3067 senectute,
1583 3006 1640 3055 et
1687 3012 1795 3053 non

190 3105 378 3166 posset
406 3093 611 3151 videre.
643 3093 870 3150 Videtur
895 3095 1039 3149 enim
1072 3093 1397 3164 quibusdam
1429 3093 1645 3148 caecitas
1677 3107 1798 3148 esse

187 3188 379 3260 gravis
408 3202 646 3243 aerumna
678 3187 1021 3242 calamitatis.
1054 3186 1160 3242 Sed
1196 3196 1322 3241 tunc
1351 3200 1570 3257 quoque
1607 3186 1797 3241 beatus

1893 1979 2188 2051 indigebat.
2238 1978 2450 2048 Pauper
2489 1994 2595 2034 non
2636 1987 2785 2045 erat,
2825 1980 2917 2050 qui
2959 1992 3018 2033 sc
3056 1992 3347 2049 pauperem
3388 1993 3495 2033 non

1895 2073 2137 2142 putabat.
2165 2071 2232 2127 Et
2251 2069 2372 2141 quis
2395 2085 2686 2141 pauperem
2709 2069 2876 2135 dicat,
2901 2070 3057 2140 cujus
3078 2071 3499 2126 conversatione

1896 2165 2094 2237 dignus
2121 2164 2270 2222 orbis
2300 2172 2566 2220 terrarum
2599 2178 2706 2220 non
2738 2163 2871 2220 fuit?
2911 2164 2978 2220 Et
3003 2164 3124 2220 ideo
3152 2165 3496 2220 conversatio

1895 2259 2014 2331 ejus
2062 2267 2181 2313 erat
2245 2259 2298 2312 in
2348 2258 2510 2314 ctelo.
2561 2257 2658 2312 Hic
2707 2271 2838 2312 vero
2878 2255 3148 2326 praedives
3194 2256 3248 2310 in
3297 2255 3506 2311 divitiis

1896 2356 2256 2427 simplicitatis
2297 2363 2351 2410 et
2399 2355 2748 2424 sinceritatis,
2783 2355 3016 2410 decorus
3053 2355 3264 2424 majore
3301 2351 3500 2407 animm

1893 2465 2054 2520 quam
2101 2451 2346 2519 corporis
2386 2447 2790 2518 pulchritudine
2833 2461 2954 2517 qua:
3005 2459 3342 2502 marcescere
3391 2457 3498 2499 non

1895 2542 2077 2610 novit,
2107 2550 2267 2598 tutata
2290 2541 2537 2612 impiger,
2572 2541 2659 2596 cui
2687 2540 2896 2606 liceret,
2930 2554 3052 2595 cum
3086 2539 3272 2606 vellet,
3303 2554 3498 2609 corpo-

1896 2652 1992 2693 reo
2023 2636 2129 2693 isto
2158 2636 2308 2692 exire
2337 2634 2650 2707 gurgustio,
2681 2644 2736 2690 et
2764 2649 2998 2704 superna
3025 2633 3260 2704 paradisi
3299 2634 3500 2688 mentis

1897 2730 2082 2800 vigore
2127 2738 2445 2799 penetrare,
2493 2727 2770 2783 exsultans
2817 2727 3046 2798 spiritu,
3094 2742 3219 2782 cum
3263 2726 3501 2797 sepulcri

1899 2832 2141 2879 extrema
2191 2820 2493 2876 mandaret.
2548 2819 2665 2874 Non
2716 2819 2862 2874 enim
2916 2828 3136 2873 terreno
3183 2831 3242 2872 se
3292 2818 3501 2873 tumulo

1898 2915 2300 2980 claudendum,
2361 2913 2457 2969 sed
2513 2926 2750 2982 superno
2807 2911 3179 2981 recipiendum
3223 2907 3500 2965 domicilio

1900 3007 2296 3078 praesumebat;
2330 3013 2387 3062 et
2430 3004 2552 3060 ideo
2587 3013 2858 3074 tamquam
2891 3003 3045 3057 alteri
3089 3001 3502 3069 mandabatse-

1901 3099 2146 3169 pulcrum
2181 3117 2194 3155 :
2225 3097 2308 3152 sui
2335 3106 2515 3152 autem
2539 3110 2761 3151 securus
2791 3103 3018 3149 mortem
3051 3094 3197 3148 illam
3225 3095 3502 3149 immorta-

1901 3193 2105 3248 litatem
2135 3190 2382 3261 putabat.
2409 3188 2706 3245 Videbatur
2725 3188 2971 3258 corporis
2999 3187 3307 3256 implicatus
3333 3186 3504 3255 impe-

189 3280 387 3349 Jacob,
421 3282 542 3350 quia
573 3280 915 3337 discernebat
956 3280 1145 3351 spiritu
1173 3322 1186 3345 ,
1221 3278 1364 3351 quod
1392 3281 1562 3334 oeulis
1591 3280 1794 3335 discer-
1823 3273 1866 3333 C
1901 3269 2164 3352 dimento,
2197 3293 2244 3338 et
2278 3280 2523 3354 vigilanti
2556 3283 2608 3336 in
2639 3280 2818 3336 futura
2849 3289 3094 3351 tempora
3137 3280 3505 3350 praecurrebat

192 3391 326 3432 nere
343 3387 672 3445 aspectuque
691 3390 798 3430 non
816 3384 1051 3446 poterat.
1070 3374 1296 3430 Videbat
1325 3375 1524 3441 l‘utura,
1540 3374 1632 3444 qui
1653 3374 1797 3430 testi-

192 3470 440 3524 mabatur
484 3483 591 3524 nou
636 3468 820 3525 videre
867 3468 1174 3538 praesentia.
1221 3467 1462 3537 Denique
1503 3467 1704 3523 erravit
1742 3476 1797 3523 et

192 3562 310 3635 ipse
348 3561 570 3632 Josepb,
625 3570 680 3617 ut
721 3577 842 3616 cum
885 3561 951 3616 ad
994 3561 1277 3616 dexteram
1320 3562 1438 3631 ejus
1471 3561 1797 3630 applicasset

196 3658 360 3714 lilium
391 3672 547 3713 suum
577 3655 874 3724 seniorem,
899 3665 954 3710 et
977 3655 1044 3711 ad
1065 3656 1342 3710 sinistram
1367 3655 1558 3726 ipsius,
1585 3654 1687 3710 hoc
1712 3661 1796 3708 est

194 3752 381 3820 Jacob,
397 3751 725 3823 applicasset
743 3750 1209 3821 liliumjuniorem,
1227 3759 1283 3803 ut
1297 3749 1471 3804 aetatis
1488 3747 1622 3803 ordo
1637 3749 1797 3802 bene-

197 3846 450 3902 dictionis
486 3845 732 3901 ordinem
775 3853 1116 3910 reservaret;
1155 3842 1478 3899 extenderet
1513 3842 1791 3913 dexteram

198 3954 349 3996 suam
366 3954 527 4009 super
546 3945 798 4009 nepotem
817 3938 1112 4008 juniorem,
1132 3947 1186 3992 et
1208 3937 1485 3991 sinistram
1516 3951 1682 4006 super
1709 3951 1798 3991 sc-

199 4031 407 4088 niorem
420 4029 964 4100 nepotem,etvolenti
980 4029 1087 4084 lilio
1105 4029 1330 4101 patriam
1344 4029 1620 4085 dexteram
1634 4045 1798 4100 super

203 4123 478 4180 Manassen
493 4125 762 4180 seniorem
798 4133 1118 4179 convertere
1137 4121 1512 4193 responderit:
1533 4121 1682 4190 Scio,
1693 4122 1793 4192 ﬁli,

200 4218 332 4287 scio,
361 4226 408 4271 et
444 4216 526 4272 hic
554 4217 646 4272 erit
674 4216 727 4270 in
756 4215 1028 4288 populum,
1060 4225 1106 4270 et
1136 4215 1218 4270 hic
1249 4214 1561 4270 exaltabitur
1593 4230 1612 4268 .°
1633 4212 1797 4286 472

202 4312 286 4368 sed
313 4315 474 4383 frater
503 4315 614 4385 ejus
631 4311 817 4385 junior
843 4313 1015 4385 major
1044 4311 1136 4365 illo
1165 4312 1282 4366 erit.
1314 4310 1383 4367 Et
1413 4325 1633 4365 causam
1664 4326 1800 4380 prae-

204 4406 414 4464 lationis
451 4406 698 4476 adjunxit
737 4405 924 4462 dicens
959 4423 972 4460 :
1015 4406 1205 4461 Semen
1243 4407 1354 4475 ejus
1389 4408 1484 4460 erit
1525 4403 1799 4462 multitudo

205 4501 424 4572 gentium
451 4499 606 4571 (Gen.
638 4513 830 4564 vant,
867 4498 932 4554 18
955 4507 1002 4552 et
1023 4496 1180 4571 seq.).
1212 4496 1364 4552 Adeo
1386 4497 1513 4553 licet
1539 4496 1798 4568 impedito

207 4594 444 4664 corporis
473 4603 719 4663 aSpectu,
747 4592 945 4648 melius
972 4592 1212 4660 videbat,
1241 4603 1298 4648 ut
1330 4592 1603 4648 videntem
1634 4593 1797 4647 doce-

1901 3379 2130 3445 affectu,
2179 3378 2368 3434 dicens
2411 3377 2480 3432 de
2527 3375 2966 3446 persecutoribus
3019 3374 3266 3441 Domini,
3308 3375 3398 3444 qui
3440 3373 3509 3429 dc

1900 3471 2042 3528 tribu
2071 3471 2289 3526 Simeon
2319 3478 2375 3524 et
2402 3467 2534 3524 Levi
2564 3467 2592 3496 ⁸
2621 3475 2871 3524 auctores
2899 3477 3053 3522 erant
3085 3466 3339 3537 nequitia:
3373 3480 3498 3536 pro-

1889 3567 2104 3624 cessuri
2132 3564 2191 3620 :b
2217 3563 2283 3620 In
2301 3565 2574 3620 consilium
2610 3577 2787 3617 eorum
2823 3578 2924 3616 non
2954 3561 3122 3616 ueniat
3153 3560 3326 3614 anima
3361 3575 3500 3626 mea,

1899 3671 1946 3716 et
1987 3662 2044 3715 in
2091 3675 2364 3715 occursum
2410 3674 2588 3714 eorum
2638 3671 2742 3711 non
2789 3655 3102 3710 contendant
3152 3654 3344 3710 viscera
3390 3669 3502 3708 mea

1902 3753 2055 3826 (Gen.
2091 3769 2238 3817 xux,
2272 3752 2348 3822 6).
2396 3750 2530 3819 Quis
2569 3758 2748 3804 autem
2785 3756 2894 3803 tam
2932 3747 3144 3842 validus
3183 3747 3238 3801 in
3280 3745 3498 3810 virtute,

1900 3861 2060 3916 quam
2102 3843 2260 3900 fortis
2288 3843 2391 3899 iste
2435 3842 2489 3898 in
2534 3841 2878 3904 inlirmitate,
2920 3835 3010 3910 qtii
3041 3839 3259 3894 dicebat
3288 3855 3300 3890 :
3330 3835 3504 3891 Male-

1901 3942 2069 3995 dictus
2117 3941 2265 4010 {uror
2312 3954 2512 4003 eorum,
2560 3935 2683 4006 quia
2727 3933 2976 4006 superbus
3005 3943 3052 3987 et
3086 3931 3416 3995 temerarius;
3458 3939 3504 3984 et

1901 4036 1980 4087 ira
2013 4032 2246 4098 illorum,
2279 4031 2402 4101 quia
2431 4029 2677 4083 indurata
2705 4035 2800 4080 est.
2836 4025 3078 4080 Dividam
3108 4039 3191 4080 eos
3222 4023 3275 4078 in
3303 4021 3501 4089 Jacob,

1903 4135 1949 4181 et
1980 4126 2272 4197 dispergam
2303 4124 2422 4178 illos
2451 4123 2504 4176 in
2533 4120 2703 4175 Israel
2729 4117 2894 4192 (Ibid.
2929 4118 3008 4190 7).

1975 4221 2063 4277 59.
2107 4219 2239 4286 Quis
2281 4231 2411 4273 vero
2458 4226 2566 4270 tam
2604 4227 2835 4270 canorus
2875 4209 3140 4276 cantibus,
3193 4222 3351 4279 quam
3399 4207 3502 4263 istc

1903 4313 2152 4381 vocibus,
2181 4312 2271 4383 qui
2304 4319 2418 4366 toto
2449 4308 2666 4364 auditus
2691 4313 2777 4362 est
2802 4303 3033 4368 mundo,
3063 4303 3154 4373 qui
3192 4316 3289 4373 per
3311 4315 3504 4356 omnes

1904 4407 2156 4479 populos,
2191 4420 2286 4476 per
2317 4417 2507 4460 omnes
2530 4399 2748 4458 auditur
2774 4397 2998 4453 aetates?
3029 4407 3051 4435 ο
3079 4395 3210 4463 Quis
3237 4402 3348 4450 tam
3379 4407 3506 4450 sua—

1901 4501 1983 4556 vis
2023 4513 2288 4555 numerus
2327 4504 2537 4565 septem
2579 4507 2773 4550 vocum
2817 4489 3152 4546 diﬂ‘erentias
3197 4487 3500 4554 oblocutus,

1902 4609 2063 4666 quam
2109 4593 2214 4648 iste
2262 4587 2603 4661 septemplici
2651 4585 2885 4656 Spiritus
2927 4581 3098 4638 sancti
3141 4579 3303 4653 ἧσε
3332 4578 3504 4650 gratia

209 4697 286 4742 ret
303 4700 534 4744 errasse.
566 4684 698 4754 Quis
724 4683 870 4740 enim
912 4684 1108 4739 melius
1135 4683 1302 4750 videt,
1339 4699 1500 4755 quam
1537 4685 1628 4756 qui
1654 4684 1802 4740 vidct
1827 4680 1880 4740 D
1905 4686 2221 4745 resultavit?
2245 4684 2346 4752 Qui
2377 4683 2502 4738 licet
2533 4679 2789 4736 membris
2820 4675 3111 4741 resolutus,
3135 4681 3314 4729 tamen
3344 4669 3506 4725 attol-

212 4778 520 4835 Christum?
567 4777 672 4834 Aut
709 4778 831 4848 quis
866 4784 1043 4848 potest
1070 4776 1250 4833 dicere
1279 4778 1449 4832 oculis
1477 4777 1794 4847 impeditum

214 4888 350 4938 eum,
379 4872 471 4945 qui
501 4872 714 4930 videbat
741 4872 797 4928 in
826 4871 1044 4927 Christo
1074 4872 1424 4942 reiulgentem
1467 4871 1798 4928 Ecclesium?

213 4966 389 5024 Nonne
419 4965 581 5038 igitur
606 4966 812 5024 clarum
835 4975 940 5029 est,
965 4964 1108 5035 quod
1136 4964 1384 5020 debilitas
1408 4963 1795 5019 beatitudinem

215 5061 462 5132 impedire
508 5076 614 5118 non
662 5060 866 5131 possit?
907 5059 1003 5116 Ille
1029 5061 1310 5116 oculorum
1358 5058 1648 5130 impeditus
1685 5074 1803 5113 mu-

216 5173 353 5221 nere,
385 5156 476 5213 ille
524 5155 828 5226 defatigatis
873 5157 1118 5225 corporis
1147 5153 1353 5208 viribus
1395 5152 1446 5207 in
1484 5151 1624 5207 lectu
1665 5160 1800 5207 tam-

217 5268 360 5323 quam
408 5253 461 5307 in
503 5251 758 5320 sepulcro
799 5264 998 5318 corpus
1041 5250 1356 5321 relinquens
1403 5248 1702 5304 assurrexit
1745 5247 1798 5302 in

219 5361 288 5407 se.
317 5358 369 5402 et
413 5347 577 5414 longe
623 5343 694 5399 ab
739 5343 880 5408 aliis,
907 5351 1070 5413 atque
1115 5345 1254 5399 intra
1297 5343 1646 5412 semetipsum
1677 5356 1798 5397 sese

221 5441 462 5510 colligens
491 5437 846 5510 praesentibus
874 5452 934 5493 se
959 5439 1118 5494 rebus
1147 5439 1510 5504 subduxerat,
1540 5447 1592 5493 et
1618 5439 1801 5494 novis-

285 5568 306 5596 ει
343 5557 563 5628 Scilicet
581 5551 864 5628 scribarac
885 5554 1218 5628 sacerdotes,
1245 5556 1438 5626 ut-ipse
1460 5555 1686 5628 exponit
1708 5553 1801 5610 lib.

223 5631 280 5686 tle
309 5628 505 5685 Bened.
535 5623 859 5689 Patriarclt.,
887 5641 1000 5692 cap.
1040 5627 1093 5681 '5.

284 5702 308 5740 ιι
346 5703 501 5757 Rom.
532 5698 663 5754 edit.
694 5695 832 5762 sola,
862 5705 908 5749 et
935 5697 990 5750 in
1017 5699 1230 5752 consilio
1254 5715 1431 5754 eorum
1460 5716 1564 5755 non
1589 5707 1804 5754 conten-

227 5775 400 5830 dant...
431 5777 578 5844 furor
605 5783 804 5830 eorum,
836 5769 955 5836 quia
985 5771 1246 5841 pertinax.

288 5862 308 5892 ο
346 5853 417 5906 lta
451 5866 580 5906 mss.
611 5845 850 5911 Theod.,
885 5847 1058 5911 Vale,
1089 5848 1228 5904 Vict.
1273 5858 1329 5905 et
1351 5850 1504 5905 Colb.
1543 5849 1646 5905 Alii
1677 5863 1807 5902 vero

235 5924 342 5991 Quis
368 5934 476 5981 tam
501 5922 685 6000 suavis
719 5916 982 5994 (Tbuau.,
1013 5922 1190 5994 suave)
1229 5938 1414 5979 nomen
1454 5924 1568 5997 ejus
1613 5930 1807 5992 septem

1905 4784 2022 4837 lens
2049 4796 2109 4835 se
2135 4777 2338 4842 animo,
2378 4783 2434 4830 et
2462 4774 2678 4844 erigens
2719 4771 2942 4841 spiritu,
2974 4765 3222 4836 corporis
3248 4763 3329 4819 sui
3363 4770 3504 4816 tam-

1901 4890 2063 4945 quam
2085 4870 2311 4927 citharae
2333 4865 2670 4923 harmoniam
2693 4863 2954 4920 dissoluta
2979 4857 3346 4915 membrorum
3365 4868 3506 4908 com-

1905 4981 2039 5037 page
2071 4964 2401 5020 destructam
2442 4959 2549 5013 alta
2579 4964 2759 5012 mente
2789 4953 3096 5023 despiciens
3128 4964 3233 5003 non
3263 4947 3508 5016 require-

1907 5059 2020 5125 bat,
2052 5055 2146 5110 sed
2179 5054 2406 5110 otiosam
2431 5051 2614 5120 jacere
2637 5047 2784 5103 humi
2823 5043 3147 5117 patiebatur.
3179 5040 3298 5110 lpse
3323 5046 3506 5091 autem

1908 5162 2067 5208 cantu
2100 5163 2160 5205 se
2185 5145 2454 5202 mulcebat
2487 5145 2720 5207 interno,
2752 5147 2808 5194 et
2828 5135 3143 5209 prophetico
3172 5147 3233 5187 se
3264 5129 3508 5186 modula-

1910 5244 2055 5300 mine
2103 5239 2404 5297 delectabat
2449 5238 2634 5292 diccns
2664 5252 2677 5288 :
2709 5232 2878 5299 Juda,
2912 5241 2959 5284 te
3005 5225 3291 5284 laudabunt
3321 5226 3509 5294 fratres

1908 5339 1985 5394 tui
2019 5356 2031 5390 :
2073 5352 2256 5390 manus
2287 5342 2388 5388 tum
2424 5348 2576 5404 super
2605 5329 2822 5383 dorsum
2872 5324 3199 5378 inimicorum
3248 5328 3454 5373 tuorum
3486 5333 3507 5372 ε

1908 5432 2197 5488 adorabunt
2247 5438 2293 5482 te
2334 5428 2429 5499 ﬁlii
2485 5425 2648 5497 patris
2693 5421 2786 5474 tui.
2839 5415 3054 5472 Catulus
3109 5413 3270 5468 leonis
3318 5409 3509 5465 Juda:

1914 5565 2093 5604 vocum
2119 5545 2412 5614 differentia
2444 5542 2726 5614 oblocittus.
2753 5533 3060 5614 Εάίιηθι..
3096 5529 3222 5614 Quis
3255 5539 3358 5582 tam
3373 5542 3506 5614 ’διαξ-

1910 5597 2258 5689 iizé?"§e},}2.}i
2282 5597 2476 5670 uocum
2509 5608 2823 5689 diﬂereiititts
2855 5603 3142 5689 oblocutus.
3175 5599 3330 5655 Rom.
3357 5597 3511 5689 deiti-

2072 5671 2212 5758 'Q'ins
2243 5699 2345 5765 tam
2387 5671 2628 5765 saepibus
2669 5678 3108 5765 numeris-septem
3145 5689 3326 5765 vo‘cutn
3362 5671 3506 5752 oblo-

1911 5743 2056 5820 2J5}.
2089 5743 2427 5816 "assa-ima.
2474 5755 2638 5809 Forte
2683 5750 2824 5820 quod
2868 5743 3141 5820 videretur
3187 5743 3506 5801 Ambrosius

1911 5817 2161 5894 allusisse
2191 5834 2257 5886 ad
2287 5830 2418 5885 illud
2453 5825 2636 5895 Virgil.
2667 5817 2718 5878 vi
2747 5817 2963 5876 IEneid.
3000 5835 3015 5875 :

2039 5921 2332 5985 Obloquitur
2356 5917 2574 5973 numeris
2592 5921 2788 5980 septem
2804 5905 3080 5963 discrimina
3103 5917 3291 5958 vocum.
