4066 6360
609 337 708 395 651
1942 326 2188 386 δΑΝοτι

2326 324 2545 385 BROSII
3852 325 3940 378 ira

609 473 674 512 ea:
701 457 927 528 germine
947 453 1076 508 mihi
1096 449 1370 506 ascendisti
1400 468 1415 505 :
1438 450 1734 504 recumbens
1754 446 1990 502 dormisti
2012 453 2069 501 ut
2095 445 2194 513 leo,
2223 447 2276 509 Α
2303 459 2425 502 rum
2450 444 2651 500 seriem
2682 443 2984 501 revelabat?
3010 441 3188 514 Neget
3240 442 3480 497 beatum
3531 438 3796 508 Esaiam,
3835 457 3935 497 est:

610 560 658 604 et
686 558 944 618 tamquam
974 545 1176 600 catulus
1210 543 1392 598 leonis.
1426 540 1552 610 Quis
1581 539 1844 596 suscitabit
1869 539 2016 593 illum
2041 535 2198 610 (Gen.
2305 539 2826 598 mediussecaretur
2868 557 2883 606 ;
2917 539 3254 596 Hieremiam
3282 580 3301 605 ,
3363 551 3496 592 cum
3555 547 3932 606 maga-cmi;

610 659 757 709 sus,
778 643 811 698 8
831 653 880 696 et
903 639 1063 711 seq.)?
1080 639 1146 694 Et
1171 637 1308 693 infra
1339 635 1584 692 :Lavabit
1609 636 1661 690 in
1684 635 1801 689 uino
1822 634 2009 688 stolam
2031 649 2202 697 suam,
2308 637 2497 692 Daniel
2519 645 2790 701 sanctum,
2814 650 2938 691 cum
2968 635 3113 690 inter
3151 634 3359 690 leones
3391 641 3579 688 staret
3611 632 3928 698 ἰηιηρίάθς,

610 738 722 792 etin
738 736 1112 806 sanguineum
1129 732 1497 788 anaboladium
1519 747 1687 786 suum.
1711 728 1920 784 Hilares
1940 729 2080 782 oculi
2092 731 2205 800 ejus
2307 739 2362 786 et
2393 729 2678 800 prandium
2708 730 2761 786 ei
2783 738 2967 801 raptus
2991 729 3060 784 ab
3106 727 3333 798 Angela
3385 727 3666 796 propheta
3693 725 3932 781 deferret?

605 847 638 885 a
663 831 810 895 vino,
852 839 902 883 et
941 828 1116 882 dentes
1154 827 1478 882 candidiores
1519 826 1650 880 lacte
1677 821 1870 896 (lbid.,
1911 822 1972 878 il
2011 831 2057 875 et
2089 819 2202 890 12).

605 922 736 992 Quis
780 934 974 978 cantus
1017 921 1250 989 dulcior,
1283 921 1403 990 quis
1433 933 1600 974 sonus
1638 916 1879 980 suavior,
1919 930 2080 985 quam
2121 928 2207 969 re-

604 1017 795 1074 missio
824 1026 1193 1088 peccatornm,
1222 1024 1279 1070 et
1298 1012 1631 1070 resurrectio
1653 1009 2028 1066 mortuorum?
2053 1007 2206 1063 llunc

607 1124 826 1168 cantum
853 1122 1076 1166 sanctos
1096 1109 1288 1173 David,
1322 1108 1415 1163 ille
1440 1107 1637 1161 divina:
1667 1119 1929 1174 organum
1960 1102 2128 1166 vocis,
2152 1109 2209 1157 et

605 1205 859 1261 dominici
900 1205 1168 1260 sermonis
1199 1203 1466 1270 interpres
1492 1199 1699 1254 cithara
1729 1196 1926 1252 cecinit
1953 1193 2205 1263 spiritali.

609 1297 706 1353 llis
751 1296 988 1353 modulis
1031 1296 1222 1366 gratia:
1266 1294 1554 1350 sublimem
1583 1292 1731 1346 illum
1776 1291 2012 1344 animum
2057 1302 2208 1343 men-

610 1401 827 1462 temque
880 1389 1172 1446 mulcebat.
1217 1388 1330 1444 lloc
1379 1395 1538 1442 cantu
1585 1383 1772 1440 mundi
1823 1381 1977 1437 istius
2018 1395 2209 1451 aspera

610 1483 895 1554 mitigavit,
932 1482 1036 1538 hoc
1064 1483 1248 1538 sonitu
1274 1481 1457 1537 saeculi
1482 1479 1616 1535 dura
1647 1475 1898 1538 mollivit.
1929 1475 2033 1529 hoc
2059 1475 2206 1545 psal-

612 1575 748 1629 terio
778 1586 1043 1630 terrorem
1073 1574 1263 1629 mortis
1289 1573 1528 1644 infregit,
1561 1569 1661 1626 bac
1689 1567 1954 1626 suavitate
1978 1565 2210 1621 chorda-

611 1683 730 1722 rum
759 1667 970 1724 inferna
997 1667 1251 1723 calcavit.

684 1762 773 1816 40.
802 1762 909 1817 Sed
942 1763 1224 1817 audiamus
1265 1763 1426 1818 etiam
1473 1761 1578 1816 alia
1624 1775 1745 1831 qua:
1793 1767 2012 1814 sanctus
2041 1755 2211 1812 lacob

2307 824 2426 881 Non
2466 824 2654 895 utique
2705 823 2828 879 ideo
2871 824 3083 889 beatus,
3133 822 3264 893 quia
3321 821 3586 875 alienum
3646 820 3930 889 prandet-az

2310 918 2594 991 prandium
2627 918 2758 973 :sed
2780 918 2904 986 quia
2938 917 3150 972 meritis
3174 917 3300 971 suis
3335 917 3588 982 impasta
3617 914 3835 969 leonum
3857 933 3929 970 an

2310 1013 2622 1070 claudebat.
2647 1012 2780 1081 Quis
2817 1023 2998 1067 autem
3030 1026 3136 1066 non
3195 1011 3432 1065 beatam
3465 1008 3680 1063 dixerit
3732 1018 3926 1063 manu

2310 1105 2765 1171 Macbabmorum,
2798 1119 2920 1174 quae
2948 1111 3160 1174 septem
3188 1102 3450 1156 ﬁliorum
3487 1099 3791 1155 funeribus
3812 1111 3926 1155 octa-

2311 1214 2434 1253 vam
2461 1213 2522 1254 se
2550 1196 2760 1253 addidit
2787 1195 2854 1251 ad
2877 1195 3092 1251 laudem
3116 1193 3382 1250 emleStis
3415 1190 3752 1263 triumphi?

2917 1287 3149 1343 CAPUT
3188 1286 3268 1341 Χ.

2315 1383 2538 1450 Quanta:
2559 1382 2706 1437 laudi
2727 1381 2920 1454 fuerint
2949 1380 3209 1435 sacerdoti
3233 1379 3520 1434 Eleazaro
3543 1377 3814 1450 supplicis
3835 1394 3918 1429 cea-

2385 1486 2578 1533 stanter
2603 1475 2841 1541 tolerata,
2863 1484 3072 1547 propter
3096 1491 3213 1546 qua:
3244 1491 3374 1529 uere
3394 1474 3598 1529 beatus
3627 1473 3698 1526 sit
3710 1473 3917 1545 judica-

2385 1573 2504 1627 dus.

2385 1665 2476 1720 43.
2497 1664 2605 1722 Nec
2645 1675 2722 1734 te,
2771 1665 3062 1733 Eleazaro,
3095 1665 3568 1737 praetermittam,
3602 1674 3631 1703 ι
3662 1672 3915 1735 utpowsa

2314 1761 2592 1815 cerdotem
2648 1761 2926 1826 sacerdos,
2974 1760 3070 1816 sed
3121 1760 3230 1814 tuis
3282 1758 3592 1828 iuvandus
3641 1757 3912 1822 oratisrqs

616 1855 922 1925 patriarcha
953 1855 1259 1910 admirabili
1310 1855 1403 1909 illo
1433 1869 1545 1909 sua:
1575 1868 1778 1924 organo
1809 1851 2010 1906 mentis
2036 1852 2212 1905 incrc-
2241 1851 2287 1913 B
2315 1870 2516 1925 genere
2545 1855 2825 1921 sacerdos,
2867 1855 3072 1926 peritus
3102 1855 3154 1908 in
3189 1853 3368 1926 Lege,
3395 1865 3674 1909 maturus
3702 1853 3910 1913 avitas

618 1947 733 2015 puit
765 1964 780 1999 :
817 1945 1160 2016 Nephthalim
1189 1946 1305 2002 vitis
1342 1948 1579 2012 remissa,
1611 1945 1879 2017 porrigens
1907 1945 1959 1997 in
1990 1943 2218 2014 germine

614 2056 706 2094 suo
730 2039 985 2095 decorem.
1003 2039 1176 2094 Filius
1199 2057 1339 2095 meus
1359 2040 1638 2110 ampliatus
1661 2038 1879 2108 Joseph,
1903 2037 2046 2108 [ilius
2072 2052 2213 2090 meus

615 2133 987 2203 adampliatus,
1009 2136 1121 2189 zelo
1142 2137 1401 2207 appetitus
1414 2135 1554 2201 ﬁlius
1576 2150 1741 2201 meus,
1763 2132 1905 2204 ﬁlius
1923 2149 2063 2186 meus
2080 2130 2211 2184 ado-

617 2227 905 2306 lescentior,
933 2228 1004 2282 ad
1036 2245 1117 2284 me
1141 2238 1390 2283 revertere
1415 2227 1579 2299 (Ibid.
1599 2228 1662 2282 Ἣ
1693 2236 1739 2281 et
1769 2225 1924 2297 seq.).
1946 2225 2010 2280 Et
2041 2223 2174 2278 infra
2198 2241 2210 2277 :

616 2318 899 2375 Praevaluit
921 2337 1078 2392 super
1102 2321 1476 2375 benedictiones
1502 2321 1752 2375 montium
1800 2319 2143 2383 manentium,
2168 2326 2215 2371 et

613 2416 869 2470 desideria
897 2416 1110 2470 collium
1132 2426 1440 2470 teter-norum
1458 2413 1508 2486 (Ι
1519 2413 1603 2468 bid
1614 2453 1652 2477 .,
1681 2412 1800 2477 26).
1833 2412 1972 2478 Quid
1999 2411 2215 2466 dulcius

614 2508 1187 2577 benedictioue‘iQuid
1218 2509 1426 2580 gratius
1455 2506 1797 2562 aeternitate?
1823 2506 1887 2560 Et
1916 2506 2026 2574 ipsa
2051 2505 2216 2560 verba

616 2613 743 2657 sunt
772 2611 986 2666 cantus,
1013 2611 1069 2656 et
1100 2605 1151 2656 in
1189 2601 1372 2657 verbis
1401 2615 1593 2670 magna
1624 2610 1874 2655 votorum
1905 2609 2032 2654 sunt
2080 2613 2216 2670 pra:-

619 2694 750 2759 mia,
780 2679 1099 2749 meritorum
1128 2694 1335 2765 fastigia
1348 2736 1360 2749 .
1777 2757 1788 2773 O

690 2784 782 2842 41.
816 2785 957 2855 Quid
1008 2787 1228 2842 suavius
1251 2796 1441 2842 sancto
1470 2785 1697 2858 Joseph,
1727 2786 1816 2857 qui
1849 2800 1948 2842 nos
1969 2785 2217 2842 liberavit

619 2879 688 2934 ab
733 2879 1054 2950 opprobrio,
1086 2881 1268 2935 crucis
1297 2879 1593 2936 Dominica:
1632 2879 2018 2936 sacramento?
2066 2880 2218 2937 Sicut

617 2973 762 3027 enim
785 2972 1134 3028 maledictum
1161 2973 1334 3029 factus
1365 2983 1450 3029 est
1489 2972 1760 3041 Chrisms,
1792 2983 1851 3029 ut
1872 2974 2214 3030 maledictum

617 3064 858 3121 solveret
878 3065 1072 3137 Legis;
1097 3075 1150 3121 et
1167 3076 1444 3137 peccatum
1463 3066 1638 3123 factus
1667 3078 1772 3134 eat,
1799 3076 1856 3122 ut
1881 3066 2064 3122 mundi
2092 3081 2218 3138 pec-

615 3168 796 3214 catum
829 3161 1042 3217 tolleret
1072 3179 1085 3214 :
1121 3162 1193 3216 ita
1223 3161 1576 3232 opprobrium
1627 3161 1800 3218 factus
1827 3170 1931 3229 est,
1960 3170 2018 3216 ut
2042 3161 2216 3232 genti-

2314 1948 2530 2002 oblatus
2560 1963 2715 2003 esses
2743 1948 3013 2003 Antiocho
3039 1945 3414 2018 persecutori,
3452 1961 3570 2002 nec
3611 1946 3912 2001 tentamentis

2317 2041 2541 2112 potuiSIi
2567 2041 2709 2113 capi,
2734 2057 2836 2097 nec
2863 2042 3099 2112 prmmiis
3129 2041 3366 2107 inﬂecti,
3413 2055 3529 2096 nec
3562 2040 3909 2109 suppliciorum

2314 2136 2701 2193 acerbitatibus
2725 2135 2897 2207 frangi
2921 2135 2987 2206 (ll
3017 2133 3264 2191 Hachab.
3298 2151 3378 2199 vr,
3413 2133 3490 2188 18
3525 2145 3580 2187 et
3615 2134 3776 2203 τεῳ).
3799 2131 3910 2185 Dea}-

2315 2247 2420 2302 que
2453 2247 2481 2285 a
2515 2229 2901 2287 blandimentis
2940 2230 3126 2300 coepit,
3177 2229 3302 2301 quia
3331 2229 3651 2299 judicabat
3700 2236 3909 2281 tormenta

2315 2338 2412 2378 sua
2433 2338 2592 2393 posse
2613 2323 2879 2393 superari.
2905 2322 3207 2387 Erubesco,
3235 2321 3444 2393 inquit,
3473 2321 3760 2377 canitiem
3793 2332 3907 2378 tonsi,

2317 2430 2576 2472 revereor
2625 2423 2986 2482 senectutem,
3041 2416 3213 2471 miror
3242 2414 3621 2486 prudentiam
3665 2432 3680 2468 :
3724 2429 3815 2468 cur
3836 2414 3908 2465 abs

2318 2507 2600 2563 tinendum
2631 2508 2790 2564 bonis
2820 2508 2998 2578 epulis
3047 2517 3203 2578 putes
3233 2521 3373 2578 quas
3431 2517 3654 2563 natura
3683 2506 3905 2576 largitor?

2318 2601 2523 2657 Relaxa
2577 2600 2884 2656 istiusmodi
2937 2601 3296 2672 pervicaciam
3335 2642 3349 2664 ,
3413 2601 3815 2672 expergiscere
3845 2598 3905 2649 aii-

2318 2694 2562 2765 quando,
2591 2694 2719 2749 dum
2749 2692 2925 2748 adhuc
2964 2693 3108 2749 malo
3139 2693 3230 2747 tibi
3259 2693 3642 2762 persuadere,
3669 2706 3823 2762 quam
3846 2705 3901 2744 ea

2321 2796 2611 2857 torquere;
2655 2803 2721 2842 ne
2774 2786 2949 2842 victus
2989 2786 3266 2857 suppliciis
3305 2786 3510 2853 facias,
3547 2784 3706 2856 quod
3751 2782 3893 2838 refotas

2320 2883 2532 2938 ratione
2564 2883 2847 2938 invitatus.
2875 2881 2955 2937 Ad
2981 2882 3098 2937 haec
3125 2880 3411 2950 respondit
3426 2895 3616 2936 senex
3644 2877 3801 2943 :Nos,
3823 2880 3892 2930 An-

2322 2977 2526 3043 tioche,
2555 2990 2662 3030 non
2682 2973 2712 3014 ι)
2740 2975 3042 3031 intentione
3070 2973 3341 3041 ducimur,
3371 2973 3471 3028 sed
3498 2973 3804 3029 reverentia
3825 2969 3889 3024 Leo

2319 3071 2404 3142 gis
2437 3080 2705 3136 tenemur,
2739 3084 2858 3140 quas
2889 3084 2918 3123 a
2951 3067 3107 3124 suilla
3157 3082 3322 3121 carne
3368 3065 3767 3123 abstinendum
3794 3077 3885 3132 pn-

2320 3163 2472 3234 cipit.
2527 3161 2956 3219 Pulcherrimam
3027 3160 3238 3231 judicas
3303 3166 3631 3216 creaturam
3680 3175 3696 3223 ;
3742 3169 3884 3226 negat!

617 3252 784 3309 litatis
829 3255 1181 3324 opprobrium
1215 3255 1489 3318 auferret:
1538 3256 1631 3312 sed
1676 3250 1807 3310 illud
1860 3256 2215 3326 opprobrium
2245 3243 2291 3308 C
2323 3266 2634 3312 tamennon
2666 3266 2820 3327 potes
2869 3254 3013 3326 quod
3065 3255 3241 3325 potior
3260 3252 3331 3306 sit
3355 3253 3882 3322 temperantia,qm

616 3344 820 3400 Christi
875 3347 1142 3402 thesauris
1172 3347 1394 3419 Egypti
1428 3347 1723 3418 pretiosius
1751 3348 2080 3402 aestimatum
2111 3359 2214 3403 est.

621 3437 688 3491 Et
716 3437 837 3493 ideo
869 3439 1082 3511 Moyses
1112 3439 1323 3494 Pharao
1353 3442 1501 3511 regis
1525 3442 1706 3496 aulam
1739 3441 1980 3512 reliquit,
2011 3449 2070 3496 et
2094 3440 2218 3496 ﬁdei

621 3530 786 3602 elegit
820 3533 1196 3602 opprobrium,
1245 3536 1330 3590 cui
1373 3549 1434 3590 se
1476 3535 1772 3605 opprobrio
1817 3535 1982 3589 maria
2011 3534 2220 3591 divide-

621 3627 773 3684 bant.
811 3627 929 3698 Ipse
959 3645 1090 3700 ergo
1117 3629 1465 3698 Nephthalim
1501 3631 1631 3684 vitis
1660 3639 1831 3685 totum
1864 3615 2090 3685 remissa
2123 3645 2216 3700 per

620 3723 909 3790 mundum,
943 3733 1000 3778 ut
1021 3725 1273 3780 omnibus
1301 3725 1516 3795 populis
1563 3725 1866 3780 ubertatem
1907 3725 2089 3794 poculi
2110 3726 2220 3794 spi-

621 3817 793 3873 ritalis
823 3817 1149 3875 infunderet.
1177 3817 1300 3889 Ipse
1325 3828 1408 3874 est
1433 3818 1748 3886 ampliatus,
1775 3817 1981 3873 habens
2020 3832 2218 3872 nomen

619 3925 786 3977 super
831 3925 994 3968 omne
1039 3926 1262 3977 nomen,
1295 3911 1390 3982 qui
1440 3911 1694 3981 quoniam
1745 3925 1804 3965 se
1837 3925 1936 3980 pro
1964 3909 2220 3966 omnibus

615 4004 816 4060 obtulit
840 4005 1022 4073 morti,
1048 4003 1172 4060 ideo
1203 4004 1408 4059 audivit
1437 4019 1466 4081 ξι
1495 4004 1656 4059 Patre
1687 4021 1700 4057 :
1731 4001 1813 4056 Ad
1841 4019 1922 4057 me
1947 4011 2215 4057 revertere.

619 4097 968 4167 Loquebatur
1012 4096 1201 4164 Jacob,
1229 4105 1286 4152 et
1315 4097 1455 4152 Deus
1499 4095 1841 4152 audiebatur.
1873 4095 1968 4151 Ille
1996 4095 2220 4150 benedi-

620 4191 806 4255 eebat,
836 4200 893 4244 et
917 4190 1060 4246 Deus
1111 4189 1442 4261 personabat
1473 4188 1660 4246 dicens
1699 4188 1841 4244 Filio
1874 4189 1992 4242 :Ad
2033 4204 2112 4241 me
2140 4203 2219 4242 re-

620 4292 836 4348 uertere,
868 4283 970 4338 hoc
994 4293 1097 4347 est,
1115 4294 1238 4354 post
1267 4286 1575 4352 passionem
1603 4293 1898 4338 revertere.
1924 4283 2219 4338 Revertere

624 4375 691 4430 ad
723 4373 910 4430 sedem
935 4385 1105 4442 tuam,
1140 4385 1418 4430 revertere
1438 4390 1560 4429 cum
1594 4384 1823 4445 tropaeo,
1855 4384 2126 4430 revertere
2150 4374 2218 4430 ad

621 4485 747 4534 me;
779 4480 841 4523 ut
885 4479 940 4525 te
985 4478 1356 4539 resurgentem
1395 4468 1637 4526 defuncti
1691 4480 2009 4540 sequantur,
2040 4477 2097 4525 et
2126 4477 2216 4524 tua

620 4572 892 4634 potestate
924 4563 1162 4634 pariter,
1201 4573 1363 4633 atque
1389 4565 1639 4636 exemplo
1687 4575 1992 4634 resurgant,
2023 4574 2080 4620 ut
2121 4564 2218 4620 ﬂas

2323 3354 2592 3424 voluptas,
2622 3353 2800 3423 potior
2819 3351 2952 3422 legis
2983 3347 3314 3415 obedientia,
3337 3363 3508 3418 quam
3533 3344 3880 3418 pravaricstio.

2321 3446 2476 3516 Quod
2504 3447 2546 3500 si
2579 3444 2683 3501 hoc
2726 3445 2844 3500 leve
2887 3454 3067 3514 putas,
3117 3450 3177 3495 ut
3219 3456 3384 3497 carne
3409 3455 3712 3496 vescamur
3738 3438 3878 3495 suilla:

2321 3544 2410 3613 qui
2438 3544 2488 3596 in
2511 3541 2747 3597 minimis
2771 3541 2940 3610 legem
2967 3538 3380 3606 contempserit,
3396 3538 3690 3608 quomodo
3715 3537 3762 3591 in
3781 3547 3879 3601 mst-

2324 3636 2407 3690 nis
2430 3635 2672 3691 tenebit?
2705 3636 2809 3690 Aut
2831 3635 2876 3689 si
2909 3636 3142 3705 pretiosa
3172 3643 3256 3688 est
3285 3643 3545 3686 creatura
3576 3627 3874 3701 hujusmodi;

2323 3730 2639 3795 vindicaris,
2687 3745 2809 3784 cum
2840 3744 2907 3785 eo
2943 3729 3087 3800 quod
3126 3729 3197 3783 sit
3226 3727 3688 3797 pulcherrimum,
3717 3723 3876 3780 deft-sa-

2321 3823 2533 3880 damur.
2561 3823 2904 3879 Abstinenlia
2941 3834 3119 3878 autem
3165 3831 3349 3877 nostra
3373 3819 3676 3891 disciplina
3705 3827 3779 3875 est
3798 3830 3873 3872 cas-

2325 3916 2584 3971 timoniae.
2623 3916 2888 3972 Discimus
2917 3916 3058 3970 enim
3115 3927 3366 3970 resecare
3394 3913 3698 3980 luxuriam,
3721 3907 3874 3979 cupidi

2324 4019 2462 4066 tates
2489 4010 2727 4076 vincere,
2774 4008 3065 4064 excludere
3085 4005 3582 4076 concupiscentias,
3618 4002 3872 4060 delectatie

2323 4104 2482 4159 nibus
2511 4102 2755 4174 corporis
2783 4101 3021 4157 obviare.
3074 4098 3430 4154 Fortitudinis
3462 4114 3686 4169 quoque
3721 4095 3871 4152 exerti-

2323 4197 2453 4252 tium
2471 4206 2576 4262 est,
2598 4196 2774 4266 poenis
2793 4210 2894 4266 pro
2921 4194 3067 4264 Lege
3088 4207 3194 4247 non
3222 4192 3438 4246 cedere.
3454 4190 3694 4246 Jusﬁtim
3713 4200 3870 4259 quoqttt

2321 4291 2536 4360 ίηςίεηε
2562 4298 2725 4360 atque
2753 4287 3074 4357 prudentiae,
3109 4295 3167 4341 ut
3209 4285 3352 4356 quod
3399 4285 3736 4354 sequendum
3753 4279 3869 4348 elegi-

2324 4399 2443 4438 mus
2477 4383 2672 4439 timore
2700 4381 2815 4448 Dei,
2861 4389 3033 4450 morte
3079 4379 3356 4450 proposita
3399 4390 3762 4431 reservemus.
3779 4371 3868 4438 Quis

2322 4490 2500 4531 escam
2543 4476 2772 4545 imperet
2803 4473 3035 4529 liberis?
3075 4473 3207 4540 Quis
3254 4479 3433 4526 autem
3491 4483 3553 4525 se
3588 4467 3865 4524 ridendumc

2323 4571 2563 4640 pra-beat
2606 4581 2665 4624 ut
2718 4571 2774 4624 in
2823 4569 2926 4624 hoc
2971 4566 3194 4632 serviat,
3217 4573 3272 4621 et
3321 4579 3430 4620 non
3478 4558 3865 4619 ridebitnriNon

625 4655 1020 4728 primogenitus
1068 4671 1138 4712 ex
1178 4657 1426 4722 mortuis,
1471 4667 1528 4711 ut
1572 4657 1638 4711 ad
1693 4657 1972 4713 dexteram
2019 4656 2216 4712 sedeas
2244 4648 2441 4717 Dsum
2494 4661 2578 4716 ita'
2595 4674 2785 4726 senex,
2839 4669 2894 4714 ut
2925 4657 3056 4714 mihi
3093 4672 3202 4712 non
3225 4655 3546 4728 juvenescat
3576 4651 3737 4709 animi
3760 4648 3865 4706 forti-

622 4747 824 4806 Patris.
866 4746 1023 4806 Unde
1062 4758 1119 4805 et
1160 4747 1330 4804 Filius
1373 4747 1512 4804 dixit
1559 4748 1801 4804 :Amodo
1844 4749 2080 4804 videbitis
2119 4747 2216 4801 Fi-

621 4843 750 4897 lium
814 4842 1037 4897 hominis
1097 4842 1356 4898 sedentem
1411 4842 1481 4896 ad
1539 4844 1806 4899 dexteram
1853 4843 2059 4899 virtutis
2119 4839 2216 4896 Dei

627 4934 842 5008 (Matth.
869 4952 1024 4999 xsvr,
1055 4935 1168 5009 64).

691 5031 969 5104 42.Neget
999 5034 1120 5104 quis
1145 5034 1360 5089 beatum
1389 5033 1558 5090 lacob
1584 5034 1636 5089 in
1669 5033 1789 5104 ipso
1816 5031 2007 5088 mortis
2029 5045 2222 5102 supre-

623 5141 738 5191 mo,
759 5126 850 5197 qui
870 5127 1052 5182 divina
1081 5127 1337 5182 fundebat
1356 5127 1611 5183 oracula?
1634 5126 1798 5197 Neget
1820 5124 1984 5198 474
2003 5126 2222 5182 beatum

614 5217 820 5289 Joseph
848 5219 901 5274 in
931 5235 1175 5288 carcere,
1225 5221 1316 5275 ubi
1343 5220 1623 5289 sapientiae
1655 5219 1846 5290 Spiritu
1893 5220 2220 5290 interpreta-

610 5317 770 5375 batur
791 5318 1127 5373 somniorum
1160 5329 1284 5386 qua‘.
1302 5314 1572 5382 audierat,
1593 5314 1905 5382 veritatem,
1935 5325 1990 5370 et
2008 5314 2219 5371 futuro-

693 5464 717 5492 α
749 5455 949 5508 Omnes
976 5451 1106 5507 edit.
1137 5465 1202 5507 ac
1233 5451 1414 5516 plures
1464 5465 1624 5516 mss.,
1668 5460 1725 5505 ut
1753 5459 1870 5520 pote
1893 5451 2218 5505 sacerdotum

617 5527 878 5596 sacerdos.
909 5525 998 5579 sed
1051 5525 1182 5596 tuis‘
1199 5522 1682 5596 juvandusLRont.
1728 5523 1895 5596 edit.,
1925 5520 2214 5590 iuvandum

649 5599 796 5651 ratis.
829 5595 1043 5664 Optime
1085 5592 1214 5648 cod.’
1245 5595 1437 5658 'l‘orn.,
1475 5593 1682 5649 Theod.
1713 5601 1768 5648 et
1797 5592 1978 5657 Valc.,
2011 5602 2068 5646 ut
2095 5605 2213 5666 pote

617 5668 936 5723 sacerdotem
983 5667 1244 5726 sarerdos,
1276 5678 1380 5720 etc.
1415 5667 1624 5721 Rursus
1671 5680 1803 5721 mss.
1855 5666 2060 5734 aliqttot
2089 5706 2104 5733 ,
2147 5673 2203 5720 et

614 5751 826 5793 cuncta:
843 5738 998 5801 edit.,
1039 5740 1125 5805 qui
1171 5753 1352 5806 genere
1396 5736 1681 5800 sacerdos;
1732 5737 1936 5806 aliquot
1960 5737 2079 5797 alii,
2110 5738 2199 5805 qui

613 5825 774 5880 genus
764 5807 1125 5934 dsocerdotale.
1144 5807 1357 5863 Thuau.
1379 5824 1441 5864 ac
1465 5811 1672 5880 Retuig.
1701 5808 1907 5881 legunt,
1929 5807 2016 5880 qui
2037 5809 2201 5880 gentis

616 5896 760 5934 sacer
801 5894 877 5934 oe.

616 5894 877 5936 εασεταοσι

2279 4748 2296 4773 ³
2324 4755 2475 4812 tudo.

2395 4835 2817 4916 HISuspensus
2848 4844 3028 4913 itaque
3052 4857 3174 4898 cum
3209 4840 3337 4897 hinc
3362 4838 3669 4912 atqueinde
3686 4836 3863 4910 graviter

2323 4941 2724 5003 verberaretur,
2747 4952 2852 4994 nec
2867 4937 2977 5007 jam
3010 4937 3213 4992 ferrent
3234 4935 3430 4991 senilia
3460 4933 3699 4989 membra
3722 4929 3862 4986 verba

2323 5049 2442 5090 rum
2471 5047 2682 5104 pinnas,
2709 5031 2925 5087 lassatis
2953 5030 3300 5086 carniﬁcibus
3322 5038 3488 5098 atque
3514 5024 3858 5084 estensoribus,

2321 5126 2375 5180 iu
2407 5136 2605 5180 terram
2634 5123 2877 5180 deﬂexus
2905 5123 3255 5180 inﬂexibilem
3308 5129 3549 5177 mentem
3577 5120 3790 5192 gerebat.
3812 5114 3859 5170 lit

2321 5218 2538 5291 quidam
2569 5233 2667 5273 seu
2697 5217 2995 5290 longaevam
3036 5217 3323 5272 miseratus
3345 5224 3587 5280 aetatem,
3613 5228 3699 5268 seu
3725 5221 3856 5267 tenta-

2323 5315 2522 5370 meutis
2547 5313 2948 5368 circumvenire
2997 5310 3315 5367 desiderans
3341 5327 3356 5364 :
3383 5308 3690 5379 Responde,
3712 5305 3853 5377 inquit,

2394 5448 2422 5488 ι)
2457 5448 2768 5515 Intentione,
2793 5448 2844 5504 id
2865 5459 2967 5515 est,
2994 5448 3210 5518 propria
3241 5445 3520 5501 voluntate
3537 5459 3599 5500 ac
3618 5444 3849 5518 electione;

2323 5521 2433 5605 nisi
2453 5524 2588 5578 forte
2615 5521 2757 5576 idem
2783 5523 2875 5587 sit,
2904 5515 3066 5592 atque
3091 5515 3259 5574 animi
3304 5517 3651 5575 contentione
3672 5528 3715 5572 et
3733 5515 3850 5585 perti-

2358 5613 2490 5647 ilCla.

2318 5609 2568 5720 ['"E'iiei.
2602 5665 2876 5720 edit.cum
2909 5671 3064 5733 parte
3089 5677 3246 5726 mss.,
3277 5661 3501 5731 prtebeat
3523 5663 3549 5716 .9
3584 5659 3645 5714 In
3679 5662 3756 5714 hoc
3774 5674 3848 5733 ser.

2309 5737 2434 5800 aiat,
2462 5737 2555 5791 sed
2599 5754 2702 5791 nou
2748 5731 2958 5791 ridebit.
3017 5735 3170 5790 Rom.
3207 5736 3471 5800 prebeat?
3502 5735 3629 5801 Quis
3653 5743 3787 5786 autem
3809 5731 3845 5782 in

2305 5806 2403 5862 hoc
2431 5809 2646 5871 seruiat,
2679 5820 2726 5863 et
2771 5824 2875 5863 non
2930 5807 3215 5862 ridebitur?
3245 5806 3327 5861 Ab
3382 5806 3482 5862 hac
3535 5820 3638 5859 non
3674 5803 3842 5861 multum

2301 5879 2562 5939 recedunt
2580 5881 2671 5939 alii
2696 5880 2903 5952 aliquot
2928 5894 3062 5937 mss.
3113 5893 3250 5949 quos
3275 5879 3445 5937 secuti
3472 5892 3670 5935 sumus.
