4066 6360
100 359 257 417 635

1204 365 1293 420 DE
1331 363 1546 422 JACOB
1583 365 1672 422 ΕΤ
1711 365 1871 424 Vl'l'A
1910 369 2139 427 BEATA
2182 369 2310 426 LIB.
2355 369 2417 424 ΙΙ.

3361 369 3468 426 δδι

99 480 544 538 tantummodo
557 480 718 555 475
733 492 784 538 te
807 481 1251 537 manducaturum
1269 497 1283 536 :
1301 494 1401 535 nos
1417 488 1468 535 te
1484 492 1625 534 esca:
1645 479 1762 547 ejus
1789 477 1843 541 Δ
1866 495 2028 536 nemo
2047 492 2224 550 potest
2255 483 2492 552 auferre,
2513 485 2654 541 sicut
2678 493 2865 556 postea
2887 485 3179 555 Apostolus
3201 485 3385 542 docuit
3414 487 3467 542 in

102 571 467 635 immunem
521 579 918 648 praestabimus.
965 579 1036 636 At
1083 578 1174 634 ille
1228 577 1471 633 clamans
1505 593 1520 632 :
1550 573 1763 644 Nequa-

103 683 354 738 quam,
391 672 580 743 inquit,
605 673 880 742 contingat
929 672 1084 736 mihi,
1109 683 1167 726 ut
1198 671 1320 726 liam
1344 685 1510 726 senex
1535 668 1766 724 incenti-

105 775 289 818 vum
314 764 568 834 juvenilis
594 765 820 830 erroris,
839 765 930 834 qni
971 764 1076 820 huc
1101 779 1274 835 usque
1303 778 1454 818 eram
1487 762 1656 816 forma
1679 774 1765 814 sa-

114 853 364 912 lutaris
419 857 666 913 instituti.
697 859 790 913 llis
837 872 938 928 ego
987 857 1254 920 ludibriis,
1285 866 1340 911 ut
1381 855 1656 926 paululum
1688 852 1768 908 vi-

115 964 290 1008 vam
319 952 588 1018 lucrabor,
622 961 678 1007 et
709 951 1028 1006 totius’vita:
1058 951 1278 1005 labores
1305 949 1552 1004 addicam
1587 947 1767 1003 brevis

116 1043 367 1100 viatico
397 1046 738 1101 senectutis?
765 1046 1028 1100 Senectus
1070 1055 1259 1111 portus
1284 1043 1447 1099 debet
1487 1057 1631 1107 esse,
1660 1055 1767 1096 non

119 1138 294 1194 vitm
309 1139 610 1206 superioris
660 1137 1020 1209 naufragium.
1047 1137 1165 1192 Non
1194 1147 1245 1193 te
1275 1137 1506 1207 negabo,
1544 1135 1650 1190 Lex
1679 1149 1771 1204 pa-

125 1230 302 1294 tria;
349 1246 455 1285 non
488 1230 752 1300 abjurabo
793 1245 912 1297 vos,
958 1243 1145 1286 sancta
1197 1229 1443 1285 instituta
1476 1228 1769 1299 majorum,

121 1338 272 1379 non
307 1324 635 1380 decolorabo
653 1340 770 1392 vos,
803 1324 987 1380 infulzr.
1015 1323 1410 1387 sacerdotales;
1433 1337 1544 1377 non
1573 1330 1624 1375 te
1651 1335 1773 1390 per-

126 1416 310 1472 fidia:
332 1419 551 1489 pulvere
578 1419 809 1486 turpabo
842 1419 1040 1487 palam,
1072 1417 1332 1472 canities!
1365 1416 1505 1486 Quid
1565 1414 1769 1470 multa?

123 1509 230 1564 1m
243 1512 535 1567 moriendo
558 1512 841 1567 tormentis
860 1511 1034 1566 factus
1052 1520 1135 1564 est
1159 1511 1374 1565 caneris
1403 1507 1769 1578 magisterium

135 1606 618 1674 perseverantim,
649 1606 737 1674 qui
759 1605 963 1660 electus
989 1614 1103 1659 erat
1131 1602 1197 1658 ad
1223 1602 1553 1657 infirmitatis
1582 1615 1769 1655 exem«

130 1697 340 1768 pltsm.
377 1699 571 1754 Beatus
595 1699 779 1770 igitur,
812 1701 865 1754 in
894 1713 1002 1768 quo
1032 1713 1137 1753 non
1168 1706 1456 1769 potuerunt
1499 1706 1768 1752 tormenta

132 1792 434 1846 rationem
481 1792 719 1848 vincere.
767 1793 962 1846 Annon
1017 1792 1222 1855 beatus,
1249 1790 1337 1861 qui
1369 1790 1540 1860 potuit
1570 1788 1769 1843 virtute

1868 571 2112 628 Ecclesia
2139 575 2350 632 Domini
2377 593 2391 630 :
2421 577 2557 644 Quia
2578 588 2733 646 caput
2761 579 2860 632 viri
2891 575 3131 633 Christus
3159 587 3232 632 est
3254 579 3296 651 (Ι
3320 577 3468 647 Con,

1867 684 1942 733 xl,
1967 665 2047 740 5).
2086 667 2173 734 Ει,
2204 670 2317 738 ejus
2345 687 2527 725 sumus
2552 670 2777 725 membra
2803 671 3048 743 (Ephes.,
3080 687 3135 737 ν,
3157 669 3274 742 50).
3305 670 3474 728 Recte

1869 778 2000 833 puer
2025 762 2181 816 istam
2202 761 2387 818 divino
2405 765 2602 834 spiritu
2632 765 2934 821 doctrinam
2957 765 3314 836 apostolicam
3334 781 3472 835 prte-

1866 854 2105 910 videbat.
2140 854 2426 912 Exuebant
2456 857 2725 914 immanes
2781 858 2968 915 bestia:
3015 860 3221 916 corium
3251 860 3468 930 capitis,

1867 956 1920 1004 et
1942 947 2229 1018 pardalicis
2258 946 2565 1004 feritatibus
2592 950 2916 1006 smviebant.
2951 952 3022 1007 At
3044 951 3132 1007 ille
3160 951 3420 1008 deficiens
3452 970 3465 1008 :

1868 1043 2038 1113 Quam
2063 1043 2221 1099 dulce
2267 1051 2370 1109 est,
2405 1043 2600 1113 inquit,
2651 1045 2788 1100 mori
2823 1059 2921 1115 pro
2968 1045 3254 1118 religione,
3307 1061 3467 1117 quam

1869 1138 2053 1193 suavis
2077 1137 2255 1191 omnis
2275 1133 2547 1192 acerbitas
2572 1136 2766 1192 mortis
2791 1153 2888 1208 pro
2918 1139 3121 1208 pietate
3153 1155 3169 1204 ;
3199 1141 3322 1210 quia
3349 1154 3470 1194 ma-

1870 1239 1962 1284 net
1986 1231 2174 1283 borum
2199 1228 2568 1284 remuneratio
2588 1229 2833 1285 laborum
2859 1231 2872 1284 ι
2897 1229 3010 1285 Tua
3037 1241 3184 1298 sunt,
3210 1247 3326 1295 rex.
3346 1247 3472 1302 gra-

1870 1322 2020 1376 viora
2075 1331 2340 1377 tormenta
2373 1340 2384 1375 :
2422 1331 2478 1376 tu
2507 1321 2614 1378 tuis
2643 1324 3027 1379 vehementius
3059 1326 3332 1397 torqueris
3351 1342 3474 1397 sup-

1873 1416 2075 1488 pliciis;
2107 1422 2233 1487 quia
2254 1420 2407 1472 vides
2432 1426 2485 1472 te
2504 1416 2650 1472 vinci
2684 1419 2735 1472 in
2764 1425 3053 1488 potestate.

1943 1511 2034 1564 48.
2071 1509 2140 1564 Ει
2197 1509 2298 1564 hoc
2330 1508 2590 1565 defuncto
2629 1552 2644 1576 ,
2694 1511 2910 1566 tertium
2963 1511 3124 1566 statui
3166 1511 3267 1567 sibi
3313 1512 3479 1582 jussit

1873 1601 1939 1672 (ll
1972 1600 2218 1656 Machab.
2249 1618 2343 1670 vu,
2375 1603 2428 1662 i.
2457 1603 2523 1658 ιθ
2552 1613 2599 1656 et
2633 1605 2788 1674 seq.).
2815 1602 2883 1658 Et
2928 1619 3051 1658 cum
3111 1619 3232 1659 eum
3277 1606 3468 1674 partim

1875 1693 2367 1763 tentaretinsidiis,
2393 1694 2587 1766 partim
2633 1707 2856 1766 cuperet
2895 1705 3103 1751 terrore
3151 1697 3470 1768 percellere,

1875 1787 2154 1859 respondit
2183 1789 2248 1844 ad
2278 1789 2570 1845 eumzNon
2600 1789 2792 1845 faciam
2818 1791 3152 1846 voluntatem
3180 1801 3472 1860 tuam,non

132 1884 334 1940 animi
366 1885 537 1939 victor
561 1899 687 1940 esse
711 1899 1016 1953 pmnarutn,
1045 1883 1364 1954 pietatisque
1394 1882 1618 1950 remigio
1646 1896 1764 1937 ser-
1793 1870 1840 1930 Β
1867 1883 2216 1938 succumbam
2271 1883 2502 1954 imperio
2531 1894 2641 1938 tuo.
2666 1883 2770 1940 Per
2796 1885 3011 1940 beatam
3051 1885 3194 1940 illam
3245 1885 3471 1941 fratrum

138 1993 298 2034 vare
324 1979 591 2051 integram
623 1979 677 2034 in
713 1979 873 2034 tantis
905 1977 1158 2034 ﬂuctibus
1206 1977 1555 2045 passionem?

803 2112 1032 2170 CAPUT
1065 2112 1153 2168 .\'l.

139 2227 248 2286 De
280 2229 576 2285 admirabili
628 2230 875 2303 patientia
915 2247 974 2284 ac
1003 2230 1309 2301 fortitudine
1326 2238 1521 2301 septem
1553 2233 1772 2300 fratrum

239 2322 665 2378 Macltabworum
695 2364 709 2387 ,
759 2323 940 2390 quibus
999 2332 1162 2376 mater
1203 2333 1384 2376 octava
1437 2322 1616 2375 addita
1648 2324 1769 2393 fuit,

239 2416 334 2490 qui
391 2417 497 2479 suis
545 2414 820 2489 suppliciis
868 2416 1102 2471 meritum
1135 2417 1295 2471 beatae
1341 2417 1456 2470 vita:
1509 2415 1772 2485 acquisie-

241 2520 385 2562 runt.

237 2622 328 2677 45.
368 2620 500 2676 Post
555 2621 734 2691 ipsum
780 2621 968 2677 statuti
1014 2630 1141 2676 sunt
1196 2621 1348 2690 pueri
1407 2630 1616 2692 septem
1646 2635 1770 2675 cum

153 2725 350 2771 matre
384 2715 446 2786 (ll
477 2715 720 2771 Mue/tab.
752 2733 857 2780 vn,
889 2719 910 2771 ‘I
949 2729 994 2771 et
1024 2715 1180 2786 seq.).
1224 2715 1489 2772 Insultare
1538 2716 1664 2772 licet
1694 2726 1776 2787 ty-

155 2823 371 2874 ranno,
405 2809 495 2878 qui
539 2808 666 2862 dmn
697 2808 895 2864 callide
945 2824 973 2862 a
1015 2823 1145 2864 sene
1186 2809 1554 2878 incipiendum
1601 2819 1774 2878 putat,

161 2902 494 2970 magistrum
511 2900 661 2972 eligit
681 2916 788 2970 quo
810 2900 1104 2969 discipulos
1125 2899 1326 2956 faceret
1352 2901 1777 2972 fortiores,quo-

159 3011 294 3052 rum
328 2995 474 3050 velut
520 2996 781 3065 puerilem
815 3003 1030 3050 aetatem
1080 2996 1319 3065 praemiis
1346 2997 1674 3065 provocabat
1699 2998 1768 3053 ad

161 3089 416 3160 culpam,
468 3088 693 3158 urgebat
741 3089 1042 3144 terroribus
1093 3088 1158 3143 ad
1191 3088 1560 3147 formidinem.
1601 3093 1670 3146 At
1701 3091 1777 3146 illi

165 3197 284 3236 non
309 3181 610 3252 degeneres
635 3191 782 3235 tanto
809 3181 946 3236 duce
970 3181 1332 3252 respondent:
1355 3183 1490 3248 Quid
1521 3198 1619 3238 nos
1648 3199 1778 3240 con-

1874 1990 2121 2030 meorum
2156 1975 2556 2045 passionem,et
2578 1978 2940 2048 nobilitatem,
2967 1995 3072 2034 non
3096 1979 3304 2048 negabo
3327 1979 3470 2050 piam

1873 2071 2313 2140 germanitatem.
2367 2069 2584 2139 Quzevis
2639 2071 2897 2128 adhibeto
2957 2073 3244 2144 supplicia,
3276 2074 3477 2144 quibus

1875 2165 2048 2236 magis
2074 2180 2272 2236 urgens
2328 2164 2430 2220 boc
2458 2165 2713 2236 proficias
2740 2167 3035 2236 asperitate
3080 2171 3386 2238 ptensrum,
3419 2169 3478 2224 ut

1876 2259 2081 2329 majora
2112 2258 2419 2313 teStintonia
2449 2267 2648 2313 nostra:
2673 2261 3051 2331 germanitatis
3076 2260 3333 2330 accipias.
3362 2258 3478 2315 Jus-

1875 2355 1946 2410 sit
1977 2352 2230 2422 itaqueci
2263 2353 2502 2422 linguam
2553 2353 2845 2422 amputari.
2872 2333 3064 2408 Atille
3120 2352 3475 2408 exclamans:
3541 2403 3554 2408 -

1880 2448 2066 2504 Victus
2093 2462 2175 2512 es,
2222 2445 2414 2516 inquit,
2445 2447 2739 2513 Antioche,
2771 2447 2862 2518 qui
2891 2462 3159 2517 organum
3201 2447 3348 2502 vocis
3385 2446 3478 2501 ab-

1873 2541 2045 2596 scindi
2074 2540 2254 2611 jubes.
2302 2537 2599 2595 Confessus
2635 2556 2694 2596 es
2729 2551 2781 2596 te
2812 2540 3144 2611 respondere
3177 2555 3285 2596 non
3318 2553 3478 2610 posse

1875 2635 2098 2701 ratiOni,
2131 2636 2444 2708 majoraque
2473 2635 2674 2708 probas
2735 2636 2932 2706 lingua}
2987 2645 3190 2690 nostra:
3239 2632 3475 2705 ﬂagella,

1876 2744 2039 2798 quam
2070 2737 2160 2782 tua
2184 2730 2432 2786 verbera.
2479 2728 2590 2784 Nos
2620 2730 2762 2784 enim
2797 2737 2885 2782 tua
2914 2727 3140 2782 verbera
3185 2742 3295 2783 non
3325 2729 3481 2784 time-

1877 2837 2020 2889 mus,
2052 2832 2106 2877 tu
2141 2833 2345 2878 nostra:
2401 2824 2550 2878 vocis
2580 2823 2794 2894 ﬂagella
2838 2837 2945 2875 non
2997 2830 3147 2891 potes
3177 2821 3477 2887 sustinere;

1877 2918 1972 2973 sed
2002 2918 2117 2973 hate
2148 2919 2365 2988 pietatis
2396 2919 2606 2988 ﬂagella
2652 2927 2801 2982 sunt,
2830 2926 2914 2971 tua
2941 2915 3147 2987 ﬂagella
3196 2916 3435 2986 perﬁdia:
3462 2934 3476 2982 ;

1877 3011 1972 3066 sed
1997 3012 2160 3067 etiam
2195 3011 2373 3082 lingua
2400 3011 2608 3065 sublata
2629 3011 2858 3080 gravius
2891 3019 2941 3063 te
2973 3025 3075 3064 suo
3101 3009 3304 3064 cadens
3329 3025 3479 3064 mur-

1880 3120 2036 3159 mure
2067 3103 2385 3175 ﬂagellabit.
2414 3101 2659 3158 Evadere
2694 3114 2744 3156 te
2774 3112 2952 3174 putas,
2985 3085 3276 3167 Antioche,
3300 3102 3345 3157 si
3378 3117 3478 3156 vo-

1879 3210 1997 3251 cem
2027 3196 2230 3265 eripias
2257 3195 2282 3248 ?
2308 3195 2371 3250 Et
2401 3204 2642 3249 tacentes
2670 3194 2812 3249 Deus
2843 3193 3082 3258 audit,et
3111 3193 3283 3262 magis
3311 3191 3479 3246 audit.

165 3277 376 3331 temnis
433 3276 518 3332 vel
553 3276 996 3344 circumscribis,
1046 3286 1070 3313 τι
1105 3287 1162 3331 ιιι
1203 3280 1449 3348 pueros?
1496 3279 1603 3334 Sed
1647 3280 1776 3336 lidcs
1804 3270 1848 3332 C
1883 3287 2022 3343 Ecce
2064 3288 2249 3357 aperui
2298 3303 2363 3342 os
2395 3285 2599 3354 meum,
2647 3286 3092 3357 laxaiiJinguam
3144 3300 3346 3350 meam,
3391 3283 3486 3338 ab-

163 3386 311 3427 cana
333 3381 439 3434 est,
457 3370 550 3426 sed
573 3370 747 3426 valida
768 3371 1075 3440 disciplina.
1096 3371 1354 3441 Experire
1371 3381 1545 3439 certe,
1570 3375 1778 3443 snbjice

164 3465 373 3536 quibus
401 3465 578 3534 placet
607 3465 785 3533 [taenis
817 3464 1045 3535 puerilia
1078 3465 1311 3529 viscera,
1372 3482 1478 3520 non
1533 3467 1776 3522 invenies

163 3558 341 3616 corda
370 3559 598 3628 puerilia
629 3572 644 3610 :
684 3572 785 3612 nec
816 3557 1148 3628 potentiores
1186 3567 1345 3614 erunt
1384 3567 1774 3640 tormentorum

167 3653 488 3718 machinae,
547 3667 708 3722 quam
757 3652 1009 3721 legitima:
1063 3653 1462 3708 observationis
1509 3654 1774 3710 excubiae.

166 3745 346 3814 Quem
378 3745 506 3800 vicit
529 3754 804 3809 senectus,
821 3745 1098 3814 superabit
1118 3746 1312 3799 aunula
1331 3747 1623 3802 senectutis
1641 3762 1774 3815 pne-

167 3838 322 3894 ritia.
343 3836 633 3906 Sequimur
663 3846 868 3906 patrem
900 3835 1016 3902 lilii,
1045 3836 1298 3905 discipuli
1321 3837 1621 3892 doctorem.
1647 3836 1775 3893 Col-

168 3934 282 4004 lige
310 3931 703 4001 suppliciorum
734 3929 1093 3984 instrumenta
1128 3931 1398 4000 proposita
1429 3947 1441 3984 :
1472 3931 1777 3986 meditatio-

171 4040 304 4081 nem
326 4024 619 4094 patientize,
638 4020 788 4077 1ιιιοιι
813 4029 1076 4077 terrorem
1108 4021 1350 4078 infantiae
1380 4022 1775 4089 aﬂ'erunt,dum

171 4120 449 4178 videntur.

250 4213 342 4268 46.
371 4212 540 4269 iussit
587 4211 878 4267 maximum
917 4219 1042 4264 natu
1089 4209 1234 4280 eligi.
1289 4213 1356 4266 At
1405 4209 1497 4266 ille
1545 4210 1774 4266 ridens:

178 4311 373 4374 Recte,
410 4307 602 4378 inquit,
637 4314 845 4361 natura:
872 4303 1119 4359 ordinem
1167 4318 1373 4359 servas.
1407 4303 1511 4362 Sed
1555 4319 1651 4358 cur
1682 4303 1778 4358 Dei

179 4405 355 4475 legem
413 4401 782 4458 temerandam
841 4402 1033 4471 putas?
1080 4401 1143 4455 Et
1193 4417 1290 4470 pro
1321 4399 1518 4467 pietate
1557 4397 1776 4468 quidem

176 4511 374 4553 omnes
427 4495 644 4550 maximi
683 4509 868 4549 sumus
901 4493 1036 4548 :scd
1091 4500 1272 4547 tamen
1301 4505 1329 4544 a
1354 4505 1440 4546 me
1465 4489 1776 4544 inclinatum

174 4589 406 4658 gaudeo.
428 4587 566 4654 Quid
595 4587 817 4657 qumris,
847 4586 1117 4658 tyranne?
1145 4583 1422 4640 Conﬁteor
1444 4587 1542 4636 nos
1565 4598 1778 4636 snnnno

1883 3379 2072 3436 scinde
2096 3379 2364 3450 linguam;
2397 3378 2490 3435 sed
2517 3394 2623 3434 non
2651 3378 2938 3434 abscindes
2961 3378 3346 3442 constantiam,
3373 3391 3480 3433 non

1881 3475 2136 3529 virtutem
2165 3473 2404 3537 auferes.
2424 3491 2531 3528 non
2567 3472 2830 3529 rationem
2861 3472 3196 3537 obliterabis,
3236 3487 3342 3532 non
3367 3471 3475 3526 eri-

1880 3569 2000 3639 pies
2023 3567 2390 3624 testimonium
2408 3565 2673 3632 veritatis,
2701 3581 2807 3620 non
2840 3565 3041 3634 eripies
3069 3563 3250 3619 cordis
3277 3565 3480 3618 clamo-

1880 3662 2090 3718 rem.Si
2121 3662 2302 3733 lingua
2333 3659 2906 3731 amputetur,sanguis
2936 3656 3217 3720 clamabit,
3251 3666 3303 3712 ct
3331 3656 3481 3711 dice-

1883 3765 1970 3812 tur
2001 3757 2094 3812 tibi
2121 3777 2132 3810 :
2175 3755 2289 3812 Vox
2319 3757 2586 3827 sanguinis
2609 3755 2788 3827 fratris
2823 3754 2896 3808 tui
2929 3753 3118 3807 clamat
3141 3753 3208 3804 ad
3231 3749 3479 3824 nte(Geu.

1882 3868 1959 3918 tv,
1993 3849 2108 3922 10).
2143 3851 2306 3904 Audit
2329 3849 2471 3903 enim
2496 3848 2774 3919 sanguinis
2792 3846 3113 3915 vocem,qui
3145 3841 3484 3898 andit'inter-

1883 3959 1980 3998 nas
2009 3940 2650 4013 cogitationes,tenebra‘:
2679 3940 2806 3994 licet
2832 3939 3100 4008 operiant,
3127 3946 3185 3992 et
3215 3936 3477 4006 parietum

1882 4047 2034 4106 septa
2076 4035 2442 4091 circutndent.
2498 4035 2650 4089 Dicat
2705 4033 2926 4104 impius,
2983 4033 3107 4103 quia
3158 4031 3337 4087 nullus
3378 4029 3482 4085 sibi

1885 4129 2039 4184 testis
2063 4128 2316 4183 assistat:
2338 4127 2584 4197 explorat
2613 4126 2882 4190 universa,
2917 4123 3062 4179 videt
3087 4123 3267 4178 omnia
3296 4122 3438 4177 Deus
3463 4141 3478 4188 ;

1884 4238 1986 4279 nec
2033 4231 2120 4278 est
2153 4221 2373 4294 aliquod
2418 4220 2630 4276 facinus
2659 4218 2801 4289 quod
2843 4219 3006 4289 possit
3037 4201 3205 4272 latere
3233 4217 3476 4272 omnium

1880 4315 2142 4386 judicent,
2175 4315 2267 4386 qui
2317 4314 2602 4385 cognoscit
2657 4313 2906 4367 universa
2942 4353 2956 4378 ,
2988 4319 3278 4380 antequam
3323 4309 3477 4365 flant.

1883 4409 2020 4476 Quid
2063 4409 2226 4464 verba
2279 4407 2513 4462 damus?
2548 4405 2876 4475 [.mluaciora
2925 4410 3050 4466 sunt
3082 4402 3302 4456 vulnera
3336 4420 3349 4457 :
3380 4403 3479 4456 etsi

1882 4503 2104 4558 vulnera
2137 4499 2528 4570 tegantur,etsi
2560 4497 2924 4553 abscondatur
2959 4494 3334 4560 cicatrix,non
3358 4493 3483 4548 abs-

1883 4595 2132 4652 conditur
2162 4593 2316 4649 ﬁdes.
2349 4591 2459 4647 Nec
2518 4601 2695 4645 tamen
2731 4590 2954 4660 plandas
3007 4587 3148 4657 quod
3181 4585 3482 4643 auferendo

180 4687 297 4741 Deo
346 4685 579 4750 servire,
607 4692 661 4738 et
692 4683 856 4738 doces
905 4683 1030 4750 quid
1083 4697 1248 4752 agere
1288 4681 1604 4736 debeamus.
1637 4680 1694 4734 Si
1725 4689 1773 4734 tu

1887 4691 2168 4759 linguam.
2226 4686 2628 4743 confessionem
2678 4685 2852 4739 laudis
2907 4684 3126 4754 eripias.
3181 4681 3325 4739 Satis
3368 4682 3478 4749 jam

184 4787 334 4851 tanta
361 4778 653 4847 pertinacia
700 4776 783 4832 vis
830 4784 1156 4846 extorquere
1209 4773 1512 4840 veritatem,
1545 4789 1643 4829 cur
1669 4790 1776 4828 non

182 4872 330 4929 omni
356 4871 554 4926 virtute
571 4885 670 4926 nos
691 4887 810 4927 eam
837 4871 1126 4926 tenendam
1144 4869 1576 4941 putemus?Quid
1600 4869 1780 4939 plura?

183 4962 528 5021 Adhibentur
581 4965 855 5018 variarum
901 4977 1104 5032 genera
1161 4975 1463 5030 pinnarum.
1515 4959 1621 5016 Sed
1652 4961 1784 5016 vicit

183 5058 361 5129 pietas
390 5057 742 5112 immanitatis
771 5055 1009 5111 furorem
1037 5073 1050 5108 :
1080 5053 1301 5110 exclusa
1325 5064 1410 5109 est
1443 5054 1641 5120 anima,
1671 5069 1778 5108 non

182 5151 393 5220 religio.

251 5246 346 5299 J7.
373 5241 658 5298 Secundus
708 5240 959 5306 accessit,
988 5255 1088 5295 nec
1125 5239 1363 5309 degener
1385 5238 1564 5294 fratris
1593 5239 1777 5295 munia

185 5342 289 5413 pia:
319 5338 684 5393 confessionis
715 5335 964 5405 implevit
1004 5335 1198 5408 (Ibid.,
1237 5337 1267 5390 7
1297 5345 1346 5390 et
1377 5335 1509 5408 seq).
1545 5335 1612 5390 Et
1653 5351 1776 5391 cum

185 5431 563 5491 detraheretur
586 5429 895 5484 membrana
943 5429 1154 5498 capitis,
1192 5429 1514 5498 respondit:
1541 5428 1780 5485 Aufertis

185 5528 401 5600 quidem
457 5524 848 5588 membranam,
881 5522 976 5578 sed
1007 5521 1182 5578 habeo
1212 5523 1419 5595 galeam
1454 5524 1778 5594 spiritalem,

186 5638 344 5695 quam
367 5634 475 5674 non
502 5615 729 5688 potestis
748 5615 979 5671 auferre.
1003 5616 1206 5673 Etvere
1231 5617 1368 5672 banc
1387 5615 1553 5690 476
1573 5618 1778 5688 galeam

261 5775 285 5800 ει
314 5762 448 5817 Post
473 5771 661 5812 vocem
691 5772 910 5828 pueros,
948 5754 1098 5810 addit
1139 5756 1270 5811 edit.
1302 5756 1486 5823 Rom.,
1519 5757 1668 5828 pueri
1693 5775 1780 5811 su-

189 5849 340 5896 mus..
355 5831 498 5903 quod
531 5843 795 5903 nusquam
821 5827 952 5903 alibi
971 5829 1230 5903 reperias.

259 5909 286 5939 ’τ
320 5899 448 5962 Mss.
480 5917 589 5960 non
620 5900 798 5974 pauci,
818 5914 916 5958 nec
940 5899 1208 5959 inferioris
1230 5911 1506 5972 not-temnit
1535 5909 1778 5960 terrorem

1885 4785 2053 4838 Deum
2106 4795 2362 4837 sermone
2392 4778 2759 4841 laudavimus,
2803 4792 2947 4832 nunc
2998 4775 3250 4848 passione
3302 4771 3484 4828 laude-

1883 4892 2022 4933 "IIIS.

1950 4968 2042 5024 49.
2073 4969 2138 5024 Ει
2166 4965 2268 5022 hoc
2291 4973 2597 5037 perempto,
2620 4963 2780 5034 jussit
2808 4971 3060 5033 quartum
3087 4958 3278 5014 vinciri
3303 4955 3369 5010 ad
3395 4969 3484 5011 ro—

1884 5072 2016 5128 tam,
2049 5071 2106 5114 ut
2135 5059 2254 5130 ejus
2277 5059 2539 5128 vertigine
2588 5055 2849 5113 membris
2896 5053 3146 5108 onmibus
3180 5049 3484 5104 solveretur

1883 5153 2052 5229 (Ibid.
2087 5154 2200 5222 13).
2233 5154 2303 5208 At
2350 5152 2440 5206 ille
2465 5166 2587 5206 cum
2618 5155 2958 5220 torqueretur
2981 5144 3288 5199 immaniter
3322 5141 3482 5196 :Dis-

1883 5247 2073 5311 solvis,
2099 5243 2293 5316 inquit,
2323 5243 2566 5313 corporis
2621 5243 2903 5301 membra;
2937 5237 3032 5292 sed
3079 5235 3332 5305 adjungis
3358 5248 3483 5305 gra-

1884 5343 2011 5395 tiam
2066 5336 2300 5407 passioni
2338 5378 2352 5399 ,
2397 5351 2496 5390 nec
2524 5334 2690 5403 eripis
2726 5331 2977 5386 solatium
3008 5327 3189 5383 morti.
3224 5327 3320 5382 Est
3339 5327 3482 5382 enim

1885 5448 1991 5488 vox
2017 5430 2238 5486 tonitrui
2267 5430 2319 5485 in
2369 5438 2506 5494 rota,
2535 5426 2663 5498 quia
2692 5425 2742 5478 in
2796 5425 2937 5478 bono
2971 5429 3026 5476 et
3069 5419 3335 5476 inoffenso
3361 5418 3486 5474 vitae

1887 5528 2043 5583 istius
2083 5541 2244 5582 cursu
2283 5525 2510 5578 coaleste
2559 5518 2788 5574 resultat
2833 5517 3108 5572 oraculutn
3133 5556 3146 5580 ,
3184 5526 3205 5553 ο
3254 5515 3395 5569 sicut
3432 5514 3484 5569 in

1887 5620 2095 5677 Joanne
2121 5631 2172 5674 et
2189 5617 2391 5674 Jacobo
2413 5613 2537 5670 liliis
2558 5611 2779 5668 tonitrui
2805 5609 3121 5666 resultabat.
3145 5607 3330 5678 Itaque
3353 5607 3487 5663 illud

1884 5758 2104 5814 inscitia:
2125 5755 2366 5824 afferunt.

1966 5842 1988 5869 ο
2023 5815 2252 5886 Videtur
2282 5817 2718 5897 quibusdamltic
2751 5818 3014 5897 me_mo_r_ia
3045 5817 3230 5897 lapsus
3255 5815 3491 5897 Arnim).

1890 5901 2024 5972 sius,
2047 5901 2175 5959 dum
2209 5888 2344 5957 aestu
2366 5901 2556 5966 raptus
2576 5891 2906 5964 eloquentur:
2928 5889 3239 5950 Machame
3268 5888 3348 5947 illi
3367 5903 3497 5947 eoos
