4138 6366
40 5875 44 5916 i

40 5919 54 5968 i-

40 6019 56 6108 1‘:

559 311 666 369 655
1862 313 2109 374 SANCTI
2147 314 2467 376 AMBROSII
3755 320 3866 377 636

555 429 699 502 quod
731 431 857 503 legi,
898 445 1039 488 nunc
1080 429 1420 495 manifestius
1465 445 1836 502 recognosco:
1869 432 2006 501 Quia
2043 441 2157 490 rota
2183 437 2231 500 Α
2260 433 2477 489 colores
2506 441 2585 489 tot
2631 432 2860 489 fratrum
2908 441 3123 490 tuorum
3157 444 3386 505 tropaea.
3415 449 3484 492 ne
3519 448 3735 491 sacrum
3766 449 3866 490 eo-

555 525 694 583 intra
718 534 886 579 rotam
907 525 1090 598 currit,
1120 541 1211 580 nec
1239 525 1521 598 impeditur
1549 523 1765 598 (Ezech.
1800 541 1840 592 ι,
1869 525 1939 582 16
1968 534 2016 580 et
2045 524 2158 597 17).

556 611 719 692 ᾹῚῚ
739 617 906 674 Teres
933 619 1078 676 enim
1107 619 1220 676 vita
1245 619 1364 676 sine
1414 619 1522 676 ulla
1545 617 1846 676 ollensione
1895 620 1949 678 in
1968 619 2160 690 quavis

559 712 810 784 passione
841 721 1112 778 versatur,
1137 720 1190 770 et
1230 712 1369 770 intra
1417 713 1535 769 haec
1564 727 1781 784 quoque
1823 721 1941 770 rota
1971 714 2158 770 currit.

559 803 740 860 Currit
770 804 882 862 Lex
911 805 1048 866 intra
1079 807 1337 878 gratiam,
1366 818 1420 862 et
1445 805 1791 872 observantia
1819 795 1976 878 Legis
2024 807 2165 862 intra

559 899 757 958 divina!
782 900 1109 958 curriculum
1141 901 1531 958 misericordiae
1558 911 1640 958 est
1669 919 1682 957 :
1717 917 1838 959 nam
1860 917 1968 973 quo
1998 901 2166 971 magis

563 996 820 1065 volvitur,
858 996 979 1068 plus
1029 997 1311 1067 probatur.
1344 998 1529 1054 Potius
1551 1007 1634 1054 est
1661 998 1748 1054 hic
1775 1001 1843 1054 ab
1865 998 2043 1069 impiis
2073 997 2168 1054 ad-

564 1103 722 1146 versa
766 1090 1019 1155 tolerare,
1050 1101 1109 1148 ut
1140 1088 1212 1147 ibi
1240 1105 1270 1146 a
1295 1090 1524 1146 Domino
1551 1091 1982 1150 consolationem
2011 1091 2167 1147 inve-

565 1181 683 1240 nire
737 1181 1030 1253 possimus.
1058 1181 1124 1238 Et
1168 1181 1270 1238 iste
1319 1197 1704 1240 consummans
1743 1198 1966 1240 cursum
2007 1197 2166 1240 suum

565 1274 780 1346 abrupit
808 1274 1082 1345 Spiritum,
1101 1275 1445 1347 animamque
1475 1277 1647 1334 victor
1677 1275 1884 1334 effudit.

639 1366 727 1422 50.
763 1365 994 1434 Quintus
1022 1382 1142 1422 cum
1171 1368 1476 1434 sisteretur,
1509 1383 1653 1424 cccso
1682 1370 1828 1438 prius
1856 1367 2033 1426 eidem
2052 1367 2172 1438 jus-

564 1459 638 1516 sit
667 1459 818 1530 ignes
840 1459 1138 1528 admoveri,
1155 1460 1351 1531 subjici
1371 1460 1618 1517 incendia
1647 1459 1835 1533 (Ibid,
1853 1463 1918 1518 l5
1937 1470 1985 1518 st
2011 1461 2167 1533 seq.).

567 1551 819 1608 Manabat
866 1568 897 1609 e
943 1551 1257 1610 vulneribus
1299 1569 1482 1620 cruor,
1523 1563 1580 1610 et
1614 1552 1827 1610 ell‘ossis
1873 1553 2170 1618 ulceribus,

567 1647 784 1720 sanguis
812 1645 1014 1704 ell‘usus
1039 1647 1186 1718 ipsos
1202 1647 1535 1706 ﬂammarum
1558 1648 1934 1720 exstinguebat
1961 1647 2170 1718 globos.

569 1742 638 1796 At
667 1740 756 1797 ille
787 1741 928 1796 inter
950 1739 1152 1814 ignium
1180 1741 1418 1812 crepitus
1442 1739 1764 1798 audiebatur
1791 1740 2010 1796 dicens:
2037 1739 2174 1796 Gra-

2263 543 2382 584 ruin
2424 528 2744 584 comitatum
2787 527 3082 598 relinquas.
3135 546 3204 584 ne
3245 529 3582 584 consortium
3618 529 3864 585 deseras.

2263 621 2340 678 'l'e
2362 621 2536 680 adhuc
2567 623 2654 678 isti
2680 633 2998 694 exspectant
3022 623 3305 694 triumphi.
3338 623 3533 692 Aspice
3555 622 3610 678 in
3639 623 3864 689 cmlum,

2263 716 2409 772 unde
2436 715 2665 772 hausisti
2696 715 2970 786 spiritum,
3003 716 3070 772 ad
3100 717 3314 772 Patrem
3346 716 3624 781 omnium;
3678 718 3870 786 aspice

2266 809 2322 865 in
2350 819 2571 876 terram,
2605 825 2727 881 quae
2758 810 2852 865 tibi
2884 819 3011 866 ante
3036 809 3352 865 alimoniam
3381 809 3745 873 ministravit;
3778 824 3874 863 as-

2268 903 2387 973 pice
2431 903 2497 958 ad
2545 902 2763 970 fratres,
2791 903 2881 974 qui
2919 903 3183 976 collegam
3227 904 3545 974 requirunt;
3573 904 3762 974 aspice
3801 902 3878 958 ad

2269 1003 2521 1060 matrem,
2569 1009 2690 1066 qua:
2739 995 2830 1050 tibi
2873 993 2956 1050 lac
3001 995 3184 1061 dedit;
3215 993 3383 1051 redde
3437 994 3749 1050 mercedem
3800 995 3878 1064 pii

2267 1086 2563 1156 sanguinis;
2590 1087 2695 1142 noli
2724 1101 2754 1142 a
2785 1085 3065 1153 fratribus,
3095 1086 3206 1143 noli
3227 1101 3258 1141 a
3284 1095 3461 1143 matre
3477 1086 3681 1143 divelli.
3707 1086 3878 1142 Tem-

2269 1182 2484 1252 porales
2511 1195 2644 1250 opes
2685 1189 2809 1236 sunt
2835 1195 2968 1251 quas
3005 1181 3272 1252 promittit
3297 1179 3619 1245 Antiochus,
3661 1192 3880 1244 tempo—

2270 1276 2413 1331 rales
2463 1276 2698 1331 honores
2737 1292 2750 1329 :
2780 1287 3042 1346 perpetua
3076 1289 3275 1332 corona
3322 1274 3488 1348 478
3525 1289 3648 1346 quae
3677 1289 3708 1328 a
3759 1273 3878 1328 Deo

2271 1367 2644 1438 omnipotente
2693 1365 2957 1422 defertur.
2991 1366 3098 1424 Vos
3127 1367 3259 1422 mihi
3301 1378 3512 1437 septem
3541 1365 3760 1420 dierum
3791 1366 3878 1418 lu-

2272 1462 2416 1517 mina
2461 1461 2611 1518 dedit
2657 1460 2952 1528 Dominus,
3003 1469 3212 1516 sextum
3239 1460 3350 1532 jam
3389 1460 3532 1515 diem
3573 1459 3775 1521 clausi.
3823 1467 3881 1512 et

2273 1555 2514 1610 omnium
2559 1570 2724 1624 opera
2755 1554 2898 1609 bona
2927 1554 3104 1610 valde.
3134 1554 3311 1610 Debes
3343 1553 3497 1618 mihi,
3527 1552 3628 1618 illi,
3652 1562 3711 1608 ut
3749 1568 3874 1623 quin

2274 1647 2329 1705 in
2361 1647 2468 1703 illis
2493 1663 2586 1704 sex
2619 1647 2884 1715 laboravi,
2917 1646 2970 1703 in
3001 1658 3054 1703 te
3081 1647 3418 1718 requiescam
3452 1647 3710 1716 septimo,
3742 1656 3881 1700 Iam-

2274 1758 2434 1813 quam
2466 1757 2495 1796 a
2545 1742 2731 1799 saeculi
2779 1741 3036 1814 operibus
3071 1741 3183 1812 jam
3213 1741 3420 1797 feriata.
3467 1739 3653 1810 Itaque
3695 1740 3876 1808 prori-

571 1836 675 1890 tias
697 1832 812 1898 tibi,
849 1832 1094 1900 Domine,
1126 1832 1270 1904 quod
1293 1831 1488 1890 dedisti
1519 1831 1676 1888 nobis
1695 1832 1879 1888 dicere
1910 1850 1923 1886 :
1955 1830 2170 1886 Transi-
2198 1831 2244 1892 Β
2274 1836 2430 1906 piens
2481 1851 2541 1891 se
2570 1835 2788 1905 juvenis
2832 1836 2906 1890 ait
2933 1853 2947 1888 :
2970 1833 3112 1903 Quid
3160 1831 3440 1890 sustinetis
3477 1831 3668 1902 (κήδη
3710 1832 3786 1888 50
3831 1842 3882 1886 et

572 1925 737 1984 vimus
767 1944 857 1999 per
891 1928 1060 2000 ignem
1087 1925 1260 2002 (Psal.
1296 1941 1426 1997 va,
1461 1925 1571 1997 12).
1608 1925 1677 1984 Et
1705 1925 1844 1983 sicut
1867 1925 1996 1982 alibi
2027 1924 2169 1982 idem

573 2032 696 2078 tuus
722 2022 852 2077 dicit
877 2022 1148 2092 Propheta
1179 2039 1194 2078 :
1224 2020 1356 2096 lgne
1393 2038 1486 2078 nos
1516 2022 1851 2089 examinasti.
1893 2022 2026 2076 sicut
2053 2021 2172 2090 igne

574 2115 900 2170 examinatur
945 2123 1212 2187 argentum
1250 2113 1441 2188 (lbid.,
1489 2113 1604 2185 40).
1649 2114 1852 2170 Astabo
1891 2113 1986 2169 tibi
2032 2113 2175 2170 sicut

573 2221 763 2262 aurum
798 2215 1058 2277 purgatus
1110 2206 1401 2272 incendio;
1453 2216 1508 2262 et
1559 2205 1602 2261 si
1653 2205 1782 2277 quid
1831 2203 1931 2260 fuit
1979 2203 2174 2274 culpa).

575 2298 714 2366 ignis
751 2298 980 2356 exussit.
1013 2296 1198 2370 Itaque
1225 2309 1280 2354 et
1312 2299 1414 2354 iste
1448 2297 1861 2368 transfiguratus
1891 2313 1922 2354 a
1952 2311 2177 2369 corrup-

578 2394 681 2450 tela
712 2392 777 2448 ad
807 2394 1291 2465 incorruptionem,
1323 2393 1488 2448 vitam
1519 2391 1818 2449 exhalavit.

651 2488 742 2543 51.
790 2489 954 2545 Sexto
999 2502 1217 2558 quoque
1260 2487 1476 2543 admota
1507 2497 1776 2544 tormenta
1810 2495 1936 2544 sunt
1970 2485 2038 2560 (ll
2061 2485 2182 2542 Ma-

577 2582 727 2637 chab.
761 2597 860 2650 vn,
893 2582 958 2638 18
989 2592 1036 2637 et
1061 2582 1174 2654 19).
1201 2583 1271 2639 At
1297 2582 1390 2638 ille
1420 2600 1432 2636 :
1463 2581 1606 2650 Noli,
1642 2583 1835 2654 inquit,
1867 2581 2065 2638 frustra
2095 2597 2183 2638 er—

582 2691 724 2744 rare,
773 2686 828 2732 et
859 2687 963 2733 tua:
994 2676 1098 2732 hoc
1144 2677 1420 2734 ascribere
1465 2679 1740 2748 potestati.
1774 2677 1916 2748 quod
1945 2679 2046 2736 ista
2089 2678 2184 2732 ad-

583 2785 798 2826 versum
827 2785 926 2826 nos
955 2785 1232 2828 exerceas.
1270 2770 1593 2828 Nostrorum
1624 2772 1724 2826 hoc
1753 2771 2076 2830 delictorum
2099 2779 2186 2827 est

587 2863 845 2933 pretium,
871 2873 928 2920 ut
955 2872 1241 2936 peccantes
1267 2865 1571 2936 puniamur.
1609 2865 1674 2920 Et
1698 2863 1900 2936 gratias
1928 2863 2181 2932 Domino,

582 2955 726 3027 quod
756 2955 842 3012 hic
867 2971 897 3011 a
932 2956 1086 3014 nobis
1109 2965 1135 2993 ει
1156 2956 1390 3027 duplicia
1413 2968 1631 3029 peccata
1661 2957 1953 3030 exiguntur
1977 2998 1992 3022 ,
2026 2963 2087 3016 ut
2114 2955 2184 3014 ibi

585 3049 740 3106 nobis
781 3049 1084 3105 consolatio
1125 3049 1421 3106 deferatur.
1465 3049 1678 3108 Gratias
1726 3058 1907 3106 autem
1952 3058 2008 3106 et
2057 3048 2176 3118 tibi,

585 3145 729 3217 quod
755 3154 862 3200 tam
884 3145 1054 3202 durus
1079 3153 1133 3201 et
1158 3147 1382 3204 immitis
1409 3161 1491 3212 es,
1516 3155 1576 3202 ut
1604 3145 1802 3201 talibus
1831 3145 2032 3200 nostris
2059 3157 2190 3212 snp-

2275 1929 2443 2002 seq.)?
2484 1929 2554 1985 Et
2599 1929 2764 1985 multa
2793 1927 3124 1994 vociferans,
3147 1927 3292 1996 quod
3321 1923 3663 1997 nequaquain
3691 1925 3884 1981 divelli

2275 2032 2458 2094 posset
2487 2037 2518 2077 a
2545 2021 2770 2077 fratrum
2813 2022 3125 2088 consortiis,
3155 2036 3386 2091 quorum
3419 2020 3589 2074 multo
3622 2019 3873 2075 beatiora

2275 2123 2459 2171 essent
2506 2114 2716 2180 funera,
2767 2129 2929 2184 quam
2980 2114 3124 2185 regis
3170 2113 3433 2183 imperia.
3484 2126 3604 2167 cum
3663 2121 3888 2183 urgeret

2277 2208 2538 2264 coitviciis
2567 2224 2772 2278 regem,
2803 2217 2855 2264 et
2889 2209 3003 2280 ipse
3030 2207 3242 2264 acerbis
3269 2193 3610 2262 excruciatus
3642 2215 3892 2262 tormen—

2279 2310 2457 2357 torum
2483 2301 2775 2372 generibus
2807 2303 2931 2356 vitac
2960 2299 3116 2371 hujus
3146 2313 3341 2355 munus
3367 2297 3618 2354 absolvit.

2351 2395 2439 2451 55.
2487 2393 2791 2450 Novissima
2821 2403 2994 2449 mater
3020 2393 3202 2448 oblata
3248 2401 3332 2447 est
3384 2391 3502 2446 neci
3541 2389 3734 2462 (lbid..
3765 2387 3893 2461 41).

2281 2489 2415 2558 Quis
2440 2489 2580 2544 hanc
2605 2490 2816 2544 beatam
2845 2497 3026 2558 neget,
3063 2503 3182 2557 qua:
3211 2485 3364 2556 quasi
3399 2494 3606 2555 septem
3631 2483 3842 2538 vallata
3871 2481 3898 2520 ιι

2285 2583 2636 2648 muneribus,
2696 2583 2836 2636 inter
2885 2595 3115 2652 corpora
3168 2579 3402 2634 filiorum
3461 2577 3667 2634 nullum
3722 2577 3900 2631 sentit

2286 2680 2479 2736 mortis
2527 2678 2846 2734 incursum?
2887 2677 3042 2744 Quis,
3095 2675 3340 2746 inquam.
3391 2673 3606 2730 dubitet
3645 2671 3716 2728 de
3767 2671 3898 2740 ejus

2287 2774 2642 2840 beatitudine,
2667 2789 2786 2845 quae
2812 2784 3020 2844 septem
3041 2770 3288 2848 turribus
3315 2769 3671 2833 circumdata,
3707 2767 3758 2821 in
3794 2781 3900 2836 pa-

2287 2868 2454 2925 radisi
2484 2868 2668 2923 sedem
2709 2874 2871 2937 caput
2897 2865 3121 2930 extulit;
3149 2879 3271 2935 quae
3307 2871 3517 2934 septem
3551 2861 3676 2915 filiis
3714 2860 3900 2915 cincta

2288 2962 2710 3018 eat'ratissimnm
2741 2959 2853 3014 Deo
2880 2958 3107 3014 chorum
3151 2972 3258 3012 non
3291 2954 3464 3010 solum
3507 2967 3770 3009 canorum
3797 2967 3901 3006 vo-

2289 3057 2462 3124 cibus,
2487 3056 2581 3111 sed
2612 3055 2774 3111 etiam
2798 3052 3146 3125 passionibus
3177 3050 3244 3104 ad
3265 3047 3630 3106 concinendas
3655 3047 3895 3102 Domino

2292 3151 2481 3205 laudes
2511 3147 2827 3204 cmlestibus
2867 3145 3071 3202 invexit
3105 3143 3403 3198 altaribus?
3429 3141 3604 3211 Quam
3635 3141 3807 3196 bonus
3835 3138 3902 3193 li-

589 3239 766 3310 plit-iis
795 3241 1054 3298 Dominus
1087 3243 1141 3296 in
1183 3256 1346 3313 quem
1382 3241 1743 3310 peccavimus,
1790 3239 1936 3309 genti
1988 3245 2188 3294 nostrae
2216 3226 2262 3290 C
2293 3243 2379 3299 dei
2409 3253 2615 3314 partus,
2650 3255 2813 3312 quam
2862 3248 3008 3295 tutus
3053 3248 3245 3308 portus
3297 3237 3399 3292 iste
3439 3235 3680 3307 pietatis,
3731 3248 3897 3303 quam

589 3334 854 3404 propitius
908 3333 1020 3389 fiat.
1077 3333 1188 3390 Nos
1234 3349 1449 3405 quoque
1503 3332 1818 3390 ablevamus
1865 3345 2184 3398 aerumnam,

591 3426 718 3482 dum
754 3427 874 3484 fidei
901 3427 1248 3498 passionibus
1287 3428 1644 3486 delectamur.
1678 3426 1750 3482 Et
1786 3425 1890 3486 isto
1927 3426 2076 3482 duris
2103 3433 2184 3480 at-

591 3536 698 3592 que
735 3522 945 3592 asperis
974 3521 1300 3578 dilaceratus
1343 3519 1645 3592 suppliciis,
1687 3520 1967 3592 appositus
1995 3527 2080 3578 est
2121 3518 2187 3576 ad

593 3614 788 3671 fratres
813 3631 961 3671 suos.

666 3708 756 3762 52.
787 3707 1082 3780 Supererat
1106 3709 1291 3778 junior
1323 3724 1389 3764 ex
1432 3707 1713 3772 fratribus.
1741 3715 1797 3766 et
1813 3707 1922 3776 jam
1956 3705 2193 3777 pudebat

592 3801 920 3860 Antiochum
971 3803 1274 3858 immatura)
1324 3803 1466 3858 tutati
1517 3816 1576 3858 se
1624 3801 1697 3860 ita
1740 3799 1908 3856 fuisse
1957 3797 2192 3856 ludibrio

596 3896 790 3970 (lbid.,
816 3897 934 3970 2i).
964 3895 1150 3968 Itaque
1174 3896 1314 3954 dolis
1341 3911 1465 3954 eum
1496 3895 1816 3954 desiderans
1848 3892 2193 3950 circumscri—

597 3991 762 4060 bere,
819 3991 1179 4064 pollicebatur
1233 3990 1472 4048 honores
1505 4031 1518 4058 ,
1576 3988 1831 4054 divitias,
1903 3985 2195 4042 amicitiam

595 4099 772 4151 suam,
815 4086 1153 4142 consortium
1209 4093 1566 4140 secretorum.
1600 4081 1670 4140 At
1706 4096 1837 4138 vero
1887 4080 1971 4151 pia
2021 4086 2194 4134 mater

598 4177 858 4234 mouebat
885 4177 1053 4234 filium
1093 4191 1276 4243 suum,
1301 4176 1490 4234 dicens
1513 4187 1567 4233 et
1594 4175 1724 4232 huic
1766 4175 1909 4232 sicut
1935 4171 2147 4230 caeteris
2177 4188 2191 4226 :

601 4267 793 4324 Nescio
814 4269 1248 4340 quemadmodum
1284 4269 1338 4324 in
1384 4277 1582 4324 uterum
1611 4284 1778 4324 meum
1803 4267 2073 4334 introistis,
2106 4281 2194 4322 ue-

599 4376 697 4430 que
743 4377 834 4434 ego
885 4361 1349 4434 spiritumdonavi
1392 4361 1556 4436 vobis,
1607 4377 1768 4433 neque
1818 4362 2044 4416 membra
2087 4360 2198 4430 for-

601 4453 737 4508 mavi
748 4469 767 4508 :
781 4453 874 4508 sed
888 4453 996 4508 licet:
1014 4455 1379 4526 omnipotentis
1390 4451 1489 4510 Dei
1504 4469 1716 4512 munera
1730 4463 1848 4510 sunt
1861 4451 2029 4524 (Ibid.
2040 4492 2056 4520 ,
2073 4451 2168 4523 ‘22)
2178 4491 2190 4506 .

602 4544 820 4602 Putavit
846 4544 1146 4602 Antiochus
1188 4545 1380 4604 videns
1417 4557 1648 4602 matrem
1692 4546 2005 4610 sollicitam,
2051 4543 2194 4615 quod

2291 3338 2572 3411 splendida
2602 3340 2820 3393 lucerna
2848 3334 3110 3392 Ecclesiae
3150 3342 3376 3404 septeno
3404 3331 3617 3402 fulgens
3653 3327 3861 3384 lumine
3881 3369 3897 3392 ,

2295 3447 2318 3478 ο
2345 3444 2400 3490 et
2431 3442 2623 3490 octavo
2643 3446 2804 3492 utero
2830 3431 3044 3487 cunctis
3075 3428 3369 3484 luminibus
3398 3428 3578 3483 oleum
3611 3423 3902 3480 subminis-

2294 3530 2471 3584 tratis!
2517 3527 2592 3582 De
2641 3526 2836 3597 quibus
2865 3523 3093 3594 pulchre
3131 3521 3332 3578 dicitur
3361 3537 3375 3575 :
3401 3518 3537 3574 Date
3560 3527 3760 3591 partem
3789 3516 3900 3569 illis

2293 3633 2503 3694 septem,
2528 3631 2574 3676 et
2600 3621 2706 3676 illis
2741 3618 2948 3691 quidem
2993 3627 3108 3674 octo
3156 3615 3382 3690 (Eccles.
3417 3629 3498 3678 χι,
3527 3613 3612 3684 ‘3),
3655 3627 3722 3666 eo
3748 3609 3896 3680 quod

2293 3720 2348 3776 in
2386 3728 2617 3790 utroque
2641 3731 2868 3773 numero
2889 3715 3224 3771 consortium
3253 3713 3440 3784 gratia:
3468 3716 3896 3779 consequantur,

2297 3814 2349 3870 in
2379 3813 2519 3884 Lege
2547 3811 2758 3877 nutriti,
2801 3825 2897 3881 per
2925 3809 3154 3880 gratiam
3201 3805 3469 3871 coronati,
3510 3811 3718 3873 septem
3757 3809 3896 3853 tam-

2296 3922 2454 3979 quam
2483 3907 2535 3961 in
2567 3905 2815 3972 sabbato,
2859 3912 2986 3958 octo
3036 3910 3310 3970 tamquam
3355 3898 3410 3951 in
3457 3892 3777 3963 Evangelio.
3808 3888 3896 3959 pia

2297 4011 2468 4056 matre
2499 3999 2876 4070 supplemento
2903 3993 3174 4067 passionis
3217 3990 3495 4062 adjuncta,
3525 4002 3646 4058 quae
3689 3986 3744 4040 in
3778 3983 3896 4038 tali-

2299 4095 2396 4148 hns
2435 4093 2556 4151 filiis
2600 4093 2865 4163 integram
2907 4089 3126 4162 pietatis
3166 4087 3394 4143 formam
3437 4092 3493 4138 et
3518 4079 3810 4152 parturivit
3837 4086 3896 4133 et

2300 4187 2528 4259 peperit.

2903 4294 3134 4353 CAPUT
3172 4291 3292 4350 ΧΠ.

2299 4434 2702 4508 Elegantissime
2753 4432 2912 4488 beatae
2966 4431 3109 4486 illius
3163 4428 3368 4512 femina:
3413 4434 3609 4498 septem
3671 4423 3897 4493 filiorum

2611 4539 2901 4600 martyrum
2931 4525 3182 4599 parentis,
3211 4520 3609 4580 commendatio.

599 4639 759 4696 saluti
804 4638 921 4712 ejus
955 4639 1193 4707 timeret,
1245 4640 1347 4711 ipsi
1393 4656 1610 4712 quoque
1653 4641 1884 4700 suadere
1917 4640 2104 4711 coepit,
2138 4641 2275 4702 utD
2371 4649 2464 4705 51.
2518 4646 2830 4702 Recurrunt
2877 4645 2932 4698 in
2989 4641 3308 4696 memoriam
3358 4648 3642 4694 sermones
3693 4640 3896 4690 sancta:

601 4731 770 4790 (illum
799 4733 868 4794 ab
896 4734 1200 4792 intentione
1246 4749 1342 4790 sua
1373 4743 1680 4792 revocaret.
1725 4735 1798 4792 At
1824 4733 1920 4790 illa
1947 4748 2079 4792 voce
2103 4748 2199 4804 pa-

603 4830 704 4884 tria
732 4827 946 4886 dicebat
975 4829 1087 4883 lilio
1118 4846 1131 4882 :
1171 4829 1251 4884 Tu
1285 4829 1434 4886 solus
1458 4843 1707 4901 superes,
1743 4828 1840 4896 lili,
1872 4843 2082 4884 summa
2103 4842 2196 4886 vo-

603 4933 781 4982 torum
809 4940 1054 4986 meorum
1079 4941 1095 4984 ι
1129 4935 1182 4980 tu
1213 4931 1524 4995 postremus
1543 4923 1791 4984 clausisti
1815 4934 2002 4994 partus
2025 4937 2198 4989 meos,

601 5029 656 5076 tu
692 5015 996 5090 postremus
1045 5019 1312 5078 concludo
1357 5018 1552 5091 gaudia
1580 5034 1722 5076 mea.
1769 5018 2031 5076 Miserere
2069 5017 2200 5084 mei,

602 5127 724 5184 qua:
751 5124 803 5169 te
834 5114 886 5170 in
921 5121 1074 5170 utero
1103 5122 1181 5170 tot
1209 5113 1481 5170 mensium
1531 5111 1808 5170 curriculo
1850 5111 2102 5181 portari;
2137 5124 2206 5166 ne

605 5222 714 5266 uno
743 5218 1021 5264 momento
1050 5208 1354 5266 confundas
1401 5215 1740 5265 senectutem
1771 5221 1972 5273 meam.
2018 5220 2088 5264 ne
2107 5204 2206 5264 de-

605 5375 871 5432 stolorum
903 5375 996 5448 qui
1029 5374 1213 5448 multis
1245 5384 1368 5448 post
1413 5374 1570 5448 annis
1599 5373 1652 5448 in
1685 5371 1865 5430 lucem
1895 5369 2026 5428 editi
2052 5377 2199 5448 sunt.

606 5440 936 5503 mentionem
966 5447 1171 5503 tribuit.
1211 5440 1317 5502 Sed
1345 5445 1530 5516 quidni
1581 5443 1826 5516 dicamus
1857 5451 2054 5513 quarto
2084 5440 2208 5495 huic

608 5518 833 5574 fratrum
865 5520 1056 5576 eodem
1086 5518 1244 5575 modo
1275 5515 1646 5589 propheticum
1673 5515 1928 5589 Asplritu‘m
1960 5529 1985 5564 a
2015 5523 2208 5589 saneto

608 5592 865 5662 antistite
891 5592 1206 5662 ascriptum,
1231 5583 1338 5660 quo
1368 5583 1529 5660 supra
1579 5583 1810 5662 legimus
1853 5585 1922 5640 de
1947 5583 2207 5662 secundo,

611 5660 768 5716 Recte
789 5680 913 5736 puer
939 5655 1090 5718 istam
1121 5655 1296 5717 divino
1325 5655 1518 5736 spiritu
1555 5655 1851 5736 doctrinam
1873 5655 2210 5736 apostolicam

616 5728 926 5803 prrevidebat
947 5737 972 5789 7
1003 5736 1114 5791 Nisi
1140 5738 1261 5801 quis
1291 5734 1434 5788 malit
1467 5734 1557 5788 illa
1588 5732 1779 5798 verba,
1809 5730 2009 5785 sicut...
2043 5728 2212 5782 resul-

618 5805 772 5862 tabat.
802 5808 1107 5875 parenthesi
1131 5822 1252 5861 esse
1291 5803 1636 5860 includenda.

693 5887 717 5916 ιι
740 5872 988 5950 Duplicia
1009 5887 1236 5950 peccata,
1266 5879 1482 5951 propria
1512 5877 1792 5946 nimirum,
1826 5882 1882 5933 et
1905 5872 2216 5934 communia

2307 4741 2526 4798 femina:
2553 4739 2788 4796 dicentis
2813 4737 2880 4792 ad
2913 4736 3055 4792 filios
3083 4754 3096 4788 :
3129 4733 3244 4804 Ego
3272 4746 3367 4786 vos
3409 4732 3592 4801 genui,
3622 4741 3724 4798 ego
3750 4723 3900 4779 vobis

2302 4850 2528 4892 succum
2551 4833 2708 4890 lactis
2731 4829 2925 4898 infudi,
2950 4828 3120 4884 nolite
3145 4825 3486 4882 nobilitatem
3516 4829 3757 4877 vestram
3782 4831 3906 4886 per-

2303 4927 2456 4984 dere.
2491 4927 2582 4985 Sic
2611 4927 2734 4982 alia:
2761 4932 2960 4980 matres
2986 4935 3247 4978 revocare
3274 4934 3303 4972 a
3335 4916 3595 4986 martyrio
3625 4913 3807 4968 solent
3839 4911 3869 4964 li

2305 5021 2430 5085 lius,
2461 5035 2570 5075 non
2598 5033 2814 5075 vocare.
2846 5017 2917 5073 At
2955 5015 3060 5070 ista
3102 5020 3408 5068 maternum
3440 5009 3495 5063 in
3537 5006 3641 5062 hoc
3669 5003 3901 5077 ponebat

2304 5110 2584 5176 allectum,
2641 5111 2685 5165 si
2737 5108 2862 5164 filiis
2907 5107 3072 5162 vitam
3127 5104 3303 5174 magis
3355 5109 3696 5172 perpetuam,
3747 5111 3904 5168 quam

2306 5205 2666 5276 temporalem
2710 5201 2991 5259 suaderet.
3045 5197 3340 5270 Spectabat
3387 5195 3570 5265 itaque
3601 5192 3690 5264 pia
3739 5199 3909 5248 mater

2313 5367 2477 5442 totius
2505 5369 2715 5442 gentis_._
2908 5436 2940 5442 __
3444 5432 3458 5442 ,
3479 5429 3512 5442 ,,

2384 5429 2590 5495 ἰ’Βοῖιι.
2634 5439 2793 5504 edit.,
2835 5436 3030 5511 vallata
3077 5433 3388 5511 muralibus.
3433 5429 3565 5511 Aulim
3595 5440 3804 5511 omnes,
3843 5439 3908 5507 _ac

2319 5527 2474 5575 mss.,
2509 5511 2697 5565 vallata
2745 5502 3062 5570 muneribus.
3108 5506 3160 5564 id
3193 5514 3298 5573 est,
3332 5502 3522 5558 hostiis
3565 5514 3628 5575 ac
3658 5502 3904 5575 victimis,

2315 5569 2514 5655 quibus
2553 5583 2643 5655 illa
2676 5583 2788 5639 Deo
2821 5569 3154 5655 lltavit._Vat.
3185 5569 3308 5635 cod.
3335 5577 3388 5632 in
3420 5572 3800 5644 margine,al.,
3830 5569 3911 5639 fu-

2318 5653 2540 5709 neribus.
2575 5654 2688 5709 Non
2719 5653 3079 5708 incommode.
3161 5722 3166 5723 γ
3530 5717 3562 5723 _
3747 5714 3796 5723 μ

2397 5743 2415 5764 ι’
2440 5727 2528 5782 Sic
2555 5727 2734 5782 cuncti
2764 5741 2892 5780 mss.
2918 5735 3080 5800 atque
3109 5722 3244 5800 edit.
3270 5728 3500 5800 excepta
3530 5717 3689 5800 Rom.
3713 5714 3798 5800 ubi
3835 5711 3906 5800 le:-

2319 5800 2484 5868 gitur,
2519 5807 2563 5852 et
2595 5810 2771 5852 octavo
2801 5809 2933 5852 utre.
2965 5786 3069 5853 Sed
3100 5794 3273 5868 potuit
3299 5786 3638 5868 vasjaliquod
3684 5803 3714 5842 a
3743 5787 3904 5858 ﬁgura

2323 5863 2514 5931 uterus
2541 5871 2670 5945 dici,
2697 5871 2786 5930 vel
2809 5871 2947 5933 forte
2979 5863 3155 5942 ipsum
3186 5863 3453 5940 lampadis
3480 5874 3699 5934 corpus.
