  <div class='ocr_page' id='page_1' title='image "/cluster/home/n/w/nwhite01/storage/ocr_20150623/14/hvd.32044015471303/324.png"; bbox 0 0 4066 6360; ppageno 0'>
   <div class='ocr_carea' id='block_1_1' title="bbox 143 321 278 378">
    <p class='ocr_par' dir='ltr' id='par_1_1' title="bbox 143 321 278 378">
     <span class='ocr_line' id='line_1_1' title="bbox 143 321 278 378; baseline -0.015 0"><span class='ocrx_word' id='word_1_1' title='bbox 143 321 278 378; x_wconf 76' lang='grc'><strong>657</strong></span> 
     </span>
    </p>
   </div>
   <div class='ocr_carea' id='block_1_2' title="bbox 954 313 2740 378">
    <p class='ocr_par' dir='ltr' id='par_1_2' title="bbox 954 313 2740 378">
     <span class='ocr_line' id='line_1_2' title="bbox 954 313 2740 378; baseline -0.002 -2"><span class='ocrx_word' id='word_1_2' title='bbox 954 318 1042 376; x_wconf 83' lang='lat' dir='ltr'><strong>DE</strong></span> <span class='ocrx_word' id='word_1_3' title='bbox 1088 317 1347 378; x_wconf 77' lang='lat' dir='ltr'><strong>JOSEPH</strong></span> <span class='ocrx_word' id='word_1_4' title='bbox 1387 313 1836 375; x_wconf 74' lang='lat' dir='ltr'><strong>PATHIABCHA</strong></span> <span class='ocrx_word' id='word_1_5' title='bbox 1868 315 2071 373; x_wconf 77' lang='lat' dir='ltr'><strong>LIBER</strong></span> <span class='ocrx_word' id='word_1_6' title='bbox 2099 315 2302 375; x_wconf 80' lang='lat' dir='ltr'><strong>UNUS.</strong></span> <span class='ocrx_word' id='word_1_7' title='bbox 2341 314 2740 373; x_wconf 75' lang='lat' dir='ltr'><strong>ADMONITIO.</strong></span> 
     </span>
    </p>
   </div>
   <div class='ocr_carea' id='block_1_3' title="bbox 3368 314 3476 372">
    <p class='ocr_par' dir='ltr' id='par_1_3' title="bbox 3368 314 3476 372">
     <span class='ocr_line' id='line_1_3' title="bbox 3368 314 3476 372; baseline -0.019 -1"><span class='ocrx_word' id='word_1_8' title='bbox 3368 314 3476 372; x_wconf 79' lang='grc'><strong>658</strong></span> 
     </span>
    </p>
   </div>
   <div class='ocr_carea' id='block_1_4' title="bbox 144 427 3476 518">
    <p class='ocr_par' dir='ltr' id='par_1_4' title="bbox 144 427 3476 518">
     <span class='ocr_line' id='line_1_4' title="bbox 144 427 3476 518; baseline 0 -27"><span class='ocrx_word' id='word_1_9' title='bbox 144 437 422 493; x_wconf 81' lang='lat' dir='ltr'><strong>ﬁliorum</strong></span> <span class='ocrx_word' id='word_1_10' title='bbox 467 436 796 503; x_wconf 77' lang='lat' dir='ltr'><strong>certamina;</strong></span> <span class='ocrx_word' id='word_1_11' title='bbox 824 445 877 493; x_wconf 90' lang='lat' dir='ltr'><strong>et</strong></span> <span class='ocrx_word' id='word_1_12' title='bbox 905 427 1151 509; x_wconf 76' lang='lat' dir='ltr'><strong>quamvis</strong></span> <span class='ocrx_word' id='word_1_13' title='bbox 1181 442 1551 491; x_wconf 76' lang='lat' dir='ltr'><strong>maternorum</strong></span> <span class='ocrx_word' id='word_1_14' title='bbox 1595 433 1770 488; x_wconf 81' lang='lat' dir='ltr'><strong>visce-</strong></span> <span class='ocrx_word' id='word_1_15' title='bbox 1799 456 1851 518; x_wconf 70' lang='grc' dir='ltr'>Α</span> <span class='ocrx_word' id='word_1_16' title='bbox 1878 443 1962 488; x_wconf 85' lang='lat' dir='ltr'><strong>ret</strong></span> <span class='ocrx_word' id='word_1_17' title='bbox 1982 442 2196 500; x_wconf 88' lang='lat' dir='ltr'><strong>cantus,</strong></span> <span class='ocrx_word' id='word_1_18' title='bbox 2222 450 2384 505; x_wconf 90' lang='lat' dir='ltr'><strong>quam</strong></span> <span class='ocrx_word' id='word_1_19' title='bbox 2409 435 2699 492; x_wconf 89' lang='lat' dir='ltr'><strong>morientes</strong></span> <span class='ocrx_word' id='word_1_20' title='bbox 2724 433 2820 490; x_wconf 85' lang='lat' dir='ltr'><strong>ﬁlii</strong></span> <span class='ocrx_word' id='word_1_21' title='bbox 2844 435 2898 490; x_wconf 90' lang='lat' dir='ltr'><strong>in</strong></span> <span class='ocrx_word' id='word_1_22' title='bbox 2930 444 3035 491; x_wconf 87' lang='lat' dir='ltr'><strong>tam</strong></span> <span class='ocrx_word' id='word_1_23' title='bbox 3063 433 3316 506; x_wconf 75' lang='lat' dir='ltr'><strong>gravibus</strong></span> <span class='ocrx_word' id='word_1_24' title='bbox 3345 450 3476 506; x_wconf 30' lang='lat' dir='ltr'><strong>sup.</strong></span> 
     </span>
    </p>
   </div>
   <div class='ocr_carea' id='block_1_5' title="bbox 143 525 1776 603">
    <p class='ocr_par' dir='ltr' id='par_1_5' title="bbox 143 525 1776 603">
     <span class='ocr_line' id='line_1_5' title="bbox 143 525 1776 603; baseline -0.004 -17"><span class='ocrx_word' id='word_1_25' title='bbox 143 546 296 586; x_wconf 84' lang='lat' dir='ltr'><strong>rum</strong></span> <span class='ocrx_word' id='word_1_26' title='bbox 352 530 730 600; x_wconf 88' lang='lat' dir='ltr'><strong>compassione</strong></span> <span class='ocrx_word' id='word_1_27' title='bbox 759 537 1094 601; x_wconf 89' lang='lat' dir='ltr'><strong>quateretur,</strong></span> <span class='ocrx_word' id='word_1_28' title='bbox 1127 536 1307 582; x_wconf 88' lang='lat' dir='ltr'><strong>tamen</strong></span> <span class='ocrx_word' id='word_1_29' title='bbox 1338 527 1552 603; x_wconf 81' lang='lat' dir='ltr'><strong>pietatis</strong></span> <span class='ocrx_word' id='word_1_30' title='bbox 1593 525 1776 580; x_wconf 86' lang='lat' dir='ltr'><strong>studio</strong></span> 
     </span>
    </p>
   </div>
   <div class='ocr_carea' id='block_1_6' title="bbox 145 621 1776 696">
    <p class='ocr_par' dir='ltr' id='par_1_6' title="bbox 145 621 1776 696">
     <span class='ocr_line' id='line_1_6' title="bbox 145 621 1776 696; baseline -0.004 -16"><span class='ocrx_word' id='word_1_31' title='bbox 145 623 470 696; x_wconf 75' lang='lat' dir='ltr'><strong>premebat</strong></span> <span class='ocrx_word' id='word_1_32' title='bbox 493 623 754 680; x_wconf 86' lang='lat' dir='ltr'><strong>dolorem.</strong></span> <span class='ocrx_word' id='word_1_33' title='bbox 785 622 856 678; x_wconf 84' lang='lat' dir='ltr'><strong>Et</strong></span> <span class='ocrx_word' id='word_1_34' title='bbox 892 622 1156 678; x_wconf 73' lang='lat' dir='ltr'><strong>oﬁerente</strong></span> <span class='ocrx_word' id='word_1_35' title='bbox 1182 621 1472 688; x_wconf 72' lang='lat' dir='ltr'><strong>Antiocho,</strong></span> <span class='ocrx_word' id='word_1_36' title='bbox 1499 634 1622 675; x_wconf 90' lang='lat' dir='ltr'><strong>cum</strong></span> <span class='ocrx_word' id='word_1_37' title='bbox 1651 635 1776 689; x_wconf 87' lang='lat' dir='ltr'><strong>pos-</strong></span> 
     </span>
    </p>
   </div>
   <div class='ocr_carea' id='block_1_7' title="bbox 153 711 1770 787">
    <p class='ocr_par' dir='ltr' id='par_1_7' title="bbox 153 711 1770 787">
     <span class='ocr_line' id='line_1_7' title="bbox 153 711 1770 787; baseline -0.004 -15"><span class='ocrx_word' id='word_1_38' title='bbox 153 726 259 772; x_wconf 86' lang='lat' dir='ltr'><strong>set</strong></span> <span class='ocrx_word' id='word_1_39' title='bbox 303 717 544 772; x_wconf 76' lang='lat' dir='ltr'><strong>salutem</strong></span> <span class='ocrx_word' id='word_1_40' title='bbox 593 716 796 787; x_wconf 75' lang='lat' dir='ltr'><strong>eligere</strong></span> <span class='ocrx_word' id='word_1_41' title='bbox 845 716 1098 782; x_wconf 91' lang='lat' dir='ltr'><strong>ﬁliorum,</strong></span> <span class='ocrx_word' id='word_1_42' title='bbox 1151 713 1386 769; x_wconf 90' lang='lat' dir='ltr'><strong>malebat</strong></span> <span class='ocrx_word' id='word_1_43' title='bbox 1429 711 1770 784; x_wconf 86' lang='lat' dir='ltr'><strong>periculum:</strong></span> 
     </span>
    </p>
   </div>
   <div class='ocr_carea' id='block_1_8' title="bbox 154 809 1774 882">
    <p class='ocr_par' dir='ltr' id='par_1_8' title="bbox 154 809 1774 882">
     <span class='ocr_line' id='line_1_8' title="bbox 154 809 1774 882; baseline -0.001 -18"><span class='ocrx_word' id='word_1_44' title='bbox 154 810 628 882; x_wconf 84' lang='lat' dir='ltr'><strong>compressisque</strong></span> <span class='ocrx_word' id='word_1_45' title='bbox 673 819 877 866; x_wconf 80' lang='lat' dir='ltr'><strong>natura:</strong></span> <span class='ocrx_word' id='word_1_46' title='bbox 905 809 1216 882; x_wconf 72' lang='lat' dir='ltr'><strong>gemitibus,</strong></span> <span class='ocrx_word' id='word_1_47' title='bbox 1252 824 1437 880; x_wconf 77' lang='lat' dir='ltr'><strong>pteuas</strong></span> <span class='ocrx_word' id='word_1_48' title='bbox 1469 809 1597 864; x_wconf 91' lang='lat' dir='ltr'><strong>ﬁliis</strong></span> <span class='ocrx_word' id='word_1_49' title='bbox 1622 817 1774 878; x_wconf 88' lang='lat' dir='ltr'><strong>opta-</strong></span> 
     </span>
    </p>
   </div>
   <div class='ocr_carea' id='block_1_9' title="bbox 153 900 1776 975">
    <p class='ocr_par' dir='ltr' id='par_1_9' title="bbox 153 900 1776 975">
     <span class='ocr_line' id='line_1_9' title="bbox 153 900 1776 975; baseline -0.001 -16"><span class='ocrx_word' id='word_1_50' title='bbox 153 903 265 959; x_wconf 83' lang='lat' dir='ltr'><strong>bat</strong></span> <span class='ocrx_word' id='word_1_51' title='bbox 295 904 510 974; x_wconf 78' lang='lat' dir='ltr'><strong>augeri,</strong></span> <span class='ocrx_word' id='word_1_52' title='bbox 545 910 602 958; x_wconf 93' lang='lat' dir='ltr'><strong>ut</strong></span> <span class='ocrx_word' id='word_1_53' title='bbox 629 918 776 958; x_wconf 89' lang='lat' dir='ltr'><strong>mars</strong></span> <span class='ocrx_word' id='word_1_54' title='bbox 811 902 970 958; x_wconf 87' lang='lat' dir='ltr'><strong>citius</strong></span> <span class='ocrx_word' id='word_1_55' title='bbox 1007 903 1483 975; x_wconf 84' lang='lat' dir='ltr'><strong>appropinquaret.</strong></span> <span class='ocrx_word' id='word_1_56' title='bbox 1514 900 1776 958; x_wconf 79' lang='lat' dir='ltr'><strong>Videmus</strong></span> 
     </span>
    </p>
   </div>
   <div class='ocr_carea' id='block_1_10' title="bbox 156 996 1773 1068">
    <p class='ocr_par' dir='ltr' id='par_1_10' title="bbox 156 996 1773 1068">
     <span class='ocr_line' id='line_1_10' title="bbox 156 996 1773 1068; baseline -0.002 -16"><span class='ocrx_word' id='word_1_57' title='bbox 156 1013 448 1052; x_wconf 84' lang='lat' dir='ltr'><strong>conversa</strong></span> <span class='ocrx_word' id='word_1_58' title='bbox 481 1006 603 1050; x_wconf 89' lang='lat' dir='ltr'><strong>vota</strong></span> <span class='ocrx_word' id='word_1_59' title='bbox 631 997 820 1051; x_wconf 84' lang='lat' dir='ltr'><strong>matris</strong></span> <span class='ocrx_word' id='word_1_60' title='bbox 848 996 900 1050; x_wconf 92' lang='lat' dir='ltr'><strong>in</strong></span> <span class='ocrx_word' id='word_1_61' title='bbox 931 996 1104 1062; x_wconf 87' lang='lat' dir='ltr'><strong>ﬁlios;</strong></span> <span class='ocrx_word' id='word_1_62' title='bbox 1140 1012 1208 1052; x_wconf 89' lang='lat' dir='ltr'><strong>ne</strong></span> <span class='ocrx_word' id='word_1_63' title='bbox 1233 1012 1392 1068; x_wconf 89' lang='lat' dir='ltr'><strong>quem</strong></span> <span class='ocrx_word' id='word_1_64' title='bbox 1424 996 1773 1066; x_wconf 84' lang='lat' dir='ltr'><strong>superstitem</strong></span> 
     </span>
    </p>
   </div>
   <div class='ocr_carea' id='block_1_11' title="bbox 152 1088 1776 1162">
    <p class='ocr_par' dir='ltr' id='par_1_11' title="bbox 152 1088 1776 1162">
     <span class='ocr_line' id='line_1_11' title="bbox 152 1088 1776 1162; baseline 0 -16"><span class='ocrx_word' id='word_1_65' title='bbox 152 1090 605 1162; x_wconf 80' lang='lat' dir='ltr'><strong>derelinqueret,</strong></span> <span class='ocrx_word' id='word_1_66' title='bbox 637 1090 733 1146; x_wconf 91' lang='lat' dir='ltr'><strong>sed</strong></span> <span class='ocrx_word' id='word_1_67' title='bbox 763 1105 954 1146; x_wconf 86' lang='lat' dir='ltr'><strong>omnes</strong></span> <span class='ocrx_word' id='word_1_68' title='bbox 990 1091 1092 1161; x_wconf 74' lang='lat' dir='ltr'><strong>pia:</strong></span> <span class='ocrx_word' id='word_1_69' title='bbox 1121 1089 1437 1146; x_wconf 72' lang='lat' dir='ltr'><strong>cohzeredes</strong></span> <span class='ocrx_word' id='word_1_70' title='bbox 1466 1088 1656 1146; x_wconf 87' lang='lat' dir='ltr'><strong>mortis</strong></span> <span class='ocrx_word' id='word_1_71' title='bbox 1683 1103 1776 1146; x_wconf 90' lang='lat' dir='ltr'><strong>ac-</strong></span> 
     </span>
    </p>
   </div>
   <div class='ocr_carea' id='block_1_12' title="bbox 155 1186 437 1256">
    <p class='ocr_par' dir='ltr' id='par_1_12' title="bbox 155 1186 437 1256">
     <span class='ocr_line' id='line_1_12' title="bbox 155 1186 437 1256; baseline 0.004 -16"><span class='ocrx_word' id='word_1_72' title='bbox 155 1186 437 1256; x_wconf 89' lang='lat' dir='ltr'><strong>quireret.</strong></span> 
     </span>
    </p>
   </div>
   <div class='ocr_carea' id='block_1_13' title="bbox 235 1277 1775 1351">
    <p class='ocr_par' dir='ltr' id='par_1_13' title="bbox 235 1277 1775 1351">
     <span class='ocr_line' id='line_1_13' title="bbox 235 1277 1775 1351; baseline 0.003 -18"><span class='ocrx_word' id='word_1_73' title='bbox 235 1278 338 1333; x_wconf 80' lang='lat'><strong>55.</strong></span> <span class='ocrx_word' id='word_1_74' title='bbox 381 1277 486 1335; x_wconf 85' lang='lat' dir='ltr'><strong>Sed</strong></span> <span class='ocrx_word' id='word_1_75' title='bbox 514 1293 612 1334; x_wconf 89' lang='lat' dir='ltr'><strong>nec</strong></span> <span class='ocrx_word' id='word_1_76' title='bbox 640 1277 736 1334; x_wconf 91' lang='lat' dir='ltr'><strong>ﬁlii</strong></span> <span class='ocrx_word' id='word_1_77' title='bbox 763 1279 1004 1335; x_wconf 86' lang='lat' dir='ltr'><strong>minores</strong></span> <span class='ocrx_word' id='word_1_78' title='bbox 1046 1279 1137 1334; x_wconf 88' lang='lat' dir='ltr'><strong>tali</strong></span> <span class='ocrx_word' id='word_1_79' title='bbox 1171 1287 1428 1350; x_wconf 89' lang='lat' dir='ltr'><strong>parente,</strong></span> <span class='ocrx_word' id='word_1_80' title='bbox 1461 1279 1553 1351; x_wconf 86' lang='lat' dir='ltr'><strong>qui</strong></span> <span class='ocrx_word' id='word_1_81' title='bbox 1592 1294 1652 1336; x_wconf 85' lang='lat' dir='ltr'><strong>se</strong></span> <span class='ocrx_word' id='word_1_82' title='bbox 1690 1280 1775 1337; x_wconf 88' lang='lat' dir='ltr'><strong>iu-</strong></span> 
     </span>
    </p>
   </div>
   <div class='ocr_carea' id='block_1_14' title="bbox 159 1373 1776 1447">
    <p class='ocr_par' dir='ltr' id='par_1_14' title="bbox 159 1373 1776 1447">
     <span class='ocr_line' id='line_1_14' title="bbox 159 1373 1776 1447; baseline 0.002 -21"><span class='ocrx_word' id='word_1_83' title='bbox 159 1374 356 1430; x_wconf 88' lang='lat' dir='ltr'><strong>vicem</strong></span> <span class='ocrx_word' id='word_1_84' title='bbox 381 1373 817 1440; x_wconf 86' lang='lat' dir='ltr'><strong>cohortabantur,</strong></span> <span class='ocrx_word' id='word_1_85' title='bbox 838 1374 927 1445; x_wconf 90' lang='lat' dir='ltr'><strong>qui</strong></span> <span class='ocrx_word' id='word_1_86' title='bbox 945 1373 1194 1430; x_wconf 90' lang='lat' dir='ltr'><strong>dicebant</strong></span> <span class='ocrx_word' id='word_1_87' title='bbox 1210 1390 1319 1430; x_wconf 91' lang='lat' dir='ltr'><strong>uno</strong></span> <span class='ocrx_word' id='word_1_88' title='bbox 1345 1375 1543 1442; x_wconf 89' lang='lat' dir='ltr'><strong>studio,</strong></span> <span class='ocrx_word' id='word_1_89' title='bbox 1567 1385 1620 1431; x_wconf 92' lang='lat' dir='ltr'><strong>et</strong></span> <span class='ocrx_word' id='word_1_90' title='bbox 1643 1390 1776 1447; x_wconf 92' lang='lat' dir='ltr'><strong>qua-</strong></span> 
     </span>
    </p>
   </div>
   <div class='ocr_carea' id='block_1_15' title="bbox 156 1466 1773 1537">
    <p class='ocr_par' dir='ltr' id='par_1_15' title="bbox 156 1466 1773 1537">
     <span class='ocr_line' id='line_1_15' title="bbox 156 1466 1773 1537; baseline 0.001 -16"><span class='ocrx_word' id='word_1_91' title='bbox 156 1466 297 1521; x_wconf 89' lang='lat' dir='ltr'><strong>dam</strong></span> <span class='ocrx_word' id='word_1_92' title='bbox 356 1467 657 1522; x_wconf 90' lang='lat' dir='ltr'><strong>animorum</strong></span> <span class='ocrx_word' id='word_1_93' title='bbox 712 1467 1086 1522; x_wconf 79' lang='lat' dir='ltr'><strong>acie:Mortis</strong></span> <span class='ocrx_word' id='word_1_94' title='bbox 1148 1467 1391 1524; x_wconf 69' lang='lat' dir='ltr'><strong>adversa:</strong></span> <span class='ocrx_word' id='word_1_95' title='bbox 1444 1476 1470 1506; x_wconf 71' lang='grc' dir='ltr'>α</span> <span class='ocrx_word' id='word_1_96' title='bbox 1512 1468 1773 1537; x_wconf 89' lang='lat' dir='ltr'><strong>impetum</strong></span> 
     </span>
    </p>
   </div>
   <div class='ocr_carea' id='block_1_16' title="bbox 161 1560 1777 1631">
    <p class='ocr_par' dir='ltr' id='par_1_16' title="bbox 161 1560 1777 1631">
     <span class='ocr_line' id='line_1_16' title="bbox 161 1560 1777 1631; baseline 0.001 -17"><span class='ocrx_word' id='word_1_97' title='bbox 161 1569 542 1631; x_wconf 89' lang='lat' dir='ltr'><strong>proteramus.</strong></span> <span class='ocrx_word' id='word_1_98' title='bbox 625 1560 776 1616; x_wconf 88' lang='lat' dir='ltr'><strong>Tunc</strong></span> <span class='ocrx_word' id='word_1_99' title='bbox 843 1562 989 1616; x_wconf 89' lang='lat' dir='ltr'><strong>enim</strong></span> <span class='ocrx_word' id='word_1_100' title='bbox 1051 1561 1330 1626; x_wconf 82' lang='lat' dir='ltr'><strong>vivemus,</strong></span> <span class='ocrx_word' id='word_1_101' title='bbox 1413 1576 1536 1618; x_wconf 91' lang='lat' dir='ltr'><strong>cum</strong></span> <span class='ocrx_word' id='word_1_102' title='bbox 1610 1561 1777 1618; x_wconf 90' lang='lat' dir='ltr'><strong>fueri-</strong></span> 
     </span>
    </p>
   </div>
   <div class='ocr_carea' id='block_1_17' title="bbox 166 1653 1772 1726">
    <p class='ocr_par' dir='ltr' id='par_1_17' title="bbox 166 1653 1772 1726">
     <span class='ocr_line' id='line_1_17' title="bbox 166 1653 1772 1726; baseline 0 -17"><span class='ocrx_word' id='word_1_103' title='bbox 166 1668 305 1709; x_wconf 87' lang='lat' dir='ltr'><strong>mus</strong></span> <span class='ocrx_word' id='word_1_104' title='bbox 356 1653 575 1709; x_wconf 87' lang='lat' dir='ltr'><strong>mortui.</strong></span> <span class='ocrx_word' id='word_1_105' title='bbox 637 1653 806 1710; x_wconf 86' lang='lat' dir='ltr'><strong>Nemo</strong></span> <span class='ocrx_word' id='word_1_106' title='bbox 851 1655 1066 1724; x_wconf 89' lang='lat' dir='ltr'><strong>pietatis</strong></span> <span class='ocrx_word' id='word_1_107' title='bbox 1117 1655 1362 1710; x_wconf 85' lang='lat' dir='ltr'><strong>ordinem</strong></span> <span class='ocrx_word' id='word_1_108' title='bbox 1410 1654 1772 1726; x_wconf 82' lang='lat' dir='ltr'><strong>derelinquat,</strong></span> 
     </span>
    </p>
   </div>
   <div class='ocr_carea' id='block_1_18' title="bbox 162 1747 1768 1820">
    <p class='ocr_par' dir='ltr' id='par_1_18' title="bbox 162 1747 1768 1820">
     <span class='ocr_line' id='line_1_18' title="bbox 162 1747 1768 1820; baseline 0 -19"><span class='ocrx_word' id='word_1_109' title='bbox 162 1761 343 1802; x_wconf 87' lang='lat' dir='ltr'><strong>nemo</strong></span> <span class='ocrx_word' id='word_1_110' title='bbox 388 1762 449 1803; x_wconf 91' lang='lat' dir='ltr'><strong>se</strong></span> <span class='ocrx_word' id='word_1_111' title='bbox 477 1747 760 1802; x_wconf 86' lang='lat' dir='ltr'><strong>subtrahat</strong></span> <span class='ocrx_word' id='word_1_112' title='bbox 791 1748 980 1818; x_wconf 83' lang='lat' dir='ltr'><strong>praelia</strong></span> <span class='ocrx_word' id='word_1_113' title='bbox 1013 1747 1344 1820; x_wconf 87' lang='lat' dir='ltr'><strong>triumphali.</strong></span> <span class='ocrx_word' id='word_1_114' title='bbox 1394 1749 1509 1804; x_wconf 87' lang='lat' dir='ltr'><strong>Non</strong></span> <span class='ocrx_word' id='word_1_115' title='bbox 1543 1748 1768 1814; x_wconf 87' lang='lat' dir='ltr'><strong>homini,</strong></span> 
     </span>
    </p>
   </div>
   <div class='ocr_carea' id='block_1_19' title="bbox 1883 528 3468 602">
    <p class='ocr_par' dir='ltr' id='par_1_19' title="bbox 1883 528 3468 602">
     <span class='ocr_line' id='line_1_19' title="bbox 1883 528 3468 602; baseline 0 -20"><span class='ocrx_word' id='word_1_116' title='bbox 1883 528 2058 597; x_wconf 88' lang='lat' dir='ltr'><strong>pliciis</strong></span> <span class='ocrx_word' id='word_1_117' title='bbox 2087 529 2413 585; x_wconf 85' lang='lat' dir='ltr'><strong>ediderunt?</strong></span> <span class='ocrx_word' id='word_1_118' title='bbox 2447 529 2776 602; x_wconf 84' lang='lat' dir='ltr'><strong>Erumpebat</strong></span> <span class='ocrx_word' id='word_1_119' title='bbox 2806 530 2952 588; x_wconf 89' lang='lat' dir='ltr'><strong>enim</strong></span> <span class='ocrx_word' id='word_1_120' title='bbox 2975 539 3180 587; x_wconf 71' lang='lat' dir='ltr'><strong>natura:</strong></span> <span class='ocrx_word' id='word_1_121' title='bbox 3211 529 3468 599; x_wconf 88' lang='lat' dir='ltr'><strong>gemitus,</strong></span> 
     </span>
    </p>
   </div>
   <div class='ocr_carea' id='block_1_20' title="bbox 1877 623 3466 694">
    <p class='ocr_par' dir='ltr' id='par_1_20' title="bbox 1877 623 3466 694">
     <span class='ocr_line' id='line_1_20' title="bbox 1877 623 3466 694; baseline 0.001 -18"><span class='ocrx_word' id='word_1_122' title='bbox 1877 623 2041 676; x_wconf 89' lang='lat' dir='ltr'><strong>etiam</strong></span> <span class='ocrx_word' id='word_1_123' title='bbox 2083 623 2286 680; x_wconf 79' lang='lat' dir='ltr'><strong>invitis.</strong></span> <span class='ocrx_word' id='word_1_124' title='bbox 2322 623 2605 692; x_wconf 87' lang='lat' dir='ltr'><strong>Spectares</strong></span> <span class='ocrx_word' id='word_1_125' title='bbox 2639 639 2732 694; x_wconf 87' lang='lat' dir='ltr'><strong>per</strong></span> <span class='ocrx_word' id='word_1_126' title='bbox 2771 623 3018 679; x_wconf 87' lang='lat' dir='ltr'><strong>ordinem</strong></span> <span class='ocrx_word' id='word_1_127' title='bbox 3062 635 3466 692; x_wconf 84' lang='lat' dir='ltr'><strong>peremptorum</strong></span> 
     </span>
    </p>
   </div>
   <div class='ocr_carea' id='block_1_21' title="bbox 1877 714 3464 785">
    <p class='ocr_par' dir='ltr' id='par_1_21' title="bbox 1877 714 3464 785">
     <span class='ocr_line' id='line_1_21' title="bbox 1877 714 3464 785; baseline 0 -15"><span class='ocrx_word' id='word_1_128' title='bbox 1877 714 2145 770; x_wconf 75' lang='lat' dir='ltr'><strong>cadavera</strong></span> <span class='ocrx_word' id='word_1_129' title='bbox 2189 715 2329 770; x_wconf 89' lang='lat' dir='ltr'><strong>sicut</strong></span> <span class='ocrx_word' id='word_1_130' title='bbox 2356 714 2443 771; x_wconf 88' lang='lat' dir='ltr'><strong>ﬁla</strong></span> <span class='ocrx_word' id='word_1_131' title='bbox 2486 716 2844 782; x_wconf 86' lang='lat' dir='ltr'><strong>chordarum,</strong></span> <span class='ocrx_word' id='word_1_132' title='bbox 2887 716 3103 772; x_wconf 83' lang='lat' dir='ltr'><strong>audires</strong></span> <span class='ocrx_word' id='word_1_133' title='bbox 3135 714 3464 785; x_wconf 81' lang='lat' dir='ltr'><strong>beptachnr-</strong></span> 
     </span>
    </p>
   </div>
   <div class='ocr_carea' id='block_1_22' title="bbox 1877 806 3463 879">
    <p class='ocr_par' dir='ltr' id='par_1_22' title="bbox 1877 806 3463 879">
     <span class='ocr_line' id='line_1_22' title="bbox 1877 806 3463 879; baseline -0.001 -17"><span class='ocrx_word' id='word_1_134' title='bbox 1877 806 2006 862; x_wconf 90' lang='lat' dir='ltr'><strong>dum</strong></span> <span class='ocrx_word' id='word_1_135' title='bbox 2040 806 2358 876; x_wconf 85' lang='lat' dir='ltr'><strong>psalterium</strong></span> <span class='ocrx_word' id='word_1_136' title='bbox 2405 807 2817 877; x_wconf 82' lang='lat' dir='ltr'><strong>triumphalibus</strong></span> <span class='ocrx_word' id='word_1_137' title='bbox 2844 808 3135 879; x_wconf 89' lang='lat' dir='ltr'><strong>gemitibus</strong></span> <span class='ocrx_word' id='word_1_138' title='bbox 3174 808 3463 863; x_wconf 87' lang='lat' dir='ltr'><strong>resultare.</strong></span> 
     </span>
    </p>
   </div>
   <div class='ocr_carea' id='block_1_23' title="bbox 1878 899 3468 968">
    <p class='ocr_par' dir='ltr' id='par_1_23' title="bbox 1878 899 3468 968">
     <span class='ocr_line' id='line_1_23' title="bbox 1878 899 3468 968; baseline 0.001 -14"><span class='ocrx_word' id='word_1_139' title='bbox 1878 899 1995 954; x_wconf 88' lang='lat' dir='ltr'><strong>Non</strong></span> <span class='ocrx_word' id='word_1_140' title='bbox 2022 899 2102 954; x_wconf 89' lang='lat' dir='ltr'><strong>sic</strong></span> <span class='ocrx_word' id='word_1_141' title='bbox 2134 899 2438 956; x_wconf 85' lang='lat' dir='ltr'><strong>illecebrosi</strong></span> <span class='ocrx_word' id='word_1_142' title='bbox 2479 900 2578 968; x_wconf 93' lang='lat' dir='ltr'><strong>illi,</strong></span> <span class='ocrx_word' id='word_1_143' title='bbox 2626 911 2686 956; x_wconf 91' lang='lat' dir='ltr'><strong>ut</strong></span> <span class='ocrx_word' id='word_1_144' title='bbox 2714 901 2887 968; x_wconf 90' lang='lat' dir='ltr'><strong>aiunt,</strong></span> <span class='ocrx_word' id='word_1_145' title='bbox 2925 907 3118 957; x_wconf 89' lang='lat' dir='ltr'><strong>cantus</strong></span> <span class='ocrx_word' id='word_1_146' title='bbox 3152 899 3468 956; x_wconf 88' lang='lat' dir='ltr'><strong>Sirenarnm</strong></span> 
     </span>
    </p>
   </div>
   <div class='ocr_carea' id='block_1_24' title="bbox 1877 994 3470 1065">
    <p class='ocr_par' dir='ltr' id='par_1_24' title="bbox 1877 994 3470 1065">
     <span class='ocr_line' id='line_1_24' title="bbox 1877 994 3470 1065; baseline -0.001 -14"><span class='ocrx_word' id='word_1_147' title='bbox 1877 994 2220 1051; x_wconf 86' lang='lat' dir='ltr'><strong>attraherent</strong></span> <span class='ocrx_word' id='word_1_148' title='bbox 2279 996 2591 1051; x_wconf 85' lang='lat' dir='ltr'><strong>audientem</strong></span> <span class='ocrx_word' id='word_1_149' title='bbox 2639 1014 2652 1049; x_wconf 87' lang='lat'><strong>:</strong></span> <span class='ocrx_word' id='word_1_150' title='bbox 2701 995 2778 1050; x_wconf 91' lang='lat' dir='ltr'><strong>illi</strong></span> <span class='ocrx_word' id='word_1_151' title='bbox 2829 997 2973 1052; x_wconf 89' lang='lat' dir='ltr'><strong>enim</strong></span> <span class='ocrx_word' id='word_1_152' title='bbox 3023 995 3091 1050; x_wconf 86' lang='lat' dir='ltr'><strong>ad</strong></span> <span class='ocrx_word' id='word_1_153' title='bbox 3133 994 3470 1065; x_wconf 76' lang='lat' dir='ltr'><strong>naufragium</strong></span> 
     </span>
    </p>
   </div>
   <div class='ocr_carea' id='block_1_25' title="bbox 1880 1089 3472 1162">
    <p class='ocr_par' dir='ltr' id='par_1_25' title="bbox 1880 1089 3472 1162">
     <span class='ocr_line' id='line_1_25' title="bbox 1880 1089 3472 1162; baseline -0.001 -17"><span class='ocrx_word' id='word_1_154' title='bbox 1880 1090 2186 1157; x_wconf 87' lang='lat' dir='ltr'><strong>trahebant,</strong></span> <span class='ocrx_word' id='word_1_155' title='bbox 2214 1090 2303 1145; x_wconf 89' lang='lat' dir='ltr'><strong>isti</strong></span> <span class='ocrx_word' id='word_1_156' title='bbox 2328 1089 2395 1146; x_wconf 90' lang='lat' dir='ltr'><strong>ad</strong></span> <span class='ocrx_word' id='word_1_157' title='bbox 2417 1090 2668 1146; x_wconf 88' lang='lat' dir='ltr'><strong>sacrificii</strong></span> <span class='ocrx_word' id='word_1_158' title='bbox 2694 1091 2998 1146; x_wconf 78' lang='lat' dir='ltr'><strong>victoriam.</strong></span> <span class='ocrx_word' id='word_1_159' title='bbox 3026 1089 3136 1145; x_wconf 86' lang='lat' dir='ltr'><strong>Nec</strong></span> <span class='ocrx_word' id='word_1_160' title='bbox 3158 1091 3240 1145; x_wconf 86' lang='lat' dir='ltr'><strong>sic</strong></span> <span class='ocrx_word' id='word_1_161' title='bbox 3267 1104 3472 1162; x_wconf 87' lang='lat' dir='ltr'><strong>eygnea</strong></span> 
     </span>
    </p>
   </div>
   <div class='ocr_carea' id='block_1_26' title="bbox 1876 1183 3463 1256">
    <p class='ocr_par' dir='ltr' id='par_1_26' title="bbox 1876 1183 3463 1256">
     <span class='ocr_line' id='line_1_26' title="bbox 1876 1183 3463 1256; baseline -0.001 -17"><span class='ocrx_word' id='word_1_162' title='bbox 1876 1184 2118 1239; x_wconf 80' lang='lat' dir='ltr'><strong>carmina</strong></span> <span class='ocrx_word' id='word_1_163' title='bbox 2159 1198 2324 1240; x_wconf 84' lang='lat' dir='ltr'><strong>aures</strong></span> <span class='ocrx_word' id='word_1_164' title='bbox 2351 1183 2698 1254; x_wconf 89' lang='lat' dir='ltr'><strong>animumque</strong></span> <span class='ocrx_word' id='word_1_165' title='bbox 2727 1183 2896 1256; x_wconf 61' lang='lat'><strong>480</strong></span> <span class='ocrx_word' id='word_1_166' title='bbox 2933 1185 3233 1240; x_wconf 86' lang='lat' dir='ltr'><strong>mulcerent</strong></span> <span class='ocrx_word' id='word_1_167' title='bbox 3266 1184 3463 1256; x_wconf 83' lang='lat' dir='ltr'><strong>:cygni</strong></span> 
     </span>
    </p>
   </div>
   <div class='ocr_carea' id='block_1_27' title="bbox 1876 1278 3462 1344">
    <p class='ocr_par' dir='ltr' id='par_1_27' title="bbox 1876 1278 3462 1344">
     <span class='ocr_line' id='line_1_27' title="bbox 1876 1278 3462 1344; baseline -0.001 -12"><span class='ocrx_word' id='word_1_168' title='bbox 1876 1278 2022 1333; x_wconf 88' lang='lat' dir='ltr'><strong>enim</strong></span> <span class='ocrx_word' id='word_1_169' title='bbox 2082 1287 2288 1333; x_wconf 73' lang='lat' dir='ltr'><strong>naturae</strong></span> <span class='ocrx_word' id='word_1_170' title='bbox 2336 1288 2486 1333; x_wconf 82' lang='lat' dir='ltr'><strong>sorte</strong></span> <span class='ocrx_word' id='word_1_171' title='bbox 2544 1279 2889 1344; x_wconf 89' lang='lat' dir='ltr'><strong>moriuntur,</strong></span> <span class='ocrx_word' id='word_1_172' title='bbox 2937 1278 3024 1333; x_wconf 81' lang='lat' dir='ltr'><strong>iati</strong></span> <span class='ocrx_word' id='word_1_173' title='bbox 3093 1279 3462 1334; x_wconf 88' lang='lat' dir='ltr'><strong>moriebantur</strong></span> 
     </span>
    </p>
   </div>
   <div class='ocr_carea' id='block_1_28' title="bbox 1878 1372 3470 1446">
    <p class='ocr_par' dir='ltr' id='par_1_28' title="bbox 1878 1372 3470 1446">
     <span class='ocr_line' id='line_1_28' title="bbox 1878 1372 3470 1446; baseline 0.001 -18"><span class='ocrx_word' id='word_1_174' title='bbox 1878 1386 2063 1429; x_wconf 90' lang='lat' dir='ltr'><strong>amore</strong></span> <span class='ocrx_word' id='word_1_175' title='bbox 2107 1374 2343 1443; x_wconf 87' lang='lat' dir='ltr'><strong>pietatis.</strong></span> <span class='ocrx_word' id='word_1_176' title='bbox 2393 1372 2509 1429; x_wconf 86' lang='lat' dir='ltr'><strong>Non</strong></span> <span class='ocrx_word' id='word_1_177' title='bbox 2545 1373 2642 1446; x_wconf 9' lang='lat' dir='ltr'><strong>sic,</strong></span> <span class='ocrx_word' id='word_1_178' title='bbox 2671 1387 2832 1430; x_wconf 77' lang='lat' dir='ltr'><strong>rauca</strong></span> <span class='ocrx_word' id='word_1_179' title='bbox 2873 1381 3132 1430; x_wconf 87' lang='lat' dir='ltr'><strong>resonant</strong></span> <span class='ocrx_word' id='word_1_180' title='bbox 3173 1382 3386 1428; x_wconf 88' lang='lat' dir='ltr'><strong>secreto</strong></span> <span class='ocrx_word' id='word_1_181' title='bbox 3419 1374 3470 1430; x_wconf 85' lang='lat' dir='ltr'><strong>in</strong></span> 
     </span>
    </p>
   </div>
   <div class='ocr_carea' id='block_1_29' title="bbox 1879 1465 3464 1530">
    <p class='ocr_par' dir='ltr' id='par_1_29' title="bbox 1879 1465 3464 1530">
     <span class='ocr_line' id='line_1_29' title="bbox 1879 1465 3464 1530; baseline -0.002 -9"><span class='ocrx_word' id='word_1_182' title='bbox 1879 1480 2104 1522; x_wconf 90' lang='lat' dir='ltr'><strong>nemore</strong></span> <span class='ocrx_word' id='word_1_183' title='bbox 2119 1465 2491 1522; x_wconf 79' lang='lat' dir='ltr'><strong>columbarum</strong></span> <span class='ocrx_word' id='word_1_184' title='bbox 2519 1479 2818 1530; x_wconf 87' lang='lat' dir='ltr'><strong>murmura,</strong></span> <span class='ocrx_word' id='word_1_185' title='bbox 2853 1474 2910 1520; x_wconf 92' lang='lat' dir='ltr'><strong>ut</strong></span> <span class='ocrx_word' id='word_1_186' title='bbox 2935 1465 3120 1520; x_wconf 88' lang='lat' dir='ltr'><strong>ultima</strong></span> <span class='ocrx_word' id='word_1_187' title='bbox 3151 1465 3312 1520; x_wconf 85' lang='lat' dir='ltr'><strong>verba</strong></span> <span class='ocrx_word' id='word_1_188' title='bbox 3343 1480 3464 1518; x_wconf 89' lang='lat' dir='ltr'><strong>ma-</strong></span> 
     </span>
    </p>
   </div>
   <div class='ocr_carea' id='block_1_30' title="bbox 1877 1557 3472 1618">
    <p class='ocr_par' dir='ltr' id='par_1_30' title="bbox 1877 1557 3472 1618">
     <span class='ocr_line' id='line_1_30' title="bbox 1877 1557 3472 1618; baseline -0.003 0"><span class='ocrx_word' id='word_1_189' title='bbox 1877 1560 2131 1618; x_wconf 86' lang='lat' dir='ltr'><strong>rientium</strong></span> <span class='ocrx_word' id='word_1_190' title='bbox 2163 1574 2284 1615; x_wconf 92' lang='lat' dir='ltr'><strong>cum</strong></span> <span class='ocrx_word' id='word_1_191' title='bbox 2318 1573 2529 1617; x_wconf 84' lang='lat' dir='ltr'><strong>summa</strong></span> <span class='ocrx_word' id='word_1_192' title='bbox 2559 1559 2823 1614; x_wconf 82' lang='lat' dir='ltr'><strong>suavitate</strong></span> <span class='ocrx_word' id='word_1_193' title='bbox 2855 1557 3205 1614; x_wconf 83' lang='lat' dir='ltr'><strong>resonabant.</strong></span> <span class='ocrx_word' id='word_1_194' title='bbox 3236 1557 3348 1614; x_wconf 87' lang='lat' dir='ltr'><strong>Nec</strong></span> <span class='ocrx_word' id='word_1_195' title='bbox 3391 1557 3472 1614; x_wconf 83' lang='lat' dir='ltr'><strong>sic</strong></span> 
     </span>
    </p>
   </div>
   <div class='ocr_carea' id='block_1_31' title="bbox 1877 1649 3470 1728">
    <p class='ocr_par' dir='ltr' id='par_1_31' title="bbox 1877 1649 3470 1728">
     <span class='ocr_line' id='line_1_31' title="bbox 1877 1649 3470 1728; baseline -0.002 -21"><span class='ocrx_word' id='word_1_196' title='bbox 1877 1654 2003 1709; x_wconf 88' lang='lat' dir='ltr'><strong>luna</strong></span> <span class='ocrx_word' id='word_1_197' title='bbox 2033 1654 2172 1710; x_wconf 87' lang='lat' dir='ltr'><strong>inter</strong></span> <span class='ocrx_word' id='word_1_198' title='bbox 2200 1652 2384 1711; x_wconf 83' lang='lat' dir='ltr'><strong>stellas</strong></span> <span class='ocrx_word' id='word_1_199' title='bbox 2426 1653 2676 1722; x_wconf 79' lang='lat' dir='ltr'><strong>refulget,</strong></span> <span class='ocrx_word' id='word_1_200' title='bbox 2722 1662 2778 1708; x_wconf 91' lang='lat' dir='ltr'><strong>ut</strong></span> <span class='ocrx_word' id='word_1_201' title='bbox 2830 1651 2973 1708; x_wconf 91' lang='lat' dir='ltr'><strong>inter</strong></span> <span class='ocrx_word' id='word_1_202' title='bbox 3005 1649 3148 1706; x_wconf 85' lang='lat' dir='ltr'><strong>ﬁlias</strong></span> <span class='ocrx_word' id='word_1_203' title='bbox 3193 1658 3386 1728; x_wconf 77' lang='lat' dir='ltr'><strong>mater,</strong></span> <span class='ocrx_word' id='word_1_204' title='bbox 3413 1657 3470 1704; x_wconf 83' lang='lat' dir='ltr'><strong>et</strong></span> 
     </span>
    </p>
   </div>
   <div class='ocr_carea' id='block_1_32' title="bbox 1876 1743 3476 1818">
    <p class='ocr_par' dir='ltr' id='par_1_32' title="bbox 1876 1743 3476 1818">
     <span class='ocr_line' id='line_1_32' title="bbox 1876 1743 3476 1818; baseline -0.004 -16"><span class='ocrx_word' id='word_1_205' title='bbox 1876 1761 2001 1802; x_wconf 88' lang='lat' dir='ltr'><strong>cum</strong></span> <span class='ocrx_word' id='word_1_206' title='bbox 2041 1760 2136 1802; x_wconf 87' lang='lat' dir='ltr'><strong>eos</strong></span> <span class='ocrx_word' id='word_1_207' title='bbox 2164 1745 2231 1802; x_wconf 91' lang='lat' dir='ltr'><strong>ad</strong></span> <span class='ocrx_word' id='word_1_208' title='bbox 2264 1747 2578 1818; x_wconf 85' lang='lat' dir='ltr'><strong>martyrium</strong></span> <span class='ocrx_word' id='word_1_209' title='bbox 2623 1745 2989 1801; x_wconf 90' lang='lat' dir='ltr'><strong>illuminatura</strong></span> <span class='ocrx_word' id='word_1_210' title='bbox 3031 1743 3345 1807; x_wconf 85' lang='lat' dir='ltr'><strong>deduceret,</strong></span> <span class='ocrx_word' id='word_1_211' title='bbox 3391 1755 3476 1796; x_wconf 88' lang='lat' dir='ltr'><strong>re—</strong></span> 
     </span>
    </p>
   </div>
   <div class='ocr_carea' id='block_1_33' title="bbox 162 1834 3468 1924">
    <p class='ocr_par' dir='ltr' id='par_1_33' title="bbox 162 1834 3468 1924">
     <span class='ocr_line' id='line_1_33' title="bbox 162 1834 3468 1924; baseline -0.002 -28"><span class='ocrx_word' id='word_1_212' title='bbox 162 1841 270 1896; x_wconf 90' lang='lat' dir='ltr'><strong>sed</strong></span> <span class='ocrx_word' id='word_1_213' title='bbox 305 1841 665 1911; x_wconf 86' lang='lat' dir='ltr'><strong>omnipotenti</strong></span> <span class='ocrx_word' id='word_1_214' title='bbox 689 1841 804 1897; x_wconf 91' lang='lat' dir='ltr'><strong>Deo</strong></span> <span class='ocrx_word' id='word_1_215' title='bbox 826 1850 1038 1896; x_wconf 87' lang='lat' dir='ltr'><strong>nostras</strong></span> <span class='ocrx_word' id='word_1_216' title='bbox 1061 1841 1377 1896; x_wconf 86' lang='lat' dir='ltr'><strong>devavimus</strong></span> <span class='ocrx_word' id='word_1_217' title='bbox 1403 1842 1611 1897; x_wconf 86' lang='lat' dir='ltr'><strong>animas</strong></span> <span class='ocrx_word' id='word_1_218' title='bbox 1632 1857 1769 1898; x_wconf 88' lang='lat' dir='ltr'><strong>:non</strong></span> <span class='ocrx_word' id='word_1_219' title='bbox 1800 1864 1847 1924; x_wconf 77' lang='grc' dir='ltr'><strong>Β</strong></span> <span class='ocrx_word' id='word_1_220' title='bbox 1876 1837 2135 1909; x_wconf 80' lang='lat' dir='ltr'><strong>fulgebat,</strong></span> <span class='ocrx_word' id='word_1_221' title='bbox 2164 1848 2219 1896; x_wconf 91' lang='lat' dir='ltr'><strong>et</strong></span> <span class='ocrx_word' id='word_1_222' title='bbox 2254 1853 2376 1896; x_wconf 89' lang='lat' dir='ltr'><strong>cum</strong></span> <span class='ocrx_word' id='word_1_223' title='bbox 2407 1837 2712 1908; x_wconf 78' lang='lat' dir='ltr'><strong>amplexata</strong></span> <span class='ocrx_word' id='word_1_224' title='bbox 2739 1838 2975 1894; x_wconf 83' lang='lat' dir='ltr'><strong>victores</strong></span> <span class='ocrx_word' id='word_1_225' title='bbox 3020 1835 3074 1892; x_wconf 88' lang='lat' dir='ltr'><strong>in</strong></span> <span class='ocrx_word' id='word_1_226' title='bbox 3103 1834 3282 1892; x_wconf 87' lang='lat' dir='ltr'><strong>media</strong></span> <span class='ocrx_word' id='word_1_227' title='bbox 3327 1834 3468 1890; x_wconf 81' lang='lat' dir='ltr'><strong>lilia-</strong></span> 
     </span>
    </p>
   </div>
   <div class='ocr_carea' id='block_1_34' title="bbox 159 1931 1771 1995">
    <p class='ocr_par' dir='ltr' id='par_1_34' title="bbox 159 1931 1771 1995">
     <span class='ocr_line' id='line_1_34' title="bbox 159 1931 1771 1995; baseline 0.001 -8"><span class='ocrx_word' id='word_1_228' title='bbox 159 1932 401 1995; x_wconf 88' lang='lat' dir='ltr'><strong>homini,</strong></span> <span class='ocrx_word' id='word_1_229' title='bbox 433 1931 528 1988; x_wconf 90' lang='lat' dir='ltr'><strong>sed</strong></span> <span class='ocrx_word' id='word_1_230' title='bbox 574 1931 778 1988; x_wconf 87' lang='lat' dir='ltr'><strong>auctori</strong></span> <span class='ocrx_word' id='word_1_231' title='bbox 827 1931 1070 1987; x_wconf 89' lang='lat' dir='ltr'><strong>omnium</strong></span> <span class='ocrx_word' id='word_1_232' title='bbox 1111 1933 1424 1986; x_wconf 81' lang='lat' dir='ltr'><strong>militamus.</strong></span> <span class='ocrx_word' id='word_1_233' title='bbox 1459 1931 1609 1988; x_wconf 88' lang='lat' dir='ltr'><strong>Talis</strong></span> <span class='ocrx_word' id='word_1_234' title='bbox 1651 1931 1771 1988; x_wconf 68' lang='lat' dir='ltr'><strong>haec</strong></span> 
     </span>
    </p>
   </div>
   <div class='ocr_carea' id='block_1_35' title="bbox 160 2023 1766 2097">
    <p class='ocr_par' dir='ltr' id='par_1_35' title="bbox 160 2023 1766 2097">
     <span class='ocr_line' id='line_1_35' title="bbox 160 2023 1766 2097; baseline 0.001 -17"><span class='ocrx_word' id='word_1_235' title='bbox 160 2041 352 2097; x_wconf 83' lang='lat' dir='ltr'><strong>pugna</strong></span> <span class='ocrx_word' id='word_1_236' title='bbox 376 2036 480 2092; x_wconf 87' lang='lat' dir='ltr'><strong>est,</strong></span> <span class='ocrx_word' id='word_1_237' title='bbox 509 2034 567 2079; x_wconf 93' lang='lat' dir='ltr'><strong>ut</strong></span> <span class='ocrx_word' id='word_1_238' title='bbox 598 2025 684 2079; x_wconf 87' lang='lat' dir='ltr'><strong>ille</strong></span> <span class='ocrx_word' id='word_1_239' title='bbox 706 2024 1000 2096; x_wconf 89' lang='lat' dir='ltr'><strong>gloriosius</strong></span> <span class='ocrx_word' id='word_1_240' title='bbox 1023 2023 1189 2097; x_wconf 57' lang='lat'><strong>479</strong></span> <span class='ocrx_word' id='word_1_241' title='bbox 1219 2027 1426 2089; x_wconf 84' lang='lat' dir='ltr'><strong>vicerit,</strong></span> <span class='ocrx_word' id='word_1_242' title='bbox 1451 2029 1541 2097; x_wconf 91' lang='lat' dir='ltr'><strong>qui</strong></span> <span class='ocrx_word' id='word_1_243' title='bbox 1569 2026 1766 2082; x_wconf 83' lang='lat' dir='ltr'><strong>crude-</strong></span> 
     </span>
    </p>
   </div>
   <div class='ocr_carea' id='block_1_36' title="bbox 159 2116 1770 2190">
    <p class='ocr_par' dir='ltr' id='par_1_36' title="bbox 159 2116 1770 2190">
     <span class='ocr_line' id='line_1_36' title="bbox 159 2116 1770 2190; baseline -0.001 -17"><span class='ocrx_word' id='word_1_244' title='bbox 159 2119 274 2173; x_wconf 89' lang='lat' dir='ltr'><strong>lius</strong></span> <span class='ocrx_word' id='word_1_245' title='bbox 299 2117 516 2174; x_wconf 86' lang='lat' dir='ltr'><strong>occisus</strong></span> <span class='ocrx_word' id='word_1_246' title='bbox 544 2118 718 2172; x_wconf 83' lang='lat' dir='ltr'><strong>fuerit.</strong></span> <span class='ocrx_word' id='word_1_247' title='bbox 752 2116 940 2188; x_wconf 85' lang='lat' dir='ltr'><strong>Itaque</strong></span> <span class='ocrx_word' id='word_1_248' title='bbox 975 2133 1136 2172; x_wconf 90' lang='lat' dir='ltr'><strong>nemo</strong></span> <span class='ocrx_word' id='word_1_249' title='bbox 1177 2119 1376 2186; x_wconf 91' lang='lat' dir='ltr'><strong>timuit,</strong></span> <span class='ocrx_word' id='word_1_250' title='bbox 1410 2135 1572 2174; x_wconf 90' lang='lat' dir='ltr'><strong>nemo</strong></span> <span class='ocrx_word' id='word_1_251' title='bbox 1603 2119 1770 2190; x_wconf 89' lang='lat' dir='ltr'><strong>trepi-</strong></span> 
     </span>
    </p>
   </div>
   <div class='ocr_carea' id='block_1_37' title="bbox 159 2208 1764 2281">
    <p class='ocr_par' dir='ltr' id='par_1_37' title="bbox 159 2208 1764 2281">
     <span class='ocr_line' id='line_1_37' title="bbox 159 2208 1764 2281; baseline -0.001 -15"><span class='ocrx_word' id='word_1_252' title='bbox 159 2211 342 2277; x_wconf 87' lang='lat' dir='ltr'><strong>davit,</strong></span> <span class='ocrx_word' id='word_1_253' title='bbox 373 2210 556 2266; x_wconf 91' lang='lat' dir='ltr'><strong>nullus</strong></span> <span class='ocrx_word' id='word_1_254' title='bbox 583 2210 649 2265; x_wconf 86' lang='lat' dir='ltr'><strong>ad</strong></span> <span class='ocrx_word' id='word_1_255' title='bbox 670 2220 896 2264; x_wconf 89' lang='lat' dir='ltr'><strong>mortem</strong></span> <span class='ocrx_word' id='word_1_256' title='bbox 924 2225 992 2265; x_wconf 78' lang='lat' dir='ltr'><strong>ex</strong></span> <span class='ocrx_word' id='word_1_257' title='bbox 1015 2218 1094 2264; x_wconf 91' lang='lat' dir='ltr'><strong>tot</strong></span> <span class='ocrx_word' id='word_1_258' title='bbox 1119 2208 1378 2264; x_wconf 78' lang='lat' dir='ltr'><strong>fratribus</strong></span> <span class='ocrx_word' id='word_1_259' title='bbox 1407 2211 1610 2281; x_wconf 85' lang='lat' dir='ltr'><strong>pigrior</strong></span> <span class='ocrx_word' id='word_1_260' title='bbox 1630 2212 1724 2265; x_wconf 90' lang='lat' dir='ltr'><strong>fuit</strong></span> <span class='ocrx_word' id='word_1_261' title='bbox 1752 2229 1764 2264; x_wconf 91' lang='lat'><strong>:</strong></span> 
     </span>
    </p>
   </div>
   <div class='ocr_carea' id='block_1_38' title="bbox 167 2303 1768 2375">
    <p class='ocr_par' dir='ltr' id='par_1_38' title="bbox 167 2303 1768 2375">
     <span class='ocr_line' id='line_1_38' title="bbox 167 2303 1768 2375; baseline -0.001 -14"><span class='ocrx_word' id='word_1_262' title='bbox 167 2305 266 2361; x_wconf 86' lang='lat' dir='ltr'><strong>sed</strong></span> <span class='ocrx_word' id='word_1_263' title='bbox 303 2319 497 2360; x_wconf 88' lang='lat' dir='ltr'><strong>omnes</strong></span> <span class='ocrx_word' id='word_1_264' title='bbox 525 2313 793 2375; x_wconf 89' lang='lat' dir='ltr'><strong>tamquam</strong></span> <span class='ocrx_word' id='word_1_265' title='bbox 825 2305 892 2360; x_wconf 89' lang='lat' dir='ltr'><strong>ad</strong></span> <span class='ocrx_word' id='word_1_266' title='bbox 921 2303 1342 2360; x_wconf 85' lang='lat' dir='ltr'><strong>immortalitatis</strong></span> <span class='ocrx_word' id='word_1_267' title='bbox 1387 2305 1548 2372; x_wconf 89' lang='lat' dir='ltr'><strong>viam,</strong></span> <span class='ocrx_word' id='word_1_268' title='bbox 1583 2305 1657 2360; x_wconf 90' lang='lat' dir='ltr'><strong>ita</strong></span> <span class='ocrx_word' id='word_1_269' title='bbox 1701 2303 1768 2360; x_wconf 83' lang='lat' dir='ltr'><strong>ad</strong></span> 
     </span>
    </p>
   </div>
   <div class='ocr_carea' id='block_1_39' title="bbox 160 2399 1769 2471">
    <p class='ocr_par' dir='ltr' id='par_1_39' title="bbox 160 2399 1769 2471">
     <span class='ocr_line' id='line_1_39' title="bbox 160 2399 1769 2471; baseline 0.002 -17"><span class='ocrx_word' id='word_1_270' title='bbox 160 2409 400 2455; x_wconf 87' lang='lat' dir='ltr'><strong>mortem</strong></span> <span class='ocrx_word' id='word_1_271' title='bbox 433 2415 530 2469; x_wconf 75' lang='lat' dir='ltr'><strong>per</strong></span> <span class='ocrx_word' id='word_1_272' title='bbox 576 2399 768 2454; x_wconf 87' lang='lat' dir='ltr'><strong>acerba</strong></span> <span class='ocrx_word' id='word_1_273' title='bbox 815 2400 1076 2470; x_wconf 87' lang='lat' dir='ltr'><strong>supplicia</strong></span> <span class='ocrx_word' id='word_1_274' title='bbox 1116 2412 1508 2471; x_wconf 88' lang='lat' dir='ltr'><strong>cucurrerunt;</strong></span> <span class='ocrx_word' id='word_1_275' title='bbox 1563 2413 1618 2461; x_wconf 92' lang='lat' dir='ltr'><strong>et</strong></span> <span class='ocrx_word' id='word_1_276' title='bbox 1653 2420 1769 2458; x_wconf 91' lang='lat' dir='ltr'><strong>ma-</strong></span> 
     </span>
    </p>
   </div>
   <div class='ocr_carea' id='block_1_40' title="bbox 160 2492 1768 2568">
    <p class='ocr_par' dir='ltr' id='par_1_40' title="bbox 160 2492 1768 2568">
     <span class='ocr_line' id='line_1_40' title="bbox 160 2492 1768 2568; baseline 0.004 -20"><span class='ocrx_word' id='word_1_277' title='bbox 160 2503 247 2550; x_wconf 87' lang='lat' dir='ltr'><strong>ter</strong></span> <span class='ocrx_word' id='word_1_278' title='bbox 276 2507 519 2548; x_wconf 85' lang='lat' dir='ltr'><strong>consona</strong></span> <span class='ocrx_word' id='word_1_279' title='bbox 563 2507 793 2548; x_wconf 82' lang='lat' dir='ltr'><strong>cernens</strong></span> <span class='ocrx_word' id='word_1_280' title='bbox 827 2492 1061 2548; x_wconf 87' lang='lat' dir='ltr'><strong>ﬁliorum</strong></span> <span class='ocrx_word' id='word_1_281' title='bbox 1092 2495 1328 2564; x_wconf 86' lang='lat' dir='ltr'><strong>agmina,</strong></span> <span class='ocrx_word' id='word_1_282' title='bbox 1376 2506 1648 2566; x_wconf 85' lang='lat' dir='ltr'><strong>tamquam</strong></span> <span class='ocrx_word' id='word_1_283' title='bbox 1679 2499 1768 2568; x_wconf 87' lang='lat' dir='ltr'><strong>pia</strong></span> 
     </span>
    </p>
   </div>
   <div class='ocr_carea' id='block_1_41' title="bbox 167 2579 1770 2660">
    <p class='ocr_par' dir='ltr' id='par_1_41' title="bbox 167 2579 1770 2660">
     <span class='ocr_line' id='line_1_41' title="bbox 167 2579 1770 2660; baseline 0.001 -18"><span class='ocrx_word' id='word_1_284' title='bbox 167 2587 358 2642; x_wconf 85' lang='lat' dir='ltr'><strong>aniina</strong></span> <span class='ocrx_word' id='word_1_285' title='bbox 390 2584 473 2640; x_wconf 88' lang='lat' dir='ltr'><strong>sui</strong></span> <span class='ocrx_word' id='word_1_286' title='bbox 502 2586 746 2640; x_wconf 89' lang='lat' dir='ltr'><strong>membra</strong></span> <span class='ocrx_word' id='word_1_287' title='bbox 779 2587 1029 2656; x_wconf 84' lang='lat' dir='ltr'><strong>corporis</strong></span> <span class='ocrx_word' id='word_1_288' title='bbox 1055 2586 1110 2640; x_wconf 91' lang='lat' dir='ltr'><strong>in</strong></span> <span class='ocrx_word' id='word_1_289' title='bbox 1137 2587 1258 2642; x_wconf 89' lang='lat' dir='ltr'><strong>liliis</strong></span> <span class='ocrx_word' id='word_1_290' title='bbox 1286 2587 1566 2658; x_wconf 89' lang='lat' dir='ltr'><strong>afferebat,</strong></span> <span class='ocrx_word' id='word_1_291' title='bbox 1597 2598 1651 2645; x_wconf 90' lang='lat' dir='ltr'><strong>et</strong></span> <span class='ocrx_word' id='word_1_292' title='bbox 1675 2579 1770 2660; x_wconf 82' lang='lat' dir='ltr'><strong>per</strong></span> 
     </span>
    </p>
   </div>
   <div class='ocr_carea' id='block_1_42' title="bbox 166 2681 1762 2749">
    <p class='ocr_par' dir='ltr' id='par_1_42' title="bbox 166 2681 1762 2749">
     <span class='ocr_line' id='line_1_42' title="bbox 166 2681 1762 2749; baseline 0.003 -14"><span class='ocrx_word' id='word_1_293' title='bbox 166 2691 325 2736; x_wconf 88' lang='lat' dir='ltr'><strong>artus</strong></span> <span class='ocrx_word' id='word_1_294' title='bbox 353 2681 602 2749; x_wconf 75' lang='lat' dir='ltr'><strong>prolirios</strong></span> <span class='ocrx_word' id='word_1_295' title='bbox 624 2681 907 2736; x_wconf 85' lang='lat' dir='ltr'><strong>videbatur</strong></span> <span class='ocrx_word' id='word_1_296' title='bbox 937 2682 1038 2736; x_wconf 84' lang='lat' dir='ltr'><strong>sibi</strong></span> <span class='ocrx_word' id='word_1_297' title='bbox 1071 2683 1242 2736; x_wconf 90' lang='lat' dir='ltr'><strong>votiva</strong></span> <span class='ocrx_word' id='word_1_298' title='bbox 1267 2683 1445 2738; x_wconf 88' lang='lat' dir='ltr'><strong>subire</strong></span> <span class='ocrx_word' id='word_1_299' title='bbox 1473 2693 1762 2739; x_wconf 88' lang='lat' dir='ltr'><strong>tormenta.</strong></span> 
     </span>
    </p>
   </div>
   <div class='ocr_carea' id='block_1_43' title="bbox 243 2772 1769 2842">
    <p class='ocr_par' dir='ltr' id='par_1_43' title="bbox 243 2772 1769 2842">
     <span class='ocr_line' id='line_1_43' title="bbox 243 2772 1769 2842; baseline 0.002 -14"><span class='ocrx_word' id='word_1_300' title='bbox 243 2773 334 2828; x_wconf 83' lang='grc'><strong>56.</strong></span> <span class='ocrx_word' id='word_1_301' title='bbox 387 2772 665 2829; x_wconf 86' lang='lat' dir='ltr'><strong>Cadebant</strong></span> <span class='ocrx_word' id='word_1_302' title='bbox 715 2774 808 2829; x_wconf 88' lang='lat' dir='ltr'><strong>ﬁlii</strong></span> <span class='ocrx_word' id='word_1_303' title='bbox 862 2774 1147 2830; x_wconf 90' lang='lat' dir='ltr'><strong>tormentis</strong></span> <span class='ocrx_word' id='word_1_304' title='bbox 1193 2775 1513 2842; x_wconf 84' lang='lat' dir='ltr'><strong>exulcerati,</strong></span> <span class='ocrx_word' id='word_1_305' title='bbox 1570 2776 1769 2831; x_wconf 89' lang='lat' dir='ltr'><strong>mortui</strong></span> 
     </span>
    </p>
   </div>
   <div class='ocr_carea' id='block_1_44' title="bbox 167 2867 1771 2942">
    <p class='ocr_par' dir='ltr' id='par_1_44' title="bbox 167 2867 1771 2942">
     <span class='ocr_line' id='line_1_44' title="bbox 167 2867 1771 2942; baseline 0.002 -20"><span class='ocrx_word' id='word_1_306' title='bbox 167 2880 338 2936; x_wconf 87' lang='lat' dir='ltr'><strong>super</strong></span> <span class='ocrx_word' id='word_1_307' title='bbox 381 2877 622 2922; x_wconf 84' lang='lat' dir='ltr'><strong>mortuos</strong></span> <span class='ocrx_word' id='word_1_308' title='bbox 665 2867 1115 2936; x_wconf 87' lang='lat' dir='ltr'><strong>advolvebantur,</strong></span> <span class='ocrx_word' id='word_1_309' title='bbox 1161 2885 1390 2940; x_wconf 87' lang='lat' dir='ltr'><strong>corpora</strong></span> <span class='ocrx_word' id='word_1_310' title='bbox 1436 2886 1601 2942; x_wconf 86' lang='lat' dir='ltr'><strong>super</strong></span> <span class='ocrx_word' id='word_1_311' title='bbox 1650 2886 1771 2926; x_wconf 83' lang='lat' dir='ltr'><strong>cor-</strong></span> 
     </span>
    </p>
   </div>
   <div class='ocr_carea' id='block_1_45' title="bbox 169 2959 1764 3034">
    <p class='ocr_par' dir='ltr' id='par_1_45' title="bbox 169 2959 1764 3034">
     <span class='ocr_line' id='line_1_45' title="bbox 169 2959 1764 3034; baseline 0.003 -19"><span class='ocrx_word' id='word_1_312' title='bbox 169 2976 307 3033; x_wconf 88' lang='lat' dir='ltr'><strong>pora</strong></span> <span class='ocrx_word' id='word_1_313' title='bbox 338 2959 743 3028; x_wconf 87' lang='lat' dir='ltr'><strong>volutabantur,</strong></span> <span class='ocrx_word' id='word_1_314' title='bbox 767 2963 942 3031; x_wconf 86' lang='lat' dir='ltr'><strong>capita</strong></span> <span class='ocrx_word' id='word_1_315' title='bbox 967 2979 1130 3033; x_wconf 89' lang='lat' dir='ltr'><strong>super</strong></span> <span class='ocrx_word' id='word_1_316' title='bbox 1150 2964 1329 3034; x_wconf 84' lang='lat' dir='ltr'><strong>capita</strong></span> <span class='ocrx_word' id='word_1_317' title='bbox 1350 2966 1764 3021; x_wconf 77' lang='lat' dir='ltr'><strong>exsecabantur.</strong></span> 
     </span>
    </p>
   </div>
   <div class='ocr_carea' id='block_1_46' title="bbox 169 3051 1772 3123">
    <p class='ocr_par' dir='ltr' id='par_1_46' title="bbox 169 3051 1772 3123">
     <span class='ocr_line' id='line_1_46' title="bbox 169 3051 1772 3123; baseline 0.004 -16"><span class='ocrx_word' id='word_1_318' title='bbox 169 3051 432 3108; x_wconf 82' lang='lat' dir='ltr'><strong>Refertus</strong></span> <span class='ocrx_word' id='word_1_319' title='bbox 458 3062 581 3108; x_wconf 86' lang='lat' dir='ltr'><strong>erat</strong></span> <span class='ocrx_word' id='word_1_320' title='bbox 607 3053 759 3108; x_wconf 89' lang='lat' dir='ltr'><strong>locus</strong></span> <span class='ocrx_word' id='word_1_321' title='bbox 802 3054 1161 3111; x_wconf 80' lang='lat' dir='ltr'><strong>cadaveribus</strong></span> <span class='ocrx_word' id='word_1_322' title='bbox 1194 3056 1449 3123; x_wconf 82' lang='lat' dir='ltr'><strong>ﬁliarum,</strong></span> <span class='ocrx_word' id='word_1_323' title='bbox 1486 3073 1592 3112; x_wconf 88' lang='lat' dir='ltr'><strong>non</strong></span> <span class='ocrx_word' id='word_1_324' title='bbox 1619 3059 1772 3114; x_wconf 85' lang='lat' dir='ltr'><strong>ﬂevit</strong></span> 
     </span>
    </p>
   </div>
   <div class='ocr_carea' id='block_1_47' title="bbox 170 3145 1769 3221">
    <p class='ocr_par' dir='ltr' id='par_1_47' title="bbox 170 3145 1769 3221">
     <span class='ocr_line' id='line_1_47' title="bbox 170 3145 1769 3221; baseline 0.006 -24"><span class='ocrx_word' id='word_1_325' title='bbox 170 3153 370 3209; x_wconf 87' lang='lat' dir='ltr'><strong>mater,</strong></span> <span class='ocrx_word' id='word_1_326' title='bbox 424 3161 528 3198; x_wconf 88' lang='lat' dir='ltr'><strong>non</strong></span> <span class='ocrx_word' id='word_1_327' title='bbox 579 3145 868 3202; x_wconf 87' lang='lat' dir='ltr'><strong>lamentata</strong></span> <span class='ocrx_word' id='word_1_328' title='bbox 914 3155 1031 3212; x_wconf 90' lang='lat' dir='ltr'><strong>est;</strong></span> <span class='ocrx_word' id='word_1_329' title='bbox 1067 3162 1172 3202; x_wconf 93' lang='lat' dir='ltr'><strong>non</strong></span> <span class='ocrx_word' id='word_1_330' title='bbox 1213 3148 1403 3204; x_wconf 90' lang='lat' dir='ltr'><strong>oculos</strong></span> <span class='ocrx_word' id='word_1_331' title='bbox 1451 3151 1769 3221; x_wconf 85' lang='lat' dir='ltr'><strong>cujusquam</strong></span> 
     </span>
    </p>
   </div>
   <div class='ocr_carea' id='block_1_48' title="bbox 173 3239 1840 3339">
    <p class='ocr_par' dir='ltr' id='par_1_48' title="bbox 173 3239 1840 3339">
     <span class='ocr_line' id='line_1_48' title="bbox 173 3239 1840 3339; baseline 0.005 -45"><span class='ocrx_word' id='word_1_332' title='bbox 173 3239 393 3310; x_wconf 84' lang='lat' dir='ltr'><strong>pressit,</strong></span> <span class='ocrx_word' id='word_1_333' title='bbox 427 3248 520 3293; x_wconf 90' lang='lat' dir='ltr'><strong>aut</strong></span> <span class='ocrx_word' id='word_1_334' title='bbox 547 3255 640 3294; x_wconf 86' lang='lat' dir='ltr'><strong>ora</strong></span> <span class='ocrx_word' id='word_1_335' title='bbox 665 3241 952 3298; x_wconf 88' lang='lat' dir='ltr'><strong>morientis</strong></span> <span class='ocrx_word' id='word_1_336' title='bbox 982 3242 1200 3309; x_wconf 86' lang='lat' dir='ltr'><strong>clausit;</strong></span> <span class='ocrx_word' id='word_1_337' title='bbox 1232 3258 1338 3298; x_wconf 90' lang='lat' dir='ltr'><strong>non</strong></span> <span class='ocrx_word' id='word_1_338' title='bbox 1363 3244 1494 3300; x_wconf 87' lang='lat' dir='ltr'><strong>lavit</strong></span> <span class='ocrx_word' id='word_1_339' title='bbox 1521 3247 1764 3314; x_wconf 85' lang='lat' dir='ltr'><strong>vulnera,</strong></span> <span class='ocrx_word' id='word_1_340' title='bbox 1794 3277 1840 3339; x_wconf 70' lang='grc' dir='ltr'>Ο</span> 
     </span>
    </p>
   </div>
   <div class='ocr_carea' id='block_1_49' title="bbox 172 3331 1770 3409">
    <p class='ocr_par' dir='ltr' id='par_1_49' title="bbox 172 3331 1770 3409">
     <span class='ocr_line' id='line_1_49' title="bbox 172 3331 1770 3409; baseline 0.006 -24"><span class='ocrx_word' id='word_1_341' title='bbox 172 3332 352 3386; x_wconf 90' lang='lat' dir='ltr'><strong>sciens</strong></span> <span class='ocrx_word' id='word_1_342' title='bbox 381 3331 732 3401; x_wconf 84' lang='lat' dir='ltr'><strong>gloriosiares</strong></span> <span class='ocrx_word' id='word_1_343' title='bbox 762 3349 905 3398; x_wconf 86' lang='lat' dir='ltr'><strong>esse,</strong></span> <span class='ocrx_word' id='word_1_344' title='bbox 939 3335 984 3390; x_wconf 91' lang='lat' dir='ltr'><strong>si</strong></span> <span class='ocrx_word' id='word_1_345' title='bbox 1013 3337 1301 3390; x_wconf 87' lang='lat' dir='ltr'><strong>eviscerati</strong></span> <span class='ocrx_word' id='word_1_346' title='bbox 1328 3349 1381 3392; x_wconf 90' lang='lat' dir='ltr'><strong>et</strong></span> <span class='ocrx_word' id='word_1_347' title='bbox 1412 3339 1652 3394; x_wconf 85' lang='lat' dir='ltr'><strong>concreti</strong></span> <span class='ocrx_word' id='word_1_348' title='bbox 1678 3355 1770 3409; x_wconf 90' lang='lat' dir='ltr'><strong>pa-</strong></span> 
     </span>
    </p>
   </div>
   <div class='ocr_carea' id='block_1_50' title="bbox 173 3425 1768 3501">
    <p class='ocr_par' dir='ltr' id='par_1_50' title="bbox 173 3425 1768 3501">
     <span class='ocr_line' id='line_1_50' title="bbox 173 3425 1768 3501; baseline 0.007 -22"><span class='ocrx_word' id='word_1_349' title='bbox 173 3425 305 3480; x_wconf 91' lang='lat' dir='ltr'><strong>riter</strong></span> <span class='ocrx_word' id='word_1_350' title='bbox 337 3426 561 3494; x_wconf 88' lang='lat' dir='ltr'><strong>pulvere</strong></span> <span class='ocrx_word' id='word_1_351' title='bbox 589 3436 646 3481; x_wconf 92' lang='lat' dir='ltr'><strong>et</strong></span> <span class='ocrx_word' id='word_1_352' title='bbox 686 3428 952 3498; x_wconf 88' lang='lat' dir='ltr'><strong>sanguine</strong></span> <span class='ocrx_word' id='word_1_353' title='bbox 988 3428 1323 3495; x_wconf 89' lang='lat' dir='ltr'><strong>viderentur,</strong></span> <span class='ocrx_word' id='word_1_354' title='bbox 1355 3432 1542 3501; x_wconf 83' lang='lat' dir='ltr'><strong>quales</strong></span> <span class='ocrx_word' id='word_1_355' title='bbox 1586 3434 1768 3490; x_wconf 84' lang='lat' dir='ltr'><strong>solent</strong></span> 
     </span>
    </p>
   </div>
   <div class='ocr_carea' id='block_1_51' title="bbox 169 3516 1762 3596">
    <p class='ocr_par' dir='ltr' id='par_1_51' title="bbox 169 3516 1762 3596">
     <span class='ocr_line' id='line_1_51' title="bbox 169 3516 1762 3596; baseline 0.009 -26"><span class='ocrx_word' id='word_1_356' title='bbox 169 3516 237 3572; x_wconf 91' lang='lat' dir='ltr'><strong>de</strong></span> <span class='ocrx_word' id='word_1_357' title='bbox 285 3517 426 3572; x_wconf 88' lang='lat' dir='ltr'><strong>bello</strong></span> <span class='ocrx_word' id='word_1_358' title='bbox 469 3517 650 3574; x_wconf 87' lang='lat' dir='ltr'><strong>redire</strong></span> <span class='ocrx_word' id='word_1_359' title='bbox 695 3519 954 3586; x_wconf 88' lang='lat' dir='ltr'><strong>victores,</strong></span> <span class='ocrx_word' id='word_1_360' title='bbox 982 3521 1170 3591; x_wconf 87' lang='lat' dir='ltr'><strong>quales</strong></span> <span class='ocrx_word' id='word_1_361' title='bbox 1215 3523 1394 3580; x_wconf 90' lang='lat' dir='ltr'><strong>solent</strong></span> <span class='ocrx_word' id='word_1_362' title='bbox 1443 3534 1644 3596; x_wconf 58' lang='lat' dir='ltr'><strong>tropa‘a</strong></span> <span class='ocrx_word' id='word_1_363' title='bbox 1695 3542 1762 3584; x_wconf 82' lang='lat' dir='ltr'><strong>ex</strong></span> 
     </span>
    </p>
   </div>
   <div class='ocr_carea' id='block_1_52' title="bbox 171 3607 1760 3686">
    <p class='ocr_par' dir='ltr' id='par_1_52' title="bbox 171 3607 1760 3686">
     <span class='ocr_line' id='line_1_52' title="bbox 171 3607 1760 3686; baseline 0.009 -24"><span class='ocrx_word' id='word_1_364' title='bbox 171 3607 415 3664; x_wconf 78' lang='lat' dir='ltr'><strong>hastibus</strong></span> <span class='ocrx_word' id='word_1_365' title='bbox 459 3620 766 3680; x_wconf 88' lang='lat' dir='ltr'><strong>reportare.</strong></span> <span class='ocrx_word' id='word_1_366' title='bbox 813 3611 931 3668; x_wconf 84' lang='lat' dir='ltr'><strong>Non</strong></span> <span class='ocrx_word' id='word_1_367' title='bbox 983 3613 1396 3684; x_wconf 73' lang='lat' dir='ltr'><strong>super-iacienda</strong></span> <span class='ocrx_word' id='word_1_368' title='bbox 1450 3619 1719 3677; x_wconf 87' lang='lat' dir='ltr'><strong>velamina</strong></span> <span class='ocrx_word' id='word_1_369' title='bbox 1746 3662 1760 3686; x_wconf 93' lang='lat'><strong>,</strong></span> 
     </span>
    </p>
   </div>
   <div class='ocr_carea' id='block_1_53' title="bbox 171 3703 1766 3780">
    <p class='ocr_par' dir='ltr' id='par_1_53' title="bbox 171 3703 1766 3780">
     <span class='ocr_line' id='line_1_53' title="bbox 171 3703 1766 3780; baseline 0.008 -23"><span class='ocrx_word' id='word_1_370' title='bbox 171 3717 274 3757; x_wconf 92' lang='lat' dir='ltr'><strong>non</strong></span> <span class='ocrx_word' id='word_1_371' title='bbox 306 3703 712 3772; x_wconf 86' lang='lat' dir='ltr'><strong>prosequendas</strong></span> <span class='ocrx_word' id='word_1_372' title='bbox 735 3705 1042 3775; x_wconf 75' lang='lat' dir='ltr'><strong>exsequias,</strong></span> <span class='ocrx_word' id='word_1_373' title='bbox 1075 3706 1178 3761; x_wconf 85' lang='lat' dir='ltr'><strong>nisi</strong></span> <span class='ocrx_word' id='word_1_374' title='bbox 1207 3721 1320 3763; x_wconf 82' lang='lat' dir='ltr'><strong>suae</strong></span> <span class='ocrx_word' id='word_1_375' title='bbox 1348 3725 1566 3780; x_wconf 84' lang='lat' dir='ltr'><strong>quoque</strong></span> <span class='ocrx_word' id='word_1_376' title='bbox 1595 3715 1766 3771; x_wconf 90' lang='lat' dir='ltr'><strong>comi-</strong></span> 
     </span>
    </p>
   </div>
   <div class='ocr_carea' id='block_1_54' title="bbox 173 3796 1767 3866">
    <p class='ocr_par' dir='ltr' id='par_1_54' title="bbox 173 3796 1767 3866">
     <span class='ocr_line' id='line_1_54' title="bbox 173 3796 1767 3866; baseline 0.01 -18"><span class='ocrx_word' id='word_1_377' title='bbox 173 3804 284 3849; x_wconf 91' lang='lat' dir='ltr'><strong>tatu</strong></span> <span class='ocrx_word' id='word_1_378' title='bbox 314 3796 788 3854; x_wconf 75' lang='lat' dir='ltr'><strong>martis’arhitrata</strong></span> <span class='ocrx_word' id='word_1_379' title='bbox 816 3808 920 3853; x_wconf 83' lang='lat' dir='ltr'><strong>est.</strong></span> <span class='ocrx_word' id='word_1_380' title='bbox 947 3799 1081 3866; x_wconf 60' lang='lat' dir='ltr'><strong>Quae</strong></span> <span class='ocrx_word' id='word_1_381' title='bbox 1099 3800 1309 3856; x_wconf 89' lang='lat' dir='ltr'><strong>cithara</strong></span> <span class='ocrx_word' id='word_1_382' title='bbox 1337 3803 1610 3863; x_wconf 88' lang='lat' dir='ltr'><strong>dulciores</strong></span> <span class='ocrx_word' id='word_1_383' title='bbox 1637 3807 1767 3863; x_wconf 85' lang='lat' dir='ltr'><strong>edc-</strong></span> 
     </span>
    </p>
   </div>
   <div class='ocr_carea' id='block_1_55' title="bbox 245 3935 1756 4014">
    <p class='ocr_par' dir='ltr' id='par_1_55' title="bbox 245 3935 1756 4014">
     <span class='ocr_line' id='line_1_55' title="bbox 245 3935 1756 4014; baseline 0.009 -24"><span class='ocrx_word' id='word_1_384' title='bbox 245 3935 486 3991; x_wconf 67' lang='lat' dir='ltr'><strong>“Omnes</strong></span> <span class='ocrx_word' id='word_1_385' title='bbox 539 3935 697 4005; x_wconf 81' lang='lat' dir='ltr'><strong>edit.,</strong></span> <span class='ocrx_word' id='word_1_386' title='bbox 749 3938 994 4007; x_wconf 80' lang='lat' dir='ltr'><strong>impetum</strong></span> <span class='ocrx_word' id='word_1_387' title='bbox 1042 3949 1294 4014; x_wconf 78' lang='lat' dir='ltr'><strong>petamus.</strong></span> <span class='ocrx_word' id='word_1_388' title='bbox 1341 3941 1542 4000; x_wconf 88' lang='lat' dir='ltr'><strong>Omnes</strong></span> <span class='ocrx_word' id='word_1_389' title='bbox 1596 3963 1756 4014; x_wconf 85' lang='lat' dir='ltr'><strong>mss.,</strong></span> 
     </span>
    </p>
   </div>
   <div class='ocr_carea' id='block_1_56' title="bbox 176 4008 1758 4091">
    <p class='ocr_par' dir='ltr' id='par_1_56' title="bbox 176 4008 1758 4091">
     <span class='ocr_line' id='line_1_56' title="bbox 176 4008 1758 4091; baseline 0.008 -31"><span class='ocrx_word' id='word_1_390' title='bbox 176 4008 412 4091; x_wconf 83' lang='lat' dir='ltr'><strong>impetum</strong></span> <span class='ocrx_word' id='word_1_391' title='bbox 440 4017 782 4091; x_wconf 85' lang='lat' dir='ltr'><strong>proteramus,</strong></span> <span class='ocrx_word' id='word_1_392' title='bbox 814 4008 1051 4082; x_wconf 75' lang='lat' dir='ltr'><strong>excepto</strong></span> <span class='ocrx_word' id='word_1_393' title='bbox 1075 4026 1184 4068; x_wconf 91' lang='lat' dir='ltr'><strong>uno</strong></span> <span class='ocrx_word' id='word_1_394' title='bbox 1207 4013 1352 4082; x_wconf 81' lang='lat' dir='ltr'><strong>Vat.,</strong></span> <span class='ocrx_word' id='word_1_395' title='bbox 1383 4017 1434 4070; x_wconf 91' lang='lat' dir='ltr'><strong>in</strong></span> <span class='ocrx_word' id='word_1_396' title='bbox 1461 4031 1567 4087; x_wconf 91' lang='lat' dir='ltr'><strong>quo</strong></span> <span class='ocrx_word' id='word_1_397' title='bbox 1591 4008 1758 4091; x_wconf 52' lang='lat' dir='ltr'><strong>impe;</strong></span> 
     </span>
    </p>
   </div>
   <div class='ocr_carea' id='block_1_57' title="bbox 180 4088 671 4152">
    <p class='ocr_par' dir='ltr' id='par_1_57' title="bbox 180 4088 671 4152">
     <span class='ocr_line' id='line_1_57' title="bbox 180 4088 671 4152; baseline 0.004 -19"><span class='ocrx_word' id='word_1_398' title='bbox 180 4088 671 4152; x_wconf 23' lang='lat' dir='ltr'><strong>tuntiperpIamus.</strong></span> 
     </span>
    </p>
   </div>
   <div class='ocr_carea' id='block_1_58' title="bbox 243 4150 1763 4234">
    <p class='ocr_par' dir='ltr' id='par_1_58' title="bbox 243 4150 1763 4234">
     <span class='ocr_line' id='line_1_58' title="bbox 243 4150 1763 4234; baseline 0.009 -29"><span class='ocrx_word' id='word_1_399' title='bbox 243 4150 454 4207; x_wconf 59' lang='grc' dir='ltr'><strong>ιῚὶοιηζ</strong></span> <span class='ocrx_word' id='word_1_400' title='bbox 494 4151 624 4210; x_wconf 89' lang='lat' dir='ltr'><strong>edit.</strong></span> <span class='ocrx_word' id='word_1_401' title='bbox 675 4153 813 4222; x_wconf 87' lang='lat' dir='ltr'><strong>sola,</strong></span> <span class='ocrx_word' id='word_1_402' title='bbox 855 4155 986 4211; x_wconf 88' lang='lat' dir='ltr'><strong>sicut</strong></span> <span class='ocrx_word' id='word_1_403' title='bbox 1032 4171 1200 4226; x_wconf 86' lang='lat' dir='ltr'><strong>mors,</strong></span> <span class='ocrx_word' id='word_1_404' title='bbox 1248 4157 1412 4216; x_wconf 88' lang='lat' dir='ltr'><strong>durus</strong></span> <span class='ocrx_word' id='word_1_405' title='bbox 1447 4160 1576 4216; x_wconf 80' lang='lat' dir='ltr'><strong>sicut</strong></span> <span class='ocrx_word' id='word_1_406' title='bbox 1611 4162 1763 4234; x_wconf 73' lang='lat' dir='ltr'><strong>inferi</strong></span> 
     </span>
    </p>
   </div>
   <div class='ocr_carea' id='block_1_59' title="bbox 1861 4023 2766 4089">
    <p class='ocr_par' dir='ltr' id='par_1_59' title="bbox 1861 4023 2766 4089">
     <span class='ocr_line' id='line_1_59' title="bbox 1861 4023 2766 4089; baseline 0.001 -13"><span class='ocrx_word' id='word_1_407' title='bbox 1861 4023 2016 4077; x_wconf 83' lang='lat' dir='ltr'><strong>Cant.</strong></span> <span class='ocrx_word' id='word_1_408' title='bbox 2070 4040 2198 4086; x_wconf 82' lang='lat' dir='ltr'><strong>vm.</strong></span> <span class='ocrx_word' id='word_1_409' title='bbox 2248 4025 2312 4089; x_wconf 89' lang='lat'><strong>6,</strong></span> <span class='ocrx_word' id='word_1_410' title='bbox 2358 4024 2428 4078; x_wconf 88' lang='lat' dir='ltr'><strong>ita</strong></span> <span class='ocrx_word' id='word_1_411' title='bbox 2466 4024 2766 4078; x_wconf 78' lang='lat' dir='ltr'><strong>scribitur:</strong></span> 
     </span>
    </p>
   </div>
   <div class='ocr_carea' id='block_1_60' title="bbox 1875 1931 2240 2002">
    <p class='ocr_par' dir='ltr' id='par_1_60' title="bbox 1875 1931 2240 2002">
     <span class='ocr_line' id='line_1_60' title="bbox 1875 1931 2240 2002; baseline -0.011 -14"><span class='ocrx_word' id='word_1_412' title='bbox 1875 1947 1998 1989; x_wconf 88' lang='lat' dir='ltr'><strong>rum</strong></span> <span class='ocrx_word' id='word_1_413' title='bbox 2010 1931 2240 2002; x_wconf 85' lang='lat' dir='ltr'><strong>jaceret.</strong></span> 
     </span>
    </p>
   </div>
   <div class='ocr_carea' id='block_1_61' title="bbox 1943 2022 3465 2092">
    <p class='ocr_par' dir='ltr' id='par_1_61' title="bbox 1943 2022 3465 2092">
     <span class='ocr_line' id='line_1_61' title="bbox 1943 2022 3465 2092; baseline -0.001 -11"><span class='ocrx_word' id='word_1_414' title='bbox 1943 2025 2033 2081; x_wconf 82' lang='lat'><strong>57.</strong></span> <span class='ocrx_word' id='word_1_415' title='bbox 2067 2023 2112 2082; x_wconf 94' lang='lat'><strong>0</strong></span> <span class='ocrx_word' id='word_1_416' title='bbox 2141 2041 2265 2082; x_wconf 86' lang='lat' dir='ltr'><strong>vera</strong></span> <span class='ocrx_word' id='word_1_417' title='bbox 2298 2034 2470 2082; x_wconf 90' lang='lat' dir='ltr'><strong>mater</strong></span> <span class='ocrx_word' id='word_1_418' title='bbox 2490 2024 2778 2082; x_wconf 88' lang='lat' dir='ltr'><strong>adamante</strong></span> <span class='ocrx_word' id='word_1_419' title='bbox 2799 2023 3010 2092; x_wconf 87' lang='lat' dir='ltr'><strong>fortior,</strong></span> <span class='ocrx_word' id='word_1_420' title='bbox 3042 2023 3205 2081; x_wconf 91' lang='lat' dir='ltr'><strong>melle</strong></span> <span class='ocrx_word' id='word_1_421' title='bbox 3229 2022 3465 2089; x_wconf 87' lang='lat' dir='ltr'><strong>dulcior,</strong></span> 
     </span>
    </p>
   </div>
   <div class='ocr_carea' id='block_1_62' title="bbox 1871 2116 3466 2186">
    <p class='ocr_par' dir='ltr' id='par_1_62' title="bbox 1871 2116 3466 2186">
     <span class='ocr_line' id='line_1_62' title="bbox 1871 2116 3466 2186; baseline -0.002 -13"><span class='ocrx_word' id='word_1_422' title='bbox 1871 2117 2005 2174; x_wconf 84' lang='lat' dir='ltr'><strong>ﬂare</strong></span> <span class='ocrx_word' id='word_1_423' title='bbox 2028 2117 2387 2186; x_wconf 82' lang='lat' dir='ltr'><strong>fragrantiorl</strong></span> <span class='ocrx_word' id='word_1_424' title='bbox 2422 2132 2454 2172; x_wconf 91' lang='grc' dir='ltr'>ο</span> <span class='ocrx_word' id='word_1_425' title='bbox 2481 2116 2860 2174; x_wconf 87' lang='lat' dir='ltr'><strong>indissolubile</strong></span> <span class='ocrx_word' id='word_1_426' title='bbox 2893 2116 3106 2186; x_wconf 83' lang='lat' dir='ltr'><strong>pietatis</strong></span> <span class='ocrx_word' id='word_1_427' title='bbox 3154 2116 3466 2171; x_wconf 85' lang='lat' dir='ltr'><strong>vinculum!</strong></span> 
     </span>
    </p>
   </div>
   <div class='ocr_carea' id='block_1_63' title="bbox 1871 2207 3466 2274">
    <p class='ocr_par' dir='ltr' id='par_1_63' title="bbox 1871 2207 3466 2274">
     <span class='ocr_line' id='line_1_63' title="bbox 1871 2207 3466 2274; baseline -0.002 -9"><span class='ocrx_word' id='word_1_428' title='bbox 1871 2223 1905 2265; x_wconf 91' lang='lat'><strong>0</strong></span> <span class='ocrx_word' id='word_1_429' title='bbox 1936 2224 2066 2266; x_wconf 86' lang='lat' dir='ltr'><strong>vere</strong></span> <span class='ocrx_word' id='word_1_430' title='bbox 2095 2209 2270 2266; x_wconf 85' lang='lat' dir='ltr'><strong>valida</strong></span> <span class='ocrx_word' id='word_1_431' title='bbox 2301 2210 2542 2266; x_wconf 89' lang='lat' dir='ltr'><strong>charitas</strong></span> <span class='ocrx_word' id='word_1_432' title='bbox 2570 2207 2598 2248; x_wconf 65' lang='grc' dir='ltr'>δ</span> <span class='ocrx_word' id='word_1_433' title='bbox 2619 2209 2764 2265; x_wconf 88' lang='lat' dir='ltr'><strong>sicut</strong></span> <span class='ocrx_word' id='word_1_434' title='bbox 2787 2225 2935 2264; x_wconf 82' lang='lat' dir='ltr'><strong>nmrs</strong></span> <span class='ocrx_word' id='word_1_435' title='bbox 2960 2209 3116 2274; x_wconf 87' lang='lat' dir='ltr'><strong>dura,</strong></span> <span class='ocrx_word' id='word_1_436' title='bbox 3138 2208 3275 2264; x_wconf 85' lang='lat' dir='ltr'><strong>sicut</strong></span> <span class='ocrx_word' id='word_1_437' title='bbox 3308 2207 3466 2264; x_wconf 89' lang='lat' dir='ltr'><strong>inferi</strong></span> 
     </span>
    </p>
   </div>
   <div class='ocr_carea' id='block_1_64' title="bbox 1869 2302 3467 2370">
    <p class='ocr_par' dir='ltr' id='par_1_64' title="bbox 1869 2302 3467 2370">
     <span class='ocr_line' id='line_1_64' title="bbox 1869 2302 3467 2370; baseline -0.002 -11"><span class='ocrx_word' id='word_1_438' title='bbox 1869 2303 2020 2359; x_wconf 82' lang='lat' dir='ltr'><strong>zelus</strong></span> <span class='ocrx_word' id='word_1_439' title='bbox 2040 2302 2349 2358; x_wconf 87' lang='lat' dir='ltr'><strong>devotionis</strong></span> <span class='ocrx_word' id='word_1_440' title='bbox 2366 2319 2429 2357; x_wconf 88' lang='lat' dir='ltr'><strong>ac</strong></span> <span class='ocrx_word' id='word_1_441' title='bbox 2452 2303 2606 2358; x_wconf 84' lang='lat' dir='ltr'><strong>fidei!</strong></span> <span class='ocrx_word' id='word_1_442' title='bbox 2636 2302 2792 2358; x_wconf 85' lang='lat' dir='ltr'><strong>Nulla</strong></span> <span class='ocrx_word' id='word_1_443' title='bbox 2818 2313 3087 2358; x_wconf 83' lang='lat' dir='ltr'><strong>tantarum</strong></span> <span class='ocrx_word' id='word_1_444' title='bbox 3113 2302 3314 2356; x_wconf 89' lang='lat' dir='ltr'><strong>diluvia</strong></span> <span class='ocrx_word' id='word_1_445' title='bbox 3340 2316 3467 2370; x_wconf 84' lang='lat' dir='ltr'><strong>pas-</strong></span> 
     </span>
    </p>
   </div>
   <div class='ocr_carea' id='block_1_65' title="bbox 1870 2397 3464 2468">
    <p class='ocr_par' dir='ltr' id='par_1_65' title="bbox 1870 2397 3464 2468">
     <span class='ocr_line' id='line_1_65' title="bbox 1870 2397 3464 2468; baseline -0.001 -16"><span class='ocrx_word' id='word_1_446' title='bbox 1870 2398 2087 2454; x_wconf 90' lang='lat' dir='ltr'><strong>sionum</strong></span> <span class='ocrx_word' id='word_1_447' title='bbox 2120 2408 2266 2454; x_wconf 90' lang='lat' dir='ltr'><strong>tuam</strong></span> <span class='ocrx_word' id='word_1_448' title='bbox 2295 2407 2588 2468; x_wconf 89' lang='lat' dir='ltr'><strong>potuerunt</strong></span> <span class='ocrx_word' id='word_1_449' title='bbox 2624 2398 2949 2454; x_wconf 85' lang='lat' dir='ltr'><strong>charitatem</strong></span> <span class='ocrx_word' id='word_1_450' title='bbox 2977 2399 3293 2461; x_wconf 81' lang='lat' dir='ltr'><strong>excludere,</strong></span> <span class='ocrx_word' id='word_1_451' title='bbox 3319 2397 3464 2451; x_wconf 87' lang='lat' dir='ltr'><strong>nulla</strong></span> 
     </span>
    </p>
   </div>
   <div class='ocr_carea' id='block_1_66' title="bbox 1870 2492 3471 2550">
    <p class='ocr_par' dir='ltr' id='par_1_66' title="bbox 1870 2492 3471 2550">
     <span class='ocr_line' id='line_1_66' title="bbox 1870 2492 3471 2550; baseline -0.001 -2"><span class='ocrx_word' id='word_1_452' title='bbox 1870 2493 2136 2550; x_wconf 89' lang='lat' dir='ltr'><strong>inundare</strong></span> <span class='ocrx_word' id='word_1_453' title='bbox 2165 2508 2284 2550; x_wconf 82' lang='lat' dir='ltr'><strong>eam</strong></span> <span class='ocrx_word' id='word_1_454' title='bbox 2331 2493 2552 2549; x_wconf 83' lang='lat' dir='ltr'><strong>ﬁumina</strong></span> <span class='ocrx_word' id='word_1_455' title='bbox 2596 2503 2863 2549; x_wconf 87' lang='lat' dir='ltr'><strong>tantarum</strong></span> <span class='ocrx_word' id='word_1_456' title='bbox 2897 2495 3278 2549; x_wconf 85' lang='lat' dir='ltr'><strong>acerbitatum.</strong></span> <span class='ocrx_word' id='word_1_457' title='bbox 3316 2492 3471 2547; x_wconf 91' lang='lat' dir='ltr'><strong>Sicut</strong></span> 
     </span>
    </p>
   </div>
   <div class='ocr_carea' id='block_1_67' title="bbox 1879 2585 3467 2656">
    <p class='ocr_par' dir='ltr' id='par_1_67' title="bbox 1879 2585 3467 2656">
     <span class='ocr_line' id='line_1_67' title="bbox 1879 2585 3467 2656; baseline -0.001 -14"><span class='ocrx_word' id='word_1_458' title='bbox 1879 2601 2005 2643; x_wconf 84' lang='lat' dir='ltr'><strong>arca</strong></span> <span class='ocrx_word' id='word_1_459' title='bbox 2042 2589 2096 2642; x_wconf 90' lang='lat' dir='ltr'><strong>in</strong></span> <span class='ocrx_word' id='word_1_460' title='bbox 2129 2587 2221 2642; x_wconf 89' lang='lat' dir='ltr'><strong>illo</strong></span> <span class='ocrx_word' id='word_1_461' title='bbox 2249 2586 2434 2644; x_wconf 88' lang='lat' dir='ltr'><strong>mundi</strong></span> <span class='ocrx_word' id='word_1_462' title='bbox 2467 2586 2671 2642; x_wconf 82' lang='lat' dir='ltr'><strong>diluvio</strong></span> <span class='ocrx_word' id='word_1_463' title='bbox 2710 2588 2876 2641; x_wconf 85' lang='lat' dir='ltr'><strong>totius</strong></span> <span class='ocrx_word' id='word_1_464' title='bbox 2903 2585 3052 2642; x_wconf 83' lang='lat' dir='ltr'><strong>orbis</strong></span> <span class='ocrx_word' id='word_1_465' title='bbox 3092 2586 3286 2656; x_wconf 89' lang='lat' dir='ltr'><strong>spatiis</strong></span> <span class='ocrx_word' id='word_1_466' title='bbox 3309 2587 3467 2640; x_wconf 91' lang='lat' dir='ltr'><strong>inno-</strong></span> 
     </span>
    </p>
   </div>
   <div class='ocr_carea' id='block_1_68' title="bbox 1871 2680 3468 2748">
    <p class='ocr_par' dir='ltr' id='par_1_68' title="bbox 1871 2680 3468 2748">
     <span class='ocr_line' id='line_1_68' title="bbox 1871 2680 3468 2748; baseline -0.005 -10"><span class='ocrx_word' id='word_1_467' title='bbox 1871 2697 1972 2738; x_wconf 91' lang='lat' dir='ltr'><strong>cua</strong></span> <span class='ocrx_word' id='word_1_468' title='bbox 2015 2682 2287 2739; x_wconf 85' lang='lat' dir='ltr'><strong>ferebatur</strong></span> <span class='ocrx_word' id='word_1_469' title='bbox 2314 2701 2326 2734; x_wconf 88' lang='lat'><strong>:</strong></span> <span class='ocrx_word' id='word_1_470' title='bbox 2352 2682 2425 2736; x_wconf 92' lang='lat' dir='ltr'><strong>ita</strong></span> <span class='ocrx_word' id='word_1_471' title='bbox 2468 2692 2524 2737; x_wconf 92' lang='lat' dir='ltr'><strong>et</strong></span> <span class='ocrx_word' id='word_1_472' title='bbox 2564 2692 2618 2737; x_wconf 90' lang='lat' dir='ltr'><strong>tu</strong></span> <span class='ocrx_word' id='word_1_473' title='bbox 2668 2680 2931 2736; x_wconf 88' lang='lat' dir='ltr'><strong>adversus</strong></span> <span class='ocrx_word' id='word_1_474' title='bbox 2969 2681 3164 2736; x_wconf 85' lang='lat' dir='ltr'><strong>ﬂuctus</strong></span> <span class='ocrx_word' id='word_1_475' title='bbox 3207 2687 3315 2734; x_wconf 91' lang='lat' dir='ltr'><strong>tam</strong></span> <span class='ocrx_word' id='word_1_476' title='bbox 3347 2693 3468 2748; x_wconf 87' lang='lat' dir='ltr'><strong>gra-</strong></span> 
     </span>
    </p>
   </div>
   <div class='ocr_carea' id='block_1_69' title="bbox 1875 2773 3467 2848">
    <p class='ocr_par' dir='ltr' id='par_1_69' title="bbox 1875 2773 3467 2848">
     <span class='ocr_line' id='line_1_69' title="bbox 1875 2773 3467 2848; baseline -0.004 -16"><span class='ocrx_word' id='word_1_477' title='bbox 1875 2779 2020 2833; x_wconf 89' lang='lat' dir='ltr'><strong>vium</strong></span> <span class='ocrx_word' id='word_1_478' title='bbox 2054 2777 2362 2848; x_wconf 87' lang='lat' dir='ltr'><strong>passionum</strong></span> <span class='ocrx_word' id='word_1_479' title='bbox 2401 2776 2600 2846; x_wconf 89' lang='lat' dir='ltr'><strong>pietate</strong></span> <span class='ocrx_word' id='word_1_480' title='bbox 2628 2774 2921 2830; x_wconf 85' lang='lat' dir='ltr'><strong>immobilis</strong></span> <span class='ocrx_word' id='word_1_481' title='bbox 2964 2773 3241 2838; x_wconf 84' lang='lat' dir='ltr'><strong>restitisti,</strong></span> <span class='ocrx_word' id='word_1_482' title='bbox 3270 2783 3324 2828; x_wconf 87' lang='lat' dir='ltr'><strong>et</strong></span> <span class='ocrx_word' id='word_1_483' title='bbox 3345 2787 3467 2827; x_wconf 88' lang='lat' dir='ltr'><strong>eum</strong></span> 
     </span>
    </p>
   </div>
   <div class='ocr_carea' id='block_1_70' title="bbox 1873 2871 3108 2944">
    <p class='ocr_par' dir='ltr' id='par_1_70' title="bbox 1873 2871 3108 2944">
     <span class='ocr_line' id='line_1_70' title="bbox 1873 2871 3108 2944; baseline -0.003 -16"><span class='ocrx_word' id='word_1_484' title='bbox 1873 2887 2060 2944; x_wconf 89' lang='lat' dir='ltr'><strong>posses</strong></span> <span class='ocrx_word' id='word_1_485' title='bbox 2087 2873 2314 2928; x_wconf 88' lang='lat' dir='ltr'><strong>salutem</strong></span> <span class='ocrx_word' id='word_1_486' title='bbox 2345 2873 2576 2926; x_wconf 87' lang='lat' dir='ltr'><strong>ﬁliorum</strong></span> <span class='ocrx_word' id='word_1_487' title='bbox 2604 2871 2831 2941; x_wconf 82' lang='lat' dir='ltr'><strong>eligere,</strong></span> <span class='ocrx_word' id='word_1_488' title='bbox 2868 2871 3108 2927; x_wconf 84' lang='lat' dir='ltr'><strong>noluisti.</strong></span> 
     </span>
    </p>
   </div>
   <div class='ocr_carea' id='block_1_71' title="bbox 1945 2962 3468 3034">
    <p class='ocr_par' dir='ltr' id='par_1_71' title="bbox 1945 2962 3468 3034">
     <span class='ocr_line' id='line_1_71' title="bbox 1945 2962 3468 3034; baseline -0.001 -15"><span class='ocrx_word' id='word_1_489' title='bbox 1945 2965 2034 3020; x_wconf 80' lang='lat'><strong>58.</strong></span> <span class='ocrx_word' id='word_1_490' title='bbox 2066 2964 2185 3031; x_wconf 85' lang='lat' dir='ltr'><strong>Quo</strong></span> <span class='ocrx_word' id='word_1_491' title='bbox 2225 2962 2417 3018; x_wconf 77' lang='lat' dir='ltr'><strong>affectu</strong></span> <span class='ocrx_word' id='word_1_492' title='bbox 2459 2978 2554 3018; x_wconf 87' lang='lat' dir='ltr'><strong>vos</strong></span> <span class='ocrx_word' id='word_1_493' title='bbox 2576 2977 2897 3034; x_wconf 88' lang='lat' dir='ltr'><strong>prosequar,</strong></span> <span class='ocrx_word' id='word_1_494' title='bbox 2923 2976 3126 3018; x_wconf 64' lang='lat' dir='ltr'><strong>sanctae</strong></span> <span class='ocrx_word' id='word_1_495' title='bbox 3167 2962 3353 3017; x_wconf 86' lang='lat' dir='ltr'><strong>matris</strong></span> <span class='ocrx_word' id='word_1_496' title='bbox 3383 2963 3468 3032; x_wconf 90' lang='lat' dir='ltr'><strong>pia</strong></span> 
     </span>
    </p>
   </div>
   <div class='ocr_carea' id='block_1_72' title="bbox 1875 3055 3465 3127">
    <p class='ocr_par' dir='ltr' id='par_1_72' title="bbox 1875 3055 3465 3127">
     <span class='ocr_line' id='line_1_72' title="bbox 1875 3055 3465 3127; baseline 0.002 -19"><span class='ocrx_word' id='word_1_497' title='bbox 1875 3057 2142 3127; x_wconf 77' lang='lat' dir='ltr'><strong>pignora?</strong></span> <span class='ocrx_word' id='word_1_498' title='bbox 2203 3057 2321 3125; x_wconf 83' lang='lat' dir='ltr'><strong>Quo</strong></span> <span class='ocrx_word' id='word_1_499' title='bbox 2366 3057 2617 3127; x_wconf 90' lang='lat' dir='ltr'><strong>penicilla</strong></span> <span class='ocrx_word' id='word_1_500' title='bbox 2676 3056 2946 3111; x_wconf 86' lang='lat' dir='ltr'><strong>sermonis</strong></span> <span class='ocrx_word' id='word_1_501' title='bbox 3007 3057 3110 3111; x_wconf 90' lang='lat' dir='ltr'><strong>mei</strong></span> <span class='ocrx_word' id='word_1_502' title='bbox 3157 3055 3465 3111; x_wconf 82' lang='lat' dir='ltr'><strong>describam</strong></span> 
     </span>
    </p>
   </div>
   <div class='ocr_carea' id='block_1_73' title="bbox 1873 3146 3464 3205">
    <p class='ocr_par' dir='ltr' id='par_1_73' title="bbox 1873 3146 3464 3205">
     <span class='ocr_line' id='line_1_73' title="bbox 1873 3146 3464 3205; baseline -0.003 -1"><span class='ocrx_word' id='word_1_503' title='bbox 1873 3149 2060 3205; x_wconf 79' lang='lat' dir='ltr'><strong>forma:</strong></span> <span class='ocrx_word' id='word_1_504' title='bbox 2095 3158 2291 3204; x_wconf 70' lang='lat' dir='ltr'><strong>vestra:</strong></span> <span class='ocrx_word' id='word_1_505' title='bbox 2322 3161 2374 3204; x_wconf 91' lang='lat' dir='ltr'><strong>et</strong></span> <span class='ocrx_word' id='word_1_506' title='bbox 2416 3147 3184 3203; x_wconf 84' lang='lat' dir='ltr'><strong>animarumsimilitudinem?</strong></span> <span class='ocrx_word' id='word_1_507' title='bbox 3225 3146 3464 3202; x_wconf 80' lang='lat' dir='ltr'><strong>Stetistis</strong></span> 
     </span>
    </p>
   </div>
   <div class='ocr_carea' id='block_1_74' title="bbox 1873 3241 3463 3315">
    <p class='ocr_par' dir='ltr' id='par_1_74' title="bbox 1873 3241 3463 3315">
     <span class='ocr_line' id='line_1_74' title="bbox 1873 3241 3463 3315; baseline -0.004 -15"><span class='ocrx_word' id='word_1_508' title='bbox 1873 3245 2016 3301; x_wconf 88' lang='lat' dir='ltr'><strong>inter</strong></span> <span class='ocrx_word' id='word_1_509' title='bbox 2043 3245 2316 3301; x_wconf 83' lang='lat' dir='ltr'><strong>exercitus</strong></span> <span class='ocrx_word' id='word_1_510' title='bbox 2356 3245 2557 3315; x_wconf 85' lang='lat' dir='ltr'><strong>regios.</strong></span> <span class='ocrx_word' id='word_1_511' title='bbox 2590 3243 2786 3314; x_wconf 89' lang='lat' dir='ltr'><strong>quibus</strong></span> <span class='ocrx_word' id='word_1_512' title='bbox 2814 3252 2958 3298; x_wconf 88' lang='lat' dir='ltr'><strong>totus</strong></span> <span class='ocrx_word' id='word_1_513' title='bbox 2985 3242 3082 3296; x_wconf 90' lang='lat' dir='ltr'><strong>fuit</strong></span> <span class='ocrx_word' id='word_1_514' title='bbox 3113 3241 3260 3296; x_wconf 89' lang='lat' dir='ltr'><strong>orbis</strong></span> <span class='ocrx_word' id='word_1_515' title='bbox 3292 3250 3463 3296; x_wconf 90' lang='lat' dir='ltr'><strong>terra-</strong></span> 
     </span>
    </p>
   </div>
   <div class='ocr_carea' id='block_1_75' title="bbox 1879 3334 3461 3408">
    <p class='ocr_par' dir='ltr' id='par_1_75' title="bbox 1879 3334 3461 3408">
     <span class='ocr_line' id='line_1_75' title="bbox 1879 3334 3461 3408; baseline -0.004 -13"><span class='ocrx_word' id='word_1_516' title='bbox 1879 3356 1999 3395; x_wconf 90' lang='lat' dir='ltr'><strong>rum</strong></span> <span class='ocrx_word' id='word_1_517' title='bbox 2041 3340 2318 3403; x_wconf 85' lang='lat' dir='ltr'><strong>suhacius,</strong></span> <span class='ocrx_word' id='word_1_518' title='bbox 2357 3354 2495 3408; x_wconf 89' lang='lat' dir='ltr'><strong>quos</strong></span> <span class='ocrx_word' id='word_1_519' title='bbox 2520 3337 2668 3394; x_wconf 85' lang='lat' dir='ltr'><strong>India</strong></span> <span class='ocrx_word' id='word_1_520' title='bbox 2695 3353 2911 3408; x_wconf 85' lang='lat' dir='ltr'><strong>quoque</strong></span> <span class='ocrx_word' id='word_1_521' title='bbox 2955 3338 3006 3391; x_wconf 91' lang='lat' dir='ltr'><strong>in</strong></span> <span class='ocrx_word' id='word_1_522' title='bbox 3037 3337 3263 3392; x_wconf 79' lang='lat' dir='ltr'><strong>extremi</strong></span> <span class='ocrx_word' id='word_1_523' title='bbox 3297 3334 3461 3389; x_wconf 81' lang='lat' dir='ltr'><strong>maris</strong></span> 
     </span>
    </p>
   </div>
   <div class='ocr_carea' id='block_1_76' title="bbox 1867 3431 3462 3506">
    <p class='ocr_par' dir='ltr' id='par_1_76' title="bbox 1867 3431 3462 3506">
     <span class='ocr_line' id='line_1_76' title="bbox 1867 3431 3462 3506; baseline -0.004 -16"><span class='ocrx_word' id='word_1_524' title='bbox 1867 3445 2082 3492; x_wconf 87' lang='lat' dir='ltr'><strong>secreta</strong></span> <span class='ocrx_word' id='word_1_525' title='bbox 2114 3434 2386 3506; x_wconf 87' lang='lat' dir='ltr'><strong>refugiens</strong></span> <span class='ocrx_word' id='word_1_526' title='bbox 2413 3448 2522 3489; x_wconf 91' lang='lat' dir='ltr'><strong>non</strong></span> <span class='ocrx_word' id='word_1_527' title='bbox 2553 3433 2881 3499; x_wconf 85' lang='lat' dir='ltr'><strong>declinavit;</strong></span> <span class='ocrx_word' id='word_1_528' title='bbox 2909 3440 2965 3487; x_wconf 92' lang='lat' dir='ltr'><strong>et</strong></span> <span class='ocrx_word' id='word_1_529' title='bbox 2987 3432 3088 3486; x_wconf 90' lang='lat' dir='ltr'><strong>soli</strong></span> <span class='ocrx_word' id='word_1_530' title='bbox 3114 3431 3183 3488; x_wconf 89' lang='lat' dir='ltr'><strong>de</strong></span> <span class='ocrx_word' id='word_1_531' title='bbox 3219 3446 3345 3500; x_wconf 85' lang='lat' dir='ltr'><strong>rege</strong></span> <span class='ocrx_word' id='word_1_532' title='bbox 3371 3445 3462 3484; x_wconf 84' lang='lat' dir='ltr'><strong>su-</strong></span> 
     </span>
    </p>
   </div>
   <div class='ocr_carea' id='block_1_77' title="bbox 1867 3524 3456 3599">
    <p class='ocr_par' dir='ltr' id='par_1_77' title="bbox 1867 3524 3456 3599">
     <span class='ocr_line' id='line_1_77' title="bbox 1867 3524 3456 3599; baseline -0.003 -16"><span class='ocrx_word' id='word_1_533' title='bbox 1867 3531 2035 3599; x_wconf 88' lang='lat' dir='ltr'><strong>perbo</strong></span> <span class='ocrx_word' id='word_1_534' title='bbox 2055 3530 2174 3586; x_wconf 90' lang='lat' dir='ltr'><strong>sine</strong></span> <span class='ocrx_word' id='word_1_535' title='bbox 2194 3529 2392 3585; x_wconf 90' lang='lat' dir='ltr'><strong>bellica</strong></span> <span class='ocrx_word' id='word_1_536' title='bbox 2419 3526 2669 3584; x_wconf 84' lang='lat' dir='ltr'><strong>conﬂictu</strong></span> <span class='ocrx_word' id='word_1_537' title='bbox 2697 3527 2977 3584; x_wconf 75' lang='lat' dir='ltr'><strong>victoriam</strong></span> <span class='ocrx_word' id='word_1_538' title='bbox 3000 3526 3336 3598; x_wconf 87' lang='lat' dir='ltr'><strong>repartastis.</strong></span> <span class='ocrx_word' id='word_1_539' title='bbox 3368 3524 3456 3579; x_wconf 83' lang='lat' dir='ltr'><strong>Vi-</strong></span> 
     </span>
    </p>
   </div>
   <div class='ocr_carea' id='block_1_78' title="bbox 1865 3621 3454 3692">
    <p class='ocr_par' dir='ltr' id='par_1_78' title="bbox 1865 3621 3454 3692">
     <span class='ocr_line' id='line_1_78' title="bbox 1865 3621 3454 3692; baseline -0.003 -14"><span class='ocrx_word' id='word_1_540' title='bbox 1865 3635 2058 3678; x_wconf 88' lang='lat' dir='ltr'><strong>cerunt</strong></span> <span class='ocrx_word' id='word_1_541' title='bbox 2092 3625 2141 3677; x_wconf 91' lang='lat' dir='ltr'><strong>in</strong></span> <span class='ocrx_word' id='word_1_542' title='bbox 2171 3623 2323 3679; x_wconf 92' lang='lat' dir='ltr'><strong>vobis</strong></span> <span class='ocrx_word' id='word_1_543' title='bbox 2360 3623 2473 3678; x_wconf 86' lang='lat' dir='ltr'><strong>sola</strong></span> <span class='ocrx_word' id='word_1_544' title='bbox 2514 3638 2663 3678; x_wconf 87' lang='lat' dir='ltr'><strong>arma</strong></span> <span class='ocrx_word' id='word_1_545' title='bbox 2692 3623 2906 3692; x_wconf 84' lang='lat' dir='ltr'><strong>pietatis</strong></span> <span class='ocrx_word' id='word_1_546' title='bbox 2938 3640 2950 3676; x_wconf 92' lang='lat'><strong>:</strong></span> <span class='ocrx_word' id='word_1_547' title='bbox 2983 3621 3137 3676; x_wconf 86' lang='lat' dir='ltr'><strong>dedit</strong></span> <span class='ocrx_word' id='word_1_548' title='bbox 3156 3636 3342 3692; x_wconf 70' lang='lat' dir='ltr'><strong>pinnas</strong></span> <span class='ocrx_word' id='word_1_549' title='bbox 3372 3630 3454 3691; x_wconf 88' lang='lat' dir='ltr'><strong>ty-</strong></span> 
     </span>
    </p>
   </div>
   <div class='ocr_carea' id='block_1_79' title="bbox 1867 3714 3466 3788">
    <p class='ocr_par' dir='ltr' id='par_1_79' title="bbox 1867 3714 3466 3788">
     <span class='ocr_line' id='line_1_79' title="bbox 1867 3714 3466 3788; baseline -0.003 -16"><span class='ocrx_word' id='word_1_550' title='bbox 1867 3731 2094 3783; x_wconf 89' lang='lat' dir='ltr'><strong>rannus,</strong></span> <span class='ocrx_word' id='word_1_551' title='bbox 2120 3726 2170 3772; x_wconf 90' lang='lat' dir='ltr'><strong>et</strong></span> <span class='ocrx_word' id='word_1_552' title='bbox 2189 3717 2313 3788; x_wconf 86' lang='lat' dir='ltr'><strong>quia</strong></span> <span class='ocrx_word' id='word_1_553' title='bbox 2343 3730 2438 3772; x_wconf 89' lang='lat' dir='ltr'><strong>vos</strong></span> <span class='ocrx_word' id='word_1_554' title='bbox 2469 3731 2575 3773; x_wconf 91' lang='lat' dir='ltr'><strong>non</strong></span> <span class='ocrx_word' id='word_1_555' title='bbox 2607 3716 2778 3787; x_wconf 90' lang='lat' dir='ltr'><strong>potuit</strong></span> <span class='ocrx_word' id='word_1_556' title='bbox 2804 3715 3115 3782; x_wconf 86' lang='lat' dir='ltr'><strong>vincere,et</strong></span> <span class='ocrx_word' id='word_1_557' title='bbox 3141 3714 3265 3786; x_wconf 84' lang='lat' dir='ltr'><strong>quia</strong></span> <span class='ocrx_word' id='word_1_558' title='bbox 3293 3714 3466 3769; x_wconf 87' lang='lat' dir='ltr'><strong>atroci</strong></span> 
     </span>
    </p>
   </div>
   <div class='ocr_carea' id='block_1_80' title="bbox 1867 3821 2514 3884">
    <p class='ocr_par' dir='ltr' id='par_1_80' title="bbox 1867 3821 2514 3884">
     <span class='ocr_line' id='line_1_80' title="bbox 1867 3821 2514 3884; baseline -0.005 -15"><span class='ocrx_word' id='word_1_559' title='bbox 1867 3823 2181 3884; x_wconf 84' lang='lat' dir='ltr'><strong>peremptus</strong></span> <span class='ocrx_word' id='word_1_560' title='bbox 2207 3822 2292 3869; x_wconf 88' lang='lat' dir='ltr'><strong>est</strong></span> <span class='ocrx_word' id='word_1_561' title='bbox 2318 3821 2514 3869; x_wconf 87' lang='lat' dir='ltr'><strong>morte.</strong></span> 
     </span>
    </p>
   </div>
   <div class='ocr_carea' id='block_1_81' title="bbox 1864 3948 3469 4022">
    <p class='ocr_par' dir='ltr' id='par_1_81' title="bbox 1864 3948 3469 4022">
     <span class='ocr_line' id='line_1_81' title="bbox 1864 3948 3469 4022; baseline -0.002 -16"><span class='ocrx_word' id='word_1_562' title='bbox 1864 3953 2024 4007; x_wconf 80' lang='lat' dir='ltr'><strong>zelus.</strong></span> <span class='ocrx_word' id='word_1_563' title='bbox 2071 3952 2149 4007; x_wconf 92' lang='lat' dir='ltr'><strong>llli</strong></span> <span class='ocrx_word' id='word_1_564' title='bbox 2183 3963 2361 4007; x_wconf 84' lang='lat' dir='ltr'><strong>tamen</strong></span> <span class='ocrx_word' id='word_1_565' title='bbox 2392 3952 2570 4006; x_wconf 71' lang='lat' dir='ltr'><strong>favent</strong></span> <span class='ocrx_word' id='word_1_566' title='bbox 2612 3950 2775 4016; x_wconf 81' lang='lat' dir='ltr'><strong>LXX,</strong></span> <span class='ocrx_word' id='word_1_567' title='bbox 2824 3951 2962 4022; x_wconf 89' lang='lat' dir='ltr'><strong>apud</strong></span> <span class='ocrx_word' id='word_1_568' title='bbox 3007 3965 3142 4020; x_wconf 86' lang='lat' dir='ltr'><strong>quos</strong></span> <span class='ocrx_word' id='word_1_569' title='bbox 3187 3948 3273 4004; x_wconf 91' lang='lat' dir='ltr'><strong>hic</strong></span> <span class='ocrx_word' id='word_1_570' title='bbox 3318 3948 3469 4002; x_wconf 82' lang='lat' dir='ltr'><strong>locus</strong></span> 
     </span>
    </p>
   </div>
   <div class='ocr_carea' id='block_1_82' title="bbox 2797 4023 3464 4101">
    <p class='ocr_par' dir='ltr' id='par_1_82' title="bbox 2797 4023 3464 4101">
     <span class='ocr_line' id='line_1_82' title="bbox 2797 4023 3464 4101; baseline 0.004 -23"><span class='ocrx_word' id='word_1_571' title='bbox 2797 4023 2874 4079; x_wconf 78' lang='grc' dir='ltr'><strong>ὅτι</strong></span> <span class='ocrx_word' id='word_1_572' title='bbox 2904 4025 3124 4101; x_wconf 80' lang='grc' dir='ltr'><strong>κραταιά</strong></span> <span class='ocrx_word' id='word_1_573' title='bbox 3153 4024 3220 4082; x_wconf 82' lang='grc' dir='ltr'><strong>ὡς</strong></span> <span class='ocrx_word' id='word_1_574' title='bbox 3256 4023 3464 4081; x_wconf 66' lang='grc' dir='ltr'><strong>θάνατος</strong></span> 
     </span>
    </p>
   </div>
   <div class='ocr_carea' id='block_1_83' title="bbox 1864 4094 2746 4173">
    <p class='ocr_par' dir='ltr' id='par_1_83' title="bbox 1864 4094 2746 4173">
     <span class='ocr_line' id='line_1_83' title="bbox 1864 4094 2746 4173; baseline -0.007 -19"><span class='ocrx_word' id='word_1_575' title='bbox 1864 4099 2060 4169; x_wconf 69' lang='grc' dir='ltr'><strong>ἀγάπη,</strong></span> <span class='ocrx_word' id='word_1_576' title='bbox 2091 4097 2308 4173; x_wconf 81' lang='grc' dir='ltr'><strong>σκληρὸς</strong></span> <span class='ocrx_word' id='word_1_577' title='bbox 2339 4099 2408 4161; x_wconf 76' lang='grc' dir='ltr'><strong>ὡς</strong></span> <span class='ocrx_word' id='word_1_578' title='bbox 2430 4094 2558 4160; x_wconf 75' lang='grc' dir='ltr'><strong>ἆδης</strong></span> <span class='ocrx_word' id='word_1_579' title='bbox 2579 4095 2746 4160; x_wconf 69' lang='grc' dir='ltr'><strong>ζῆλος.</strong></span> 
     </span>
    </p>
   </div>
   <div class='ocr_carea' id='block_1_84' title="bbox 186 4315 3468 4383">
    <p class='ocr_par' dir='ltr' id='par_1_84' title="bbox 230 4318 3413 4377">
     <span class='ocr_line' id='line_1_84' title="bbox 288 4318 3368 4351; baseline -0.001 -10"><span class='ocrx_word' id='word_1_580' title='bbox 288 4330 309 4331; x_wconf 37' lang='lat'><em>7</em></span> <span class='ocrx_word' id='word_1_581' title='bbox 328 4328 377 4341; x_wconf 55' lang='grc' dir='ltr'><strong>*νς</strong></span> <span class='ocrx_word' id='word_1_582' title='bbox 412 4328 477 4333; x_wconf 53' lang='grc'><strong>⁷³·</strong></span> <span class='ocrx_word' id='word_1_583' title='bbox 506 4328 511 4331; x_wconf 54' lang='grc' dir='ltr'>λ</span> <span class='ocrx_word' id='word_1_584' title='bbox 611 4330 681 4351; x_wconf 47' lang='grc' dir='ltr'><strong>,δτι-</strong></span> <span class='ocrx_word' id='word_1_585' title='bbox 732 4332 755 4335; x_wconf 59' lang='grc' dir='ltr'><strong>-λ</strong></span> <span class='ocrx_word' id='word_1_586' title='bbox 814 4332 815 4335; x_wconf 58' lang='grc' dir='ltr'><strong>η</strong></span> <span class='ocrx_word' id='word_1_587' title='bbox 864 4334 933 4337; x_wconf 49' lang='grc' dir='ltr'><strong>Ῠ-ν</strong></span> <span class='ocrx_word' id='word_1_588' title='bbox 971 4333 1049 4339; x_wconf 60' lang='grc' dir='ltr'><strong>-υισ</strong></span> <span class='ocrx_word' id='word_1_589' title='bbox 1156 4335 1169 4338; x_wconf 46' lang='grc' dir='ltr'>μ</span> <span class='ocrx_word' id='word_1_590' title='bbox 1189 4330 1222 4336; x_wconf 75' lang='grc' dir='ltr'><strong>ιι·-</strong></span> <span class='ocrx_word' id='word_1_591' title='bbox 1260 4336 1321 4339; x_wconf 37' lang='grc' dir='ltr'><strong>-γκ</strong></span> <span class='ocrx_word' id='word_1_592' title='bbox 1354 4338 1357 4339; x_wconf 46' lang='grc' dir='ltr'><em>ν</em></span> <span class='ocrx_word' id='word_1_593' title='bbox 1390 4336 1441 4341; x_wconf 28' lang='lat' dir='ltr'><strong>He</strong></span> <span class='ocrx_word' id='word_1_594' title='bbox 1507 4318 1512 4323; x_wconf 71' lang='grc'><em>”</em></span> <span class='ocrx_word' id='word_1_595' title='bbox 1552 4337 1607 4341; x_wconf 30' lang='grc' dir='ltr'><strong>ᾲΔν</strong></span> <span class='ocrx_word' id='word_1_596' title='bbox 1626 4339 1637 4341; x_wconf 80' lang='lat'>_</span> <span class='ocrx_word' id='word_1_597' title='bbox 1656 4339 1696 4343; x_wconf 33' lang='grc' dir='ltr'><strong>,νὴ</strong></span> <span class='ocrx_word' id='word_1_598' title='bbox 1860 4335 2011 4344; x_wconf 73' lang='lat'><strong>______</strong></span> <span class='ocrx_word' id='word_1_599' title='bbox 2046 4342 2051 4343; x_wconf 28' lang='grc' dir='ltr'><em>γ</em></span> <span class='ocrx_word' id='word_1_600' title='bbox 2106 4338 2115 4341; x_wconf 70' lang='lat'>_</span> <span class='ocrx_word' id='word_1_601' title='bbox 2141 4334 2193 4341; x_wconf 82' lang='lat'><strong>.—</strong></span> <span class='ocrx_word' id='word_1_602' title='bbox 2218 4333 2238 4340; x_wconf 80' lang='grc'><strong>.-</strong></span> <span class='ocrx_word' id='word_1_603' title='bbox 2289 4333 2327 4341; x_wconf 57' lang='grc' dir='ltr'><strong>-η</strong></span> <span class='ocrx_word' id='word_1_604' title='bbox 2398 4333 2434 4340; x_wconf 57' lang='grc' dir='ltr'><strong>,ην</strong></span> <span class='ocrx_word' id='word_1_605' title='bbox 2498 4334 2506 4338; x_wconf 82' lang='lat'><strong>..</strong></span> <span class='ocrx_word' id='word_1_606' title='bbox 2542 4337 2587 4343; x_wconf 43' lang='lat' dir='ltr'><strong>_‘A</strong></span> <span class='ocrx_word' id='word_1_607' title='bbox 2688 4337 2707 4341; x_wconf 34' lang='grc' dir='ltr'><strong>Α,</strong></span> <span class='ocrx_word' id='word_1_608' title='bbox 2733 4332 2742 4338; x_wconf 77' lang='grc'>.</span> <span class='ocrx_word' id='word_1_609' title='bbox 2775 4329 3054 4338; x_wconf 58' lang='grc' dir='ltr'><strong>..ι-...υ-..σ-ι</strong></span> <span class='ocrx_word' id='word_1_610' title='bbox 3189 4327 3263 4338; x_wconf 50' lang='grc' dir='ltr'><strong>..η</strong></span> <span class='ocrx_word' id='word_1_611' title='bbox 3323 4329 3368 4336; x_wconf 67' lang='grc' dir='ltr'><strong>σ’-</strong></span> 
     </span>
     <span class='ocr_line' id='line_1_85' title="bbox 230 4351 3413 4377; baseline 0.003 -13"><span class='ocrx_word' id='word_1_612' title='bbox 230 4360 233 4361; x_wconf 49' lang='grc' dir='ltr'><em>ν</em></span> <span class='ocrx_word' id='word_1_613' title='bbox 270 4358 327 4363; x_wconf 45' lang='grc' dir='ltr'><strong>μκι</strong></span> <span class='ocrx_word' id='word_1_614' title='bbox 354 4358 399 4363; x_wconf 51' lang='grc' dir='ltr'><strong>η-νν</strong></span> <span class='ocrx_word' id='word_1_615' title='bbox 438 4353 1151 4368; x_wconf 44' lang='grc' dir='ltr'><strong>ν-ννοι-μ-μ-σο-σ--Δ-μ</strong></span> <span class='ocrx_word' id='word_1_616' title='bbox 1188 4364 1213 4367; x_wconf 29' lang='grc' dir='ltr'><strong>ᾖ</strong></span> <span class='ocrx_word' id='word_1_617' title='bbox 1547 4371 1588 4377; x_wconf 82' lang='lat'>___</span> <span class='ocrx_word' id='word_1_618' title='bbox 2589 4351 2869 4373; x_wconf 62' lang='lat'><strong>—_———_—-</strong></span> <span class='ocrx_word' id='word_1_619' title='bbox 2929 4372 2934 4375; x_wconf 91' lang='lat'>_</span> <span class='ocrx_word' id='word_1_620' title='bbox 3074 4363 3303 4372; x_wconf 74' lang='lat'><strong>~————-———-</strong></span> <span class='ocrx_word' id='word_1_621' title='bbox 3331 4367 3413 4374; x_wconf 67' lang='grc'><strong>-..-</strong></span> 
     </span>
    </p>
   </div>
   <div class='ocr_carea' id='block_1_85' title="bbox 323 4466 3272 4568">
    <p class='ocr_par' dir='ltr' id='par_1_85' title="bbox 323 4466 3272 4568">
     <span class='ocr_line' id='line_1_86' title="bbox 323 4466 3272 4568; baseline 0.001 -13"><span class='ocrx_word' id='word_1_622' title='bbox 323 4469 444 4557; x_wconf 92' lang='grc' dir='ltr'><strong>ΙΝ</strong></span> <span class='ocrx_word' id='word_1_623' title='bbox 498 4474 960 4563; x_wconf 82' lang='lat' dir='ltr'><strong>LIBRUM</strong></span> <span class='ocrx_word' id='word_1_624' title='bbox 1018 4466 1179 4564; x_wconf 84' lang='lat' dir='ltr'><strong>DE</strong></span> <span class='ocrx_word' id='word_1_625' title='bbox 1232 4480 1678 4565; x_wconf 90' lang='lat' dir='ltr'><strong>JOSEPH</strong></span> <span class='ocrx_word' id='word_1_626' title='bbox 1743 4480 2500 4568; x_wconf 81' lang='lat' dir='ltr'><strong>PATRIARCHA</strong></span> <span class='ocrx_word' id='word_1_627' title='bbox 2559 4479 3272 4566; x_wconf 88' lang='lat' dir='ltr'><strong>ADMONITIO.</strong></span> 
     </span>
    </p>
   </div>
   <div class='ocr_carea' id='block_1_86' title="bbox 244 4753 3474 4840">
    <p class='ocr_par' dir='ltr' id='par_1_86' title="bbox 244 4753 3474 4840">
     <span class='ocr_line' id='line_1_87' title="bbox 244 4753 3474 4840; baseline 0.006 -36"><span class='ocrx_word' id='word_1_628' title='bbox 244 4753 532 4810; x_wconf 77' lang='lat' dir='ltr'><strong>Ambrosius</strong></span> <span class='ocrx_word' id='word_1_629' title='bbox 556 4757 665 4825; x_wconf 81' lang='lat' dir='ltr'><strong>iam</strong></span> <span class='ocrx_word' id='word_1_630' title='bbox 691 4758 814 4814; x_wconf 83' lang='lat' dir='ltr'><strong>inde</strong></span> <span class='ocrx_word' id='word_1_631' title='bbox 837 4759 899 4814; x_wconf 91' lang='lat' dir='ltr'><strong>ab</strong></span> <span class='ocrx_word' id='word_1_632' title='bbox 929 4761 1141 4816; x_wconf 73' lang='lat' dir='ltr'><strong>exordia</strong></span> <span class='ocrx_word' id='word_1_633' title='bbox 1166 4763 1324 4833; x_wconf 82' lang='lat' dir='ltr'><strong>hujus</strong></span> <span class='ocrx_word' id='word_1_634' title='bbox 1345 4763 1517 4834; x_wconf 88' lang='lat' dir='ltr'><strong>aperis</strong></span> <span class='ocrx_word' id='word_1_635' title='bbox 1542 4763 1655 4834; x_wconf 84' lang='lat' dir='ltr'><strong>ipse</strong></span> <span class='ocrx_word' id='word_1_636' title='bbox 1679 4779 1945 4819; x_wconf 87' lang='lat' dir='ltr'><strong>sacrorum</strong></span> <span class='ocrx_word' id='word_1_637' title='bbox 1977 4764 2291 4820; x_wconf 80' lang='lat' dir='ltr'><strong>voluminum</strong></span> <span class='ocrx_word' id='word_1_638' title='bbox 2315 4765 2496 4820; x_wconf 79' lang='lat' dir='ltr'><strong>ordine</strong></span> <span class='ocrx_word' id='word_1_639' title='bbox 2519 4765 2796 4821; x_wconf 86' lang='lat' dir='ltr'><strong>adductum</strong></span> <span class='ocrx_word' id='word_1_640' title='bbox 2822 4783 2876 4822; x_wconf 90' lang='lat' dir='ltr'><strong>se</strong></span> <span class='ocrx_word' id='word_1_641' title='bbox 2898 4783 3007 4823; x_wconf 88' lang='lat' dir='ltr'><strong>esse</strong></span> <span class='ocrx_word' id='word_1_642' title='bbox 3027 4768 3297 4840; x_wconf 80' lang='lat' dir='ltr'><strong>proﬁtetur</strong></span> <span class='ocrx_word' id='word_1_643' title='bbox 3329 4767 3474 4840; x_wconf 87' lang='lat' dir='ltr'><strong>(cap.</strong></span> 
     </span>
    </p>
   </div>
   <div class='ocr_carea' id='block_1_87' title="bbox 182 4847 3476 4930">
    <p class='ocr_par' dir='ltr' id='par_1_87' title="bbox 182 4847 3476 4930">
     <span class='ocr_line' id='line_1_88' title="bbox 182 4847 3476 4930; baseline 0.004 -30"><span class='ocrx_word' id='word_1_644' title='bbox 182 4847 230 4911; x_wconf 75' lang='grc'><strong>1,</strong></span> <span class='ocrx_word' id='word_1_645' title='bbox 259 4863 392 4903; x_wconf 85' lang='lat' dir='ltr'><strong>num.</strong></span> <span class='ocrx_word' id='word_1_646' title='bbox 425 4848 502 4917; x_wconf 82' lang='lat' dir='ltr'><strong>l),</strong></span> <span class='ocrx_word' id='word_1_647' title='bbox 534 4859 588 4903; x_wconf 87' lang='lat' dir='ltr'><strong>ut</strong></span> <span class='ocrx_word' id='word_1_648' title='bbox 619 4851 762 4905; x_wconf 88' lang='lat' dir='ltr'><strong>libris</strong></span> <span class='ocrx_word' id='word_1_649' title='bbox 783 4851 850 4907; x_wconf 89' lang='lat' dir='ltr'><strong>de</strong></span> <span class='ocrx_word' id='word_1_650' title='bbox 882 4852 1152 4910; x_wconf 81' lang='lat' dir='ltr'><strong>Abraham</strong></span> <span class='ocrx_word' id='word_1_651' title='bbox 1176 4896 1190 4919; x_wconf 97' lang='lat'><strong>,</strong></span> <span class='ocrx_word' id='word_1_652' title='bbox 1222 4853 1392 4922; x_wconf 75' lang='lat' dir='ltr'><strong>Isaac,</strong></span> <span class='ocrx_word' id='word_1_653' title='bbox 1423 4864 1478 4911; x_wconf 89' lang='lat' dir='ltr'><strong>et</strong></span> <span class='ocrx_word' id='word_1_654' title='bbox 1506 4855 1696 4921; x_wconf 82' lang='lat' dir='ltr'><strong>Jacob,</strong></span> <span class='ocrx_word' id='word_1_655' title='bbox 1723 4857 1777 4909; x_wconf 84' lang='lat' dir='ltr'><strong>in</strong></span> <span class='ocrx_word' id='word_1_656' title='bbox 1808 4857 1972 4910; x_wconf 84' lang='lat' dir='ltr'><strong>lucem</strong></span> <span class='ocrx_word' id='word_1_657' title='bbox 2003 4857 2181 4924; x_wconf 86' lang='lat' dir='ltr'><strong>editis,</strong></span> <span class='ocrx_word' id='word_1_658' title='bbox 2218 4857 2454 4911; x_wconf 85' lang='lat' dir='ltr'><strong>nonnihil</strong></span> <span class='ocrx_word' id='word_1_659' title='bbox 2482 4858 2534 4910; x_wconf 87' lang='lat' dir='ltr'><strong>in</strong></span> <span class='ocrx_word' id='word_1_660' title='bbox 2573 4855 2769 4930; x_wconf 70' lang='lat' dir='ltr'><strong>Ioseph</strong></span> <span class='ocrx_word' id='word_1_661' title='bbox 2797 4873 2997 4929; x_wconf 77' lang='lat' dir='ltr'><strong>quoque</strong></span> <span class='ocrx_word' id='word_1_662' title='bbox 3020 4858 3284 4912; x_wconf 78' lang='lat' dir='ltr'><strong>historiam</strong></span> <span class='ocrx_word' id='word_1_663' title='bbox 3313 4858 3476 4912; x_wconf 86' lang='lat' dir='ltr'><strong>medi-</strong></span> 
     </span>
    </p>
   </div>
   <div class='ocr_carea' id='block_1_88' title="bbox 182 4939 3475 5019">
    <p class='ocr_par' dir='ltr' id='par_1_88' title="bbox 182 4939 3475 5019">
     <span class='ocr_line' id='line_1_89' title="bbox 182 4939 3475 5019; baseline 0.003 -27"><span class='ocrx_word' id='word_1_664' title='bbox 182 4947 376 4995; x_wconf 82' lang='lat' dir='ltr'><strong>taretur.</strong></span> <span class='ocrx_word' id='word_1_665' title='bbox 411 4939 667 5007; x_wconf 74' lang='lat' dir='ltr'><strong>Quocirca</strong></span> <span class='ocrx_word' id='word_1_666' title='bbox 699 4954 814 5012; x_wconf 86' lang='lat' dir='ltr'><strong>post</strong></span> <span class='ocrx_word' id='word_1_667' title='bbox 847 4947 1134 5016; x_wconf 67' lang='lat' dir='ltr'><strong>expositam</strong></span> <span class='ocrx_word' id='word_1_668' title='bbox 1160 4946 1215 5000; x_wconf 91' lang='lat' dir='ltr'><strong>in</strong></span> <span class='ocrx_word' id='word_1_669' title='bbox 1238 4945 1508 5001; x_wconf 77' lang='lat' dir='ltr'><strong>Abraham</strong></span> <span class='ocrx_word' id='word_1_670' title='bbox 1539 4947 1821 5019; x_wconf 84' lang='lat' dir='ltr'><strong>impigram</strong></span> <span class='ocrx_word' id='word_1_671' title='bbox 1853 4946 1974 5002; x_wconf 85' lang='lat' dir='ltr'><strong>ﬁdei</strong></span> <span class='ocrx_word' id='word_1_672' title='bbox 2004 4947 2348 5002; x_wconf 86' lang='lat' dir='ltr'><strong>devotionem</strong></span> <span class='ocrx_word' id='word_1_673' title='bbox 2383 4945 2603 5018; x_wconf 89' lang='lat' dir='ltr'><strong>(Ibid.),</strong></span> <span class='ocrx_word' id='word_1_674' title='bbox 2640 4948 2694 5000; x_wconf 90' lang='lat' dir='ltr'><strong>id</strong></span> <span class='ocrx_word' id='word_1_675' title='bbox 2718 4957 2809 5013; x_wconf 82' lang='lat' dir='ltr'><strong>est,</strong></span> <span class='ocrx_word' id='word_1_676' title='bbox 2839 4949 3067 5002; x_wconf 88' lang='lat' dir='ltr'><strong>animum</strong></span> <span class='ocrx_word' id='word_1_677' title='bbox 3097 4948 3282 5002; x_wconf 78' lang='lat' dir='ltr'><strong>diuinis</strong></span> <span class='ocrx_word' id='word_1_678' title='bbox 3304 4949 3475 5018; x_wconf 80' lang='lat' dir='ltr'><strong>impe-</strong></span> 
     </span>
    </p>
   </div>
   <div class='ocr_carea' id='block_1_89' title="bbox 179 5032 3480 5108">
    <p class='ocr_par' dir='ltr' id='par_1_89' title="bbox 179 5032 3480 5108">
     <span class='ocr_line' id='line_1_90' title="bbox 179 5032 3480 5108; baseline 0.002 -24"><span class='ocrx_word' id='word_1_679' title='bbox 179 5032 292 5087; x_wconf 80' lang='lat' dir='ltr'><strong>ratis</strong></span> <span class='ocrx_word' id='word_1_680' title='bbox 317 5033 860 5104; x_wconf 80' lang='lat' dir='ltr'><strong>absequeutissimum;</strong></span> <span class='ocrx_word' id='word_1_681' title='bbox 894 5036 946 5090; x_wconf 91' lang='lat' dir='ltr'><strong>in</strong></span> <span class='ocrx_word' id='word_1_682' title='bbox 980 5036 1132 5091; x_wconf 85' lang='lat' dir='ltr'><strong>Isaac</strong></span> <span class='ocrx_word' id='word_1_683' title='bbox 1158 5037 1384 5092; x_wconf 66' lang='lat' dir='ltr'><strong>sincera:</strong></span> <span class='ocrx_word' id='word_1_684' title='bbox 1413 5038 1608 5092; x_wconf 89' lang='lat' dir='ltr'><strong>mentis</strong></span> <span class='ocrx_word' id='word_1_685' title='bbox 1635 5037 1948 5106; x_wconf 84' lang='lat' dir='ltr'><strong>puritatem,</strong></span> <span class='ocrx_word' id='word_1_686' title='bbox 1979 5037 2034 5091; x_wconf 88' lang='lat' dir='ltr'><strong>id</strong></span> <span class='ocrx_word' id='word_1_687' title='bbox 2058 5047 2150 5100; x_wconf 86' lang='lat' dir='ltr'><strong>est,</strong></span> <span class='ocrx_word' id='word_1_688' title='bbox 2177 5047 2393 5092; x_wconf 72' lang='lat' dir='ltr'><strong>utentem</strong></span> <span class='ocrx_word' id='word_1_689' title='bbox 2422 5053 2538 5108; x_wconf 76' lang='lat' dir='ltr'><strong>quat</strong></span> <span class='ocrx_word' id='word_1_690' title='bbox 2572 5037 2806 5092; x_wconf 88' lang='lat' dir='ltr'><strong>omnibus</strong></span> <span class='ocrx_word' id='word_1_691' title='bbox 2841 5038 3018 5092; x_wconf 64' lang='grc' dir='ltr'><strong>δαισαιί</strong></span> <span class='ocrx_word' id='word_1_692' title='bbox 3047 5039 3202 5092; x_wconf 65' lang='lat' dir='ltr'><strong>navis</strong></span> <span class='ocrx_word' id='word_1_693' title='bbox 3227 5055 3288 5091; x_wconf 88' lang='lat' dir='ltr'><strong>ac</strong></span> <span class='ocrx_word' id='word_1_694' title='bbox 3307 5040 3480 5092; x_wconf 83' lang='lat' dir='ltr'><strong>sordi-</strong></span> 
     </span>
    </p>
   </div>
   <div class='ocr_carea' id='block_1_90' title="bbox 177 5122 3474 5201">
    <p class='ocr_par' dir='ltr' id='par_1_90' title="bbox 177 5122 3474 5201">
     <span class='ocr_line' id='line_1_91' title="bbox 177 5122 3474 5201; baseline 0.003 -25"><span class='ocrx_word' id='word_1_695' title='bbox 177 5123 260 5180; x_wconf 87' lang='lat' dir='ltr'><strong>bus</strong></span> <span class='ocrx_word' id='word_1_696' title='bbox 299 5125 532 5181; x_wconf 80' lang='lat' dir='ltr'><strong>abstersis</strong></span> <span class='ocrx_word' id='word_1_697' title='bbox 563 5143 677 5181; x_wconf 85' lang='lat' dir='ltr'><strong>cum</strong></span> <span class='ocrx_word' id='word_1_698' title='bbox 721 5125 887 5182; x_wconf 83' lang='lat' dir='ltr'><strong>Verbo</strong></span> <span class='ocrx_word' id='word_1_699' title='bbox 923 5138 1114 5185; x_wconf 71' lang='lat' dir='ltr'><strong>(eterna</strong></span> <span class='ocrx_word' id='word_1_700' title='bbox 1136 5122 1371 5184; x_wconf 85' lang='lat' dir='ltr'><strong>intimum</strong></span> <span class='ocrx_word' id='word_1_701' title='bbox 1393 5129 1656 5199; x_wconf 87' lang='lat' dir='ltr'><strong>quoddam</strong></span> <span class='ocrx_word' id='word_1_702' title='bbox 1681 5129 1934 5199; x_wconf 85' lang='lat' dir='ltr'><strong>spiritalis</strong></span> <span class='ocrx_word' id='word_1_703' title='bbox 1962 5129 2205 5184; x_wconf 89' lang='lat' dir='ltr'><strong>connubii</strong></span> <span class='ocrx_word' id='word_1_704' title='bbox 2235 5132 2402 5201; x_wconf 63' lang='lat' dir='ltr'><strong>foedus</strong></span> <span class='ocrx_word' id='word_1_705' title='bbox 2433 5131 2603 5197; x_wconf 85' lang='lat' dir='ltr'><strong>ineat;</strong></span> <span class='ocrx_word' id='word_1_706' title='bbox 2629 5131 2846 5196; x_wconf 85' lang='lat' dir='ltr'><strong>denique</strong></span> <span class='ocrx_word' id='word_1_707' title='bbox 2873 5130 2924 5184; x_wconf 88' lang='lat' dir='ltr'><strong>in</strong></span> <span class='ocrx_word' id='word_1_708' title='bbox 2949 5129 3116 5185; x_wconf 84' lang='lat' dir='ltr'><strong>Jacob</strong></span> <span class='ocrx_word' id='word_1_709' title='bbox 3145 5131 3474 5200; x_wconf 87' lang='lat' dir='ltr'><strong>singularem</strong></span> 
     </span>
    </p>
   </div>
   <div class='ocr_carea' id='block_1_91' title="bbox 180 5218 3476 5293">
    <p class='ocr_par' dir='ltr' id='par_1_91' title="bbox 180 5218 3476 5293">
     <span class='ocr_line' id='line_1_92' title="bbox 180 5218 3476 5293; baseline 0.001 -20"><span class='ocrx_word' id='word_1_710' title='bbox 180 5219 350 5282; x_wconf 86' lang='lat' dir='ltr'><strong>animi,</strong></span> <span class='ocrx_word' id='word_1_711' title='bbox 387 5218 744 5287; x_wconf 83' lang='lat' dir='ltr'><strong>laborumque</strong></span> <span class='ocrx_word' id='word_1_712' title='bbox 767 5220 1081 5289; x_wconf 87' lang='lat' dir='ltr'><strong>patientiam</strong></span> <span class='ocrx_word' id='word_1_713' title='bbox 1101 5263 1114 5286; x_wconf 88' lang='lat'><strong>,</strong></span> <span class='ocrx_word' id='word_1_714' title='bbox 1146 5222 1296 5292; x_wconf 86' lang='lat' dir='ltr'><strong>cujus</strong></span> <span class='ocrx_word' id='word_1_715' title='bbox 1326 5220 1572 5289; x_wconf 85' lang='lat' dir='ltr'><strong>bene/icio</strong></span> <span class='ocrx_word' id='word_1_716' title='bbox 1612 5220 1689 5274; x_wconf 84' lang='lat' dir='ltr'><strong>uel</strong></span> <span class='ocrx_word' id='word_1_717' title='bbox 1719 5220 1772 5273; x_wconf 91' lang='lat' dir='ltr'><strong>in</strong></span> <span class='ocrx_word' id='word_1_718' title='bbox 1803 5221 2142 5276; x_wconf 87' lang='lat' dir='ltr'><strong>atrocissimis</strong></span> <span class='ocrx_word' id='word_1_719' title='bbox 2170 5222 2473 5293; x_wconf 79' lang='lat' dir='ltr'><strong>infortuniis</strong></span> <span class='ocrx_word' id='word_1_720' title='bbox 2498 5219 2759 5277; x_wconf 82' lang='lat' dir='ltr'><strong>beatitudo</strong></span> <span class='ocrx_word' id='word_1_721' title='bbox 2790 5221 3101 5287; x_wconf 80' lang='lat' dir='ltr'><strong>retineatur;</strong></span> <span class='ocrx_word' id='word_1_722' title='bbox 3134 5238 3233 5276; x_wconf 90' lang='lat' dir='ltr'><strong>non</strong></span> <span class='ocrx_word' id='word_1_723' title='bbox 3264 5231 3476 5278; x_wconf 84' lang='lat' dir='ltr'><strong>conten-</strong></span> 
     </span>
    </p>
   </div>
   <div class='ocr_carea' id='block_1_92' title="bbox 182 5310 3476 5385">
    <p class='ocr_par' dir='ltr' id='par_1_92' title="bbox 182 5310 3476 5385">
     <span class='ocr_line' id='line_1_93' title="bbox 182 5310 3476 5385; baseline 0.002 -23"><span class='ocrx_word' id='word_1_724' title='bbox 182 5319 253 5364; x_wconf 87' lang='lat' dir='ltr'><strong>tus</strong></span> <span class='ocrx_word' id='word_1_725' title='bbox 274 5311 357 5364; x_wconf 88' lang='lat' dir='ltr'><strong>has</strong></span> <span class='ocrx_word' id='word_1_726' title='bbox 379 5326 556 5364; x_wconf 88' lang='lat' dir='ltr'><strong>anmes</strong></span> <span class='ocrx_word' id='word_1_727' title='bbox 584 5310 795 5364; x_wconf 77' lang='lat' dir='ltr'><strong>virtutes</strong></span> <span class='ocrx_word' id='word_1_728' title='bbox 820 5313 956 5381; x_wconf 87' lang='lat' dir='ltr'><strong>ston</strong></span> <span class='ocrx_word' id='word_1_729' title='bbox 978 5312 1277 5379; x_wconf 84' lang='lat' dir='ltr'><strong>celebrasse,</strong></span> <span class='ocrx_word' id='word_1_730' title='bbox 1302 5312 1502 5383; x_wconf 87' lang='lat' dir='ltr'><strong>aliquid</strong></span> <span class='ocrx_word' id='word_1_731' title='bbox 1525 5311 1700 5366; x_wconf 88' lang='lat' dir='ltr'><strong>adhuc</strong></span> <span class='ocrx_word' id='word_1_732' title='bbox 1722 5312 2014 5383; x_wconf 72' lang='lat' dir='ltr'><strong>expressius</strong></span> <span class='ocrx_word' id='word_1_733' title='bbox 2036 5329 2096 5367; x_wconf 91' lang='lat' dir='ltr'><strong>ac</strong></span> <span class='ocrx_word' id='word_1_734' title='bbox 2128 5313 2293 5385; x_wconf 85' lang='lat' dir='ltr'><strong>magis</strong></span> <span class='ocrx_word' id='word_1_735' title='bbox 2324 5315 2719 5369; x_wconf 84' lang='lat' dir='ltr'><strong>determinatum</strong></span> <span class='ocrx_word' id='word_1_736' title='bbox 2747 5313 2800 5367; x_wconf 90' lang='lat' dir='ltr'><strong>in</strong></span> <span class='ocrx_word' id='word_1_737' title='bbox 2824 5311 3075 5381; x_wconf 78' lang='lat' dir='ltr'><strong>Josepha.</strong></span> <span class='ocrx_word' id='word_1_738' title='bbox 3111 5317 3262 5382; x_wconf 84' lang='lat' dir='ltr'><strong>cujus</strong></span> <span class='ocrx_word' id='word_1_739' title='bbox 3290 5317 3476 5383; x_wconf 78' lang='lat' dir='ltr'><strong>prteci-</strong></span> 
     </span>
    </p>
   </div>
   <div class='ocr_carea' id='block_1_93' title="bbox 184 5401 3474 5474">
    <p class='ocr_par' dir='ltr' id='par_1_93' title="bbox 184 5401 3474 5474">
     <span class='ocr_line' id='line_1_94' title="bbox 184 5401 3474 5474; baseline 0.002 -20"><span class='ocrx_word' id='word_1_740' title='bbox 184 5418 275 5471; x_wconf 90' lang='lat' dir='ltr'><strong>pua</strong></span> <span class='ocrx_word' id='word_1_741' title='bbox 300 5401 406 5455; x_wconf 87' lang='lat' dir='ltr'><strong>laus</strong></span> <span class='ocrx_word' id='word_1_742' title='bbox 434 5401 486 5454; x_wconf 90' lang='lat' dir='ltr'><strong>in</strong></span> <span class='ocrx_word' id='word_1_743' title='bbox 512 5402 747 5455; x_wconf 79' lang='lat' dir='ltr'><strong>castitate</strong></span> <span class='ocrx_word' id='word_1_744' title='bbox 768 5402 934 5472; x_wconf 84' lang='lat' dir='ltr'><strong>posita</strong></span> <span class='ocrx_word' id='word_1_745' title='bbox 962 5411 1057 5466; x_wconf 87' lang='lat' dir='ltr'><strong>est,</strong></span> <span class='ocrx_word' id='word_1_746' title='bbox 1089 5421 1374 5474; x_wconf 82' lang='lat' dir='ltr'><strong>proponere</strong></span> <span class='ocrx_word' id='word_1_747' title='bbox 1401 5403 1542 5468; x_wconf 85' lang='lat' dir='ltr'><strong>apud</strong></span> <span class='ocrx_word' id='word_1_748' title='bbox 1568 5420 1622 5458; x_wconf 90' lang='lat' dir='ltr'><strong>se</strong></span> <span class='ocrx_word' id='word_1_749' title='bbox 1649 5405 1848 5459; x_wconf 88' lang='lat' dir='ltr'><strong>statuit.</strong></span> <span class='ocrx_word' id='word_1_750' title='bbox 1881 5403 1947 5457; x_wconf 86' lang='lat' dir='ltr'><strong>In</strong></span> <span class='ocrx_word' id='word_1_751' title='bbox 1977 5405 2326 5473; x_wconf 82' lang='lat' dir='ltr'><strong>superioribus</strong></span> <span class='ocrx_word' id='word_1_752' title='bbox 2355 5406 2543 5460; x_wconf 89' lang='lat' dir='ltr'><strong>nostris</strong></span> <span class='ocrx_word' id='word_1_753' title='bbox 2563 5403 3014 5458; x_wconf 82' lang='lat' dir='ltr'><strong>Admonitianibus</strong></span> <span class='ocrx_word' id='word_1_754' title='bbox 3043 5406 3474 5474; x_wconf 83' lang='lat' dir='ltr'><strong>quemadmodum</strong></span> 
     </span>
    </p>
   </div>
   <div class='ocr_carea' id='block_1_94' title="bbox 187 5492 3472 5567">
    <p class='ocr_par' dir='ltr' id='par_1_94' title="bbox 187 5492 3472 5567">
     <span class='ocr_line' id='line_1_95' title="bbox 187 5492 3472 5567; baseline 0 -17"><span class='ocrx_word' id='word_1_755' title='bbox 187 5493 240 5550; x_wconf 88' lang='lat' dir='ltr'><strong>S.</strong></span> <span class='ocrx_word' id='word_1_756' title='bbox 275 5492 469 5547; x_wconf 80' lang='lat' dir='ltr'><strong>Prtesul</strong></span> <span class='ocrx_word' id='word_1_757' title='bbox 491 5503 802 5546; x_wconf 86' lang='lat' dir='ltr'><strong>memoratas</strong></span> <span class='ocrx_word' id='word_1_758' title='bbox 827 5495 1121 5549; x_wconf 85' lang='lat' dir='ltr'><strong>earumdem</strong></span> <span class='ocrx_word' id='word_1_759' title='bbox 1150 5495 1433 5564; x_wconf 87' lang='lat' dir='ltr'><strong>primarum</strong></span> <span class='ocrx_word' id='word_1_760' title='bbox 1452 5495 1866 5567; x_wconf 76' lang='lat' dir='ltr'><strong>patriarcharum</strong></span> <span class='ocrx_word' id='word_1_761' title='bbox 1890 5495 2100 5550; x_wconf 84' lang='lat' dir='ltr'><strong>uirtutes</strong></span> <span class='ocrx_word' id='word_1_762' title='bbox 2121 5495 2446 5550; x_wconf 86' lang='lat' dir='ltr'><strong>edisserendo</strong></span> <span class='ocrx_word' id='word_1_763' title='bbox 2470 5495 2702 5565; x_wconf 88' lang='lat' dir='ltr'><strong>ipsarum</strong></span> <span class='ocrx_word' id='word_1_764' title='bbox 2730 5493 3002 5548; x_wconf 85' lang='lat' dir='ltr'><strong>historiam</strong></span> <span class='ocrx_word' id='word_1_765' title='bbox 3027 5496 3472 5566; x_wconf 83' lang='lat' dir='ltr'><strong>demonstraverit,</strong></span> 
     </span>
    </p>
   </div>
   <div class='ocr_carea' id='block_1_95' title="bbox 185 5583 2900 5658">
    <p class='ocr_par' dir='ltr' id='par_1_95' title="bbox 185 5583 2900 5658">
     <span class='ocr_line' id='line_1_96' title="bbox 185 5583 2900 5658; baseline -0.001 -17"><span class='ocrx_word' id='word_1_766' title='bbox 185 5587 452 5658; x_wconf 71' lang='lat' dir='ltr'><strong>expositum</strong></span> <span class='ocrx_word' id='word_1_767' title='bbox 481 5593 558 5638; x_wconf 86' lang='lat' dir='ltr'><strong>est</strong></span> <span class='ocrx_word' id='word_1_768' title='bbox 590 5600 608 5637; x_wconf 89' lang='lat'><strong><em>:</em></strong></span> <span class='ocrx_word' id='word_1_769' title='bbox 637 5600 775 5637; x_wconf 89' lang='lat' dir='ltr'><strong>nunc</strong></span> <span class='ocrx_word' id='word_1_770' title='bbox 794 5585 970 5656; x_wconf 86' lang='lat' dir='ltr'><strong>paucis</strong></span> <span class='ocrx_word' id='word_1_771' title='bbox 994 5601 1096 5655; x_wconf 80' lang='lat' dir='ltr'><strong>qua</strong></span> <span class='ocrx_word' id='word_1_772' title='bbox 1117 5587 1313 5640; x_wconf 87' lang='lat' dir='ltr'><strong>ratione</strong></span> <span class='ocrx_word' id='word_1_773' title='bbox 1335 5586 1391 5641; x_wconf 88' lang='lat' dir='ltr'><strong>id</strong></span> <span class='ocrx_word' id='word_1_774' title='bbox 1417 5588 1587 5657; x_wconf 84' lang='lat' dir='ltr'><strong>ipsum</strong></span> <span class='ocrx_word' id='word_1_775' title='bbox 1610 5587 1665 5642; x_wconf 87' lang='lat' dir='ltr'><strong>in</strong></span> <span class='ocrx_word' id='word_1_776' title='bbox 1693 5585 1907 5641; x_wconf 86' lang='lat' dir='ltr'><strong>historia</strong></span> <span class='ocrx_word' id='word_1_777' title='bbox 1927 5584 2143 5656; x_wconf 80' lang='lat' dir='ltr'><strong>Josephi</strong></span> <span class='ocrx_word' id='word_1_778' title='bbox 2166 5587 2482 5655; x_wconf 73' lang='lat' dir='ltr'><strong>prtestiterit.</strong></span> <span class='ocrx_word' id='word_1_779' title='bbox 2515 5583 2900 5654; x_wconf 85' lang='lat' dir='ltr'><strong>inquirendum.</strong></span> 
     </span>
    </p>
   </div>
   <div class='ocr_carea' id='block_1_96' title="bbox 257 5673 3466 5749">
    <p class='ocr_par' dir='ltr' id='par_1_96' title="bbox 257 5673 3466 5749">
     <span class='ocr_line' id='line_1_97' title="bbox 257 5673 3466 5749; baseline 0 -18"><span class='ocrx_word' id='word_1_780' title='bbox 257 5676 521 5748; x_wconf 85' lang='lat' dir='ltr'><strong>Principio</strong></span> <span class='ocrx_word' id='word_1_781' title='bbox 555 5675 702 5730; x_wconf 87' lang='lat' dir='ltr'><strong>docet</strong></span> <span class='ocrx_word' id='word_1_782' title='bbox 740 5673 1024 5746; x_wconf 80' lang='lat' dir='ltr'><strong>Jasephum</strong></span> <span class='ocrx_word' id='word_1_783' title='bbox 1057 5676 1203 5730; x_wconf 82' lang='lat' dir='ltr'><strong>nobis</strong></span> <span class='ocrx_word' id='word_1_784' title='bbox 1243 5679 1463 5749; x_wconf 84' lang='lat' dir='ltr'><strong>proponi</strong></span> <span class='ocrx_word' id='word_1_785' title='bbox 1511 5691 1779 5748; x_wconf 81' lang='lat' dir='ltr'><strong>tamquam</strong></span> <span class='ocrx_word' id='word_1_786' title='bbox 1807 5676 2084 5746; x_wconf 77' lang='lat' dir='ltr'><strong>speculum</strong></span> <span class='ocrx_word' id='word_1_787' title='bbox 2115 5677 2380 5734; x_wconf 82' lang='lat' dir='ltr'><strong>castitatis</strong></span> <span class='ocrx_word' id='word_1_788' title='bbox 2406 5673 2593 5746; x_wconf 72' lang='lat' dir='ltr'><strong>(Ibid,</strong></span> <span class='ocrx_word' id='word_1_789' title='bbox 2626 5689 2770 5728; x_wconf 89' lang='lat' dir='ltr'><strong>num.</strong></span> <span class='ocrx_word' id='word_1_790' title='bbox 2800 5673 2880 5745; x_wconf 72' lang='grc'><strong>2),</strong></span> <span class='ocrx_word' id='word_1_791' title='bbox 2906 5690 3021 5728; x_wconf 86' lang='lat' dir='ltr'><strong>cum</strong></span> <span class='ocrx_word' id='word_1_792' title='bbox 3042 5691 3100 5728; x_wconf 84' lang='lat' dir='ltr'><strong>ea</strong></span> <span class='ocrx_word' id='word_1_793' title='bbox 3123 5677 3282 5730; x_wconf 81' lang='lat' dir='ltr'><strong>uirtus</strong></span> <span class='ocrx_word' id='word_1_794' title='bbox 3310 5677 3466 5734; x_wconf 84' lang='lat' dir='ltr'><strong>simul</strong></span> 
     </span>
    </p>
   </div>
   <div class='ocr_carea' id='block_1_97' title="bbox 187 5767 3475 5847">
    <p class='ocr_par' dir='ltr' id='par_1_97' title="bbox 187 5767 3475 5847">
     <span class='ocr_line' id='line_1_98' title="bbox 187 5767 3475 5847; baseline 0.001 -24"><span class='ocrx_word' id='word_1_795' title='bbox 187 5777 226 5823; x_wconf 84' lang='lat' dir='ltr'><strong>et</strong></span> <span class='ocrx_word' id='word_1_796' title='bbox 263 5768 464 5839; x_wconf 85' lang='lat' dir='ltr'><strong>quidam</strong></span> <span class='ocrx_word' id='word_1_797' title='bbox 503 5767 840 5824; x_wconf 72' lang='lat' dir='ltr'><strong>castimonia:</strong></span> <span class='ocrx_word' id='word_1_798' title='bbox 879 5783 1060 5824; x_wconf 85' lang='lat' dir='ltr'><strong>comes</strong></span> <span class='ocrx_word' id='word_1_799' title='bbox 1109 5768 1255 5826; x_wconf 86' lang='lat' dir='ltr'><strong>nitor</strong></span> <span class='ocrx_word' id='word_1_800' title='bbox 1287 5774 1473 5843; x_wconf 68' lang='lat' dir='ltr'><strong>gratiae</strong></span> <span class='ocrx_word' id='word_1_801' title='bbox 1517 5774 1570 5828; x_wconf 89' lang='lat' dir='ltr'><strong>in</strong></span> <span class='ocrx_word' id='word_1_802' title='bbox 1607 5777 1718 5847; x_wconf 85' lang='lat' dir='ltr'><strong>ejus</strong></span> <span class='ocrx_word' id='word_1_803' title='bbox 1741 5772 1970 5827; x_wconf 83' lang='lat' dir='ltr'><strong>maribus</strong></span> <span class='ocrx_word' id='word_1_804' title='bbox 1992 5772 2240 5840; x_wconf 75' lang='lat' dir='ltr'><strong>[actisque</strong></span> <span class='ocrx_word' id='word_1_805' title='bbox 2268 5768 2501 5823; x_wconf 87' lang='lat' dir='ltr'><strong>omnibus</strong></span> <span class='ocrx_word' id='word_1_806' title='bbox 2527 5767 2890 5838; x_wconf 73' lang='lat' dir='ltr'><strong>perfectissime</strong></span> <span class='ocrx_word' id='word_1_807' title='bbox 2916 5769 3187 5840; x_wconf 78' lang='lat' dir='ltr'><strong>refulgent.</strong></span> <span class='ocrx_word' id='word_1_808' title='bbox 3217 5769 3475 5836; x_wconf 80' lang='lat' dir='ltr'><strong>Quoniam</strong></span> 
     </span>
    </p>
   </div>
   <div class='ocr_carea' id='block_1_98' title="bbox 186 5861 3472 5939">
    <p class='ocr_par' dir='ltr' id='par_1_98' title="bbox 186 5861 3472 5939">
     <span class='ocr_line' id='line_1_99' title="bbox 186 5861 3472 5939; baseline -0 -19"><span class='ocrx_word' id='word_1_809' title='bbox 186 5877 286 5920; x_wconf 73' lang='lat' dir='ltr'><strong>vero</strong></span> <span class='ocrx_word' id='word_1_810' title='bbox 315 5878 568 5934; x_wconf 83' lang='lat' dir='ltr'><strong>nusquam</strong></span> <span class='ocrx_word' id='word_1_811' title='bbox 601 5861 792 5932; x_wconf 86' lang='lat' dir='ltr'><strong>majori</strong></span> <span class='ocrx_word' id='word_1_812' title='bbox 813 5876 926 5917; x_wconf 82' lang='lat' dir='ltr'><strong>cum</strong></span> <span class='ocrx_word' id='word_1_813' title='bbox 959 5862 1233 5935; x_wconf 82' lang='lat' dir='ltr'><strong>splendore</strong></span> <span class='ocrx_word' id='word_1_814' title='bbox 1256 5867 1421 5922; x_wconf 88' lang='lat' dir='ltr'><strong>sancti</strong></span> <span class='ocrx_word' id='word_1_815' title='bbox 1451 5867 1797 5924; x_wconf 82' lang='lat' dir='ltr'><strong>adolescentis</strong></span> <span class='ocrx_word' id='word_1_816' title='bbox 1818 5865 2070 5939; x_wconf 85' lang='lat' dir='ltr'><strong>pudicitia</strong></span> <span class='ocrx_word' id='word_1_817' title='bbox 2103 5864 2302 5936; x_wconf 72' lang='lat' dir='ltr'><strong>enituit,</strong></span> <span class='ocrx_word' id='word_1_818' title='bbox 2328 5878 2479 5936; x_wconf 74' lang='lat' dir='ltr'><strong>quam</strong></span> <span class='ocrx_word' id='word_1_819' title='bbox 2513 5878 2624 5918; x_wconf 82' lang='lat' dir='ltr'><strong>cum</strong></span> <span class='ocrx_word' id='word_1_820' title='bbox 2654 5863 2820 5933; x_wconf 75' lang='lat' dir='ltr'><strong>ipsam</strong></span> <span class='ocrx_word' id='word_1_821' title='bbox 2848 5878 2978 5919; x_wconf 73' lang='lat' dir='ltr'><strong>uxor</strong></span> <span class='ocrx_word' id='word_1_822' title='bbox 3004 5862 3308 5938; x_wconf 82' lang='lat' dir='ltr'><strong>Putipharis</strong></span> <span class='ocrx_word' id='word_1_823' title='bbox 3329 5865 3472 5937; x_wconf 81' lang='lat' dir='ltr'><strong>apud</strong></span> 
     </span>
    </p>
   </div>
  </div>
