4138 6366
565 306 671 367 659
720 285 724 288 ’
1909 279 2155 354 ΒΑΜ]τί
2196 341 2199 350 .

2250 291 2523 352 MBROSH
3771 277 3884 334 610

568 437 720 496 quem
752 422 841 478 ille
869 420 1139 488 serviebat,
1176 416 1456 490 multiplici
1485 415 1738 472 lenocinio
1769 411 2259 486 imprabissimisque
2298 409 2562 465 conatibus
2608 405 2917 480 labefactare
2957 415 3139 460 conata
3179 413 3285 472 est;
3314 409 3589 475 eaprapter
3613 397 3887 471 singulare

571 495 668 572 hoc
687 515 915 588 ejusdem
934 513 1247 588 patriarcha:
1267 525 1620 568 ornamentum
1642 511 1699 568 S.
1734 509 2036 565 Ambrosius
2053 517 2158 563 tota
2175 506 2476 579 eloquentia:
2502 521 2610 560 sua:
2628 504 2673 558 vi
2701 502 2949 574 praedicat
2970 503 3083 557 licet
3109 517 3210 556 uno
3233 511 3428 556 tantum
3445 497 3612 569 capite
3625 495 3784 568 (Cap.
3803 496 3886 566 5).

576 611 950 683 difﬁcillimum
992 609 1127 665 illud
1168 619 1426 666 certamen
1464 626 1525 664 ac
1571 609 1790 678 periculi
1809 608 2160 682 plenissimum
2188 605 2653 677 comprehenderit.
2684 602 2806 658 Illic
2835 601 2999 673 aperit
3027 599 3200 655 omnia
3223 593 3584 651 illecebrarum
3607 601 3761 662 atque
3794 606 3888 642 ar-

571 707 700 762 tium
727 704 918 778 generti
945 705 1124 778 quibus
1156 713 1420 776 corrupta:
1450 704 1689 760 mulieres
1717 712 1918 758 amatos
1945 717 2294 773 corrumpere,
2321 715 2595 770 eorumque
2619 696 2987 752 continentiam
3008 706 3305 766 expugnare
3326 687 3720 762 aggrediuntur.
3748 684 3895 738 Con-

569 797 814 864 stantiam
843 812 904 850 ac
933 795 1261 867 prudentiam
1286 797 1467 864 quibus
1499 795 1564 851 S.
1593 794 1790 866 Joseph
1817 793 1962 848 illius
1985 793 2252 863 petitiones
2280 809 2417 847 nunc
2446 791 2751 856 resistendo,
2782 805 2918 844 nunc
2945 786 3189 858 fugienda
3219 801 3392 838 cassos
3417 779 3660 846 reddidit,
3687 778 3893 850 ampli—

572 889 720 959 ﬁcat.
762 887 964 942 Monita
1001 887 1218 941 subinde
1259 887 1439 942 inserit
1475 886 1801 941 instituendis
1836 885 2066 939 moribus
2093 883 2389 939 utilissinta.
2423 882 2693 938 Postrema
2723 881 2846 934 dum
2877 879 3217 934 castissimum
3255 877 3449 931 huncce
3472 875 3712 928 victorem
3739 887 3892 925 com-

501 997 508 999 -
576 979 804 1044 mendat,
841 978 1047 1032 mininte
1077 977 1388 1044 dubitanter,
1424 993 1521 1047 pro
1551 978 1831 1041 castitate,
1868 976 2035 1046 inquit
2074 975 2237 1043 (Ibid.
2267 991 2408 1029 num.
2442 974 2560 1046 ‘26),
2591 974 2906 1046 martyrium
2944 971 3186 1036 subibat,
3237 970 3479 1022 nimirum
3521 982 3636 1021 cum
3663 963 3894 1018 cazlestis

571 1071 717 1126 illius
744 1071 950 1126 virtutis
971 1087 1127 1126 causa
1157 1072 1208 1124 in
1236 1070 1440 1125 vincula
1467 1071 1582 1139 rapi
1607 1087 1661 1126 se
1690 1068 1995 1140 patiebatur,
2022 1069 2086 1124 de
2109 1069 2403 1139 refellendis
2429 1068 2568 1124 hera:
2592 1085 2698 1123 sua:
2727 1067 2995 1122 calumniis
3016 1066 3412 1135 haudquaquam
3434 1061 3706 1117 sollicitus.

643 1165 898 1221 Caeterum
923 1178 1112 1238 praeter
1135 1165 1267 1220 hanc
1296 1166 1504 1220 laudem
1534 1176 1662 1236 sunt
1684 1177 1730 1221 et
1757 1166 1861 1221 alia
1885 1169 2048 1221 multa
2067 1168 2122 1221 in
2143 1168 2244 1222 vita
2269 1164 2504 1237 Iosephi,
2535 1182 2649 1238 qua:
2675 1181 2923 1221 summam
2945 1161 3405 1217 considerationem
3429 1166 3743 1212 mereantur.
3772 1152 3888 1208 Illa

569 1262 746 1320 beatus
791 1264 982 1320 Doctor
1011 1264 1216 1320 silentio
1255 1264 1602 1336 prtetermissa
1631 1263 1817 1326 noluit,
1846 1264 1937 1318 sed
1981 1278 2041 1316 ea
2070 1263 2272 1317 ratione
2306 1263 2656 1334 pertractavit,
2687 1277 2840 1330 quam
2874 1259 3115 1313 hactenus
3154 1255 3207 1308 in
3239 1251 3552 1307 exornandis
3593 1249 3893 1319 priscorum

573 1364 996 1435 patriarcharum
1025 1367 1183 1437 gestis
1213 1383 1314 1420 non
1338 1365 1660 1420 adhibuerat.
1699 1365 2010 1435 Auspicatur
2040 1363 2193 1436 (Cap.
2223 1364 2275 1420 1.
2319 1380 2459 1418 num.
2494 1362 2548 1433 5)
2579 1362 2641 1416 ab
2673 1360 2866 1415 invidia
2896 1373 3012 1429 qua:
3041 1359 3224 1426 fratres
3247 1353 3302 1406 in
3329 1348 3618 1420 Josephum
3639 1345 3888 1401 stimula-

572 1465 750 1522 verat;
807 1472 868 1510 ac
915 1459 1031 1528 ejus
1066 1458 1337 1512 occasione
1375 1459 1638 1512 nonnullis
1688 1458 1828 1511 circa
1851 1457 2044 1511 amoris
2063 1473 2211 1527 quem
2241 1465 2478 1526 parentes
2508 1473 2627 1528 erga
2659 1456 2842 1509 liberos
2865 1466 2974 1522 pra:
3000 1465 3054 1504 se
3081 1448 3215 1517 ferre
3251 1451 3504 1514 aparteat,
3534 1439 3892 1511 tequalitatesu

569 1547 1008 1605 observationibus
1037 1552 1336 1622 prmissis,
1360 1551 1645 1624 Josephum
1669 1550 1859 1607 Christi
1884 1551 2096 1608 Domini
2118 1562 2298 1624 typum
2325 1570 2385 1606 ac
2412 1554 2636 1627 ﬁguram
2659 1551 2872 1608 somniis
2893 1539 2999 1602 suis
3024 1544 3276 1601 exstitisse
3295 1542 3607 1595 demonstrat
3628 1539 3779 1606 (cap.
3803 1535 3890 1607 2).

571 1637 775 1697 Deinde
798 1643 1048 1716 quidquid
1075 1645 1131 1698 in
1159 1643 1341 1700 Genesi
1382 1645 1447 1700 de
1470 1655 1647 1700 sancto
1679 1644 1986 1700 I’atriarcha
2011 1646 2220 1718 legitur,
2257 1646 2380 1700 satis
2404 1654 2642 1699 accurate
2673 1656 2995 1713 percenseas,
3043 1651 3217 1691 anmes
3247 1629 3621 1715 propemodum
3651 1630 3770 1699 ejus
3801 1642 3890 1680 ac—

585 1734 751 1789 tiones
777 1711 989 1806 mystice
1011 1746 1164 1809 atque
1189 1737 1243 1791 in
1278 1737 1448 1808 figura
1475 1735 1678 1792 Christo
1715 1739 2003 1800 convenire,
2038 1711 2351 1809 proindeque
2379 1739 2515 1792 hunc
2545 1711 2715 1808 ipsum
2737 1752 2830 1806 pro
2860 1749 2975 1788 vero
3008 1730 3296 1798 Scriptura:
3323 1711 3556 1793 Josepho
3583 1721 3888 1776 habendum

584 1831 752 1886 docet.
787 1831 855 1886 Id
887 1835 1092 1905 quidem
1121 1836 1251 1889 adeo
1277 1845 1454 1890 exacte
1475 1835 1677 1907 probat,
1707 1844 1762 1890 ut
1787 1834 1912 1890 bene
1941 1835 2116 1889 multis
2151 1833 2367 1904 Iosephi
2397 1847 2458 1886 ex
2485 1831 2615 1885 libro
2652 1827 2859 1893 Genesi,
2904 1836 2951 1880 et
2980 1823 3169 1878 Christi
3199 1837 3262 1876 ex
3290 1817 3577 1890 Evangelia
3603 1814 3768 1870 verbis
3794 1812 3892 1866 sibi

574 1923 796 1978 invicem
843 1926 1111 1995 appositis,
1143 1943 1204 1980 ea
1240 1927 1520 1981 maximam
1549 1927 1684 1981 inter
1703 1943 1760 1982 se
1784 1927 2137 1998 cognationem
2167 1927 2352 1980 habere
2382 1922 2659 1994 patefaciat
2689 1918 2843 1992 (Cap.
2869 1918 2937 1974 12
2967 1927 3013 1972 et
3043 1914 3155 1987 15).
3187 1913 3414 1982 Denique
3437 1927 3553 1964 cum
3581 1910 3634 1963 in
3661 1909 3756 1963 hac
3779 1909 3894 1979 ipsa

580 2013 801 2069 historia
835 2014 1045 2086 reliquis
1080 2019 1232 2071 etiam
1254 2019 1378 2088 ﬁliis
1403 2016 1568 2072 Iacob
1599 2035 1708 2074 sua:
1728 2028 1899 2089 partes
1927 2018 2139 2090 fuerint,
2168 2018 2389 2073 indictos
2415 2017 2619 2070 eosdem
2650 2030 2751 2068 non
2773 2012 2916 2076 sinit,
2937 2009 3026 2065 sed
3047 2010 3102 2063 in
3127 2007 3400 2080 Benjamin
3429 2004 3708 2059 exhibitam
3730 2003 3898 2074 fuisse

586 2103 750 2159 Pauli
779 2120 928 2176 quem
949 2108 1151 2162 eximiis
1182 2108 1422 2165 laudibus
1457 2112 1802 2180 prosequitur,
1828 2111 2101 2183 imaginem
2141 2108 2331 2177 tradit;
2369 2110 2424 2164 in
2453 2109 2572 2163 aliis
2601 2123 2717 2161 vero
2749 2103 2994 2170 fratribus
3021 2117 3315 2172 expressam
3341 2097 3648 2154 Iudaeorum
3679 2097 3731 2150 in
3759 2111 3894 2167 quos

585 2193 841 2249 invehitur
857 2235 874 2261 ,
907 2198 1180 2268 perfidiam
1200 2211 1352 2271 atque
1379 2202 1746 2257 immanitatem
1769 2204 2035 2272 ;quamvis
2057 2205 2196 2276 ipsas
2222 2218 2417 2274 quoque
2439 2203 2504 2255 ad
2527 2200 2680 2270 ﬁdem
2707 2197 2913 2252 tandem
2939 2195 3217 2266 aliquando
3248 2203 3582 2266 perventuros
3611 2189 3893 2261 signiﬁcet.

574 2297 584 2326 ³
648 2284 864 2342 Crebros
897 2291 1102 2361 quidem
1129 2293 1476 2363 expositiones
1505 2312 1566 2349 ac
1594 2299 1964 2369 prwceptiones
1991 2313 2105 2369 quae
2138 2296 2448 2353 Christiana
2493 2294 2656 2365 plebis
2691 2290 2922 2347 moribus
2960 2288 3282 2354 conducant,
3315 2287 3408 2340 toti
3441 2285 3588 2354 operi
3618 2283 3732 2354 pius
3771 2281 3896 2336 Do-

569 2390 683 2434 ctor
709 2382 987 2456 iuspergit,
1019 2396 1369 2441 verumtamen
1396 2388 1451 2442 in
1477 2391 1702 2444 eruenda
1731 2391 1947 2462 mystico
1994 2407 2144 2446 sensu
2175 2392 2377 2446 laborat
2405 2388 2705 2460 impensius.
2762 2385 2912 2441 Unde
2939 2400 3039 2438 uno
3070 2381 3222 2438 verbo
3266 2396 3369 2435 non
3416 2379 3614 2453 injuria
3664 2386 3901 2433 statuere

571 2476 686 2541 quis
717 2480 874 2545 possit
905 2479 1000 2533 hoc
1029 2481 1160 2534 libro
1190 2481 1266 2535 nil
1289 2483 1544 2537 contineri
1571 2485 1671 2538 nisi
1699 2487 1968 2557 mysticam
1989 2489 2359 2556 expositionem
2397 2501 2573 2541 eorum
2601 2483 2860 2547 omnium,
2891 2496 3006 2551 qum
3051 2479 3104 2533 in
3133 2477 3318 2533 Genesi
3349 2475 3413 2530 de
3436 2485 3612 2530 sancto
3633 2472 3838 2545 Ioseph
3864 2489 3897 2527 a

569 2567 891 2623 somniorum
919 2570 1080 2642 ipsius
1101 2573 1403 2628 narratione
1431 2575 1499 2628 ad
1521 2585 1810 2646 susceptam
1841 2579 2211 2650 profectionem
2238 2594 2338 2650 quo
2370 2578 2506 2650 patri
2528 2577 2596 2630 ad
2624 2592 2680 2630 se
2699 2576 2754 2629 in
2777 2571 3072 2646 Egyptum
3117 2569 3336 2626 venienti
3378 2566 3580 2623 obviam
3621 2567 3748 2634 iret,
3782 2582 3895 2622 me-

570 2668 858 2716 morantur.

619 2748 1007 2852 “Minime-sane
1027 2757 1307 2852 obscurum
1341 2767 1416 2813 est
1463 2760 1596 2815 hanc
1626 2762 2035 2819 lucubrationem
2064 2781 2166 2820 non
2195 2781 2338 2821 secus
2386 2780 2446 2819 ac
2473 2765 2762 2835 superiores
2797 2777 2972 2817 omnes
3012 2777 3043 2814 a
3081 2757 3224 2814 libris
3255 2756 3323 2812 de
3352 2754 3645 2820 Abraham,
3680 2753 3894 2810 concio-

573 2840 726 2897 nibus
749 2841 1038 2942 .Mediolani
1063 2850 1412 2919 pronuntiatis
1441 2865 1696 2910 constare.
1728 2856 1837 2912 Sed
1869 2874 1984 2912 cum
2014 2857 2240 2913 aliarum
2277 2869 2480 2914 aetatem
2502 2875 2530 2912 e
2567 2869 2792 2927 tempore
2839 2872 2936 2925 quo
2968 2855 3124 2928 hujus
3169 2867 3429 2907 sermones
3459 2849 3623 2904 habiti
3649 2849 3887 2918 fuerint,

567 2942 828 3011 prtecipue
856 2943 1095 3016 cegnosci
1115 2961 1280 3015 supra
1316 2943 1752 3018 afﬁrmat-erimus
1781 2993 1794 3018 ,
1827 2969 1966 3006 nunc
1995 2951 2140 3007 nobis
2172 2964 2224 3006 ut
2266 2952 2402 3008 illud
2446 2953 2658 3022 planum
2685 2951 3110 3024 exploratumque
3146 2947 3396 3020 faciamus
3415 2987 3430 3012 ,
3464 2959 3623 3014 opera
3651 2945 3892 2998 navanda

569 3044 667 3090 est.
709 3034 936 3091 Nullum
958 3054 1115 3108 porro
1138 3041 1362 3097 validius
1393 3060 1499 3098 esse
1525 3056 1767 3112 putamus
1795 3047 1861 3101 ad
1883 3046 2018 3102 hanc
2047 3065 2154 3102 rem
2175 3059 2532 3119 argumentum
2562 3065 2717 3118 quam
2739 3064 2798 3102 ea
2823 3045 2974 3102 verba
2999 3061 3116 3118 qua
3148 3043 3418 3098 occasione
3445 3042 3597 3096 unius
3636 3057 3663 3095 e
3684 3041 3888 3096 duobus

569 3124 1145 3232 {Immonis-eunuchis
1177 3138 1261 3190 cui
1285 3138 1338 3191 in
1367 3154 1573 3194 carcere
1597 3138 1793 3210 Ioseph
1821 3152 2108 3196 extremum
2133 3144 2300 3198 crucis
2327 3143 2642 3215 supplicium
2683 3141 2989 3196 vaticinatus
3027 3148 3098 3194 est
3120 3179 3134 3204 ,
3173 3138 3415 3192 dicuntur
3453 3152 3484 3189 a
3530 3135 3593 3191 S.
3623 3135 3885 3189 Antistite.

574 3217 781 3324 It'tenim
812 3223 950 3324 alius
973 3231 1238 3283 eunuchus
1264 3230 1333 3284 ibi
1355 3230 1663 3288 describitur
1691 3233 1854 3307 (Cap.
1877 3236 1911 3291 6
1933 3278 1948 3303 ,
1972 3253 2116 3292 num.
2149 3238 2264 3309 53),
2290 3239 2380 3306 qui
2405 3248 2523 3291 ante
2551 3235 2812 3291 biennium
2853 3234 3179 3300 imperatoris
3210 3237 3385 3303 favore
3409 3229 3672 3297 tumidus,
3697 3229 3880 3285 Eccle-

567 3330 661 3369 stte
687 3325 883 3370 tantam
911 3319 1228 3393 irrogaverat
1249 3327 1616 3380 contumeliam
1638 3370 1650 3391 ,
1677 3338 1732 3383 ut
1753 3345 1865 3420 εφη
1893 3329 2120 3385 Sanetus
2150 3340 2322 3386 noster
2349 3329 2502 3384 dictis
2528 3344 2746 3400 quorum
2770 3327 3063 3382 meminisse
3076 3327 3196 3398 jam
3223 3341 3324 3378 non
3353 3323 3535 3379 libebat
3561 3366 3576 3391 ,
3603 3323 3878 3378 retundere

569 3421 699 3466 esset
726 3423 952 3470 coactus.
983 3416 1090 3473 Hic
1115 3421 1254 3475 idem
1281 3423 1546 3477 eunuchus
1574 3416 1836 3496 tamquam
1866 3427 1996 3482 alter
2026 3426 2198 3482 Doech
2230 3427 2420 3483 fraude
2450 3442 2631 3498 regem
2663 3426 2956 3481 commovit
2986 3425 3038 3480 in
3069 3423 3368 3479 sacerdotis
3389 3462 3406 3488 ,
3461 3423 3514 3476 id
3543 3433 3649 3489 est,
3691 3422 3884 3492 ipsius-

569 3513 672 3559 met
708 3508 1000 3582 Ambrosii,
1032 3519 1330 3586 periculum
1359 3521 1556 3591 (Ibid.,
1587 3539 1732 3577 num.
1761 3524 1889 3595 55);
1919 3536 1968 3578 et
1997 3535 2258 3596 tamquam
2287 3525 2419 3580 alter
2449 3526 2616 3579 Aman
2645 3525 2923 3579 crudeliter
2948 3521 3295 3577 orthodoxam
3337 3519 3587 3590 populum
3615 3519 3883 3590 exagitans

569 3610 724 3670 atque
750 3605 1017 3673 divexans,
1049 3613 1250 3668 nullum
1279 3615 1509 3686 lapidem
1543 3633 1644 3671 non
1669 3617 1924 3684 movebat,
1954 3630 2009 3671 ut
2040 3617 2120 3672 illi
2148 3635 2269 3673 suas
2298 3617 2565 3674 Ecclesias
2597 3619 2833 3688 eriperet,
2863 3631 3047 3687 easque
3077 3616 3284 3670 Arianis
3319 3629 3542 3684 quorum
3571 3612 3882 3684 impietatem

569 3693 893 3804 sequebatur,
925 3717 1193 3760 assereret.
1223 3707 1303 3760 Ad
1334 3718 1615 3764 extremum
1647 3725 1706 3764 eo
1731 3714 1885 3765 crevit
1906 3711 2018 3782 ejus
2049 3713 2275 3766 amentia
2297 3722 2353 3766 ut
2383 3712 2533 3779 aliis,
2561 3729 2744 3782 nempe
2781 3722 2962 3767 sancto
3000 3710 3260 3785 Episcopo
3283 3709 3558 3763 intentaret
3585 3708 3763 3760 mortis
3790 3722 3879 3778 pe-

567 3792 792 3848 riculum
819 3811 837 3849 :
862 3799 952 3852 sed
1002 3815 1104 3854 non
1129 3800 1400 3859 advertens
1420 3822 1536 3876 qute
1564 3807 1663 3880 ipsi
1692 3811 1771 3863 vir
1797 3819 2005 3865 sanctus
2031 3811 2365 3884 praediceret,
2398 3811 2706 3866 minabatur
2731 3811 2852 3865 aliis
2884 3812 2999 3880 ipse
3030 3826 3152 3866 mox
3182 3809 3451 3881 supplicio
3473 3804 3754 3861 dedendas
3783 3819 3878 3858 ex-

567 3898 745 3995 ll‘cjno
768 3889 964 3995 Ibid”
998 3909 1140 3995 num.
1161 3895 1207 3995 ‘5
1219 3894 1289 3995 i).
1316 3895 1385 3952 Et
1408 3915 1462 3954 re
1483 3916 1608 3968 vera,
1626 3902 1768 3956 haud
1793 3904 1867 3957 ita
1890 3904 2051 3958 multo
2084 3915 2197 3973 post
2227 3908 2406 3976 favore
2428 3904 2761 3974 imperatoris
2783 3903 3009 3971 excidit;
3040 3914 3086 3959 et
3115 3903 3232 3958 licet
3261 3902 3455 3972 impius
3483 3900 3572 3954 ille
3590 3897 3661 3953 ad
3685 3895 3877 3951 Christi

567 3985 720 4056 cujus
744 3985 1062 4043 divinitatem
1083 3990 1436 4060 inﬁciabatur,
1469 4010 1694 4063 servum,
1727 3997 1824 4052 hoc
1851 4007 1924 4054 est
1944 4040 1960 4066 ,
1992 3997 2323 4054 Ambrosium
2352 4013 2500 4068 quem
2531 4007 2638 4050 tam
2663 3997 2947 4052 insolenter
2975 3995 3146 4067 fuerat
3172 3981 3456 4050 insectatus
3481 4033 3494 4058 ,
3519 3991 3834 4063 confugisset
3856 4032 3874 4059 ,

565 4095 686 4135 mox
704 4089 875 4138 tamen
899 4088 1158 4156 carnificis
1184 4089 1360 4162 gladio
1385 4101 1652 4150 truncatus
1681 4105 1776 4151 est.

639 4171 722 4227 Ex
741 4174 837 4229 hac
857 4185 964 4232 tota
992 4182 1246 4237 orationis
1274 4185 1407 4239 serie
1435 4203 1740 4258 cognoscere
1769 4201 1842 4246 est
1866 4200 1968 4244 tam
1999 4189 2179 4245 sedulo
2210 4189 2484 4245 historiam
2519 4189 2651 4242 hanc
2675 4188 2784 4242 suis
2815 4186 3051 4240 omnibus
3091 4184 3359 4258 adjunctis
3395 4182 3459 4237 ab
3489 4180 3758 4236 Ambrosio
3785 4195 3870 4233 ex-

561 4264 759 4321 cultum
807 4278 854 4324 et
881 4273 1034 4342 quasi
1058 4275 1294 4330 vestitam
1321 4278 1482 4348 fuisse
1501 4321 1516 4346 ,
1547 4292 1602 4335 ut
1648 4281 1725 4335 nil
1763 4283 1863 4338 nisi
1889 4282 2032 4339 illius
2078 4300 2227 4354 quem
2255 4282 2519 4354 spectabat
2563 4300 2623 4337 ea
2654 4283 2888 4336 narratio
2909 4322 2924 4348 ,
2967 4296 3150 4335 nomen
3178 4279 3462 4334 desiderari
3505 4277 3784 4331 videretur.
3805 4271 3871 4326 Id

560 4369 699 4414 certe
729 4375 832 4416 non
862 4372 1062 4432 poterat
1092 4366 1418 4424 auditoribus
1447 4387 1558 4426 esse
1587 4374 1948 4445 incognitum;
1980 4392 2143 4447 neque
2186 4376 2340 4429 etiam
2373 4375 2592 4446 difﬁcile
2620 4375 2763 4429 nobis
2792 4373 2955 4445 fuerit
2994 4375 3165 4445 ipsum
3211 4369 3619 4442 deprehendere,
3650 4370 3696 4424 si
3722 4368 3871 4423 modo

563 4454 703 4508 hunc
725 4456 900 4556 locum
917 4474 1223 4556 comparare
1253 4463 1511 4533 placuerit
1538 4483 1656 4520 cum
1679 4467 1744 4521 iis
1772 4484 1888 4539 qua:
1913 4467 2050 4523 idem
2080 4478 2251 4523 noster
2281 4468 2580 4523 Ambrosius
2604 4470 2668 4523 de
2699 4467 3053 4539 persecutione
3076 4482 3230 4537 quam
3258 4482 3290 4520 a
3312 4463 3521 4518 Iustina
3540 4462 3868 4533 imperatrice

562 4551 866 4649 flenti-tque
893 4551 1105 4649 drianis
1131 4571 1318 4625 passus
1348 4557 1520 4629 fuerat
1538 4599 1552 4622 ,
1585 4557 1655 4612 ad
1677 4557 2042 4615 Mareellinam
2069 4576 2298 4616 sororem
2329 4562 2561 4632 scripsit.
2596 4559 2700 4616 Ille
2721 4561 2974 4632 siquidem
3001 4562 3055 4616 in
3085 4561 3224 4614 calce
3251 4559 3487 4631 epistola
3510 4559 3584 4610 ita
3611 4557 3870 4628 loquitur:

570 4638 814 4711 Denique
843 4645 1006 4700 etiam
1047 4649 1270 4717 speciali
1302 4651 1655 4718 exuressione
1696 4653 2010 4726 Calliganus
2057 4654 2379 4725 pra'positus
2425 4655 2655 4710 cubiculi
2689 4655 2948 4710 mandare
2977 4653 3108 4709 mihi
3137 4667 3301 4708 ausus
3329 4659 3412 4706 est
3455 4667 3468 4704 :
3497 4649 3583 4705 Me
3611 4651 3770 4713 vivo,
3811 4657 3866 4703 tu

559 4739 1330 4842 contemnisYalentinianum
1361 4745 1570 4820 (Epist.
1619 4748 1688 4804 14
1709 4790 1724 4814 ,
1756 4749 1826 4803 ad
1858 4748 2109 4817 Marcel.,
2135 4751 2274 4805 circa
2305 4747 2470 4819 ﬁn.)?
2511 4748 2767 4804 Videlicet
2806 4749 2942 4820 quod
2991 4747 3168 4818 impiis
3207 4745 3350 4800 illius
3379 4741 3636 4798 mandatis
3657 4785 3672 4807 ,
3699 4751 3767 4822 ἐι
3806 4741 3869 4796 iis

559 4832 784 4885 maxime
799 4832 984 4904 quibus
1011 4852 1170 4892 unam
1197 4854 1261 4892 ex
1280 4841 1510 4896 ecclesiis
1537 4841 1925 4898 Catholicorum
1953 4846 2166 4900 Arionis
2197 4855 2252 4899 ut
2283 4860 2406 4901 suos
2435 4844 2504 4899 ibi
2535 4854 2812 4900 conventus
2853 4853 3102 4916 agerent,
3135 4841 3336 4896 tradere
3354 4839 3655 4910 jubebatur,
3680 4853 3867 4893 morem

557 4941 734 4997 gerere
773 4926 1106 4986 detrectabat.
1137 4931 1310 5004 Caput
1343 4935 1439 4990 tibi
1470 4936 1602 4991 tollo
1623 4979 1638 5002 ,
1665 4938 1832 5010 inquit
1874 4955 2130 5012 arrogans
2159 4939 2254 4992 iste
2280 4939 2594 5004 eunuchus;
2643 4938 2725 4992 cui
2762 4937 3060 4992 Ambrosius
3088 4932 3442 4990 tantummodo
3485 4930 3661 4986 retulit
3707 4948 3869 5004 pauca

555 5021 687 5076 illa:
725 5020 868 5077 Deus
901 5024 1176 5092 permittat
1204 5027 1334 5096 tibi,
1367 5039 1423 5083 ut
1449 5030 1678 5101 impleas
1705 5033 1849 5104 quod
1881 5034 2130 5098 minaris.
2157 5033 2272 5105 Ego
2294 5024 2440 5089 enim
2491 5034 2663 5102 patiar
2691 5031 2835 5103 quod
2865 5030 3106 5106 episcopi
3137 5048 3150 5083 :
3206 5039 3260 5084 tu
3289 5028 3451 5083 iacies
3484 5025 3636 5097 quod
3665 5025 3863 5096 spado-

556 5130 685 5183 nes,
717 5127 823 5172 etc.
873 5115 998 5173 Htec
1023 5120 1133 5175 esse
1171 5122 1325 5176 verba
1360 5141 1576 5193 quorum
1628 5126 1719 5181 Vir
1745 5141 1955 5185 sanctus
1987 5133 2106 5203 jam
2132 5130 2434 5184 memoriam
2462 5123 2667 5185 abolere
2694 5146 2748 5184 se
2777 5129 2904 5183 velle
2932 5128 3220 5201 signiﬁcat,
3269 5124 3533 5197 probabile
3557 5133 3662 5178 est.
3694 5123 3757 5179 Si
3787 5123 3864 5177 cui

555 5220 725 5263 autem
768 5225 1080 5282 cognoscere
1121 5212 1286 5268 visum
1310 5216 1468 5285 fuerit
1493 5234 1594 5287 qua
1629 5220 1829 5273 ratione
1856 5221 1992 5275 idem
2024 5221 2294 5276 eunuchus
2336 5223 2652 5292 supplicium
2682 5222 2820 5290 quod
2849 5231 3038 5294 .sancto
3066 5222 3325 5292 Episcopo
3354 5217 3710 5284 minitabatur,
3761 5218 3864 5287 ipse

555 5301 995 5403 pertulerit,‘hoc
1036 5305 1360 5403 Augustinus
1387 5309 1754 5403 declaratillis
1781 5313 1948 5403 verbis
1982 5331 1995 5368 :
2023 5313 2395 5384 Calligonum,
2429 5315 2638 5384 inquit,
2671 5314 3030 5370 Valentiniani
3072 5313 3302 5386 junioris
3353 5311 3658 5367 eunuchum
3688 5309 3862 5381 gladio

555 5396 808 5495 norimus
838 5396 1012 5450 ultore
1042 5397 1288 5466 punitum
1309 5442 1322 5464 ,
1359 5401 1668 5457 meretricis
1696 5401 2039 5458 confessione
2071 5404 2380 5459 convictum
2407 5406 2545 5477 (Lib.
2579 5422 2662 5471 v1,
2690 5417 2827 5462 cant.
2856 5405 3064 5462 Julian.
3096 5406 3303 5480 Pelag.,
3337 5423 3451 5478 cap.
3485 5405 3594 5475 M).

629 5480 696 5536 Ut
722 5484 882 5554 igitur
905 5501 1007 5549 quo
1045 5495 1274 5560 tempore
1319 5488 1402 5544 hic
1431 5492 1560 5546 liber
1605 5493 1831 5566 scriptus
1869 5496 2061 5566 fuerit,
2094 5497 2436 5568 intelligatur,
2466 5498 2594 5568 quid
2615 5503 2731 5572 jam
2772 5500 2915 5554 aliud
2943 5511 3134 5566 restat,
3171 5501 3272 5554 nisi
3301 5510 3354 5553 ut
3381 5514 3576 5552 annum
3602 5513 3703 5568 quo
3733 5495 3859 5551 hanc

555 5572 625 5674 ad
652 5572 1015 5676 illarcellinam
1042 5580 1317 5676 epistolam
1342 5581 1648 5638 Ambrosius
1675 5585 1815 5639 misit
1833 5626 1848 5651 ,
1882 5587 2244 5653 dispiciamus.
2272 5586 2544 5644 Credimus
2569 5600 2736 5645 autem
2763 5607 2881 5645 eum
2910 5607 3226 5662 nequaquam
3258 5601 3442 5646 temere
3470 5593 3728 5662 facturum
3775 5588 3858 5659 qui

553 5662 747 5768 eisdem
788 5663 975 5722 litteris
1007 5684 1200 5728 annum
1228 5671 1334 5727 385
1375 5674 1715 5747 assignaverit
1741 5717 1758 5744 ,
1789 5692 1888 5748 quo
1913 5679 2106 5733 scilicet
2149 5679 2293 5749 festis
2317 5681 2645 5753 paschalibus
2675 5684 2728 5737 in
2757 5683 3048 5739 Catholicos
3077 5685 3243 5754 prima
3271 5684 3497 5739 Iustina:
3525 5683 3717 5737 exarsit
3744 5697 3858 5749 per-

556 5765 774 5864 secutio,
804 5771 918 5864 quia
943 5765 1192 5864 lsequenti
1214 5765 1366 5864 etiam
1410 5783 1547 5822 anno
1570 5770 1749 5824 iisdem
1775 5775 1938 5828 sacris
1972 5773 2152 5827 diebus
2179 5776 2458 5830 recruduit.
2485 5775 2648 5847 Atque
2673 5777 2800 5832 adeo
2830 5778 3096 5833 dicendum
3123 5791 3195 5834 est
3225 5795 3481 5833 sermones
3506 5776 3737 5848 hoscezin
3762 5771 3854 5828 lea

553 5848 679 5920 seph
703 5850 1003 5921 patriarcha
1023 5869 1070 5908 m
1100 5869 1236 5911 anno
1260 5854 1363 5912 587
1387 5856 1587 5912 habitos
1617 5859 1796 5932 fuisse,
1823 5864 1939 5920 cum
1968 5866 2186 5938 ipsemet

2215 5866 2479 5927 Ambrosio
2505 5870 2692 5926 reduce
2717 5887 2780 5927 ea-
2819 5870 3071 5945 legatione
3109 5872 3175 5927 ad
3209 5871 3492 5929 Maximum
3542 5881 3849 5942 tyrannum;
