4066 6360
51 384 205 445 6H
394 435 400 442 .
853 442 855 444 ,
1112 377 1201 435 DE
1236 369 1490 434 JOSEPII
1530 363 1978 428 PATRIARCHA
2017 361 2224 422 LIBER
2261 359 2464 420 UNUS.
3340 347 3444 404 65:2

58 502 98 556 1
110 506 288 559 (alia
322 520 488 576 usque
510 505 578 559 ad
598 517 820 558 mensem
841 499 1126 573 Augustum
1144 511 1244 565 quo
1265 493 1410 546 illam
1432 488 1616 543 iiwasit
1644 486 1778 539 idem
1806 493 2054 554 tyrannus
2079 523 2094 546 ,
2126 488 2310 550 pacata
2332 479 2453 551 fuit.
2485 475 2631 531 Certe
2659 471 2865 542 quidem
2890 477 2936 526 et
2965 464 3268 538 superiores
3326 462 3448 518 libri

58 557 270 664 (Lib.
392 557 762 651 ίΑέι.
788 609 902 662 cap.
922 557 984 654 Ξ,
1013 557 1267 650 ηιιηιίὸἸ,
1296 592 1345 637 et
1369 578 1516 648 alibi)
1545 621 1556 642 ,
1589 587 1634 632 et
1664 577 1745 630 hic
1772 575 1834 629 de
1856 590 1957 644 quo
1984 573 2258 640 loquimur,
2286 572 2410 626 satis
2433 576 2606 638 aperte
2645 564 2876 620 indicant
2929 561 3132 616 beatum
3167 557 3444 613 Doctorem

65 647 222 754 per:
249 647 717 756 tenipusﬂquietum
739 647 887 737 uerb'a
915 647 1132 752 fecisse:
1157 647 1279 747 quin
1308 674 1461 728 etiam
1499 647 1638 724 locis
1667 665 1935 721 nonnullis
1968 662 2108 732 (Lib.
2149 663 2211 716 de
2250 661 2398 716 Bono
2426 669 2578 714 mort.
2613 675 2728 731 cap.
2774 657 2860 724 12,
2894 671 3037 710 num.
3081 653 3183 719 55,
3212 660 3259 705 et
3300 647 3448 721 alibi)

61 774 372 830 innuitur
401 775 688 830 Ecclesiam
708 772 763 827 id
793 744 1032 843 temporis
1056 744 1231 822 eorum
1255 764 1342 834 qui
1371 779 1433 818 ex
1463 759 1645 816 hatresi
1675 754 2040 827 resipiscebant
2063 798 2077 822 ,
2113 754 2402 808 accessione
2431 750 2814 822 locupletatam.
2876 747 3030 816 Quod
3069 755 3182 819 post
3220 744 3448 798 sedatam

68 865 454 922 Arianorum
504 835 903 937 persecutionem
942 860 1006 915 de
1041 875 1143 930 qua
1187 866 1330 912 tanta
1355 870 1469 910 cum
1511 849 1666 907 laude
1699 864 1791 903 nec
1819 848 1930 904 sine
1973 844 2227 900 miraculo
2282 843 2615 914 triumphavit
2653 841 2987 907 Ambrosius,
3031 837 3184 910 facile
3226 835 3450 911 potuerit

71 960 354 1014 evenire.

185 1048 265 1105 Si
297 1057 478 1104 nostra
511 1049 618 1103 haec
646 1042 888 1116 temporis
925 1043 1058 1098 ratio
1087 1058 1206 1096 vera
1234 1041 1297 1096 sit
1322 1081 1337 1107 ,
1370 1036 1554 1109 procul
1574 1034 1730 1090 dubio
1759 1032 2026 1103 af/irmare
2056 1030 2226 1086 licebit
2252 1017 2400 1084 inter
2428 1028 2559 1084 alios
2585 1027 2844 1084 Ambrosii
2882 1021 3178 1092 auditores,
3219 1025 3350 1080 sicut
3404 1030 3454 1079 et

81 1139 267 1194 inter
297 1141 583 1211 neaphgtos
603 1155 729 1208 quos
752 1137 838 1192 ille
867 1139 965 1190 hoc
991 1149 1127 1190 anno
1150 1132 1254 1189 587
1286 1131 1654 1202 buptizaverat,
1681 1124 2125 1181 annumerandum
2155 1139 2262 1178 esse
2283 1123 2434 1179 etiam
2459 1139 2704 1194 magnum
2731 1121 3096 1193 Augustinum.
3131 1117 3299 1175 Porro
3338 1133 3456 1172 cum

85 1229 196 1282 hic
234 1229 446 1300 legatur
476 1229 662 1283 mirum
703 1228 756 1281 in
780 1227 988 1281 modum
1031 1224 1273 1297 probasse
1301 1220 1600 1276 methodum
1641 1217 1785 1272 illam
1813 1233 1916 1288 qua
1943 1214 2168 1272 Sanctus
2216 1223 2386 1269 noster
2414 1215 2718 1286 spiritaliter
2766 1229 2828 1267 ac
2863 1213 3076 1284 mystice
3125 1212 3456 1282 Scripturam

82 1321 421 1377 cdisserens
478 1318 656 1392 (Conf.
715 1319 963 1390 August..
1021 1316 1112 1371 lib.
1146 1331 1230 1381 γι,
1278 1330 1398 1382 cap.
1429 1313 1492 1378 4,
1528 1326 1670 1364 nunt.
1702 1307 1794 1379 6),
1847 1324 1948 1362 non
2005 1306 2190 1360 littera:
2245 1321 2358 1377 qua:
2410 1304 2632 1370 occidit,
2676 1304 2766 1358 sed
2819 1303 3028 1372 spiritui
3061 1303 3150 1374 qui
3203 1303 3455 1372 viuiﬁcat,

86 1411 462 1485 prcvcipiebat
483 1410 890 1488 adhrcrendum;
917 1423 1021 1461 non
1047 1414 1121 1461 est
1152 1421 1246 1458 cur
1276 1404 1546 1474 quisquam
1571 1400 1795 1472 ambigat
1825 1399 1946 1468 quin
1979 1398 2030 1451 hi
2059 1406 2309 1451 tractatus
2332 1396 2395 1452 de
2457 1395 2779 1451 Patriarchis
2819 1395 2866 1449 ei
2912 1395 3229 1450 vehementer
3273 1395 3460 1451 arrise-

93 1505 232 1558 rint
254 1549 268 1567 ,
304 1519 416 1577 prae
443 1486 637 1558 cteteris
669 1518 782 1557 vero
813 1500 930 1555 libri
953 1499 1016 1556 de
1045 1496 1196 1552 Isaac
1225 1505 1271 1551 et
1295 1496 1358 1550 de
1383 1491 1579 1565 Ioseph
1607 1492 1660 1545 in
1686 1490 1866 1562 quibus
1894 1498 2000 1544 tam
2021 1487 2282 1559 eleganter
2311 1487 2557 1558 mysticus
2578 1486 2972 1556 reconditusque
2992 1501 3176 1541 sensus
3206 1485 3459 1541 evolvitur

93 1615 174 1652 ac
220 1599 514 1652 enodatur.

199 1688 723 1744 Prtetermittendum
745 1687 838 1742 hoc
865 1686 978 1740 loco
1009 1700 1109 1738 non
1142 1691 1385 1751 putamus
1409 1677 1758 1742 Ambrosium,

1782 1683 1836 1729 ut
1863 1672 2083 1738 videtur,
2113 1669 2270 1726 semel
2297 1678 2449 1738 atque
2475 1669 2658 1724 iterum
2687 1667 2980 1740 signiﬁcare
3003 1665 3157 1740 (Cap.
3191 1667 3226 1724 6
3248 1709 3263 1732 .
3307 1682 3452 1724 num.

98 1786 193 1840 ’50
216 1829 234 1852 ,
269 1794 324 1840 et
355 1803 470 1857 cap.
503 1786 556 1850 7,
584 1800 724 1838 num.
763 1783 855 1853 38)
898 1782 1030 1835 hanc
1060 1780 1226 1850 ipsam
1256 1777 1522 1830 historiam
1550 1791 1582 1826 a
1609 1789 1664 1828 se
1678 1776 1793 1846 jam
1820 1773 1980 1842 fuisse
2006 1770 2339 1839 explicatam,
2374 1768 2507 1838 forte
2545 1768 2802 1838 superiori
2828 1785 2964 1822 anno
2991 1784 3107 1822 cum
3140 1765 3288 1822 statis
3326 1774 3458 1819 tern-

106 1875 353 1943 poribus
377 1891 440 1930 ea:
461 1891 600 1929 more
628 1875 720 1928 illa
765 1889 886 1944 pars
931 1871 1184 1926 Geneseos
1212 1869 1535 1923 recitaretur.
1568 1864 1763 1919 Prima:
1789 1864 1894 1919 illa:
1921 1864 1974 1916 in
2000 1861 2198 1930 Joseph
2229 1862 2501 1917 conciones
2545 1862 2880 1929 intercidere;
2911 1872 3232 1931 testaturque
3268 1863 3364 1916 hac
3402 1858 3460 1912 in

104 1986 178 2024 ro
190 1969 566 2023 mntentatione
589 1967 650 2023 S.
676 1965 880 2021 Prtesul
909 1979 1018 2018 sese
1045 1978 1145 2033 quo
1173 1971 1402 2028 tempore
1431 1957 1551 2011 illas
1580 1955 1795 2021 habuit,
1829 1954 1894 2008 de
1924 1952 2198 2024 Calligono
2221 1951 2373 2007 silere
2400 1952 2638 2007 uoluisse.
2665 1951 2791 2007 Fuit
2825 1952 2919 2007 hoc
2943 1953 3160 2024 insignis
3194 1949 3460 2007 ntodestiw

104 2072 288 2133 atque
317 2063 612 2127 charitatis,
637 2060 818 2132 quibus
847 2059 932 2112 vix
958 2064 1072 2126 post
1095 2054 1326 2124 elapsum
1346 2051 1610 2105 biennium
1635 2059 1738 2102 tam

1768 2046 2052 2120 singularis
2080 2053 2305 2109 eventus,
2333 2059 2483 2109 quem
2517 2043 2696 2112 populi
2739 2043 2817 2096 sui
2846 2044 3099 2098 mentibus
3128 2047 3458 2116 profuturum

107 2159 278 2212 haud
305 2158 574 2230 ignorabat
600 2199 614 2221 ,
639 2157 943 2212 mentionem
967 2155 1137 2224 facere
1163 2148 1445 2218 permissus
1472 2151 1566 2198 est.
1603 2139 1712 2198 Sed
1732 2157 1794 2195 ea
1814 2137 2100 2192 moderatio
2125 2151 2228 2189 non
2262 2135 2432 2188 minus
2464 2134 2518 2188 in
2544 2149 2604 2188 eo
2630 2134 2818 2196 eluxit,
2848 2133 2987 2204 quod
3035 2133 3460 2188 Valentinianum

111 2250 288 2316 cuius
314 2223 538 2304 ministri
558 2249 650 2303 sub
672 2223 1002 2318 imperatoria
1029 2241 1334 2297 auctoritate
1354 2248 1459 2293 tant
1484 2234 1727 2290 atrociter
1750 2232 1804 2286 in
1822 2245 1937 2286 eum
1958 2227 2260 2284 debacchati
2289 2231 2528 2298 fuerant,
2558 2235 2765 2281 excuset
2797 2225 2951 2299 (Cap.
2981 2224 3047 2294 6,
3080 2244 3222 2282 num.
3256 2223 3375 2293 55).

579 2360 3422 2404 ______________.______——————————————

640 2537 1508 2740 SANCTI
1715 2523 3082 2696 AMBROSII

1288 2787 1883 2878 MEDIOLANENSIS
1949 2782 2280 2869 EPISCOPI
2329 2875 2334 2878 ,

521 2944 794 3096 DE
889 2936 1659 3092 JOSEPH
1752 2929 1996 3072 PA
2020 2921 3076 3073 TRIA—RCHA

1416 3154 1761 3230 LIBER
1815 3147 2088 3224 UNUS
2133 3206 2150 3223 .

1321 3299 2347 3326 ______———-————————-_____4

1251 3313 2346 3342 βῆ

552 3447 715 3524 433
763 3441 992 3502 CAPUT
1036 3433 1328 3494 rnruuu.

143 3593 189 3650 Τ
192 3599 421 3649 ractatus
445 3587 507 3643 de
539 3585 820 3650 Abraham,
845 3580 1019 3643 Isaac,
1050 3587 1096 3632 et
1123 3572 1309 3636 Jacob,
1340 3585 1433 3624 cur
1457 3565 1625 3622 sancti
1647 3560 1743 3616 Jo-

221 3685 344 3760 seph
369 3689 611 3752 sequatur
651 3675 886 3732 historia.
922 3672 1021 3727 Hic
1063 3669 1154 3725 ille
1184 3677 1444 3736 tamquam
1475 3656 1744 3730 speculum

219 3775 470 3832 castitatis
501 3770 830 3844 proponitur;
852 3767 940 3822 ubi
969 3765 1126 3820 etiam
1144 3761 1206 3815 de
1236 3766 1508 3829 parentum
1540 3765 1740 3836 amore,

221 3889 280 3925 ac
301 3865 816 3942 [ratruminvidentia
837 3863 1080 3917 adversus
1111 3873 1244 3915 eum.
1277 3869 1366 3909 nec
1397 3867 1500 3906 non
1525 3849 1588 3902 de
1604 3848 1745 3914 eius-

224 3966 335 4018 dem
366 3960 617 4015 oblivione
643 3957 956 4030 injuriarum
984 3952 1163 4023 paucis
1192 3949 1388 4021 agitur.

229 4077 275 4130 l.
305 4075 627 4132 Sanctorum
648 4069 755 4124 vita
783 4065 994 4122 cmteris
1018 4077 1206 4119 norma
1219 4055 1435 4114 vivendi
1457 4062 1563 4110 est.
1590 4051 1745 4108 Ideo-

151 4185 257 4244 que
292 4167 555 4240 digestatn
608 4160 820 4236 plenius
865 4158 1163 4228 accipimus
1206 4154 1402 4209 seriem
1433 4148 1746 4218 Scriptura-

152 4279 306 4329 rum;
338 4270 392 4316 ut
433 4259 561 4315 dum
591 4257 886 4320 Abraham,
910 4253 1077 4316 Isaac,
1107 4245 1375 4308 ctJaeob,
1401 4251 1746 4308 ceeterosque

151 4359 323 4428 justos
343 4350 571 4424 legendo
594 4348 996 4420 cognoscimus,
1017 4344 1168 4399 velut
1187 4338 1472 4411 quemdam
1494 4333 1648 4390 nobis
1665 4332 1748 4387 in-

157 4447 416 4506 nocentia:
447 4445 721 4500 tramitem
742 4441 942 4496 virtute
957 4452 1145 4494 eorum
1161 4441 1464 4491 reseratum
1481 4428 1508 4467 b
1533 4427 1745 4483 eniten-

159 4543 296 4598 tibus
341 4538 582 4608 vestigiis
612 4547 1020 4607 persequamur.
1081 4530 1158 4584 De
1205 4527 1402 4598 quibus
1433 4521 1567 4577 mihi
1618 4533 1741 4574 cum

160 4636 403 4704 frequens
432 4641 691 4688 tractatus
716 4629 878 4684 fuerit
899 4668 912 4693 ,
944 4623 1104 4680 hodie
1133 4619 1305 4678 sancti
1329 4616 1530 4688 Joseph
1573 4613 1745 4669 histo-

164 4730 238 4784 ria
280 4727 529 4782 occurrit.
562 4725 617 4780 In
655 4738 762 4794 quo
822 4736 946 4779 cum
1013 4718 1244 4788 plurima
1288 4711 1493 4769 fuerint
1545 4722 1742 4782 genera

166 4823 409 4876 virtutum
438 4836 454 4885 ;
482 4829 590 4874 tum
613 4818 884 4889 praecipue
909 4813 1119 4884 insigne
1148 4807 1354 4865 ell‘ulsit
1376 4803 1740 4862 castimoniae.

168 4915 363 4972 Justum
394 4923 476 4968 cst
503 4914 663 4985 igitur
684 4920 744 4967 ut
765 4925 888 4966 cum
915 4909 969 4964 in
1009 4903 1281 4961 Abraham
1309 4898 1611 4955 didice‘ritis
1637 4896 1740 4949 im-

170 5009 359 5082 pigram
397 5005 518 5063 ﬁdei
569 5004 912 5061 devotionem
937 5041 953 5068 ,
992 4999 1045 5055 in
1076 4997 1233 5052 Isaae
1284 4993 1514 5048 sincerze
1548 4986 1748 5044 utentis

169 5107 472 5182 puritatem,
507 5106 560 5160 in
587 5104 757 5160 lacob
796 5101 1125 5173 singularem
1169 5092 1338 5150 animi
1391 5089 1749 5157 laborumque

171 5181 505 5274 patientiam;
553 5213 623 5253 ex
656 5197 744 5251 illa
788 5193 1143 5266 generalitate
1185 5189 1446 5242 virtutum
1500 5182 1552 5237 in
1606 5181 1749 5250 ipsas

172 5296 363 5365 species
387 5291 798 5366 disciplinarum
828 5283 1122 5342 intendatis
1161 5282 1424 5337 animum.
1459 5275 1590 5333 Nam
1622 5275 1756 5330 licet

173 5385 258 5444 illa
285 5387 385 5440 sint
413 5381 734 5445 ditiusiora;
768 5389 950 5435 tamen
980 5378 1081 5432 ista
1121 5373 1469 5447 expressiora
1512 5376 1672 5434 sunt,
1700 5373 1757 5422 et

245 5530 268 5559 ο
297 5520 535 5591 Scriptus
560 5519 817 5591 circsan.
847 5514 975 5591 587.

241 5592 267 5632 ἲ)
288 5586 481 5648 Οηιιῐρε
512 5589 669 5653 edit.,
701 5587 1016 5641 imitantibus
1047 5586 1272 5656 vestigiis
1325 5601 1342 5636 :

180 5664 459 5722 enitentibus
490 5660 738 5732 vestigiis.
769 5667 876 5712 etc.

247 5749 266 5776 c
296 5736 435 5792 Edit.
455 5737 578 5792 Am.
610 5726 665 5786 ét
694 5729 846 5786 Era..
882 5727 1003 5784 Non
1030 5729 1335 5783 movendum
1359 5744 1374 5792 ;
1402 5726 1562 5792 Gill.,
1593 5731 1756 5786 Rom.

183 5824 286 5866 cum
318 5822 471 5873 mss.,
491 5805 629 5860 Non
651 5800 864 5855 moveri.
896 5801 1106 5873 Rursus
1133 5810 1242 5856 vet.
1273 5800 1400 5873 edit.
1433 5813 1554 5873 eum
1588 5803 1761 5858 tribus

185 5896 320 5950 mss.,
347 5870 660 5936 ulciscenda:
678 5873 853 5929 dolore
887 5871 1118 5939 incidite,
1140 5887 1246 5928 non
1262 5871 1424 5928 male.
1449 5870 1573 5929 Sola
1597 5875 1761 5932 Rom.

1392 5595 1583 5637 omnes
1613 5594 1749 5637 mss.

1775 3422 1825 3485 Α
1853 3435 1973 3492 quae
2003 3436 2069 3477 eo
2119 3419 2330 3477 facilius
2361 3429 2597 3479 mentem
2641 3433 2966 3496 penetrant,
2997 3440 3108 3498 quo
3158 3426 3331 3498 magis
3353 3427 3459 3485 cir—

1848 3516 2175 3586 cumscripta
2200 3531 2262 3571 ac
2293 3514 2655 3573 determinata
2683 3528 2830 3574 sunt.

1917 3609 1971 3663 ‘2.
2015 3608 2098 3664 Sit
2150 3608 2315 3680 igitur
2365 3611 2522 3667 nobis
2575 3614 2884 3684 propositus
2932 3622 3154 3670 sanctus
3207 3613 3451 3687 Joseph,
3521 3681 3530 3688 ,

1849 3714 2120 3774 tamquam
2148 3706 2434 3776 speculum
2465 3709 2756 3765 castitatis.
2781 3709 2839 3766 In
2870 3710 2988 3781 ejus
3016 3716 3158 3767 enim
3184 3713 3455 3781 moribus,

1789 3819 1794 3824 ·
1849 3797 1902 3852 in
1946 3797 2302 3868 ejusactibns
2335 3800 2477 3855 lucct
2521 3801 2810 3872 pudicitia,
2858 3814 2912 3860 et
2955 3804 3174 3874 quidam
3204 3806 3455 3876 splendet

1849 3890 2181 3945 castimonia
2208 3906 2394 3947 comes
2440 3893 2584 3948 nitor
2621 3897 2829 3965 gratim.
2873 3895 3028 3952 Unde
3070 3891 3234 3952 etiam
3281 3913 3312 3952 a
3356 3911 3454 3968 pa-

1853 3982 2097 4037 rentibus
2125 3985 2243 4052 plus
2269 3999 2428 4054 quam
2453 3986 2633 4040 caeteri
2665 3986 2761 4041 lilii
2791 3986 3134 4058 diligebatur.
3155 3987 3260 4055 sed
3285 4004 3347 4044 ea
3368 4002 3456 4044 res

1851 4074 2070 4128 invidia:
2101 4074 2234 4142 luit,
2264 4077 2408 4147 quod
2444 4077 2662 4134 silentio
2691 4079 3131 4150 prmtereuudum
3158 4097 3264 4136 non
3295 4081 3416 4138 luit.

1927 4165 2095 4240 484
2109 4167 2162 4222 5.
2181 4167 2320 4223 Hinc
2340 4184 2473 4242 ergo
2488 4179 2863 4243 argumentum
2891 4173 3056 4230 totius
3075 4174 3315 4243 historia:
3338 4191 3464 4247 pro-

1850 4261 2043 4327 cessit;
2079 4261 2240 4316 simul
2261 4273 2320 4318 ut
2348 4279 2743 4336 cognoscamus
2774 4269 3068 4338 perlecmm
3092 4270 3266 4326 virum
3296 4282 3318 4310 ο
3351 4287 3458 4328 non

1851 4356 2055 4411 moveri
2124 4351 2424 4415 uliscendi
2482 4359 2690 4418 doloris
2742 4362 2977 4432 injuria,
3031 4379 3134 4420 nec
3193 4364 3458 4420 malorum

1851 4452 2174 4520 rependere
2201 4454 2396 4510 vicem.
2428 4454 2587 4512 Unde
2615 4466 2670 4512 et
2711 4455 2878 4512 David
2919 4457 2995 4512 ait
3030 4474 3042 4511 :
3078 4457 3139 4515 Si
3159 4459 3363 4514 reddidi
3385 4475 3469 4515 re-

1849 4545 2210 4605 tribuentibus
2236 4551 2365 4604 mihi
2393 4551 2531 4605 mala
2562 4549 2736 4620 (Psal.
2761 4552 2867 4622 νιιξ,
2893 4550 2971 4622 5).
3002 4549 3141 4620 Quid
3172 4561 3350 4609 autem
3381 4566 3470 4609 εει

1848 4650 1929 4696 set
1963 4653 2076 4712 quo
2119 4642 2369 4718 pra-ferri
2423 4641 2628 4712 Joseph
2681 4653 2990 4698 mereretur
3033 4643 3266 4713 caneris,
3299 4644 3345 4700 si
3373 4651 3468 4699 aut

1851 4732 2118 4790 laedentes
2169 4733 2448 4800 laesisset,
2479 4737 2488 4803 ξ
2518 4744 2613 4790 aut
2649 4733 2936 4806 diligentes
2988 4735 3304 4793 dilexisset?
3352 4737 3468 4793 Hoc

1852 4826 1993 4880 enim
2018 4826 2274 4900 plerique
2324 4827 2547 4884 iaciunt.
2579 4827 2686 4884 Sed
2718 4829 2854 4885 illud
2882 4830 3165 4898 mirabile,
3198 4829 3247 4885 si
3270 4829 3466 4900 diligas

1858 4917 2138 4974 inimicum
2170 4931 2340 4988 tuum,
2369 4920 2510 4992 quod
2543 4921 2798 4978 Salvator
2822 4922 2985 4980 docet
3011 4921 3228 4996 (Matth.
3260 4938 3312 4989 ν,
3343 4923 3462 4995 M).

1854 5006 1984 5065 Jure
2014 5026 2143 5082 ergo
2173 5013 2455 5070 mirandus
2477 5053 2494 5081 ,
2522 5015 2612 5084 qui
2644 5013 2748 5071 hoc
2775 5015 2906 5072 fecit
2927 5023 3056 5072 ante
3085 5015 3464 5088 Evangelium;

1856 5111 1915 5158 ut
1946 5099 2106 5160 lassus
2157 5117 2438 5177 parceret,
2485 5109 2762 5179 appetitus
2817 5108 3158 5180 ignosceret,
3206 5109 3463 5166 venditus

1859 5209 1966 5250 non
1992 5198 2222 5255 referret
2250 5199 2502 5269 injuriam
2530 5241 2545 5267 ,
2575 5199 2671 5256 sed
2701 5200 2930 5270 gratiam
2979 5216 3078 5270 pro
3126 5200 3462 5256 contumelia

1858 5287 2134 5362 solveret;
2158 5293 2298 5358 quod
2322 5301 2448 5364 post
2473 5292 2834 5364 Evangelium
2856 5306 3051 5349 omnes
3068 5292 3379 5363 didicimus,
3408 5302 3464 5350 et

1861 5398 2079 5442 servare
2106 5403 2217 5444 non
2248 5403 2558 5459 possumus.

1859 5515 1990 5599 edit.
2002 5520 2323 5599 ,_ulc_iscendi
2342 5521 2538 5599 doloris
2554 5519 2777 5599 inuidia.
2795 5518 3042 5599 Denique
3055 5521 3462 5599 mss._de_cc_m,..

1860 5592 2079 5673 iniuria.
2117 5592 2325 5673 Melius.
2360 5592 2461 5648 Hic
2508 5593 2652 5648 enim
2681 5592 2893 5673 moveri
2925 5593 3220 5650 ulciscendi
3259 5594 3464 5650 doloris

1862 5661 2096 5743 injuria,
2126 5663 2268 5743 idem
2303 5677 2418 5743 ρει,
2446 5679 2509 5719 ac
2554 5661 2776 5743 moveri
2797 5674 3019 5743 accepta
3048 5665 3242 5743 injuria
3289 5667 3354 5720 ad
3386 5667 3467 5722 ul-

1863 5733 2180 5816 ciscendum
2231 5735 2498 5816 dolorem.
2557 5733 3115 5816 Quasophrasisdicet'
3155 5736 3469 5794 duriuscula

1865 5807 1965 5872 sit,
2002 5821 2108 5864 non
2141 5817 2322 5864 tamen
2354 5807 2422 5864 ab
2461 5803 2738 5864 Ambrosii
2765 5805 3076 5864 elocutione
3111 5809 3390 5866 abhorret.
