4138 6366
607 325 716 386 643

1949 311 2204 387 SANCTi
2242 311 2566 386 AMBROSil

3825 327 3930 386 Gtt

599 475 614 483 ε
684 447 737 500 4.
783 444 1064 502 Discamus
1091 459 1220 516 ergo
1241 453 1296 500 et
1323 451 1635 500 sanctorum
1679 442 1968 512 invidiam;
2001 452 2058 500 ut
2090 445 2210 502 imi-
2241 450 2284 511 Λ
2315 446 2405 503 illa
2437 445 2808 518 signiﬁcabat,
2842 457 3004 518 quem
3055 441 3233 498 omnis
3279 455 3407 498 caro
3445 439 3665 513 generis
3696 439 3927 496 humani

610 547 790 595 temur
815 537 1128 608 patientiam
1162 553 1175 592 :
1201 545 1257 594 et
1285 551 1678 609 cognoscamus
1710 537 1832 593 illos
1861 553 1971 594 non
2003 548 2213 594 natura

606 632 1002 704 praestantioris
1032 632 1219 698 fuisse.
1269 642 1295 669 λ
1328 631 1424 689 sed
1477 633 1908 699 observationis;
1953 648 2053 690 nec
2081 634 2210 688 vitia

608 727 889 792 nescisse,
943 726 1039 783 sed
1089 726 1435 783 emendasse.
1485 726 1642 796 Quod
1695 726 1740 782 si
1792 725 1995 782 invidia
2048 725 2210 784 etiam

605 837 826 882 sanctos
853 825 1094 897 adussit,
1124 833 1328 897 quanto
1357 825 1528 897 magis
1553 824 1863 882 cavendum
1889 834 1974 883 est
2017 840 2087 882 ne
2115 825 2214 882 in—

609 917 852 974 ﬁammet
880 918 1240 989 peccatores?

1229 1052 1460 1112 CAPUT
1499 1051 1567 1110 ll.

608 1168 894 1243 Aiqualem
921 1188 1028 1228 esse
1054 1171 1239 1227 debere
1266 1181 1540 1246 parentum
1591 1167 1832 1238 affectum
1850 1210 1865 1238 ,
1899 1178 1946 1224 et
1985 1167 2215 1241 filiorum

683 1268 926 1339 gratiam.
965 1266 1261 1322 Excusatur
1305 1276 1477 1321 tamen
1507 1263 1571 1319 Β.
1601 1264 1786 1330 Jacob,
1815 1274 1869 1318 ut
1897 1264 1984 1335 qui
2019 1261 2214 1336 Joseplt

685 1359 926 1429 pluribus
973 1359 1244 1414 virtutibus
1275 1367 1514 1414 ornatum
1553 1356 1672 1411 aliis
1711 1352 2031 1428 praitulerit;
2056 1357 2212 1410 immo

685 1454 842 1510 etiam
873 1451 1155 1525 praphetite
1179 1453 1349 1525 gratia
1360 1455 1476 1525 jam
1505 1461 1625 1506 tunc
1649 1449 1946 1523 praeditum,
1973 1450 2047 1504 uti
2068 1465 2211 1504 som-

685 1554 771 1608 nia
805 1557 946 1626 ejus,
979 1567 1093 1622 qua:
1113 1551 1196 1606 hic
1227 1553 1392 1605 relata
1423 1559 1771 1622 exponuntur,
1813 1548 2100 1602 declarant.

688 1667 742 1722 5.
784 1665 1106 1723 Instruimur
1127 1665 1289 1736 igitur
1305 1667 1479 1737 qualis
1505 1681 1625 1722 esse
1646 1664 1848 1721 debeat
1866 1663 2091 1720 allectus
2117 1677 2213 1734 pa-

613 1767 828 1813 rentum
852 1799 868 1825 ,
915 1759 1259 1830 filiorumque
1285 1759 1482 1830 gratia.
1538 1759 1736 1814 Amare
1781 1757 1982 1813 liberos
2011 1757 2212 1823 dulce;

2318 539 2517 596 inﬂexo
2543 538 2792 595 adoraret
2811 552 2977 610 genu.

2388 633 2441 688 8.
2485 631 2634 691 Vidit
2667 641 2847 688 autem
2875 629 3022 687 aliud
3063 629 3340 688 somnium
3363 670 3377 695 ,
3406 637 3462 686 et
3501 627 3756 685 narravit
3797 625 3927 684 illud

2318 725 2458 796 patri
2480 740 2579 782 suo
2605 734 2662 782 et
2687 724 2948 782 fratribus
2993 725 3110 782 suis
3135 766 3150 790 ,
3183 740 3250 780 co
3289 723 3434 794 quod
3463 723 3543 778 sol
3586 731 3641 779 et
3693 721 3835 778 luna
3878 731 3932 780 et

2315 822 2565 880 undecim
2595 822 2766 878 stella:
2789 819 3084 878 adorarent
3104 836 3248 876 eum.
3275 819 3430 876 Unde
3453 817 3758 892 objurgavit
3781 816 3931 872 illum

2317 927 2460 988 pater
2507 919 2620 990 ejus
2663 917 2885 972 dicens:
2919 915 3060 984 Quid
3109 931 3244 994 ergo.
3277 915 3373 969 erit
3412 914 3511 967 hoc
3558 914 3740 968 risum
3795 914 3932 986 quod

2313 1011 2622 1066 somniasti?
2649 1007 2922 1080 Numquid
2943 1009 3202 1066 venientes
3233 1025 3326 1079 ego
3352 1018 3401 1064 et
3433 1013 3597 1062 mater
3619 1017 3716 1062 tua
3743 1019 3800 1062 et
3823 1011 3930 1078 fra-

2317 1113 2419 1158 tres
2448 1105 2523 1158 tui
2553 1103 2886 1159 adorabimus
2927 1113 2976 1158 te
3002 1119 3159 1172 super
3189 1112 3378 1156 terram
3405 1100 3601 1173 (lbid.,
3635 1099 3777 1172 10)?
3801 1099 3932 1167 Quis

2315 1206 2399 1253 est
2430 1197 2520 1254 ille
2546 1213 2707 1269 quem
2749 1203 3006 1268 parentes
3035 1207 3090 1254 et
3129 1197 3327 1253 fratres
3357 1195 3732 1252 adoraverunt
3761 1211 3928 1264 super

2318 1299 2541 1358 terram,
2574 1291 2676 1346 nisi
2707 1289 2955 1347 Christus
2983 1289 3144 1346 Jesus
3165 1332 3180 1355 ,
3207 1289 3427 1362 quando
3465 1304 3589 1346 eum
3628 1288 3852 1360 Joseph
3879 1298 3932 1344 ct

2301 1391 2492 1460 mater
2540 1399 2663 1438 cum
2692 1383 2973 1454 discipulis
3022 1382 3359 1448 adorabant,
3412 1383 3581 1440 Deum
3617 1397 3827 1440 verum
3877 1381 3927 1437 in

2316 1476 2409 1531 illo
2437 1491 2667 1547 corpore
2707 1475 3068 1543 conﬁtentes,
3115 1476 3184 1532 de
3231 1490 3341 1547 quo
3383 1475 3504 1532 solo
3550 1475 3767 1532 dictum
3804 1486 3928 1532 est:

2315 1568 2552 1626 Laudare
2573 1587 2707 1637 eum,
2735 1570 2816 1624 sol
2841 1580 2888 1624 et
2916 1571 3064 1637 luna;
3090 1570 3300 1624 laudate
3320 1586 3459 1638 eum,
3487 1586 3664 1624 omnes
3685 1570 3866 1625 stella:
3885 1582 3928 1626 et

2314 1665 2486 1719 tanien
2519 1663 2640 1736 (Ps.
2670 1679 2891 1732 chvm,
2923 1664 3020 1735 5)?
3041 1663 3359 1735 Objurgatio
3386 1676 3566 1720 autem
3597 1664 3778 1735 patris
3801 1665 3926 1736 quid

2314 1757 2621 1826 signiﬁcat,
2653 1757 2759 1812 nisi
2809 1757 3060 1812 duritiam
3113 1757 3295 1828 populi
3348 1756 3553 1824 lsrael,
3603 1773 3671 1814 ex
3727 1757 3926 1828 quibus

611 1861 668 1906 et
701 1853 999 1922 impensius
1026 1867 1208 1908 amare
1232 1852 1504 1923 praedulce
1539 1871 1552 1905 :
1579 1853 1672 1908 sed
1716 1851 2034 1922 frequenter
2061 1864 2212 1904 amor
2241 1857 2288 1918 Β
2314 1849 2562 1908 Christus
2589 1850 2889 1907 secundum
2929 1865 3147 1906 carnem
3171 1891 3188 1916 ,
3219 1866 3380 1923 quem
3429 1850 3708 1921 hodieque
3755 1852 3923 1908 Deum

609 1945 726 2015 lpse
755 1946 960 2015 patrius
984 1985 998 2011 ,
1026 1947 1129 2000 nisi
1163 1945 1588 2001 moderationem
1624 1953 1845 2009 teneat,
1877 1951 2040 1999 nocet
2071 1942 2209 1998 libe-

609 2038 715 2102 ris;
749 2038 794 2092 si
840 2050 932 2094 aut
975 2039 1138 2093 nimia
1196 2038 1528 2108 indulgentia
1569 2035 1598 2077 Ι)
1641 2037 1904 2091 dilectum
1945 2035 2213 2100 resolvat,

607 2141 701 2186 aut
731 2133 1050 2202 prmlatione
1079 2132 1243 2188 unius
1268 2141 1497 2187 caeteros
1527 2131 1594 2186 ab
1616 2129 1812 2186 affectu
1842 2129 2217 2201 germanitatis

608 2235 835 2282 avertat.
868 2227 995 2282 Plus
1012 2227 1306 2298 acquiritur
1329 2224 1555 2291 ﬁlio,eui
1569 2223 1794 2278 fratrum
1809 2237 1963 2278 amor
1978 2220 2214 2292 acquiri-

612 2330 721 2376 tur.
760 2320 884 2375 l'larc
905 2319 1070 2393 485
1097 2319 1409 2392 ρνωοιθτίοῐυ
1435 2317 1799 2374 muniﬁcentia
1834 2326 2043 2388 patrum
2066 2357 2080 2378 ,
2098 2316 2214 2369 lucc

607 2414 774 2469 ditior
803 2413 1094 2470 barreditas
1117 2413 1369 2468 ﬁliorum.
1399 2411 1599 2482 Jungat
1624 2411 1823 2466 liberos
1846 2409 2070 2480 aequalis
2087 2422 2213 2479 gra-

607 2507 711 2571 tia,
742 2520 880 2576 quos
917 2507 1098 2576 junxit
1135 2505 1360 2576 aequalis
1395 2513 1608 2561 natura.
1639 2503 1874 2558 Lucrum
1905 2501 2080 2572 pietas
2111 2516 2212 2557 ne-

611 2599 715 2652 scit
744 2599 1014 2666 pecunite,
1059 2599 1112 2652 in
1146 2613 1254 2669 quo
1294 2597 1513 2669 pietatis
1548 2595 1889 2668 dispendium
1937 2601 2040 2650 est.
2073 2593 2214 2662 Quid

611 2690 827 2746 miraris
857 2692 900 2746 si
938 2702 1158 2762 propter
1184 2691 1410 2746 fundum
1426 2701 1517 2746 aut
1547 2693 1765 2746 domum
1790 2691 2044 2746 oriuntur
2073 2691 2215 2746 inter

615 2787 816 2842 fratres
858 2787 1034 2858 iurgia
1055 2828 1069 2852 ,
1099 2787 1316 2858 quando
1345 2795 1566 2858 propter
1595 2787 1833 2842 tunicam
1866 2783 2013 2842 inter
2041 2783 2214 2842 Jacob

609 2879 784 2931 sancti
813 2877 950 2932 ﬁlios
972 2879 1175 2934 exarsit
1208 2877 1407 2934 invidia
1429 2879 1453 2931 Ἰ
1722 2864 1726 2868 ⁷
1977 2915 1983 2920 η

681 2972 732 3024 6.
775 2971 912 3039 Quid
960 2972 1122 3042 ergo?
1151 2969 1658 3042 Reprehendendus
1695 2969 1864 3028 Jacob
1895 2969 2020 3042 quia
2067 2985 2213 3043 pra:-

609 3063 816 3120 ferebat
841 3081 1004 3119 unum
1029 3066 1281 3120 steteris?
1303 3065 1409 3122 Sed
1441 3081 1538 3121 nec
1579 3065 1887 3120 libertatem
1921 3079 2213 3136 possumus

615 3160 831 3216 auferre
861 3160 1216 3231 parentibus;
1251 3176 1319 3216 ne
1349 3175 1444 3216 eos
1489 3160 1609 3231 plus
1641 3159 1869 3230 diligant
1915 3171 2052 3229 quos
2089 3157 2213 3228 plus

2315 1961 2439 2002 esse
2483 1961 2593 2001 non
2634 1945 2896 2012 credunt,
2930 1961 3030 2002 nec
3059 1945 3248 2000 volunt
3271 1946 3503 2001 adorare
3533 1947 3688 2016 quasi
3735 1946 3924 2000 Domi-

2314 2057 2464 2106 num,
2495 2039 2617 2112 quia
2651 2055 2715 2096 ex
2751 2056 2810 2097 se
2839 2049 3023 2096 natum
3049 2041 3428 2112 cognoscunt?
3455 2039 3701 2096 Audiunt
3735 2040 3923 2111 itaque

2313 2149 2576 2206 responsa
2603 2135 2744 2205 ejus,
2775 2135 2872 2191 sed
2898 2151 3006 2190 non
3039 2135 3349 2207 intelligunt
3378 2153 3392 2190 :
3427 2135 3613 2205 legunt
3641 2135 3751 2204 ipsi
3782 2133 3923 2204 quod

2312 2241 2436 2283 eum
2459 2226 2617 2283 solet
2645 2226 2773 2282 luna
2796 2225 3039 2294 laudant,
3063 2235 3120 2282 et
3145 2227 3337 2282 nolunt
3355 2225 3587 2282 credere
3601 2225 3674 2283 de
3694 2226 3924 2282 Cbrisro

2311 2319 2440 2376 Jesu
2473 2319 2678 2375 dictum
2707 2334 2851 2376 esse.
2885 2319 3074 2391 Itaque
3101 2319 3268 2376 Jacob
3295 2329 3424 2392 typo
3455 2319 3660 2375 fallitur
3686 2319 3879 2376 alieno
3910 2339 3921 2374 :

2315 2412 2412 2469 sed
2443 2428 2542 2467 suo
2564 2427 2751 2468 amore
2780 2427 2887 2467 non
2913 2411 3142 2467 fallitur.
3172 2411 3352 2466 Pietas
3383 2413 3437 2467 in
3461 2427 3527 2466 eo
3559 2420 3793 2482 paterna
3817 2428 3924 2468 non

2313 2515 2459 2562 errat
2490 2525 2503 2560 :
2528 2507 2620 2562 sed
2647 2516 2912 2563 erratum:
2941 2507 3114 2578 plebis
3142 2505 3366 2563 affectus
3395 2507 3744 2578 exprimitur.

2835 2642 3004 2718 ωε
3038 2644 3268 2702 CAPUT
3305 2643 3396 2700 ill.

2315 2763 2470 2834 Quod
2496 2778 2655 2834 supra
2683 2760 2846 2816 Iacob
2873 2761 3042 2816 dictus
3079 2761 3145 2815 sit
3169 2759 3460 2832 Josephum
3487 2759 3797 2830 obiurgasse
3814 2800 3829 2824 ,
3871 2757 3922 2811 id

2387 2873 2488 2911 non
2514 2856 2695 2930 fecisse
2735 2859 2797 2910 ob
2827 2854 3244 2910 incredulitatem
3285 2868 3304 2907 :
3341 2852 3549 2924 quando
3590 2856 3788 2923 futura
3825 2850 3921 2906 ln-

2385 2950 2701 3006 carnationis
2715 2949 2966 3021 prteseius
2988 2951 3222 3004 eumdem
3244 2949 3312 3003 ad
3329 2949 3517 3019 fratres
3538 2947 3698 3001 misit.
3719 2945 3920 3016 Ioseph

2389 3055 2657 3115 postquam
2689 3045 2875 3099 erravit
2905 3044 2957 3097 in
2988 3057 3147 3113 agro,
3191 3043 3326 3096 venit
3358 3041 3416 3095 in
3465 3039 3735 3094 Dothoim.
3783 3039 3920 3094 Eum

2386 3145 2574 3213 fratres
2613 3155 2640 3194 e
2679 3141 2830 3210 longe
2873 3139 3105 3202 videntes
3149 3137 3447 3192 interimere
3491 3136 3722 3204 cogitant
3763 3151 3783 3188 :
3831 3138 3918 3188 sed

615 3253 840 3309 credant
861 3254 1058 3309 mereri
1089 3271 1102 3307 :
1133 3268 1234 3309 nec
1257 3252 1381 3308 ﬁliis
1404 3268 1652 3309 resecare
1681 3253 1944 3308 debemus
1971 3251 2208 3308 studium

2386 3242 2584 3287 mutato
2609 3232 2828 3288 consilio
2852 3231 3078 3286 vendunt
3103 3228 3410 3283 lsmaelitis.
3435 3221 3500 3282 Et
3530 3226 3660 3291 haec,
3688 3228 3909 3296 itemque

611 3348 734 3415 plus
763 3341 1035 3417 placendi.
1071 3345 1316 3416 Denique
1347 3354 1402 3400 et
1427 3344 1595 3400 Jacob
1626 3345 1776 3398 illum
1811 3344 1930 3416 plus
1951 3343 2168 3400 amabat
2194 3385 2209 3412 ,

609 3439 667 3492 in
695 3451 806 3508 quo
833 3438 1039 3506 majora
1062 3439 1319 3491 virtutum
1353 3436 1582 3506 insignia
1609 3433 1980 3505 przevidebat;
2011 3427 2072 3490 ut
2099 3450 2208 3490 non

613 3541 718 3584 tam
746 3528 913 3584 lilium
937 3539 1092 3599 pater
1119 3529 1426 3600 praetulisse
1455 3527 1724 3595 videatur,
1754 3542 1914 3598 quam
1947 3526 2212 3600 propheta

612 3621 935 3694 mysterium
966 3638 978 3674 :
1013 3620 1315 3690 meritoque
1343 3620 1549 3675 variam
1582 3620 1819 3676 tunicam
1843 3619 1970 3676 fecit
2001 3621 2075 3688 ei,
2104 3623 2212 3692 quo

611 3716 950 3788 signiﬁcaret
973 3732 1098 3771 eum
1139 3716 1478 3772 diversarum
1509 3715 1770 3771 virtutum
1797 3714 1997 3772 amictu
2031 3713 2214 3771 fratri-

610 3813 712 3868 bus
743 3810 1162 3884 praeferendum.

685 3905 736 3962 7.
781 3906 1023 3974 Denique
1050 3905 1103 3960 in
1146 3917 1316 3975 puero
1346 3901 1524 3959 adhuc
1550 3901 1764 3958 refulsit
1803 3901 1981 3958 divina
2012 3902 2207 3974 gratia.

607 4001 889 4072 Siquidem
917 3999 1212 4056 somniavit
1238 3999 1382 4071 quod
1411 4013 1533 4054 cum
1565 3998 1839 4069 alligasset
1859 4040 1872 4064 ,
1903 4008 1964 4052 ut
2003 3997 2104 4054 sibi
2133 3997 2212 4052 vi-

605 4094 837 4151 debatur
868 4110 966 4166 per
991 4095 1171 4150 visum
1197 4135 1211 4162 ,
1261 4094 1566 4164 manipulos
1606 4107 1728 4148 cum
1761 4091 2017 4148 fratribus
2053 4093 2166 4148 suis
2190 4132 2206 4159 ,

607 4190 908 4244 surrexerit
933 4188 1243 4261 manipulus
1276 4189 1398 4260 ejus
1424 4232 1438 4254 ,
1468 4197 1523 4245 et
1549 4188 1765 4244 steterit
1793 4197 2011 4244 erectus
2042 4201 2212 4242 :con-

607 4283 750 4336 versi
784 4293 963 4338 autem
1005 4283 1232 4338 fratrum
1281 4281 1578 4352 manipuli,
1628 4279 1984 4338 adoraverint
2033 4284 2208 4335 mani-

607 4373 794 4445 pulum‘
823 4387 979 4428 suum
1010 4373 1167 4444 (Gen.
1199 4389 1386 4429 xxxvii
1408 4414 1423 4441 ,
1464 4374 1543 4446 7).
1579 4371 1636 4426 lu
1669 4369 1774 4444 quo
1817 4373 2003 4444 utique
2029 4360 2213 4429 futura

607 4467 938 4521 resurrectio
967 4465 1183 4521 Domini
1233 4465 1362 4522 Jesu
1392 4464 1635 4521 revelata
1660 4473 1777 4533 est,
1807 4481 1967 4536 quem
1997 4477 2050 4522 et
2081 4466 2206 4523 Hie-

607 4560 902 4632 rosolymis
939 4575 1061 4614 cum
1085 4560 1380 4625 vidissent,
1415 4559 1666 4615 undecim
1705 4559 2003 4616 adoravcrc
2041 4559 2208 4617 disci-

2396 3326 2586 3381 tunica:
2614 3325 2902 3380 cruentatio
2925 3366 2940 3391 ,
2970 3333 3017 3378 et
3048 3323 3187 3378 lacus
3216 3321 3466 3389 ariditas,
3511 3319 3756 3391 mysterio
3801 3335 3917 3390 pas-

2387 3418 2546 3473 sionis
2569 3417 2908 3488 adaptantur.

2353 3533 2438 3590 ‘9.
2482 3532 2597 3588 Non
2644 3547 2772 3603 ergo
2801 3539 2950 3586 tanto
2975 3529 3187 3586 somnio
3226 3529 3539 3586 Patriarcha
3579 3543 3687 3584 non
3721 3527 3900 3584 credi-

2313 3627 2428 3696 dit,
2461 3627 2548 3697 qui
2582 3635 2871 3696 utrumque
2907 3625 3109 3696 pariter
3137 3625 3355 3694 gemino
3381 3622 3746 3695 prophetabat
3783 3635 3909 3678 ora-

2313 3720 2473 3787 culo;
2506 3729 2564 3775 ut
2592 3729 2645 3774 et
2678 3733 2966 3788 personam
2993 3717 3125 3789 justi
3171 3725 3589 3788 reprazsentaret
3619 3724 3674 3772 et
3707 3715 3913 3786 populi,

2313 3809 2457 3888 quod
2488 3815 2586 3870 Dei
2610 3814 2784 3870 Filius
2809 3822 3068 3869 venturus
3089 3822 3235 3869 esset
3266 3812 3322 3868 in
3351 3823 3524 3866 terras
3545 3851 3558 3877 ,
3592 3810 3682 3882 qui
3710 3820 3765 3864 ct
3795 3808 3916 3864 dili-

2311 3919 2534 3980 geretur
2556 3921 2586 3961 a
2610 3907 2796 3978 justis,
2828 3916 2884 3962 et
2906 3916 3244 3978 negaretura
3277 3903 3522 3977 perfidis.
3561 3901 3788 3958 Videbat
3822 3902 3915 3973 igi-

2316 4009 2402 4056 tur
2445 3999 3063 4061 futurmlucarnatiouis
3106 3999 3387 4070 mysteria,
3434 4001 3525 4070 qui
3573 3995 3740 4052 ﬁlium
3786 3997 3912 4050 mit-

2315 4095 2465 4150 tebat
2511 4093 2578 4149 ad
2622 4091 2816 4150 fratres
2863 4092 3015 4166 (Gen.
3055 4093 3274 4158 xxxvii,
3325 4089 3461 4163 illi);
3495 4101 3553 4145 ut
3577 4089 3789 4145 videret
3819 4088 3911 4143 csi

2316 4200 2462 4245 recte
2510 4200 2635 4244 sunt
2665 4203 2818 4244 oves.
2851 4187 2998 4256 Quas
3037 4201 3167 4244 oves
3199 4187 3343 4242 Deus
3384 4185 3495 4256 jam
3541 4194 3670 4240 tunc
3717 4183 3775 4240 in
3819 4183 3912 4239 illo

2313 4283 2638 4338 Patriarchte
2684 4281 2864 4338 studio
2923 4281 3272 4353 requirebat,
3332 4280 3431 4336 nisi
3474 4295 3568 4336 eas
3609 4278 3676 4333 de
3717 4277 3911 4350 quibus

2313 4375 2430 4446 ipse
2475 4373 2732 4430 Dominus
2772 4375 2930 4431 Jesus
2976 4375 3028 4430 in
3079 4371 3374 4444 Evangelio
3419 4371 3602 4426 dixit:
3637 4369 3761 4425 Non
3802 4369 3912 4425 veni

2314 4471 2414 4525 nisi
2444 4470 2512 4523 ad
2541 4487 2658 4526 oves
2691 4469 2920 4541 perditas
2960 4469 3143 4524 domus
3173 4467 3339 4524 Israel
3367 4465 3584 4539 (Matth.
3621 4481 3722 4531 xv,
3770 4461 3910 4536 24)?

2314 4561 2338 4602 ἀ
2363 4562 2434 4619 Et
2449 4566 2610 4631 misit,
2635 4563 2827 4636 inquit,
2859 4565 2915 4618 in
2944 4562 3152 4620 Siclmn
3183 4562 3334 4636 (Gen.
3363 4577 3585 4629 xxxvn,
3615 4561 3705 4629 l3)
3729 4602 3742 4624 ,
3772 4557 3912 4631 quod

607 4652 764 4722 puli,
808 4661 862 4707 et
909 4665 1100 4708 omnes
1143 4652 1314 4708 sancti
1362 4667 1484 4708 cum
1531 4653 1964 4722 resurrexcrint,
2007 4652 2207 4708 adora-
2231 4645 2284 4705 D
2312 4657 2756 4728 interpretatione
2785 4656 2986 4712 dicitur
3015 4653 3280 4711 humerus
3308 4697 3322 4723 ,
3365 4655 3481 4713 sive
3513 4653 3778 4719 dorsum,
3811 4652 3911 4708 hoc

615 4748 784 4813 bunt,
835 4746 1334 4803 fructus-bonorum
1377 4761 1602 4819 cperam
1632 4744 2021 4817 praeferentes,
2067 4748 2210 4803 sicut

608 4842 872 4910 scriptum
901 4850 986 4896 est
1021 4855 1037 4896 :
1077 4839 1348 4895 Venientes
1375 4847 1548 4895 autem
1577 4841 1780 4895 venient
1824 4855 1943 4896 cum
1978 4840 2210 4896 exsulta-

602 4933 762 5001 tione,
799 4935 1035 4989 tollentes
1077 4933 1377 5003 ntanipulos
1421 4949 1542 4990 suos
1569 4933 1691 5008 (Ps.
1739 4951 1900 5004 cxxv,
1928 4935 2018 5007 6).
2049 4933 2209 4992 Unde

603 5028 819 5094 fratres,
845 5027 975 5083 licet
999 5025 1197 5082 somnii
1229 5024 1389 5082 ﬁdem
1429 5041 1526 5100 per
1556 5027 1812 5082 invidiam
1844 5028 2206 5099 derogarent,

601 5119 1110 5192 interpretationem
1167 5129 1347 5177 tamen
1395 5120 1512 5192 ejus
1577 5121 1812 5192 propriis
1863 5121 2206 5177 sermonibus

600 5215 972 5287 exprimentes
994 5257 1009 5282 ,
1044 5215 1451 5286 responderunt
1481 5217 1532 5273 ei
1567 5233 1582 5270 :
1623 5213 1900 5286 Numquid
1937 5215 2204 5289 regnando

599 5319 916 5381 regnaturus
962 5326 1015 5365 es
1059 5310 1234 5376 nobis,
1265 5317 1360 5365 aut
1398 5309 1718 5364 dominando
1762 5310 2122 5366 dominaturus
2154 5327 2206 5366 es

599 5403 746 5457 nobis
772 5401 932 5474 (Gen.
965 5419 1174 5471 xxxvn,
1201 5403 1292 5474 8)?
1322 5402 1526 5474 Regem
1564 5401 1708 5458 enim
1753 5410 2042 5458 venturum
2069 5403 2207 5460 visio

671 5601 698 5629 ει
731 5589 876 5645 Edit.
920 5589 1166 5662 quaedam
1215 5587 1412 5662 P_aris.,
1466 5588 1556 5662 sed
1585 5587 1997 5662 obseruantiam.
2030 5585 2190 5662 Aliae,

599 5677 664 5717 ac
707 5677 842 5715 mss.
895 5659 1120 5728 omnes,
1175 5660 1266 5716 sed
1303 5660 1695 5716 observationis.
1753 5659 1906 5714 llaud
1938 5661 2111 5726 male,
2146 5660 2193 5714 si

597 5735 1098 5817 men£e_suppleas_,
1123 5732 1538 5817 prwstantioris.‘
1573 5803 1604 5817 υ
1895 5801 1908 5817 ⁸
2050 5803 2064 5817 _
2147 5802 2160 5816 ο

669 5805 697 5844 ι»
727 5801 1306 5888 Edit.'cumplerisque
1327 5818 1486 5888 mss,
1503 5803 1745 5888 delictum
1771 5801 2011 5888 regelatur.
2038 5802 2193 5888 Annti-

597 5893 718 5948 qua:
752 5891 882 5932 vero
927 5872 1059 5932 edit.
1105 5891 1170 5932 ac
1198 5872 1330 5932 mss.
1385 5875 1532 5942 Van,
1585 5873 1712 5931 Alb.
1743 5883 1798 5932 et
1826 5872 2006 5943 Valc.,
2038 5874 2196 5929 dilec-

2317 4760 2399 4806 cst
2421 4793 2435 4818 ,
2483 4750 2550 4805 ad
2582 4766 2677 4806 eos
2707 4751 2796 4821 qui
2832 4766 2936 4806 non
2970 4756 3417 4805 converterentur
3462 4745 3530 4802 ad
3578 4745 3866 4801 Dominum
3895 4785 3908 4804 .

2310 4844 2404 4899 sed
2438 4842 2705 4915 fugientes
2745 4859 2803 4900 se
2851 4857 2883 4898 a
2915 4842 3050 4898 facie
3089 4841 3209 4912 ejus
3248 4849 3594 4905 averterent;
3637 4837 3784 4910 quod
3829 4843 3911 4893 est

2309 4937 2530 5009 proprie
2563 4935 2884 5006 peccatoris.
2918 4935 3064 4990 Exiit
3086 4932 3218 4990 Cain
3251 4947 3282 4988 a
3329 4930 3466 4988 facie
3497 4930 3615 4987 Dei.
3672 4931 3739 4984 lit
3785 4928 3910 4984 Pro-

2312 5032 2474 5104 pheta
2507 5030 2638 5088 dicit
2669 5047 2683 5084 :
2719 5027 2891 5084 Panes
2933 5045 3022 5084 eos
3052 5028 3266 5084 dorsum
3293 5023 3415 5099 (Ps.
3438 5039 3535 5092 xx,
3571 5021 3684 5096 1⁵5).
3727 5022 3910 5079 Justus

2311 5137 2490 5182 autem
2521 5141 2630 5180 non
2655 5140 2714 5180 se
2743 5126 2940 5180 avertit
2963 5138 2992 5177 a
3022 5121 3274 5186 Domino,
3298 5119 3393 5176 sed
3421 5117 3656 5175 occurrit
3683 5116 3908 5173 dicens:

2318 5217 2470 5273 Oculi
2519 5219 2616 5273 mei
2647 5234 2846 5291 semper
2896 5215 2965 5270 ad
3022 5214 3303 5270 Dominum
3335 5211 3453 5287 (Ps.
3487 5225 3620 5267 xxrv
3642 5254 3659 5280 ,
3704 5209 3814 5282 l5).
3844 5208 3910 5265 Et

2315 5311 2506 5369 Esaias
2535 5313 2740 5369 dicenti
2773 5311 3005 5367 Domino
3035 5327 3048 5365 :
3083 5309 3246 5378 Quem
3269 5310 3468 5364 mittam
3495 5305 3673 5381 (Esai.
3696 5321 3746 5361 vr
3767 5348 3780 5370 ,
3811 5303 3907 5376 8)?

2316 5414 2510 5476 sponte
2546 5421 2606 5461 se
2636 5403 2833 5460 obtulit
2861 5403 3048 5460 dicens
3081 5421 3093 5456 :
3123 5400 3259 5457 Ecce
3295 5415 3408 5474 ego.
3453 5399 3518 5456 Et
3565 5397 3788 5455 Simeon
3816 5411 3910 5452 ex-

2303 5600 2408 5642 tum
2460 5589 2700 5644 resolvat.
2735 5585 2970 5660 Optime.
3023 5588 3174 5646 Idem
3211 5589 3357 5644 enim
3405 5597 3492 5645 est
3538 5603 3605 5644 ac
3650 5587 3905 5644 dilectum

2303 5661 2471 5715 ﬁlium
2500 5661 2784 5716 solutioris
2812 5663 2937 5716 vitae
2968 5661 3186 5717 reddat.

2378 5743 2400 5806 αξ
2443 5733 2600 5806 Bern.
2625 5732 2786 5806 edit.,
2817 5735 2862 5806 si
2878 5742 3080 5788 rectum
3110 5745 3183 5788 est
3212 5732 3464 5806 fratribus
3489 5741 3541 5806 et
3561 5731 3762 5788 auibus.

2371 5801 2401 5844 τι
2439 5804 2600 5860 Rem.
2633 5804 2790 5874 edit.,
2817 5804 2884 5860 Et
2907 5807 3060 5876 venit,
3087 5801 3278 5878 inquit,
3312 5807 3367 5861 in
3388 5805 3622 5862 Slchem.
