4066 6360
58 275 184 331 643

1061 266 1150 324 ne
1189 264 1442 324 msera
1480 261 1919 323 PATRIARCHA
1964 250 2170 325 LIBER
2207 264 2410 326 unus.

3291 273 3396 333 am

61 390 362 461 Spectavit
391 394 449 445 ut
479 388 687 444 videret
741 383 1017 442 Christum
1072 385 1321 451 Domini,
1372 393 1429 440 et
1477 391 1692 453 postea-
1723 384 2030 448 Aderant?
2063 387 2128 442 Et
2171 387 2312 442 unde
2355 396 2629 444 tantorum
2671 387 2863 444 merita
2895 388 3335 458 ,patriareliarmu
3369 403 3392 430 ίι

69 501 257 554 quam
283 484 424 540 vidit
445 526 458 550 ,
491 483 745 555 quoniam
777 481 1124 536 rernissorem
1149 476 1516 550 peccatorum,
1539 486 1594 532 et
1621 485 1698 530 too

73 581 195 634 tius
252 579 448 635 mundi
477 577 686 634 viderat
730 575 1169 646 redemptorem,
1213 573 1366 643 quasi
1415 571 1619 626 levatus
1669 585 1699 623 a

75 682 346 742 peccato,
381 671 629 743 poposcit
655 685 755 725 usu
788 669 970 725 carnis
1001 667 1157 738 hujus
1185 662 1393 722 absolvi
1419 705 1432 728 ,
1461 663 1651 718 dicens
1687 679 1701 716 :

1807 491 1862 535 ut
1915 480 2020 538 Lex
2067 481 2262 537 Tribus
2295 483 2462 538 totius
2503 483 2676 555 plebis
2719 497 2907 538 eorum
2942 485 3218 540 vocabulis
3256 486 3401 541 desi-

1802 570 2332 641 gnaret?Quomndo
2358 573 2689 629 conveniunt
2713 574 2927 642 pictatis
2952 575 3258 641 nomina,et
3279 592 3396 632 scca

1805 662 1934 718 leris
1963 663 2232 734 insignia?
2258 665 2349 720 Sic
2379 665 2541 720 etiam
2572 667 2656 721 isti
2688 674 2818 738 typo
2845 667 3031 737 pupilli
3050 707 3067 730 ,
3097 683 3202 723 non
3229 668 3394 724 animi

76 764 284 833 Nunc,
317 765 559 830 Domine,
588 763 786 818 dimitte
808 779 1009 818 servum
1033 771 1176 815 tuum
1199 759 1250 814 in
1275 775 1432 830 pace;
1457 757 1705 828 quoniam
1753 835 1756 838 ῃ
1805 756 1891 813 sui
1915 755 2044 811 vitio
2075 755 2413 815 laborabant.
2448 758 2579 814 Inde
2605 759 2784 813 omnis
2812 758 3034 827 invidia,
3069 759 3197 816 inde
3226 762 3401 832 parri-

73 861 343 914 viderunt
378 857 517 914 oculi
543 858 640 912 mei
667 857 894 911 salutare
921 866 1060 909 tuum
1092 853 1242 927 (Luc.
1275 869 1346 919 ll,
1373 851 1445 908 50
1491 861 1538 906 et
1585 846 1701 920 ³51).
1805 849 1932 906 cidii
1965 847 2246 905 meditatio
2275 866 2287 902 :
2317 849 2520 905 invidia
2551 865 2648 922 per
2678 851 2938 922 figuram,
2969 852 3142 923 pietas
3166 869 3261 924 per
3304 856 3402 909 af-

81 955 161 1010 Et
195 952 464 1010 Zachaeus
513 951 637 1006 hinc
667 948 899 1020 primum
943 963 1055 1003 sum
1096 947 1508 1019 praerogativam
1551 958 1705 1000 com-

80 1047 468 1104 mendationis
498 1043 703 1099 invenit
724 1085 740 1111 ,
774 1041 916 1114 quod
965 1043 1017 1096 in
1049 1041 1301 1097 arborem
1344 1048 1402 1095 ut
1431 1037 1706 1093 Christum

81 1143 344 1207 videret,
398 1137 664 1195 ascendit.
707 1135 852 1208 Ergo
897 1135 1102 1208 Ioseph
1143 1152 1172 1190 a
1202 1144 1355 1206 patre
1386 1133 1584 1188 missus
1626 1137 1712 1186 est

87 1235 162 1289 ad
193 1233 419 1300 fratres,
444 1231 514 1287 ab
544 1229 634 1286 illo
661 1228 830 1300 magis
853 1229 1038 1296 Patre,
1069 1227 1161 1300 qui
1187 1227 1406 1298 proprio
1434 1224 1577 1280 Filio
1601 1238 1708 1278 non

89 1325 350 1396 pepercit
373 1366 388 1392 ,
420 1323 516 1380 sed
548 1338 646 1394 pro
673 1322 830 1378 nobis
871 1322 1126 1378 omnibus
1158 1320 1386 1376 tradidit
1416 1319 1566 1375 illum
1605 1335 1618 1373 :
1645 1317 1713 1374 ab

87 1418 192 1472 illo
224 1418 405 1482 Patre,
439 1416 507 1472 de
546 1429 655 1486 quo
698 1414 961 1485 scriptum
1003 1421 1087 1469 est
1115 1431 1127 1466 :
1161 1410 1302 1467 Deus
1331 1409 1532 1466 Filium
1562 1425 1714 1467 suum

92 1512 312 1565 mittens
335 1512 391 1564 in
416 1507 805 1563 similitudinem
836 1509 1008 1562 carnis
1033 1507 1227 1580 peccati
1254 1505 1436 1580 (Rom.
1472 1521 1565 1560 vut
1585 1546 1601 1571 ,
1631 1503 1710 1576 5).

177 1607 270 1661 10.
319 1605 386 1661 Et
415 1607 634 1662 errabat
663 1603 888 1674 Ioseph,
916 1603 1038 1674 quia
1075 1604 1274 1657 fratres
1310 1617 1442 1658 suos
1471 1601 1715 1657 invenire

97 1717 215 1755 non
248 1707 463 1769 poterat
504 1697 656 1772 (Gen.
686 1711 883 1753 xxxvu
905 1737 920 1762 ,
951 1693 1061 1768 15).
1107 1694 1225 1750 Νοη
1255 1694 1532 1750 immerito
1567 1705 1718 1748 erra-

1808 942 2028 999 fectum.

1882 1039 1970 1094 15.
2012 1038 2256 1108 Denique
2284 1037 2475 1095 Ruben
2507 1047 2563 1094 et
2588 1037 2755 1095 Iudas
2779 1041 3155 1111 germanitatis
3177 1042 3260 1113 pia
3280 1042 3403 1112 jura
3476 1038 3482 1046 “

1811 1140 2094 1188 servantes
2116 1171 2130 1196 ,
2162 1129 2232 1187 de
2262 1129 2511 1185 manibus
2537 1141 2858 1186 caeterorum
2891 1149 3012 1188 eum
3046 1133 3279 1190 liberare
3306 1149 3406 1190 eu-

1815 1226 2062 1295 piabant,
2091 1226 2393 1296 meritoque
2414 1224 2442 1280 J
2452 1224 2584 1280 udas
2612 1233 2834 1295 paterna
2857 1227 3237 1284 benedictione
3266 1244 3407 1299 prae-

1816 1319 1983 1374 fertur
2003 1361 2017 1385 ,
2049 1334 2173 1374 cum
2202 1319 2255 1376 ei
2287 1318 2484 1374 dicitur
2515 1334 2531 1374 :
2564 1316 2864 1373 Adorabunt
2902 1328 2951 1374 te
2989 1321 3088 1389 ﬁlii
3115 1323 3280 1392 patris
3308 1322 3405 1376 tui.

1817 1412 2033 1468 Catulus
2063 1412 2250 1468 Leonis
2280 1413 2422 1468 Iuda
2449 1454 2463 1480 ,
2485 1422 2534 1468 et
2579 1415 2689 1486 ipse
2721 1414 2820 1469 erit
2845 1417 3157 1486 exspectatio
3185 1416 3411 1487 gentium

1817 1506 1974 1581 (Gen.
2009 1523 2154 1574 χιιι,
2181 1509 2215 1564 8
2243 1517 2290 1564 et
2319 1507 2399 1578 9).
2428 1507 2583 1576 Quod
2619 1509 2808 1578 utique
2838 1509 2938 1564 soli
2966 1509 3223 1564 convenit.
3259 1510 3415 1565 Chri-

1817 1611 1936 1667 sto,
1965 1602 2048 1656 eui
2083 1602 2380 1672 repositum
2415 1601 2513 1656 fuit
2539 1612 2596 1658 ut
2634 1603 2955 1658 adoreretur
2984 1619 3014 1657 a
3037 1603 3295 1659 fratribus
3319 1644 3333 1670 ,
3362 1613 3420 1660 et

1817 1703 2235 1764 exSpectaretur
2272 1711 2299 1748 a
2348 1695 2638 1766 gentibus,
2684 1696 2890 1752 lavaret
2940 1696 2993 1751 in
3036 1699 3164 1751 vino
3218 1699 3415 1753 stolam

97 1792 198 1848 bat
227 1835 241 1859 ,
272 1793 363 1862 qui
394 1791 672 1862 qumrebat
701 1798 978 1855 errantes;
1003 1801 1100 1842 eos
1139 1786 1286 1842 enim
1331 1785 1577 1855 agnoscit
1603 1784 1711 1841 Do—
1739 1791 1789 1853 B
1815 1805 1967 1844 suam
2001 1789 2205 1860 proprii
2247 1789 2489 1858 corporis
2529 1789 2782 1860 passione
2804 1829 2818 1855 ,
2849 1791 2973 1862 quia
3002 1805 3222 1847 carnem
3265 1805 3416 1848 suam

99 1885 295 1939 minus
318 1885 408 1954 qui
433 1892 558 1939 sunt
586 1884 774 1954 ipsius.
807 1882 1048 1952 Denique
1076 1889 1133 1936 et
1161 1879 1320 1936 Jesus
1364 1879 1626 1949 fatigatus
1646 1893 1713 1933 ex

99 1979 310 2034 itinere
339 1978 566 2034 sedebat
588 1992 749 2049 supra
779 1985 1020 2048 puteum.
1051 1974 1425 2045 Fatigabatur,
1453 1975 1576 2045 quia
1607 1989 1712 2029 non

100 2072 426 2127 inveniebat
474 2071 568 2126 Dei
621 2069 877 2141 populum
940 2085 1101 2140 quem
1149 2067 1461 2139 quaerebat;
1509 2067 1718 2123 exierat

104 2181 355 2237 namque
378 2180 407 2221 a
431 2164 566 2221 laeie
599 2164 832 2220 Domini.
863 2163 965 2232 Qui
996 2162 1141 2219 enim
1187 2162 1396 2232 culpam
1426 2161 1673 2232 sequitur
1697 2201 1713 2226 ,

103 2261 227 2339 exit
258 2276 289 2314 a
317 2259 556 2316 Christo.
584 2259 845 2315 Peccator
870 2259 1009 2324 exit,
1035 2257 1216 2328 justus
1253 2257 1436 2313 intrat.
1477 2255 1716 2327 bellique

104 2353 288 2409 Adam
329 2370 389 2408 se
441 2363 693 2424 peccator
738 2351 1059 2419 abscondit;
1105 2352 1286 2422 justus
1329 2361 1509 2408 autem
1542 2350 1711 2406 dicit:

104 2444 288 2500 Intret
308 2447 472 2501 oratio
501 2463 614 2502 mea
643 2447 696 2501 in
721 2454 991 2516 conspectu
1023 2455 1109 2498 tuo
1141 2443 1314 2516 (Psal.
1349 2459 1592 2508 Lxxxvn,
1633 2441 1712 2516 5).

189 2540 281 2594 11.
311 2538 521 2595 Invenit
545 2547 726 2595 autem
754 2537 954 2609 Ioseph
980 2538 1175 2594 fratres
1195 2553 1325 2595 suos
1355 2539 1408 2593 in
1433 2538 1677 2594 Dothaim
1701 2579 1716 2605 ,

109 2630 263 2699 quod
301 2632 573 2703 significat
615 2630 998 2688 defectionem.
1054 2630 1157 2687 Ubi
1200 2640 1282 2686 est
1324 2633 1468 2686 enim
1513 2633 1618 2686 nisi
1663 2632 1716 2687 in

110 2724 429 2780 defectione
454 2724 542 2794 qui
578 2723 746 2778 Deum
770 2723 1009 2780 deserit?
1035 2722 1148 2778 Nec
1186 2722 1384 2778 mirum
1430 2723 1475 2777 si
1501 2723 1721 2779 deﬁcie-

118 2819 285 2885 bant,
333 2818 420 2888 qui
466 2833 574 2872 non
627 2816 921 2873 audiebant
950 2816 1224 2872 dicentem
1258 2834 1272 2870 ε
1313 2815 1495 2871 Venite
1530 2816 1599 2869 ad
1642 2831 1724 2871 me

118 2926 304 2965 omnes
329 2909 416 2980 qui
453 2908 700 2964 laboratis
718 2951 733 2976 ,
762 2918 812 2964 et
840 2909 1042 2964 onerati
1086 2910 1208 2964 estis
1227 2951 1242 2976 ,
1275 2919 1324 2964 et
1366 2926 1460 2982 ego
1489 2926 1576 2965 uos
1605 2909 1725 2980 reﬁ-

118 2999 504 3071 ciam(.-llatth.
559 3017 656 3068 xx,
708 3000 825 3072 ‘28).
859 3000 1021 3056 Venit
1052 3002 1214 3074 igitur
1261 3001 1467 3072 Joscph
1519 3003 1571 3058 in
1617 3003 1724 3057 Do-

121 3096 296 3151 thaim
323 3113 336 3150 :
367 3093 435 3148 Et
465 3095 814 3167 praeciderunt
841 3111 952 3149 eum
984 3096 1048 3150 de
1077 3096 1227 3166 longe
1257 3097 1558 3161 venientem,
1579 3105 1722 3150 ante.

1820 1883 1966 1938 nulla
1991 1883 2198 1952 peccati
2224 1883 2343 1938 labe
2369 1883 2678 1938 maculavit.
2711 1885 2852 1939 Aser
2869 1899 3084 1954 quoque
3106 1900 3211 1940 non
3231 1885 3420 1955 utique

1819 1977 1923 2033 sibi
1954 1979 2250 2033 convenire
2281 1977 2560 2033 credebat.
2610 1980 2747 2034 Aser
2773 1979 2988 2049 pinguis
3031 1980 3184 2050 panis
3208 1979 3327 2050 ejus
3348 2020 3362 2045 ,
3390 1979 3418 2018 ι)

1817 2081 1874 2127 et
1901 2072 2015 2141 ipse
2035 2073 2170 2126 Aser
2199 2087 2322 2126 cum
2344 2072 2700 2143 principibus.
2725 2072 2864 2141 Quid
2893 2089 3023 2128 vero
3049 2073 3164 2144 ipse
3195 2073 3420 2144 Ioseph,

1819 2161 1908 2218 cui
1931 2162 2135 2218 dictum
2157 2173 2238 2219 est
2266 2182 2278 2216 :
2305 2162 2480 2217 Filius
2502 2163 2838 2236 ampliandas
2865 2181 3005 2219 meus
3030 2162 3249 2235 Ioseph,
3281 2166 3424 2234 ﬁlius

1818 2256 2155 2327 ampliandas
2180 2273 2322 2310 meus
2349 2257 2584 2312 :zelatus
2605 2257 2748 2328 ﬁlius
2770 2274 2930 2322 meus,
2959 2259 3102 2327 ﬁlius
3127 2275 3270 2312 mens
3292 2257 3424 2313 ado-

1821 2349 2108 2413 lescentior,
2144 2349 2212 2402 ad
2239 2365 2318 2404 me
2342 2361 2592 2404 revertere
2619 2348 2786 2421 (Ibid.
2812 2392 2826 2416 ,
2857 2350 2990 2422 22)?
3019 2350 3076 2405 In
3106 2366 3267 2422 quem
3293 2365 3427 2406 con-

1822 2443 2000 2499 silium
2028 2442 2377 2500 conferentes
2405 2443 2806 2500 maledicebaut
2827 2485 2843 2512 ,
2878 2446 2930 2500 in
2975 2462 3082 2516 quo
3116 2445 3427 2502 benedictio

1827 2538 2112 2608 praevaluit
2155 2554 2323 2608 super
2375 2537 2852 2596 benedictionibus
2895 2541 3159 2596 montium
3204 2555 3430 2598 manen-

1828 2633 1960 2686 tium
1990 2673 2004 2697 ,
2037 2641 2092 2687 et
2117 2631 2403 2688 desideriis
2429 2633 2650 2688 collium
2685 2644 3034 2690 aeternorum.
3060 2635 3232 2703 Quem
3257 2636 3427 2706 signi-

1828 2724 1976 2779 ficari
2002 2723 2054 2780 in
2083 2741 2142 2780 se
2173 2725 2575 2796 intelligebant,
2607 2727 2709 2782 nisi
2740 2727 2894 2782 illum
2925 2730 3015 2799 qui
3044 2730 3284 2786 omnium
3318 2745 3432 2787 me-

1827 2817 1931 2870 rita
1958 2818 2398 2886 supereminens,
2431 2834 2594 2887 supra
2633 2820 2879 2876 omnium
2910 2821 3179 2878 desideria
3211 2835 3430 2879 sancto-

1829 2924 1946 2964 rum
1980 2909 2258 2966 immensa:
2289 2920 2497 2966 teneret
2526 2911 2736 2982 apicem
2771 2914 3080 2982 potestatis,
3115 2930 3273 2985 quem
3302 2925 3432 2972 voto

1829 3002 2010 3057 nullus
2041 3004 2314 3074 aequaret?
2334 3003 2733 3076 Compensatur
2751 3023 2883 3078 ergo
2911 3009 2963 3063 in
2991 3010 3315 3080 patriarchis
3348 3012 3432 3067 in-

1829 3095 1971 3160 vjdia
2005 3111 2101 3165 per
2134 3097 2365 3166 gratiam
2389 3139 2404 3165 ,
2433 3109 2454 3136 ε
2483 3099 2574 3170 qui
2600 3110 2655 3155 et
2686 3109 3022 3157 excusantur
3070 3117 3101 3157 a
3131 3106 3287 3174 culpa
3312 3145 3328 3171 ,
3377 3112 3434 3161 et

118 3207 284 3260 quam
311 3189 646 3258 appropiaret
670 3189 738 3243 ad
763 3189 917 3254 illos,
951 3199 997 3242 et
1042 3189 1407 3255 insa't'icbant,
1439 3200 1494 3243 ut
1523 3190 1727 3245 occide-
1757 3193 1802 3256 C
1835 3189 2187 3247 revelationis
2241 3207 2468 3248 munere
2517 3204 2929 3251 consecrantur.
2973 3195 3088 3252 Non
3133 3198 3280 3254 enim
3327 3208 3434 3254 tam

121 3292 245 3338 rent
275 3283 423 3336 illum
467 3281 619 3352 (Gen.
673 3297 891 3348 xxxvn,
943 3282 1054 3352 18).
1089 3280 1277 3336 Merito
1314 3282 1471 3352 longe
1523 3291 1720 3350 erant,

121 3377 223 3449 qui
255 3376 490 3432 erantin
533 3375 838 3431 defectione
863 3418 878 3443 ,
912 3385 966 3431 et
996 3375 1117 3431 ideo
1165 3375 1520 3430 insmviebant
1543 3414 1558 3440 ,
1602 3374 1726 3445 quia

125 3489 238 3528 non
268 3471 684 3542 appropiaverat
712 3470 776 3526 iis
803 3467 1075 3525 Christus.
1108 3467 1242 3524 Nam
1277 3469 1324 3523 si
1355 3467 1730 3541 appropiasset

126 3569 216 3623 his
241 3577 396 3639 typus
425 3563 588 3638 487
613 3564 850 3632 Christi,
883 3565 1100 3619 fratrem
1150 3564 1334 3633 utique
1366 3563 1726 3621 dilexissem:

125 3660 226 3716 sed
261 3674 424 3730 prope
453 3673 574 3714 esse
612 3673 718 3712 non
752 3666 1034 3730 poterant,
1071 3657 1162 3727 qui
1205 3656 1552 3727 parricidium
1582 3655 1733 3725 cogi-

129 3756 338 3812 labant.
385 3751 554 3822 Ecce,
584 3752 873 3824 inquiunt,
924 3753 1211 3808 somniator
1243 3752 1330 3807 ille
1373 3753 1506 3807 venit
1547 3769 1566 3807 .'
1596 3755 1732 3807 nunc

129 3867 256 3922 ergo
284 3849 446 3903 venite
466 3890 479 3912 ,
509 3848 802 3902 occidamus
832 3863 944 3900 eum
994 3845 1158 3914 (Ibid.
1180 3888 1194 3912 ,
1232 3846 1342 3916 l9).
1378 3845 1568 3902 Nonne
1617 3846 1734 3902 haec

127 3941 298 3998 verba
323 3939 603 4005 dicebant,
642 3936 733 4008 qui
762 3937 830 3993 de
862 3937 1170 4008 parricidali
1202 3938 1488 4008 sacrilegio
1529 3936 1736 4009 cogita-

133 4032 301 4089 bant?
330 4031 484 4087 Sicut
511 4030 577 4085 de
608 4029 741 4100 ipsis
767 4028 1031 4086 Salomon
1061 4030 1134 4084 ait
1159 4047 1172 4085 :
1203 4028 1472 4084 Tollamus
1502 4033 1693 4099 justum
1716 4069 1732 4095 ,

131 4129 256 4200 quia
282 4124 482 4179 inutilis
513 4133 586 4178 est
617 4123 760 4178 nobis
789 4123 946 4197 (Sap.
979 4139 1046 4187 ll,
1084 4123 1197 4193 12).

215 4219 300 4276 η.
345 4217 411 4274 Et
439 4215 764 4272 addiderunt
807 4216 859 4271 in
907 4215 1104 4272 Genesi
1137 4233 1149 4269 :
1180 4215 1245 4270 Et
1289 4215 1569 4271 videbimus
1613 4216 1738 4288 quid

137 4321 419 4393 proderunt
449 4315 647 4371 somnia
673 4313 813 4369 illius
842 4311 995 4386 (Gen.
1032 4328 1236 4381 xxxv",
1269 4311 1388 4382 20).
1421 4311 1533 4367 Hoc
1555 4312 1736 4384 scrip-

139 4429 252 4474 tum
273 4425 353 4473 est
374 4414 442 4471 de
462 4405 689 4484 Ioseph,
713 4409 1043 4482 completum
1067 4409 1238 4466 estde
1259 4408 1496 4476 Christo,
1519 4408 1738 4479 quando

137 4515 308 4574 Judzci
350 4511 402 4568 in
430 4515 549 4581 ejus
582 4508 836 4580 passione
865 4506 1169 4562 dixerunt:
1206 4506 1266 4560 Si
1291 4521 1382 4560 rex
1421 4503 1590 4560 Israel
1617 4513 1690 4559 est
1717 4545 1735 4571 ,

1831 3283 2104 3353 culpabile
2132 3293 2217 3340 est
2255 3284 2459 3342 dixisse
2485 3302 2607 3358 qua:
2636 3287 2806 3356 plebis
2833 3300 2978 3358 sunt,
3026 3305 3186 3362 quam
3219 3290 3439 3348 beatum

1834 3376 2036 3433 vidisse
2066 3393 2185 3448 qua:
2229 3378 2430 3434 Christi
2461 3389 2605 3435 sunt.
2653 3380 2949 3438 Subierunt
2996 3398 3282 3454 personam
3315 3401 3440 3456 pec-

1785 3538 1790 3542 ,
1833 3472 2032 3528 caloris
2058 3472 2260 3543 populi,
2289 3482 2344 3528 ut
2371 3475 2687 3545 acciperent
2728 3477 2957 3546 gratiam
2986 3477 3196 3533 Domini
3224 3479 3439 3535 redem-

1835 3564 2023 3635 ptoris.
2082 3565 2239 3622 Certe
2277 3567 2492 3638 culpam
2523 3568 2764 3625 abolevit
2786 3569 2990 3639 gratia,
3029 3572 3256 3642 gratiam
3284 3573 3442 3644 culpa

1835 3674 1942 3715 non
1965 3661 2178 3715 minuit.

1911 3751 1998 3806 M.
2044 3736 2120 3807 Et.
2139 3763 2197 3808 ut
2222 3767 2616 3826 cognoscamus
2637 3770 2800 3812 omne
2833 3756 2936 3812 hoc
2961 3757 3031 3814 de
3059 3760 3258 3829 populo
3287 3769 3341 3816 et
3372 3760 3441 3816 de

1840 3846 2072 3900 Domino
2094 3845 2221 3902 Jesu
2265 3847 2587 3919 mysterium
2619 3864 2742 3904 esse
2771 3867 2784 3904 :
2820 3848 3004 3904 Venite
3028 3891 3042 3917 ,
3075 3851 3282 3922 inquit,
3315 3866 3441 3908 ven-

1839 3937 2024 3992 damus
2049 3938 2246 4010 Iosepli
2280 3937 2562 3996 Ismaelitis
2593 3939 2748 4013 (Gen.
2787 3957 2966 3996 xxxvii
2992 3982 3006 4009 ,
3044 3941 3160 4010 27).
3190 3943 3330 4011 Quid
3361 3943 3442 3998 in-

1845 4032 2254 4101 terpretationis
2296 4031 2461 4088 habet
2489 4049 2686 4090 nomen
2717 4035 2921 4106 Joseph
2950 4077 2965 4102 ,
2999 4036 3100 4091 nisi
3129 4037 3274 4108 quod
3301 4037 3441 4092 divi-

1843 4140 1967 4178 nam
2000 4125 2227 4194 gratiam
2256 4123 2424 4197 488
2458 4126 2732 4197 significet
2753 4171 2767 4194 ,
2808 4139 2863 4185 et
2903 4131 3312 4200 expressionem
3344 4131 3442 4188 Dei

1841 4217 2077 4271 summi?
2109 4217 2241 4284 Quis
2284 4219 2448 4290 igitur
2495 4221 2768 4286 venditur,
2813 4224 2915 4278 nisi
2959 4223 3054 4279 ille
3088 4225 3177 4295 qui
3219 4241 3337 4279 cum
3385 4229 3442 4282 in

1842 4315 2015 4383 formo
2060 4311 2158 4366 Dei
2185 4323 2346 4379 esset,
2381 4331 2484 4368 non
2525 4315 2765 4385 rapinam
2796 4317 3080 4374 arbitratus
3121 4331 3198 4375 est
3238 4337 3350 4376 esse
3388 4338 3442 4376 se

1842 4405 2093 4474 (equolam
2142 4404 2294 4461 Deo:
2321 4407 2412 4461 sed
2460 4417 2618 4464 semet
2646 4408 2812 4479 ipsum
2861 4412 3147 4467 exinanivit
3174 4455 3188 4479 ,
3221 4418 3444 4486 {armatu

1842 4500 1977 4555 servi
2004 4501 2264 4570 accipiens
2295 4499 2522 4575 (Philip.
2550 4518 2618 4568 ιι,
2653 4502 2686 4557 6
2730 4513 2779 4558 et
2811 4503 2906 4577 7)?
2938 4505 3123 4579 Neque
3150 4507 3294 4563 enim
3338 4525 3438 4567 nos

141 4607 409 4665 descendat
441 4621 574 4659 nunc
603 4603 666 4658 de
695 4618 880 4668 cruce,
913 4610 961 4655 et
1003 4599 1259 4654 credimus
1291 4599 1358 4652 ei.
1410 4596 1637 4666 Con/idit
1680 4598 1732 4651 in
1761 4595 1813 4656 D
1840 4612 1965 4652 eum
1989 4598 2336 4662 emissemus,
2364 4593 2391 4634 ἀ
2421 4597 2524 4653 nisi
2551 4597 2926 4656 vendidissent
2959 4618 3103 4657 eum.
3149 4602 3321 4671 Quem
3357 4605 3444 4660 sui

145 4703 333 4766 Deum,
369 4697 541 4752 liberet
583 4713 718 4750 nunc
753 4711 904 4761 eum,
933 4694 977 4748 si
1013 4692 1119 4747 uult
1153 4689 1365 4764 (Matth.
1391 4689 1580 4754 ’χιε-ιι,
1613 4689 1730 4760 42).

142 4791 410 4866 Numquid
437 4803 491 4847 et
521 4791 624 4863 ipsi
655 4789 848 4847 fratres
879 4798 987 4845 tam
1017 4787 1167 4858 impii
1192 4828 1206 4854 ,
1240 4794 1299 4842 ut
1339 4784 1560 4841 fratrem
1590 4784 1736 4841 occi-

219 4969 245 4997 η
283 4955 410 5012 Mss.
442 4953 647 5024 aliquot
677 4960 729 5006 et
754 4949 886 5006 edit.
911 4947 1032 5024 Am.
1053 4961 1132 5024 _a_c
1157 4945 1314 5013 Gill.,
1345 4943 1454 5000 Lex
1481 4946 1730 5024 talium,“

150 5035 270 5088 Era.
301 5043 364 5084 ae
395 5017 578 5093 Romi,
604 5021 747 5079 Grex
773 5023 928 5078 totius
961 5019 1124 5093 plebis
1151 5034 1328 5093 eorum
1355 5017 1736 5093 vocabuljsde-

148 5107 455 5176 signaretur.
495 5088 743 5176 At'_tnss.
775 5088 1035 5176 plureset
1074 5091 1317 5176 patiores
1364 5088 1589 5176 :IbexlT
1593 5088 1736 5176 ribus

154 5159 305 5232 tri-lius
490 5159 808 5239 designaret.
843 5159 1477 5239 Optime;Natrtque_hi_c
1516 5159 1628 5239 Lex
1658 5175 1747 5239 su:-

154 5231 314 5304 mitur
344 5259 444 5316 pro
470 5231 624 5295 libris
648 5231 996 5316 Moysisfuhi
1028 5234 1321 5316 duodecim
1343 5231 1538 5316 Tribus
1570 5231 1738 5288 Israel

154 5307 575 5392 patriarcharum
607 5307 916 5388 nominibus
945 5309 1148 5388 passim.
1170 5307 1571 5386 exprimuntur:
1607 5375 1617 5386 ⁸

223 5390 252 5430 ὶι
289 5387 448 5442 Rom.
482 5381 614 5436 edit.
649 5380 784 5445 sola,
819 5387 866 5432 et
893 5393 1002 5447 ipse
1029 5376 1169 5430 dabit
1197 5392 1368 5430 escam
1395 5376 1737 5446 prinmpibus.

230 5473 252 5501 ο
291 5421 612 5514 Χὶῖλῖίνξείιιδ
635 5421 982 5519 sup.'eap.rt,
1019 5463 1167 5519 num.
1192 5448 1255 5519 ﬁ,
1286 5421 1482 5502 asse'rit
1513 5421 1743 5517 partriar—

157 5535 284 5589 chas
310 5543 440 5584 vere
471 5527 524 5578 in
562 5517 780 5590 culpam
819 5517 1117 5590 incidisse:
1153 5517 1249 5590 hic
1284 5527 1464 5574 autem
1504 5527 1558 5572 et
1589 5532 1737 5590 num.

159 5587 276 5676 seq.
301 5614 422 5658 eam
453 5587 703 5651 minuere
739 5596 994 5676 conatur,
1041 5589 1111 5643 ob
1151 5589 1418 5676 rationem
1439 5587 1696 5676 mysterii
1725 5603 1742 5645 :

161 5659 262 5748 qui)
281 5675 444 5730 etiam
469 5666 776 5748 argumenti
803 5674 1001 5748 genere
1018 5675 1152 5748 usus
1165 5669 1251 5748 est
1277 5661 1488 5748 cpm‘de
1505 5659 1748 5748 lii-alue

160 5731 277 5804 dum
306 5750 447 5814 Agar
474 5731 773 5795 coiicubitu
801 5731 1094 5814 disputavit.
1122 5731 1217 5786 lib.
1250 5731 1356 5814 Ide
1383 5731 1586 5814 Abralt:
1623 5745 1744 5814 cap.

166 5803 223 5876 ι.
260 5803 502 5876 δειῖηοη
550 5819 803 5882 putamus
829 5803 954 5862 ideo
989 5818 1205 5863 omnem
1249 5804 1429 5876 culpte
1479 5803 1748 5860 ratimem

1845 4672 1996 4744 male.
2017 4688 2418 4756 vendiderunt,
2460 4689 2621 4746 alieni
2675 4690 2832 4762 pejus
2870 4704 3138 4750 emerunt.
3176 4696 3447 4753 Vendide-

1844 4791 1974 4838 runt
2004 4792 2026 4819 ο
2055 4783 2485 4856 negotiatoribus
2536 4783 2742 4840 bonum
2789 4786 3052 4855 odorem,
3113 4800 3372 4846 emerunt
3418 4805 3451 4846 ει

1846 4945 2115 5070 sublatafm
2146 4943 2492 5026 Ambrosium
2524 4944 2786 5013 voluisse,
2816 4945 2942 5004 licet
2965 4963 3122 5007 secus
3147 4951 3450 5024 Augustino

1846 5029 2020 5070 Visum
2079 5025 2235 5070 uertt.

1843 5018 2020 5072 visum
2053 5018 2235 5071 fuerit.

1917 5086 2324 5166 f1_0rnne_sedit.
2342 5097 2395 5143 et
2418 5088 2542 5166 cod.
2561 5088 2719 5166 ξιιμ,
2738 5089 2909 5166 Full.,_
2931 5090 3114 5147 Germ.
3137 5105 3184 5148 et
3203 5091 3439 5166 Thend.,

1850 5159 1974 5214 Nisi
2009 5159 2357 5238 vendidissent
2400 5161 2498 5238 sui_.
2548 5161 2691 5238 diale
2720 5162 3090 5238 vendiderunt,
3131 5170 3279 5238 pejus
3312 5159 3442 5225 eme;

1846 5243 1988 5308 runt.
2031 5230 2416 5308 Mss_.__Laud.,
2460 5231 2653 5308 Benig.
2682 5232 2940 5308 ,_:l‘orn.,
2988 5230 3214 5308 Valcle't
3251 5238 3444 5308 Colb.,

1851 5301 1971 5380 1_Visi
2000 5301 2507 5380 vendidissent__euni
2553 5301 2842 5380 su'i.__Male
2885 5306 3253 5380 vendiderunt,
3299 5301 3448 5380 cte.,

1847 5375 2008 5430 Corb.
2041 5382 2221 5428 autem
2277 5392 2290 5428 :
2333 5374 2453 5429 Nisi
2482 5374 2833 5429 uendidissent
2876 5392 3011 5431 eum.
3045 5377 3174 5433 Cum
3215 5385 3294 5436 sui
3339 5374 3452 5437 ma;

1849 5447 1926 5510 le,
1958 5454 2062 5500 etc.
2093 5446 2332 5516 Denique
2356 5445 2482 5501 cod.
2507 5444 2701 5512 Mich.,
2744 5444 2867 5500 Alb.
2895 5460 2958 5501 ac
2986 5448 3142 5515 Ebr.,
3179 5449 3298 5506 Nisi
3328 5471 3450 5510 uen-

1850 5516 2097 5595 didissent
2126 5518 2462 5595 eum.AQuei-n
2491 5516 2575 5595 sui
2602 5517 2737 5570 male
2764 5518 3105 5595 uendiderunt
3126 5563 3141 5588 ,
3171 5524 3331 5579 alieni
3359 5543 3450 5595 pe-

1842 5592 1936 5661 jus
1961 5599 2210 5644 emerunt.
2257 5589 2390 5658 Quae
2420 5587 2584 5644 lectio
2611 5587 2823 5642 exteris
2854 5600 3113 5659 praestare
3141 5595 3296 5652 nobis
3337 5587 3452 5656 visa

1853 5671 1958 5715 881.

1925 5741 1950 5769 ε
1989 5731 2193 5806 Omnes
2223 5731 2467 5806 edit.ae.
2508 5743 2642 5806 mss.
2676 5729 2819 5800 duo,
2869 5733 3283 5806 negotiatoribus
3336 5739 3454 5797 boni

1857 5803 2062 5871 odoris;
2093 5803 2318 5874 reliqui,
2345 5803 2535 5859 bonum
2558 5801 2797 5860 odorem.
