4066 6360
685 291 788 348 617

2014 284 2259 343 SANC'I‘I
2299 280 2630 343 AMBROSI!

680 408 1068 480 proditoribus.
1102 403 1355 464 Vendidit
1379 420 1502 463 eum
1539 405 1737 471 ludas,
1769 415 2021 463 emerunt
2058 407 2259 462 lsmae-
2288 406 2342 466 Δ
2366 402 2642 468 deterunt,
2677 401 2970 474 thymiama
3004 413 3116 472 quo
3144 399 3390 456 adolent
3421 395 3627 453 altaria
3661 396 3756 466 pix
3776 402 3963 452 meas;

683 501 797 556 lita:
818 542 832 568 ,
877 499 966 571 qui
1009 498 1381 569 signiﬁcantur
1408 497 1595 553 Latina
1623 499 2070 569 interpretatione
2091 540 2105 565 ,
2141 497 2267 552 odio

683 592 944 650 habentes
977 593 1139 649 Deum
1159 606 1341 648 suum.
1369 591 1497 649 Ideo
1522 592 1652 649 alibi
1677 593 1891 663 viginti,
1925 594 2051 648 alibi
2081 593 2269 663 viginti

680 693 734 740 et
762 685 996 755 quinque
1022 683 1204 740 aureis
1227 725 1242 752 ,
1271 684 1398 739 alibi
1428 685 1645 756 triginta
1677 685 1990 741 invenimus
2027 695 2269 756 emptum

677 775 912 848 Ioseph;
955 777 1080 847 quia
1112 793 1218 832 non
1250 777 1502 833 omnibus
1535 780 1696 834 unius
1721 781 2085 836 mstimatione
2114 780 2272 850 pretii

676 871 819 926 valet
861 871 1128 927 Christus.
1181 871 1316 928 Aliis
1369 872 1588 939 minus,
1637 873 1762 928 aliis
1807 873 2061 944 amplius.
2110 873 2275 930 Fides

677 964 910 1021 ementis
934 1007 948 1030 ,
981 965 1380 1022 incrementum
1407 976 1489 1023 est
1517 967 1715 1023 nfercis
1744 985 1757 1021 :
1787 967 2116 1040 religiosiori
2150 984 2274 1038 pre-

686 1059 875 1115 tiosior
901 1068 986 1115 est
1018 1059 1182 1125 Deus,
1217 1062 1489 1130 peccatori
1515 1062 1807 1132 pretiosior
1835 1069 1919 1118 est
1941 1063 2276 1132 redemptor.

677 1152 854 1210 Pluris
877 1163 930 1210 et
963 1154 1042 1210 illi
1066 1155 1212 1209 valet
1248 1155 1340 1225 qui
1380 1155 1499 1225 plus
1545 1155 1709 1210 habet
1734 1155 1920 1225 gratiae
1948 1174 1960 1210 :
1993 1155 2089 1212 sed
2114 1156 2278 1210 etiam

675 1248 762 1304 cui
797 1249 963 1304 multa
1000 1248 1200 1304 donata
1246 1257 1408 1316 sunt,
1457 1249 1626 1320 pluris
1667 1249 1841 1316 valet;
1871 1253 1993 1321 quia
2025 1250 2108 1306 cui
2157 1251 2280 1321 plus

681 1341 967 1396 remissum
1017 1350 1137 1406 est,
1171 1341 1292 1412 plus
1336 1341 1548 1412 diligit,
1582 1343 1725 1398 sicut
1775 1343 1890 1412 ipse
1918 1343 2182 1400 Dominus
2227 1345 2280 1400 in

686 1437 984 1509 Evangelia
1029 1437 1398 1510 pronuntiavit
1442 1439 1510 1496 de
1539 1439 1634 1496 illa
1685 1441 1912 1496 muliere
1953 1457 2073 1512 qua:
2120 1456 2285 1511 super

685 1530 808 1601 ejus
839 1531 1006 1602 pedes
1035 1531 1227 1587 eﬁ'udit
1251 1543 1584 1603 unguentum
1608 1577 1621 1598 ,
1651 1543 1708 1589 et
1746 1534 1995 1606 lacrymis
2022 1535 2151 1590 lavit
2176 1577 2190 1600 ,
2232 1542 2288 1591 et

685 1624 900 1694 capillis
925 1623 1039 1679 suis
1071 1625 1260 1691 tersit,
1285 1633 1340 1680 et
1370 1626 1570 1680 osculis
1599 1627 1841 1689 siccavit,
1872 1627 1941 1682 de
1978 1643 2083 1698 qua
2119 1628 2194 1682 ait
2219 1628 2286 1682 ad

689 1715 970 1773 Simonem
1003 1734 1015 1771 :
1049 1716 1273 1789 Pmpter
1297 1717 1434 1788 quod
1465 1718 1582 1773 dico
1624 1719 1715 1772 tibi
1763 1735 1780 1773 :
1812 1719 2051 1774 Remissa
2094 1729 2214 1773 sunt
2241 1719 2290 1773 ei

2369 494 2525 551 Unde
2554 503 2611 550 et
2637 495 2799 550 David
2826 510 3002 566 graec
3033 493 3139 549 hoc
3185 492 3365 548 modo
3414 491 3498 546 ait
3525 508 3538 544 :
3571 494 3924 551 εατεώτόέπ
3947 520 3960 547 ;

2373 593 2650 666 προσευχὴ
2701 610 2796 660 μου
2841 591 2910 650 ὡς
2949 590 3193 662 θυμίαμα
3236 585 3474 642 ἐνώπιόν
3511 606 3607 640 σου
3639 583 3751 654 (Ps.
3775 586 3936 646 ρπβ

2371 679 2627 736 Resinam
2658 696 2874 752 quoque
2918 695 3024 750 qua
3054 693 3346 735 marmora
3387 677 3681 732 confracta
3716 678 3948 733 sociasse

2372 781 2457 828 est
2487 774 2666 829 resina
2709 773 2970 843 spiritalis
2999 788 3122 844 quae
3171 773 3474 827 fracturas
3523 769 3722 824 anima:
3748 781 3845 824 ture

2371 871 2486 936 det,
2517 881 2572 926 et
2601 871 2810 926 divulsa
2839 879 3150 934 connectat,
3186 870 3448 927 resoluta
3482 869 3838 936 constringat.
3873 868 3956 922 [1:

2374 966 2518 1020 enim
2549 966 2809 1035 Spiritalis
2841 965 3024 1020 resina
3067 966 3414 1021 corroborat
3438 1005 3454 1030 ,
3492 972 3553 1016 et
3585 961 3815 1034 quadam
3847 979 3956 1017 cea-

2379 1060 2584 1114 minuta
2609 1060 2799 1114 animm
2819 1058 3056 1113 membra
3082 1057 3384 1129 componit
3415 1100 3431 1123 ,
3482 1065 3548 1110 ut
3573 1057 3697 1110 sine
3724 1055 3958 1110 οσαιςέεῖξπ

2381 1153 2673 1216 socientur.
2714 1152 2958 1224 Denique
2997 1153 3268 1209 Jeremias
3305 1152 3466 1207 hanc
3523 1153 3730 1220 quaerit
3768 1155 3944 1208 resina:

2383 1258 2442 1303 ut
2478 1247 2830 1320 Babyloniam
2857 1257 3010 1304 curet
3038 1263 3259 1310 sanare,
3308 1248 3355 1302 si
3395 1249 3622 1312 possit,
3666 1247 3836 1302 dicens
3864 1269 3875 1298 :

2384 1341 2540 1411 cipite
2565 1341 2789 1396 resinam
2811 1341 3131 1411 corruptioni
3153 1357 3294 1416 ejus,
3329 1341 3381 1393 si
3400 1355 3522 1408 quo
3549 1339 3715 1392 modo
3741 1340 3948 1392 sanabit"

2386 1433 2690 1489 Curavimus
2723 1432 3086 1505 Babyloniam,
3120 1443 3167 1487 et
3196 1442 3402 1488 sanata
3444 1450 3565 1488 non
3591 1443 3674 1488 est
3702 1432 3819 1504 (Jer.
3864 1449 3949 1496 Ll,‘

2388 1537 2434 1580 et
2466 1526 2544 1598 9).
2574 1525 2690 1581 Non
2728 1536 2811 1581 est
2842 1535 3031 1581 sanata
3066 1525 3389 1598 Synagoga,
3427 1526 3574 1596 quia
3607 1526 3784 1580 resina
3810 1526 3952 1580 istas»

2387 1621 2558 1693 gravi:
2595 1619 2660 1674 ad
2703 1619 3023 1675 Ecclesiam.
3060 1618 3185 1674 Ideo
3224 1635 3290 1674 ex
3339 1617 3582 1674 Galaad
3617 1618 3969 1716 veniebant

2390 1715 2713 1785 gotiatores,
2752 1713 2854 1768 hoc
2879 1721 2980 1779 est,
3014 1712 3081 1768 de
3110 1713 3492 1782 possessione
3527 1711 3623 1767 vel
3660 1712 3868 1766 incolatu
3892 1711 3969 1765 ιέέλ

693 1818 905 1881 peccata
933 1811 1134 1876 multa,
1171 1810 1412 1881 quoniam
1457 1811 1641 1867 dilexit
1688 1812 1929 1867 multum.
1978 1812 2075 1867 Cui
2117 1823 2287 1868 autem

2395 1807 2624 1871 timonii,
2673 1821 2882 1862 merces
2927 1820 3056 1860 suas
3101 1805 3168 1860 ad
3213 1804 3561 1860 Ecclesiam
3621 1805 3945 1860 transferes-.6.

694 1903 867 1957 minus
895 1903 1207 1968 dimittitur,
1248 1905 1420 1959 minus
1450 1903 1621 1978 diligit
1652 1903 1808 1976 (Luc.
1835 1920 1928 1972 vn,
1961 1903 2075 1977 47).
2116 1904 2290 1961 luter-

691 1997 818 2054 dum
861 1998 1203 2055 diversitates
1245 2000 1398 2069 pretii
1449 2014 1558 2054 non
1605 2000 1778 2054 solum
1824 1999 2143 2070 quantitatis
2191 1999 2288 2054 ha-

696 2093 845 2159 bent,
873 2102 898 2130 ει
927 2093 1022 2149 sed
1049 2094 1211 2151 etiam
1240 2094 1452 2150 numeri
1481 2095 1921 2166 expressionem;
1953 2095 2092 2149 sicut
2123 2093 2290 2149 habes

694 2188 763 2246 de
788 2200 1063 2262 unguento
1081 2191 1223 2262 quod
1251 2190 1318 2247 ad
1346 2191 1720 2263 sepeliendum
1749 2206 1806 2247 se
1828 2192 2089 2246 DOminus
2113 2190 2290 2246 lusum

692 2299 817 2343 esse
848 2289 1204 2353 memoravit,
1255 2286 1397 2342 sicut
1425 2285 1690 2357 Scriptum
1737 2294 1822 2342 est
1856 2285 2068 2341 dicente
2104 2284 2242 2341 Juda
2275 2303 2291 2336 ι

696 2377 879 2434 Potuit
899 2379 994 2434 hoc
1015 2378 1316 2435 venumdari
1340 2379 1571 2433 denariis
1594 2379 1836 2433 trecentis
1857 2377 2050 2448 (Marc.
2069 2393 2186 2443 xtv,
2211 2377 2290 2450 5).

703 2471 823 2538 Quo
849 2486 1080 2528 numero
1111 2488 1220 2528 non
1258 2471 1579 2542 quantitatis
1600 2512 1615 2536 ,
1645 2471 1738 2526 sed
1773 2470 2094 2542 signiﬁcatio
2119 2472 2296 2528 crucis

698 2563 912 2620 videtur
938 2577 1222 2634 expressa.
1254 2563 1332 2618 Ita
1359 2562 1447 2619 hic
1471 2578 1688 2634 quoque
1729 2563 2018 2619 diversitas
2038 2562 2068 2602 ι’
2099 2565 2180 2620 vel
2214 2565 2296 2619 vi-

699 2655 836 2728 ginti
863 2655 946 2711 vel
981 2654 1197 2726 triginta
1225 2669 1517 2712 aureorum
1559 2655 1645 2711 vel
1688 2664 2102 2727 argenteorum,
2135 2655 2300 2712 habet

704 2750 787 2806 vel
818 2749 1107 2822 geminata:
1153 2747 1239 2805 vel
1292 2749 1576 2820 triplicatae
1618 2747 1968 2820 perfectionis
2013 2748 2295 2806 indicium.

703 2844 836 2903 Nam
881 2846 1071 2918 viginti
1120 2845 1359 2918 quinque
1401 2845 1587 2913 aurei,
1617 2845 1824 2917 jubiltei
1855 2845 1946 2918 qui
1993 2853 2076 2902 est
2102 2845 2299 2902 remis-

705 2938 879 2996 sionis
905 2954 1201 3005 numerus,
1234 2938 1538 3011 signiﬁcant
1589 2939 2036 3011 pretiosissimam
2087 2939 2298 3010 portio-

702 3049 850 3092 nem.
901 3033 999 3090 llic
1050 3048 1265 3106 quoque
1287 3075 1304 3102 ,
1354 3041 1414 3090 ut
1445 3034 1746 3090 Dominicis
1779 3033 2045 3103 passionis
2075 3033 2301 3104 ﬁguram

703 3127 990 3193 advertas,
1038 3126 1115 3182 ait
1155 3125 1325 3183 Judas
1375 3127 1685 3198 patriarcha
1719 3143 1734 3182 :
1765 3123 2062 3180 Tradamus
2102 3123 2301 3194 Joseph

2393 1910 2451 1956 ut
2474 1901 2714 1972 gentium
2744 1909 2960 1970 peccata
2991 1897 3165 1954 resina
3191 1897 3292 1953 ista
3325 1907 3604 1953 curaret.
3642 1897 3720 1952 De
3744 1899 3948 1968 quibi:-

2391 1996 2540 2052 citur
2569 2012 2582 2046 :
2615 1993 2986 2057 Convalescite,
3018 2009 3203 2047 manus
3232 1992 3525 2059 demisse,
3585 2003 3641 2046 et
3684 2009 3831 2064 genus
3853 1995 3944 2045 [as-

2393 2087 2502 2141 luta
2524 2088 2678 2158 (Esa.
2710 2101 2861 2141 xxxv
2881 2128 2894 2151 ,
2923 2083 3002 2157 ὅ).
3050 2083 3213 2140 Fides
3245 2085 3482 2140 sincera
3521 2088 3724 2141 resina
3749 2097 3833 2142 est.
3868 2087 3940 2139 iis:

2393 2181 2682 2237 adhibebat
2734 2181 2963 2246 Petrus,
3011 2195 3131 2235 cum
3171 2179 3389 2236 diceret
3439 2181 3670 2236 claudo
3704 2200 3717 2234 :
3747 2181 3806 2236 In
3826 2199 3936 2235 rem

2396 2273 2526 2328 Jesu
2569 2273 2763 2329 Christi
2804 2273 3066 2328 Nazareni
3110 2289 3266 2344 surge
3304 2283 3358 2327 et
3384 2276 3632 2329 artibula
3668 2274 3800 2347 (Act.
3823 2277 3916 2340 ω,ιὲ

2394 2371 2701 2441 meritoque
2723 2370 2980 2435 surrexit,
3011 2378 3065 2424 et
3089 2369 3421 2424 ambulavit.
3464 2371 3640 2427 Hanc
3663 2371 3865 2428 habebat
3883 2389 3940 2425 tta

2395 2462 2605 2519 diceret
2654 2465 2988 2536 paralytico:
3018 2463 3228 2530 Αἳηεα,
3278 2473 3438 2518 sanet
3494 2473 3551 2520 te
3598 2463 3839 2520 Dominus
3862 2464 3934 2518 1a.-

2397 2557 2632 2613 Christus
2659 2576 2671 2611 :
2702 2574 2852 2627 surge
2885 2567 2932 2611 et
2956 2567 3124 2612 sterne
3145 2556 3254 2611 tibi.
3288 2555 3360 2610 Et
3383 2561 3667 2626 surrexit,
3684 2568 3732 2615 et
3758 2562 3939 2613 strati!

2403 2651 2539 2722 (Act.
2567 2667 2640 2716 ιχ,
2671 2650 2788 2722 54).
2825 2650 2971 2704 llanc
3010 2649 3276 2715 habebat,
3331 2665 3472 2705 cum
3511 2652 3739 2707 diceret
3778 2663 3924 2706 mons:

2402 2745 2571 2817 Surge
2590 2746 2642 2798 in
2665 2745 2868 2799 nomine
2888 2742 3095 2798 Domini
3125 2742 3285 2797 nostri
3299 2741 3439 2798 Iesu
3461 2744 3771 2800 Christi.Et
3795 2747 3938 2817 defusa

2399 2839 2624 2892 surrexit
2639 2835 2830 2909 (lbid.,
2845 2837 2924 2908 4).
2940 2835 3114 2905 Hujus
3128 2837 3328 2892 resina:
3350 2839 3934 2909 temperamenlolaeiié

2402 2931 2482 2986 illi
2511 2931 2580 2986 de
2605 2931 2800 3002 quibus
2843 2941 3036 3001 potens
3072 2940 3156 2986 est
3192 2930 3482 2987 Dominus
3527 2933 3847 2989 resuscitare

2404 3024 2659 3093 Abrahae,
2682 3026 3153 3097 contpaginantur.
3190 3024 3365 3096 llujus
3390 3028 3618 3083 resinre
3650 3029 3932 3084 medicatam

2405 3117 2630 3172 claudus
2655 3117 2900 3188 erigitur,
2930 3117 3258 3188 paralyticus
3288 3117 3679 3189 reformatur,
3723 3133 3934 3179 mortui.-

703 3219 987 3279 Ismaelitis
1026 3239 1046 3278 :
1082 3231 1135 3277 at
1153 3239 1343 3278 manus
1384 3231 1578 3278 nostra:
1617 3237 1720 3276 non
1759 3220 1864 3275 sint
1903 3221 2107 3289 iniecta:
2149 3235 2304 3288 super
2329 3195 2374 3258 (ἶ
2407 3213 2721 3268 suscitatur.

703 3335 822 3374 eum
854 3317 1010 3390 (Gen.
1048 3333 1259 3384 xxxvii,
1287 3317 1404 3388 27).
1436 3317 1502 3372 Ει
1529 3317 1672 3372 bene
1696 3316 1719 3346 ο
1755 3314 2007 3385 superius
2035 3314 2251 3370 dixerat
2285 3329 2298 3366 :

707 3411 902 3467 Manus
927 3423 1096 3466 autem
1121 3413 1283 3467 nolite
1307 3413 1504 3480 inferre
1532 3411 1611 3464 illi
1643 3408 1812 3482 (Ibid.
1833 3452 1846 3477 ,
1878 3409 1994 3481 22).
2027 3408 2182 3477 Quod
2212 3407 2304 3464 Ju-

709 3504 812 3560 drei
858 3505 910 3559 in
960 3505 1174 3560 Domini
1219 3505 1473 3576 passione
1499 3503 1774 3575 (dixerunt
1807 3519 1822 3556 :
1859 3500 2022 3556 Nobis
2053 3519 2156 3556 non
2187 3502 2303 3557 licet

703 3596 999 3667 interﬁcere
1021 3614 1331 3669 quemquam
1350 3595 1533 3668 (loan.
1554 3611 1711 3663 xvtn,
1739 3593 1861 3666 52);
1890 3601 1950 3648 ut
1969 3609 2149 3650 sermo
2173 3593 2303 3650 Jesu

706 3689 1055 3759 impleretur,
1101 3689 1414 3760 signiﬁcans
1443 3703 1546 3759 qua
1591 3696 1767 3743 morte
1797 3687 2094 3752 moriturus
2132 3695 2297 3742 esset.

779 3781 869 3838 15.
908 3781 1030 3838 iam
1063 3791 1189 3838 tunc
1232 3795 1364 3852 ergo
1407 3781 1584 3837 crucis
1625 3780 1820 3836 futurae
1861 3779 2308 3852 praeﬁgurabatur

705 3875 948 3950 insigne;
974 3876 1134 3932 simul
1155 3884 1212 3933 et
1232 3875 1376 3949 quod
1390 3885 1585 3933 exutus
1610 3884 1694 3931 est
1720 3873 1897 3930 tunica
1917 3873 2070 3947 (Gen.
2099 3889 2302 3938 xxxvii,

705 3970 822 4042 25),
855 3970 908 4026 id
930 3979 1035 4038 est,
1065 3985 1232 4028 carne
1253 3985 1412 4042 quam
1439 3969 1734 4041 assumpsit
1754 3980 1949 4024 exutus
1973 3975 2080 4035 est,
2107 3967 2307 4023 decora

704 4063 1018 4121 diversitate
1044 4066 1322 4121 virtutum.
1360 4063 1506 4136 Ergo
1536 4064 1713 4120 tunica
1742 4062 1880 4134 ejus,
1917 4061 1970 4119 id
1998 4073 2104 4128 est,
2136 4077 2264 4116 caro
2292 4102 2306 4124 ,

705 4173 814 4213 non
833 4157 1089 4214 divinitas
1110 4168 1392 4214 cruentata
1415 4170 1499 4215 est
1521 4177 1536 4213 :
1555 4167 1609 4215 et
1626 4157 1999 4214 indumentum
2023 4157 2072 4213 ei
2097 4156 2300 4222 carnis,

708 4265 815 4306 non
861 4251 1322 4308 immortalitatem
1354 4253 1480 4307 vita:
1521 4251 1739 4308 auferre
1790 4260 2104 4322 potuerunt.
2152 4251 2305 4308 Hanc

709 4343 941 4398 tunicam
973 4344 1216 4400 Judaicaz
1240 4347 1431 4401 bestia:
1457 4357 1916 4415 cruentaverunt,
1952 4348 2060 4403 illa:
2089 4348 2157 4404 de
2187 4349 2306 4418 qui-

707 4433 810 4490 bus
845 4434 974 4492 dicit
1010 4452 1024 4490 :
1059 4436 1191 4491 Ecce
1213 4453 1305 4508 ego
1332 4439 1481 4493 mitto
1507 4454 1592 4492 vos
1628 4440 1759 4494 sicut
1796 4456 1956 4511 agnos
1989 4441 2121 4495 inter
2153 4441 2305 4513 lupos

714 4526 868 4598 (Luc.
902 4545 957 4593 x,
988 4527 1066 4600 δ).

2481 3307 2566 3363 18.
2609 3306 2743 3361 Illud
2775 3321 2991 3379 quoque
3031 3306 3174 3378 quod
3222 3305 3368 3362 hredi
3426 3311 3724 3381 sanguine
3760 3327 3931 3383 respui:

2404 3412 2531 3456 runt
2561 3402 2793 3456 tunicam
2822 3401 2940 3473 ejus
2967 3399 3119 3473 (Gen.
3163 3417 3345 3456 xxxvn
3370 3443 3386 3469 ,
3422 3401 3554 3474 3‘2),
3586 3406 3806 3462 videtur
3825 3409 3932 3476 Sigei;-

2404 3511 2531 3552 care
2558 3497 2816 3567 quoniam
2855 3496 3004 3551 lalsis
3035 3494 3366 3552 testimoniis
3399 3509 3784 3568 appetentes,
3809 3501 3848 3555 i
3870 3504 3931 3553 tu.

2404 3589 2549 3646 diam
2579 3590 2862 3646 deduxere
2904 3589 3108 3661 peccati
3140 3589 3387 3644 omnium
3439 3603 3686 3661 peccata
3727 3597 3922 3649 donauit-ae

2405 3683 2573 3741 Nobis
2598 3699 2768 3756 agnus
2801 3694 2916 3752 est,
2957 3684 3063 3739 illis
3094 3683 3298 3738 limdus.
3332 3683 3512 3742 Nobis
3559 3700 3746 3757 agnus
3773 3687 3847 3742 Dei
3867 3703 3933 3741 eac-

2408 3794 2501 3835 sus
2537 3789 2653 3845 est,
2709 3779 2908 3850 quibus
2945 3779 3170 3835 abstulit
3189 3794 3476 3852 peccatum
3510 3787 3757 3842 mundi:
3786 3784 3866 3839 illis

2409 3874 2505 3930 dus
2527 3917 2543 3942 ,
2595 3891 2822 3945 quorum
2855 3877 3128 3931 acervavit
3154 3893 3376 3934 errores
3404 3921 3420 3946 ,
3463 3881 3684 3938 delicta
3717 3879 3920 3938 cumulati

2410 3967 2643 4038 Ideoque
2688 3969 2759 4022 ait
2796 3988 2808 4021 :
2839 3967 3059 4038 lmplete
3113 3988 3410 4026 mensuram
3466 3988 3699 4046 patrum
3757 3983 3930 4029 gemant

2411 4061 2628 4131 (Matth.
2660 4079 2814 4130 χχιιι,
2846 4064 2963 4133 5:2).
2990 4063 3293 4138 Meritoque
3331 4066 3511 4124 Jacob
3549 4067 3872 4140 posteritatis
3887 4079 3929 4118 su

2412 4157 2703 4227 deplorans
2721 4157 3033 4228 dispendia,
3068 4162 3220 4230 quasi
3253 4171 3409 4232 pater
3455 4163 3648 4220 ﬁlium
3676 4165 3830 4220 ﬂebat
3856 4175 3932 4216 se:

2412 4267 2530 4307 sum
2558 4295 2572 4320 ,
2619 4253 2774 4324 quasi
2821 4253 3085 4324 proliheta
3114 4255 3333 4328 lugebat
3363 4259 3665 4315 interitum
3697 4260 3932 4316 Judxcrsa
3968 4253 3969 4296 1

2413 4346 2658 4418 Denique
2691 4346 2851 4403 scidit
2888 4351 3052 4404 etiam
3101 4351 3434 4406 vestimenta
3464 4351 3570 4408 sua
3600 4374 3614 4407 :
3652 4355 3795 4425 quod
3819 4355 3856 4405 ir.-
3968 4355 3969 4390 t

2411 4443 2566 4498 sione
2611 4442 2824 4497 Domini
2865 4441 3062 4498 factum
3103 4443 3332 4516 legimus
3381 4444 3611 4518 (Matth.
3660 4464 3806 4512 xxvi,
3840 4442 3936 4510 65]1

2412 4535 2657 4607 principe
2688 4535 3063 4603 sacerdotum,
3109 4537 3162 4593 in
3203 4554 3312 4608 quo
3339 4549 3488 4595 esset
3520 4556 3640 4596 non
3665 4544 3857 4614 privata
3880 4547 3936 4604 pet-

787 4623 875 4680 16.
917 4623 1073 4690 Quod
1101 4633 1282 4681 autem
1323 4626 1474 4683 lacus
1501 4628 1680 4685 siccus
1715 4636 1834 4683 erat
1877 4626 2027 4701 (Gen.
2072 4644 2260 4686 xxxvu
2290 4672 2305 4697 ,
2332 4656 2388 4717 D
2414 4643 2566 4695 sona,
2615 4629 2708 4684 sed
2753 4628 2952 4698 publici
2993 4645 3188 4686 munus
3237 4631 3424 4688 ofﬁcii.
3483 4632 3558 4687 Et
3596 4634 3783 4690 velum
3830 4626 3935 4693 tenui:

709 4715 829 4789 24),
858 4716 986 4788 quid
1018 4717 1214 4774 mirum
1245 4720 1293 4775 si
1317 4720 1628 4778 Judaeorum
1661 4723 1813 4780 lacus
1840 4739 2032 4794 aquam
2073 4740 2181 4780 non
2214 4725 2308 4780 ha—

704 4809 830 4876 bet,
861 4811 952 4882 qui
979 4810 1386 4883 dereliquerunt
1419 4814 1585 4890 489
1614 4817 1816 4873 fontem
1849 4833 2002 4890 aquae
2039 4819 2182 4875 viva:
2209 4862 2224 4886 ,
2253 4828 2310 4876 et

711 4901 964 4960 fecerunt
992 4904 1095 4960 sibi
1126 4905 1277 4962 lacus
1303 4909 1607 4965 contritos?
1635 4911 1702 4967 Et
1729 4921 1787 4966 ut
1811 4911 1953 4968 scias
1982 4928 2169 4968 verum
2204 4913 2305 4969 hoc

707 5009 830 5054 esse
861 4997 1214 5070 mysterium,
1244 4995 1360 5069 ipse
1379 4997 1448 5055 de
1477 5015 1538 5056 se
1565 5000 1823 5058 Dominus
1849 5005 1925 5058 ait
1963 5021 1977 5059 :
2011 5002 2309 5059 Posuerunl

705 5107 786 5146 me
822 5091 878 5146 in
907 5092 1026 5147 lacu
1050 5092 1324 5163 inferiori,
1356 5093 1411 5148 in
1445 5095 1661 5150 tenebris
1685 5137 1701 5163 ,
1740 5105 1786 5150 et
1815 5097 1870 5151 in
1905 5097 2085 5152 umbra
2126 5099 2307 5154 mortis

705 5183 876 5255 (Psal.
909 5201 1164 5253 Lxxxvtt,
1195 5185 1272 5258 7).

780 5279 867 5333 17.
911 5275 993 5333 llli
1018 5278 1184 5350 igitur
1206 5288 1397 5336 emunt
1440 5281 1712 5337 Christum
1763 5282 1853 5352 qui
1896 5282 2069 5342 bonos
2108 5284 2309 5342 odores

780 5455 806 5519 ξι
845 5447 973 5519 Mss.
1004 5445 1183 5511 Valc.,
1211 5446 1318 5504 Sed
1337 5449 1493 5502 etiam
1520 5447 1753 5518 mysterii
1778 5450 2176 5519 expressionem.

779 5513 808 5554 ιι
848 5517 991 5586 LXX
1020 5519 1209 5597 legunt
1238 5527 1476 5597 χρυσῷν,
1501 5513 1685 5597 aureis
1704 5560 1718 5583 ,
1750 5513 1852 5597 sed
1869 5520 2202 5597 castigantur
2231 5520 2297 5597 ab

707 5583 1429 5660 Hieronymofporro'ijuod
1461 5583 1627 5644 ’addit
1660 5583 2029 5655 Ambrosius;
2068 5590 2194 5643 alibi
2221 5592 2301 5644 vi-

708 5656 1100 5732 gintiquinaue,
1131 5670 1264 5726 etc.,
1292 5656 1360 5718 de
1383 5678 1498 5718 sure
1529 5662 1703 5715 aetatis
1730 5659 2010 5732 codicibus
2039 5661 2298 5732 loquitur.

710 5723 986 5792 Siquidem
1017 5723 1370 5787 vetustissimi
1409 5733 1580 5788 nostri
1607 5732 1825 5788 codices
1865 5745 1928 5786 ac
1973 5723 2123 5789 Bibl:
2169 5747 2298 5788 con-

713 5803 920 5852 Stanter
945 5800 1135 5873 legunt
1162 5803 1343 5873 viginti
1367 5803 1640 5874 argenteis.

2410 4719 2638 4776 scissum
2662 4730 2748 4777 est
2774 4721 2992 4794 (Matth.
3023 4739 3193 4789 xxvu,
3231 4724 3348 4798 5i);
3400 4733 3462 4779 ut
3492 4726 3780 4794 profanata
3817 4733 3937 4792 myste-

2410 4813 2510 4880 ria,
2537 4811 2794 4868 nudatum
2831 4815 3089 4886 populum
3121 4815 3447 4871 salutaribus
3479 4818 3840 4881 indumentis,
3872 4809 3938 4869 diti-

2409 4924 2527 4964 sum
2576 4925 2801 4981 regnum
2842 4909 3036 4966 talibus
3072 4909 3519 4967 manifestaretur
3559 4913 3855 4985 insignibus
3894 4908 3938 4959 ἀει

2412 5001 2760 5066 struendum;
2809 4995 2931 5073 quia
2984 5017 3145 5058 omne
3187 5018 3417 5074 regnum
3464 5003 3709 5060 divisum
3739 4998 3939 5060 lacileda‘

2411 5103 2670 5151 struetur.
2718 5095 2785 5151 Et
2835 5110 2965 5151 vere
3003 5094 3262 5163 divisum,
3313 5097 3537 5166 quando
3580 5096 3688 5154 hoc
3731 5097 3857 5169 quod
3881 5100 3938 5148 en"

2409 5185 2634 5252 Christi,
2663 5188 2828 5258 erepit
2857 5203 2978 5243 esse
3008 5188 3174 5243 etiam
3204 5187 3430 5244 diaboli.
3479 5189 3678 5262 Neque
3706 5191 3837 5248 cnim
3856 5194 3938 5258 pelt-

2414 5281 2769 5339 rantindivisi
2799 5299 3018 5341 manere
3037 5326 3051 5351 ,
3077 5284 3167 5355 qui
3197 5300 3228 5339 a
3255 5283 3420 5342 Patre
3440 5284 3648 5343 Filium
3673 5285 3938 5360 separabit“.

2481 5462 2502 5488 ε
2548 5449 2707 5504 Rom.
2739 5449 2908 5515 edit.',
2941 5450 3182 5520 superius
3215 5446 3396 5503 Ruben
3438 5448 3674 5504 dixerat.
3710 5449 3776 5504 Et
3802 5464 3853 5502 rc
3875 5448 3937 5510 ipsi

2403 5536 2565 5578 voces
2599 5520 2669 5574 ibi
2701 5521 2890 5574 relatae
2936 5521 2989 5575 in
3035 5520 3312 5589 Scriptura
3344 5523 3446 5575 soli
3479 5521 3676 5576 Ruben
3709 5520 3938 5576 attribuun-

2407 5602 2514 5650 tur.
2547 5591 2752 5647 Verum
2783 5591 3009 5646 aliarum
3032 5592 3163 5647 edit.
3195 5607 3258 5646 ac
3279 5606 3412 5647 mss.
3442 5596 3692 5648 omnium
3715 5596 3937 5648 consensus

2404 5665 2556 5729 facit,
2587 5672 2646 5719 ut
2675 5678 2768 5718 eas
2797 5663 2866 5715 ab
2891 5662 3184 5718 Ambrosio
3207 5664 3370 5718 etiam
3396 5664 3556 5719 ludar
3583 5665 3859 5720 attributas
3878 5671 3938 5711 ar

2406 5735 2596 5792 damus
2642 5752 2656 5791 :
2687 5749 2810 5790 cum
2841 5735 3148 5804 praesertim
3185 5745 3480 5804 utrumque
3510 5736 3580 5791 de
3613 5729 3937 5793 liberandolo'

2406 5806 2540 5877 seph
2571 5807 2866 5862 sollicitum
2897 5804 3066 5863 fuisse
3086 5821 3251 5877 supra
3281 5808 3609 5864 narraverit.
