4066 6360
75 369 216 426 659

651 485 816 561 590
860 485 1088 544 CAPUT
1126 488 1216 543 ιν.

83 574 337 645 Ioseph
375 576 594 632 ducitur
618 579 676 634 in
703 578 1012 652 Egyptum,
1038 589 1186 652 atque
1207 597 1240 636 α
1265 582 1543 650 prteposito
1565 597 1756 652 coquo-

177 686 324 724 rum
381 672 614 741 emitur,
661 673 714 728 in
753 690 855 746 quo
903 672 1095 728 Christi
1140 691 1234 728 sua
1273 676 1511 729 servitute
1549 691 1644 730 nos
1691 675 1757 729 li-

184 764 458 821 beruntis
484 768 651 839 ﬁgura
678 779 773 824 est.
813 766 878 823 In
907 771 1085 824 eodem
1105 769 1392 823 ostenditur
1411 769 1464 822 in
1490 769 1606 836 ipsa
1630 785 1758 838 cap-

184 861 418 915 tivitate
469 862 757 920 libertatem
799 881 950 936 posse
982 865 1186 919 retineri
1215 883 1227 919 :
1255 881 1346 918 nec
1381 881 1484 920 non
1512 867 1564 918 in
1596 864 1754 919 liber-

188 968 317 1014 tate
353 956 579 1031 reperiri
605 960 976 1030 captivitatem.
1003 959 1228 1031 Denique
1246 960 1484 1016 omnibus
1513 960 1568 1015 in
1589 976 1759 1016 exem-

195 1052 365 1118 plum
400 1049 600 1132 Ioseph
625 1054 958 1124 proponitur.

202 1145 298 1199 19.
351 1156 378 1182 ει
429 1135 689 1203 venditus
713 1158 799 1203 est
827 1163 957 1220 ergo
986 1146 1215 1216 Joseph,
1244 1146 1442 1210 ductus
1470 1147 1524 1203 in
1552 1146 1759 1220 Egyp-

109 1249 269 1306 tum,
307 1250 532 1308 eruptos
554 1257 583 1296 a
621 1241 909 1311 praeposito
937 1257 1256 1314 coquorum.
1287 1241 1402 1296 Non
1433 1242 1604 1297 otiosa
1637 1258 1760 1312 per-

110 1349 270 1388 sona
316 1349 460 1413 qua!»
489 1333 651 1391 cruda
691 1334 935 1391 ciborum
968 1343 1263 1408 coqueret,
1313 1345 1369 1390 ut
1406 1335 1760 1405 epularentur

113 1427 309 1482 animi
354 1427 491 1484 ﬁdei
539 1429 826 1484 suavitate.
869 1428 1059 1484 Nullus
1098 1430 1424 1486 enim.eibus
1452 1430 1678 1487 scientia
1706 1436 1762 1484 et

115 1518 406 1575 doctrina
441 1520 669 1576 dulcior.
722 1522 854 1577 Erat
881 1533 1010 1578 ante
1038 1522 1093 1577 in
1127 1520 1363 1593 Egypto
1403 1522 1567 1578 cruda
1598 1521 1760 1592 perli-

120 1611 251 1680 dia,
299 1629 473 1685 quam
506 1613 690 1668 nullus
713 1613 912 1669 divin-.12
941 1615 1268 1686 cognitionis
1297 1615 1457 1684 ardor
1481 1656 1498 1684 ,
1531 1624 1586 1670 et
1617 1630 1763 1671 vera:

123 1707 402 1762 scientia:
431 1708 702 1777 cupiditas
735 1709 879 1764 trulla
909 1710 1236 1775 molliverat,
1281 1725 1386 1764 non
1415 1709 1628 1780 eloquia
1654 1708 1761 1766 Do-

129 1801 281 1854 mini
341 1801 514 1872 ignita
547 1800 898 1857 decoverant.
924 1802 1191 1860 Vendttus
1223 1811 1306 1858 est
1345 1810 1525 1858 autem
1555 1801 1757 1874 Joseph

127 1894 186 1946 in
223 1893 502 1966 Egypto,
544 1896 668 1965 quia
700 1893 949 1951 Cbrisws
991 1904 1390 1970 ventur-ascrat
1425 1895 1491 1950 ad
1523 1912 1616 1952 eos
1644 1896 1761 1966 qui-

127 1984 241 2040 bus
274 1985 486 2040 dictum
511 1997 592 2041 est
629 2004 641 2041 :
681 1985 911 2054 Peccatis
942 1987 1119 2042 vestris
1150 1987 1343 2042 uenditi
1367 1988 1486 2041 estis
1520 1985 1670 2058 (Em.
1702 2003 1757 2051 ι.

139 2074 222 2149 1).
263 2076 334 2130 Et
369 2076 494 2131 ideo
515 2091 614 2132 suo
638 2079 902 2147 sanguine
930 2077 1194 2145 redemit,
1225 2095 1362 2154 quos
1391 2079 1612 2150 propria
1639 2093 1764 2148 pec-

131 2178 262 2224 cata
298 2168 684 2225 vendiderant.
714 2168 821 2226 Sed
866 2170 1120 2225 venditus
1150 2172 1402 2227 (Ihristus
1429 2170 1764 2226 conditionis

136 2253 532 2333 susceptione,
559 2243 665 2319 non
683 2263 880 2335 culpae,
905 2263 1150 2336 bpeccati
1173 2267 1351 2344 pretio
1373 2275 1609 2338 tenetur;
1639 2267 1765 2338 quia

139 2370 440 2428 peccatum
491 2359 606 2430 ipse
652 2376 756 2414 non
807 2359 1172 2420 iecit.,Pretio
1199 2360 1362 2430 igitur
1390 2370 1634 2416 nostrum
1670 2360 1766 2416 de-

143 2452 350 2520 bitum,
375 2467 487 2508 non
517 2467 610 2507 sua
639 2469 744 2509 aera
767 2454 1059 2521 contraxit,
1085 2453 1503 2528 chirographum
1521 2452 1763 2519 sustulit,

142 2547 521 2604 feneratorem
547 2549 808 2613 removit,
831 2549 978 2604 exuit
997 2548 1302 2612 debitorem
1334 2567 1346 2604 :
1378 2559 1400 2586 ο
1425 2564 1564 2606 unus
1589 2547 1770 2606 cxsol-

144 2642 228 2696 vit
261 2641 411 2712 quod
455 2643 524 2697 ab
553 2642 809 2698 omnibus
853 2642 1177 2714 debebatur.
1223 2643 1342 2698 Non
1386 2643 1587 2698 licebat
1611 2642 1767 2698 nobis

149 2738 310 2794 exire
340 2735 588 2794 servitio.
618 2736 877 2810 Suscepit
917 2735 1018 2793 hoc
1047 2738 1138 2803 ille
1162 2753 1259 2806 pro
1285 2737 1474 2802 nobis,
1509 2747 1565 2791 ut
1592 2738 1767 2792 servio

155 2840 328 2886 tatem
357 2831 544 2888 mundi
576 2830 894 2902 repelleret,
923 2831 1224 2887 libertatem
1253 2830 1489 2904 paradisi
1519 2831 1771 2887 restitue-

157 2933 270 2989 ret,
295 2924 523 2994 gratiam
541 2940 739 2982 novam
760 2925 1025 2983 consortii
1040 2925 1120 2980 sui
1151 2925 1360 2981 honore
1383 2925 1632 2982 donaret.
1656 2925 1774 2982 Hoc

158 3019 229 3075 de
250 3020 534 3092 mySterio.

231 3111 323 3166 ΞΟ.
364 3110 636 3168 Caeterum
680 3110 823 3183 quod
869 3110 934 3165 ad
976 3111 1238 3168 moralem
1284 3110 1527 3184 pertinet
1562 3109 1768 3178 locum,

160 3205 290 3277 quia
315 3220 504 3262 omnes
533 3205 643 3260 vult
689 3206 873 3266 salvos
926 3206 1044 3261 ﬁeri
1090 3205 1355 3262 Dominus
1388 3205 1532 3261 Deus
1557 3216 1764 3272 noster,

1136 377 1220 432 DE
1259 375 1508 433 JOSEPH
1552 365 2242 470 eA't'tttAncna'ueea
2285 386 2484 445 unus.

3347 399 3453 456 650

1777 497 1827 554 Α
1855 495 1946 565 qui
1976 497 2118 566 quod
2143 506 2295 568 optat
2318 498 2489 555 nescit
2529 499 2775 574 credere.
2824 504 3111 572 Quomodo
3134 517 3314 563 autem
3346 525 3458 566 non

1857 596 1911 642 et
1939 586 2032 645 ille
2060 605 2273 658 servus,
2297 595 2389 665 qui
2421 594 2665 652 subditus
2689 606 2772 654 est
2799 597 3046 656 libidini?
3072 602 3310 658 Primum
3341 603 3454 660 suis

1858 680 2012 736 ardet
2059 684 2344 751 incendiis,
2382 696 2404 724 θ
2442 698 2495 743 et
2536 693 2774 760 pectoris
2809 692 2893 752 sui
2944 693 3150 752 lacibus
3181 699 3447 752 exuritur.

1857 773 2062 840 Quibus
2107 789 2255 834 reete
2306 778 2440 834 dicit
2487 783 2751 852 propheta
2787 786 3100 844 :Ambulate
3154 792 3207 844 in
3265 791 3458 846 lumine

1858 865 1991 935 ignis
2003 869 2176 934 vestri,
2200 880 2247 923 et
2269 871 2322 924 in
2336 872 2719 943 ﬂantma‘quam
2741 881 3046 942 accendistis
3068 881 3237 949 (Esai.
3263 900 3315 948 ι..
3344 885 3460 954 Η).

1857 955 2091 1028 Suscipit
2119 975 2308 1020 omnes
2330 973 2530 1030 metus,
2553 967 2836 1025 insidiatur
2859 985 3052 1040 somno
3082 973 3455 1046 singulorum:

1859 1056 1918 1102 ut
1943 1049 2099 1107 unius
2121 1053 2417 1128 cupiditate
2448 1057 2687 1130 potiatur
2710 1100 2726 1125 ,
2751 1062 2808 1114 lit
2830 1078 3026 1120 servus
3047 1067 3308 1121 otnnium.
3340 1068 3463 1122 Ser-

1860 1147 1934 1197 vit
1963 1143 2124 1214 igitur
2152 1145 2290 1216 hanc
2312 1147 2567 1203 miseram
2591 1152 2809 1224 quidem
2837 1160 3174 1222 servitutem,
3200 1158 3457 1234 ιιιιίἧθι

1860 1236 2089 1304 ipsesibi
2114 1237 2364 1296 dominOs
2388 1239 2536 1309 facit,
2569 1245 2684 1311 ipse
2712 1248 2825 1300 vult
2855 1247 3052 1308 habere
3079 1267 3215 1320 quos
3246 1253 3453 1307 timeat.

1859 1332 2000 1402 Nihil
2027 1336 2171 1391 enim
2205 1347 2310 1392 tam
2341 1339 2580 1410 Speciale
2608 1343 2890 1398 servitutis
2914 1352 3028 1410 est,
3060 1363 3218 1416 quam
3243 1363 3463 1418 semper
3539 1349 3542 1356 “

1862 1427 2070 1484 timere.
2099 1430 2194 1486 llle
2217 1446 2344 1486 vero
2372 1431 2425 1486 in
2447 1433 2636 1504 quatis
2654 1435 2969 1491 conditione
2995 1441 3204 1494 servitii
3235 1456 3453 1512 semper

1861 1521 2021 1584 liber,
2070 1525 2159 1594 qui
2193 1524 2378 1580 mundi
2425 1543 2608 1584 amore
2649 1545 2756 1586 nou
2782 1530 3034 1598 capitur,
3077 1534 3317 1590 avaritia:
3343 1535 3462 1590 vin-

1860 1616 1997 1670 culis
2024 1633 2138 1676 non.
2159 1627 2373 1674 tenetur
2397 1661 2412 1686 ,
2452 1631 2598 1678 metu
2625 1624 2872 1678 criminis
2903 1641 3007 1678 non
3034 1626 3289 1697 alligatur
3310 1669 3324 1688 .
3369 1629 3463 1698 qui

1861 1721 2098 1776 securus
2116 1720 2326 1780 spectat
2350 1715 2661 1781 praesentia,
2695 1730 2856 1785 quem
2887 1716 3060 1771 futura
3093 1732 3199 1772 non
3233 1727 3465 1774 terrent.

1861 1801 2054 1857 Nonne
2100 1802 2318 1874 videtur
2366 1804 2460 1860 tibi
2503 1805 2606 1860 iste
2653 1806 2704 1861 itt
2737 1809 3002 1863 servitute
3033 1807 3302 1864 dominari
3337 1809 3473 1866 :ille

1791 1887 1837 1947 Β
1865 1906 2045 1964 autem
2079 1897 2130 1950 in
2161 1897 2414 1954 libertate
2455 1900 2707 1955 servire?
2762 1902 3047 1964 serviebat
3073 1901 3317 1972 Ioseph,
3349 1918 3478 1975 reg-

1867 1993 2030 2054 nabat
2057 1992 2270 2050 Pharao
2294 2012 2307 2076 ς
2329 1994 2546 2076 beatior
2570 1995 2729 2065 hujus
2757 1998 3016 2063 servitus,
3039 2014 3200 2069 quam
3233 2014 3464 2070 regnum

1865 2085 2028 2142 illius.
2076 2073 2465 2156 Denique-tota
2521 2086 2788 2159 Algyptus
2831 2090 3071 2158 collapsa
3111 2099 3260 2146 esset
3299 2091 3465 2161 fame,
3563 2169 3570 2176 ο

1865 2181 1968 2236 nisi
1999 2197 2224 2250 regnum
2256 2199 2414 2238 suum
2443 2183 2671 2238 consilio
2693 2184 2894 2240 servuli
2936 2185 3290 2259 subdidisset.

1936 2274 2028 2328 Ἡ.
2073 2274 2285 2331 Habent
2308 2275 2473 2346 igitur
2501 2274 2641 2330 unde
2657 2275 2962 2346 glorientur
2990 2275 3216 2346 originis
3243 2277 3472 2344 servuli,

1867 2367 2092 2424 servivit
2138 2379 2192 2424 et
2221 2368 2446 2437 Joseph.
2485 2369 2696 2428 Habent
2735 2369 2876 2424 unde
2909 2385 2970 2426 se
2997 2372 3351 2428 consolentur
3381 2371 3475 2439 qui

1865 2475 1933 2522 ex
1950 2460 2200 2516 libertate
2226 2463 2279 2517 in
2295 2462 2618 2522 servitutem
2639 2463 2818 2533 aliqua
2844 2463 3168 2530 necessitate
3184 2472 3473 2520 venerunt.

1868 2554 2082 2618 [labent
2110 2555 2254 2627 quod
2288 2557 2567 2616 imitentur
2592 2599 2608 2626 ,
2658 2568 2717 2613 ut
2763 2559 2976 2614 discant
3013 2560 3386 2618 conditionem
3411 2576 3476 2617 se

1869 2660 2081 2706 metare
2108 2663 2269 2719 posse
2289 2691 2304 2716 ,
2349 2665 2453 2704 non
2482 2664 2663 2708 mores
2695 2667 2708 2702 :
2742 2666 2865 2707 esse
2896 2662 2950 2706 et
2981 2651 3032 2706 in
3068 2651 3376 2709 vernaculis
3401 2653 3469 2708 Ii-

1869 2737 2134 2794 bertatem
2156 2779 2171 2804 ,
2200 2752 2254 2795 et
2273 2739 2324 2795 in
2356 2742 2624 2798 servitute
2645 2743 3030 2796 constantiam.
3070 2743 3278 2802 Habent
3307 2745 3475 2802 etiam

1869 2827 2077 2890 domini
2105 2829 2249 2901 quod
2291 2845 2387 2901 per
2432 2831 2682 2886 servulos
2723 2831 2894 2887 bonos
2923 2844 3164 2901 sperent.
3195 2835 3474 2892 Abraham

1872 2923 1986 2980 lilio
2009 2937 2104 2992 per
2137 2923 2488 2977 vernat-nium
2524 2925 2730 2978 invenit
2766 2941 3014 2982 uxorem.
3047 2927 3332 2982 Benedisit
3362 2931 3474 2984 Do-

1871 3017 2052 3072 minus
2080 3017 2298 3071 domum
2329 3014 2571 3087 Egyptii
2602 3025 2825 3087 prapter
2849 3017 3053 3086 Ioseph
3079 3058 3096 3088 ,
3136 3029 3188 3075 et
3222 3022 3359 3075 facta
3388 3030 3474 3077 est

1873 3109 2182 3165 benedictio
2205 3109 2419 3166 Domini
2463 3108 2516 3164 in
2544 3116 2658 3163 toto
2683 3125 2854 3166 censu
2882 3111 3000 3180 ejus
3019 3153 3035 3177 ,
3065 3123 3117 3167 et
3152 3113 3205 3167 in
3232 3112 3396 3168 domo
3416 3121 3476 3170 et

1874 3203 1926 3257 in
1956 3203 2123 3274 agris.
2157 3202 2224 3258 Et
2253 3203 2532 3266 conuertit,
2564 3203 2780 3272 inquit,
2818 3204 2994 3257 omnia
3035 3221 3366 3276 qua’cumque
3391 3206 3476 3260 illi

163 3298 314 3355 dedit
343 3315 437 3370 per
457 3298 660 3369 Ioseph
685 3300 848 3357 etiam
877 3301 944 3357 iis
965 3300 1058 3370 qui
1088 3309 1215 3356 sunt
1239 3302 1294 3356 in
1320 3302 1582 3356 servitute
1612 3299 1757 3356 sola-
1779 3282 1826 3348 C
1859 3306 2007 3353 erant
2030 3338 2047 3363 ,
2097 3298 2151 3352 in
2200 3313 2384 3352 manus
2421 3293 2622 3366 Ioseph
2659 3295 2813 3368 (Gen.
2848 3313 3010 3354 aut:
3029 3338 3045 3364 ,
3086 3298 3167 3370 Α).
3218 3299 3474 3356 Adverti-

165 3392 295 3447 tium
327 3409 340 3446 :
371 3390 614 3450 attribuit
660 3391 1064 3465 magisterium;
1116 3402 1172 3448 ut
1211 3393 1486 3448 discerent
1514 3392 1762 3448 etiamin

166 3484 351 3540 ultima
380 3483 690 3542 conditione
724 3500 885 3555 posse
912 3501 1091 3542 mores
1121 3500 1244 3542 esse
1274 3485 1610 3556 superiores,
1661 3498 1763 3542 nec

168 3576 333 3632 ullum
361 3585 558 3636 statum
602 3578 902 3638 immunem
950 3595 1072 3638 esse
1102 3579 1340 3642 virtutis,
1383 3579 1430 3640 si
1457 3579 1672 3634 animus
1702 3592 1761 3634 se

171 3673 612 3750 uniuscujusque
650 3684 944 3744 cognoscat
986 3691 1000 3740 ;
1061 3689 1282 3742 carnem
1338 3674 1584 3732 servituti
1631 3673 1763 3730 sub-

169 3765 332 3820 ditam
391 3782 552 3836 esse,
627 3783 746 3836 non,
785 3776 1060 3832 .meutem;
1125 3769 1436 3839 multosque
1511 3768 1760 3824 servulos

172 3873 291 3913 esse
317 3859 544 3914 dominis
577 3858 862 3918 liberiores
882 3901 900 3934 ,
945 3862 991 3916 si
1019 3862 1073 3916 in
1103 3860 1366 3918 servitute
1393 3861 1552 3930 positi
1585 3876 1615 3915 a
1643 3875 1760 3916 ser-

175 3949 360 4003 vilibus
416 3959 605 4020 putent
650 3951 909 4019 operibus
961 3951 1368 4020 abstinendum.
1417 3950 1632 4008 Servile
1673 3957 1758 4008 est

177 4055 332 4098 omne
359 4052 661 4112 peccatum,
710 4042 880 4098 libera
923 4052 1006 4098 est
1034 4043 1364 4098 innocentia.
1390 4042 1545 4100 Unde
1573 4053 1631 4098 et
1660 4043 1764 4102 Do-

179 4136 346 4190 minus
373 4135 447 4188 ait
482 4152 496 4191 :
533 4133 713 4188 Omnis
744 4135 829 4202 qui
852 4135 979 4201 facit
1009 4144 1308 4205 peccatum,
1342 4151 1517 4190 seruus
1540 4145 1613 4188 est
1639 4151 1760 4206 pec-

177 4231 273 4285 cati
302 4229 579 4312 (honuni,
612 4229 720 4299 16).
761 4227 1046 4310 Quomodo
1092 4231 1235 4285 enim
1270 4247 1374 4284 non
1407 4245 1599 4286 servus
1633 4245 1753 4286 om-

179 4324 258 4377 nis
285 4307 488 4406 δήξεως,
542 4311 632 4394 qui
675 4307 1015 4396 profertiguo
1037 4318 1062 4358 ἀ
1095 4322 1332 4390 pecunia:
1364 4323 1562 4379 lucello
1593 4337 1651 4376 se
1679 4321 1760 4391 ip-

179 4431 292 4472 stitit
322 4401 660 4471 auctionatur
681 4415 913 4496 ?"_l'imet
940 4417 1123 4478 omnia
1144 4459 1162 4482 ,
1218 4433 1286 4472 ne
1315 4425 1571 4496 congesta
1599 4416 1758 4471 amit-

184 4505 488 4577 tat,quinon
511 4491 717 4562 utenda
741 4491 1036 4578 congessit,
1069 4507 1274 4580 majore
1305 4491 1547 4580 periculo
1568 4521 1756 4566 serva-

185 4607 324 4654 tnrtts
346 4615 444 4669 quo
465 4598 669 4670 majora
703 4600 968 4672 quaesivit.
993 4600 1276 4669 Quomodo
1303 4616 1410 4656 non
1442 4601 1750 4666 mendicus,

1864 3407 1986 3448 mus
2017 3389 2163 3458 quod
2201 3406 2266 3446 ea
2313 3406 2434 3462 qua:
2463 3388 2673 3446 domini
2710 3391 3020 3462 gubernare
3057 3409 3164 3450 non
3203 3404 3480 3466 poterant,

1859 3485 2063 3544 servuli
2090 3483 2482 3557 gubernarunt.

2501 3617 2734 3677 CAPUT
2770 3619 2836 3675 ν.

1859 3739 2075 3816 Iosephi
2104 3741 2164 3795 ob
2189 3737 2660 3811 pulchritudinem,
2715 3739 2803 3793 sed
2852 3739 3016 3809 magis
3058 3738 3119 3793 ob
3153 3739 3462 3810 pudicitiam

1933 3836 2324 3892 commendatio.
2359 3832 2416 3887 Is
2449 3835 2596 3888 nulla
2646 3851 2744 3887 sua
2792 3836 2947 3896 culpa
2985 3833 3262 3890 adamatus
3301 3855 3332 3890 a
3363 3837 3462 3891 do-

1933 3930 2094 3994 mina,
2121 3947 2180 3982 ac
2203 3931 2265 3982 de
2291 3938 2471 3998 stupro
2492 3929 2864 3993 compellatus,
2892 3945 3006 3982 eam
3036 3930 3262 3997 repellit,
3320 3935 3458 4005 reje-

1931 4026 2122 4094 ctisque
2152 4023 2368 4076 vestibus
2387 4023 2622 4076 ornatior
2650 4022 2782 4090 fugit
2808 4037 2826 4074 :
2849 4021 2942 4075 illa
2979 4038 3095 4076 vero
3117 4023 3243 4078 dum
3269 4040 3352 4077 eas
3379 4038 3463 4081 rc-

1935 4120 2093 4180 tinet,
2134 4126 2286 4186 atque
2306 4107 2561 4170 insontem
2590 4114 2915 4180 criminatur,
2946 4115 3285 4186 ignominiam
3313 4133 3469 4172 suam

1933 4211 2112 4263 nudat.
2151 4207 2340 4262 Tamen
2397 4203 2620 4260 mittitur
2653 4203 2851 4273 Ioseph
2893 4206 2947 4260 in
2993 4219 3370 4264 carcerent:at
3396 4209 3471 4266 ibi

1934 4304 2105 4359 diuino
2130 4303 2373 4372 praesidio
2401 4319 2502 4356 non
2526 4300 2843 4356 destituitur.

1931 4418 2026 4473 ἓξ.
2069 4418 2176 4473 Sed
2212 4417 2341 4509 qujd
2383 4415 2452 4472 de
2482 4415 2686 4485 privata
2728 4413 2895 4469 domo
2931 4413 3313 4487 dispositionis
3343 4418 3466 4488 ejus

1859 4513 2064 4569 servuli
2112 4521 2355 4567 astruatn
2385 4551 2401 4578 ,
2447 4510 2537 4580 qui
2584 4510 2738 4565 rexit
2768 4509 3096 4579 imperium?
3128 4511 3254 4566 Plus
3279 4526 3463 4570 tamen

1859 4615 1944 4662 est
1969 4605 2115 4678 quod
2139 4607 2256 4678 ipse
2289 4603 2308 4644 ί
2341 4613 2464 4660 ante
2486 4619 2546 4659 se
2575 4604 2750 4668 rexit;
2804 4613 2861 4658 et
2889 4619 3010 4660 cum
3053 4615 3202 4661 esset
3227 4607 3464 4664 decorus

187 4693 266 4748 cui
293 4705 403 4748 sunt
427 4710 586 4764 parva
633 4710 752 4766 qua:
798 4694 1074 4764 possidet?
1124 4695 1257 4750 Nam
1295 4696 1397 4754 etsi
1439 4697 1570 4752 mihi
1597 4695 1752 4753 dives
1778 4677 2116 4771 Daspectu,
2161 4707 2216 4754 et
2259 4697 2539 4768 speciosus
2579 4695 2715 4750 faeie
2747 4694 2947 4761 valde,
3000 4709 3341 4754 venustatem
3373 4700 3463 4756 sui

192 4787 426 4855 videatur,
457 4787 560 4872 sibi
584 4797 743 4861 eget:
770 4803 870 4850 nec
892 4789 1218 4847 testimoniis
1239 4805 1337 4847 sua
1367 4797 1492 4846 vota
1519 4791 1748 4860 solatur,

258 4989 278 5017 ει
306 4979 430 5037 Edit.
461 4979 620 5035 Rom.
668 4979 812 5049 hunc.
855 4992 1074 5034 versum
1115 4976 1477 5048 prmmittebat
1508 4998 1520 5034 :
1550 4976 1745 5049 Ioseph

192 5060 339 5125 autem
365 5053 536 5125 ductu}
562 5061 633 5105 est
662 5052 729 5125 in_
742 5048 1056 5125 Egyptum,
1083 5058 1129 5103 et
1159 5051 1277 5103 emit
1309 5066 1445 5125 eum,
1476 5060 1581 5104 etc.

254 5121 279 5162 ι’
315 5123 442 5178 Edit.
493 5119 646 5188 Erat,
692 5119 930 5178 Gillf'ac
982 5121 1164 5188 Rom,
1214 5121 1504 5192 peccatique
1547 5121 1746 5192 pretio;

195 5197 302 5251 Am.
329 5205 376 5251 et
401 5207 527 5249 mss.
559 5209 782 5260 omnes,
813 5198 1007 5264 peccati
1043 5197 1228 5259 pretio.
1262 5191 1579 5264 Rursusubi
1607 5191 1740 5247 edit.

195 5282 363 5323 omnes
383 5281 440 5322 ac
459 5281 592 5320 mss.
625 5280 716 5320 sex
737 5306 750 5325 .
778 5263 1008 5331 tenetur;
1038 5264 1111 5321 ibi
1147 5266 1366 5320 totidem
1394 5263 1506 5324 alii.
1542 5281 1642 5317 non
1668 5273 1745 5317 te-

197 5347 339 5392 netur.
369 5335 510 5390 Haud
535 5335 695 5390 dubie
715 5335 784 5390 ob
807 5337 967 5391 verba
991 5338 1289 5402 sequentia,
1313 5335 1432 5405 quin
1455 5346 1746 5406 peccatum,

199 5422 288 5463 etc.
311 5409 489 5462 Verum
520 5417 573 5460 ut
605 5407 847 5463 Doctoris
872 5410 1043 5463 nostri
1089 5423 1242 5464 mens
1270 5406 1544 5476 capiatur,
1593 5408 1745 5462 locus

199 5484 262 5534 ita
284 5477 608 5549 explicandus
633 5486 719 5532 est
739 5518 757 5545 ,
783 5495 845 5531 ac
871 5481 914 5533 si
951 5481 1218 5548 legeretur
1243 5481 1344 5533 isto
1369 5480 1559 5533 ordine
1577 5518 1591 5544 ,
1623 5495 1744 5532 con-

199 5552 380 5607 ditionis
418 5549 762 5619 susceptione,
796 5566 897 5604 non
927 5552 1094 5613 culpa:
1119 5592 1132 5614 ,
1179 5552 1316 5621 quia,
1347 5562 1610 5620 peccatum
1638 5551 1747 5621 ipse

202 5640 287 5678 non
316 5621 438 5692 fecit,
467 5622 661 5692 peccati
705 5621 867 5686 pretio
907 5639 1020 5676 non,
1041 5633 1251 5676 tenetur.
1281 5620 1389 5676 Nec
1415 5634 1529 5690 post
1555 5620 1743 5684 tttttlta,

203 5706 294 5750 vet.
318 5691 464 5757 edit.,
509 5691 682 5748 Pretio
713 5693 868 5761 igitur
891 5703 1065 5747 nostro
1092 5692 1312 5748 debitum
1337 5734 1352 5760 ,
1393 5711 1494 5748 non
1522 5711 1616 5747 suo
1643 5709 1750 5747 aera

205 5775 542 5820 contraxerunt.
587 5764 768 5824 ltom.,
800 5763 977 5818 Pretio
1005 5764 1158 5834 igitur
1179 5775 1372 5829 nostro,
1403 5783 1507 5820 non
1529 5782 1624 5820 suo
1643 5780 1750 5818 arra

207 5839 442 5909 contraxit.
472 5837 597 5891 Mss.
623 5834 834 5891 Tlteod.
863 5847 918 5890 et
941 5836 1112 5901 νέης..
1139 5836 1314 5909 P_retio
1329 5840 1490 5909 igitur
1516 5851 1749 5892 nostrum

211 5908 412 5979 debitum,
459 5923 560 5963 non
600 5925 691 5961 suo
735 5921 836 5962 (tre
866 5911 1143 5966 contraxit.
1174 5907 1416 5982 Denique
1439 5909 1532 5973 alii
1557 5920 1750 5971 omnes

568 6003 842 6069 Panos.
888 6001 1065 6069 XIV.

1859 4792 2042 4847 vultus
2097 4789 2168 4847 ad
2210 4789 2443 4845 alienam
2483 4802 2590 4844 non
2622 4786 2891 4844 derivavit
2916 4788 3170 4860 injuriam
3197 4832 3214 4860 ,
3269 4793 3366 4848 sed
3389 4792 3461 4848 ad

1859 4985 1915 5032 ut
1945 4977 2002 5032 in
2031 4983 2200 5047 textu,
2253 4972 2342 5047 ubi
2375 4986 2477 5047 vos
2512 4971 2698 5047 pretio.
2733 4970 2872 5025 idem
2901 4971 3074 5047 valet,
3122 4987 3184 5026 ac
3207 4987 3304 5043 per
3333 4989 3458 5047 pre.

1858 5049 2013 5109 tium,
2045 5045 2188 5117 quod
2229 5043 2550 5100 solvendum
2582 5042 2703 5117 ipse
2733 5043 2989 5117 suscepit.

1928 5131 1949 5158 ο
1993 5114 2123 5174 Mss.
2158 5130 2258 5171 nec
2283 5117 2459 5188 pauci,
2493 5130 2593 5170 nec
2622 5114 2898 5169 inferioris
2926 5121 3097 5178 notae,
3140 5130 3326 5172 munus
3355 5134 3450 5174 ex-

1968 5192 2022 5244 it.
2115 5229 2118 5232 ~
2461 5231 2466 5236 ρ
2693 5191 2695 5193 ’
3116 5191 3118 5196 ’

1851 5191 2084 5319 ωιὲιιέὶθ
2113 5229 2248 5316 edit.
2289 5231 2509 5325 omnes,
2541 5274 2606 5313 ac
2637 5257 2881 5324 [διετίαυο
2902 5271 3032 5311 ῐηδδο
3067 5257 3320 5312 “tamen
3351 5261 3452 5315 an.

1853 5333 2138 5408 quntlmtti
2163 5332 2509 5408 .rvileguut.
2541 5327 3000 5408 pecu_nite_loceilo.
3033 5328 3146 5408 bitu
3178 5330 3334 5384 male.

1929 5416 1952 5444 ε
1991 5405 2192 5461 Omnes
2221 5397 2377 5468 edit...
2407 5413 2455 5458 et
2485 5397 2679 5473 peccati
2706 5400 2785 5453 sui
2805 5400 3023 5470 facibus.
3053 5399 3252 5454 Omnes
3285 5418 3444 5474 mss.,

1849 5486 1896 5532 et
1925 5486 2171 5549 pectoris,
2211 5486 2316 5532 etc.
3003 5543 3013 5553 .

1929 5549 1947 5588 ι
1992 5548 2149 5605 Rom.
2177 5549 2307 5602 edit.
2339 5555 2468 5616 post
2496 5558 2658 5597 voces
2684 5550 2805 5616 ante
2825 5557 2880 5616 se
2902 5550 3057 5607 rexit,
3088 5553 3245 5616 caput
3277 5561 3442 5616 quar.

1857 5630 1966 5676 tutu
1998 5621 2303 5682 claudebat,
2337 5611 2392 5672 et
2421 5611 3006 5690 quintumordiebatnr
3039 5617 3089 5668 in
3121 5615 3235 5668 Ita'c
3257 5611 3443 5690 verba,

1858 5692 1925 5747 Et
1949 5705 2056 5746 erat
2075 5691 2272 5755 Ioseph
2291 5689 2556 5756 speciosus
2576 5687 2726 5755 facie.
2747 5697 2796 5738 et
2818 5687 3032 5738 decorus
3049 5696 3257 5753 aspectu
3275 5687 3444 5751 valde.

1857 5762 1987 5820 Cum
2035 5775 2162 5820 esset
2192 5762 2385 5828 Ioseph
2419 5758 2682 5830 speciosus
2711 5758 2870 5830 facie.
2905 5767 2953 5808 et
2993 5759 3206 5830 decorus
3237 5776 3448 5830 aspectu

1853 5839 2022 5900 ualde,
2075 5845 2194 5910 etc._
2224 5833 2337 5910 _Nos
2385 5831 2564 5910 locum
2616 5829 2683 5910 ad
2717 5828 2944 5880 aliarum
2985 5829 3116 5885 edit.
3142 5837 3198 5885 et
3227 5828 3448 5891 cuncto.

1851 5923 1974 5968 rum
2001 5922 2134 5972 mss.
2166 5907 2327 5964 tidem
2347 5901 2770 5962 emendavimus.

2974 5993 3042 6055 2i
