4066 6360
622 295 726 352 651

1969 281 2216 342 SANCTI
2257 281 2584 342 AMBROSII
3875 281 3952 336 5,52

623 423 782 467 suam
822 407 1057 464 servavit
1093 405 1322 475 gratiam
1355 419 1366 456 :
1401 403 1502 457 hoc
1545 415 1604 456 se
1643 397 2012 470 pulchriorem
2043 383 2218 466 ratus,
2249 393 2300 468 λ
2327 397 2458 453 satis
2481 405 2564 454 est
2589 395 2730 468 quod
2753 399 3108 466 securussui,
3141 397 3364 454 domus
3395 395 3691 462 interiora,
3719 397 3878 467 quasi
3893 413 3938 465 εξ]

627 506 676 562 si
709 519 816 561 non
857 499 1140 572 dispendio
1173 497 1436 554 castitatis
1459 537 1473 564 ,
1523 495 1618 552 sed
1653 495 1803 550 cultu
1846 493 2067 565 pudoris
2097 509 2224 565 spe-

631 601 834 655 ciosior
861 595 1198 666 probaretur.
1225 589 1404 646 ‘lilum
1437 603 1558 647 esse
1585 603 1774 645 verum
1806 587 2062 644 decorem
2084 628 2100 654 ,
2133 589 2224 658 qui

635 705 742 746 non
769 689 976 744 alienos
1001 685 1194 743 oculos
1223 693 1479 755 caperet,
1507 699 1608 739 nec
1639 681 1854 756 fragiles
1881 691 2090 736 mentes
2111 679 2228 736 vul-

633 791 889 850 neraret,
923 781 1018 837 sed
1041 775 1246 850 judicia
1277 775 1584 848 acquireret
1609 775 2024 840 universorum,
2053 771 2228 828 fraudi

631 876 798 930 nullis
827 874 1063 937 futurus,
1115 869 1262 926 laudi
1315 869 1438 925 sibi.
1483 867 1602 924 Jam
1644 869 1823 938 siqua
1861 859 2228 936 petulantibus

630 967 844 1038 aspexit
871 965 1078 1032 oculis,
1103 963 1252 1018 illius
1277 962 1484 1018 crimen
1517 959 1688 1016 solius
1721 967 1806 1015 est
1831 973 1950 1030 quae
1981 957 2123 1012 male
2152 957 2231 1012 vi-

631 1060 733 1128 dit,
769 1075 876 1114 non
911 1058 1068 1130 hujus
1093 1057 1186 1129 qui
1213 1056 1359 1112 male
1385 1069 1445 1110 se
1491 1053 1662 1110 nollet
1697 1053 1903 1116 videri;
1963 1065 2062 1106 nec
2083 1051 2136 1104 in
2165 1063 2230 1106 eo

629 1152 774 1221 quod
807 1151 962 1206 visus
985 1159 1091 1216 est,
1123 1149 1278 1218 culpa
1302 1157 1407 1204 est.
1435 1145 1556 1202 Non
1585 1153 1704 1200 erat
1735 1145 1786 1200 in
1821 1151 2090 1214 potestate
2109 1156 2232 1196 ser-

631 1245 742 1300 vuli
765 1253 825 1299 ut
845 1259 954 1300 non
981 1243 1262 1298 videretur
1293 1257 1308 1294 :
1343 1239 1574 1296 maritus
1610 1237 1794 1292 debuit
1825 1245 1850 1272 ἰ
1881 1249 2072 1291 cavere
2097 1247 2230 1288 ocu-

631 1339 716 1393 los
739 1336 946 1394 uxoris.
981 1335 1038 1392 Si
1075 1333 1585 1390 illenihil-‘time‘bat
1611 1330 1680 1386 de
1707 1328 1959 1400 conjuge,
2003 1325 2234 1381 arbitra-

627 1429 790 1486 batur
815 1429 920 1484 iste
943 1426 1316 1484 testimonium
1335 1437 1462 1480 esse
1487 1423 1844 1486 castimoniae,
1867 1419 2016 1474 bnon
2038 1419 2234 1474 remis-

631 1523 848 1578 sionem
897 1521 1150 1576 incuriae.
1201 1519 1426 1574 Discant
1463 1525 1642 1572 tamen
1693 1515 1796 1570 viri
1845 1527 2044 1570 cavere
2069 1512 2234 1567 etiam

633 1616 828 1671 oculos
873 1615 1224 1670 fminarum.
1259 1613 1597 1670 Adamantur
1641 1611 1786 1665 enim
1837 1617 1894 1666 et
1921 1609 2014 1680 qui
2044 1607 2240 1663 nolunt

630 1709 828 1764 amari.
865 1709 1106 1777 Denique
1133 1708 1416 1762 adamatus
1438 1713 1522 1762 est
1547 1704 1754 1775 Joseph
1782 1746 1794 1768 ,
1838 1703 1930 1774 qui
1963 1711 2236 1757 amantem

2330 493 2448 562 capi
2481 507 2586 549 non
2621 503 2838 564 posset,
2879 493 3172 564 ingressus
3197 497 3292 549 est
3323 507 3336 546 :
3361 490 3558 562 justus
3593 489 3786 546 debuit
3809 493 3954 560 preti-

2329 585 2462 644 dere
2509 603 2576 644 ne
2609 587 2808 645 furenti
2859 589 3078 659 copiam
3115 587 3286 648 daret
3319 631 3336 656 ,
3394 597 3454 644 et
3483 577 3607 656 ejus
3639 583 3729 660 illa
3761 601 3948 657 piti’fﬁl‘.

2329 681 2533 752 periret
2563 695 2576 734 :
2605 679 2698 737 sed
2743 681 2834 752 qui
2865 681 3152 738 adversari
3201 681 3322 738 sibi
3349 749 3354 754 _
3379 679 3606 736 domini
3647 669 3730 736 sui
3769 681 3952 735 videte:

2331 785 2560 829 uxorem
2585 817 2599 842 ,
2649 775 2882 846 neglecti
2909 775 3076 832 ofﬁcii
3107 778 3288 832 etiam
3325 769 3360 829 εἱ
3398 771 3644 852 domino
3671 789 3862 830 cavere
3887 777 3954 830 de-

2331 869 2492 925 bebat
2518 869 2778 926 offensam
2810 889 2823 924 :
2857 872 3018 926 simul
3059 871 3252 928 adhuc
3275 869 3624 936 sermonis,
3683 887 3790 926 non
3839 886 3952 925 ee-

2333 963 2712 1036 preltensionis
2741 965 3322 1035 putabat‘audaciam‘.
3539 1031 3544 1040 ι

2403 1057 2495 1110 25.
2541 1057 2844 1112 Excusatur
2885 1058 3030 1129 quod
3089 1059 3398 1130 ingresisus
3459 1067 3556 1113 est
3611 1043 3952 1130 api-edicam:

2335 1149 2480 1222 quod
2503 1161 2524 1188 ι’
2549 1149 2768 1221 elapsus
2799 1159 2903 1220 est,
2953 1166 3052 1208 nec
3075 1151 3256 1220 pluris
3301 1151 3458 1208 fecit
3501 1151 3842 1206 vestimenta
3871 1167 3954 1206 cat-

2335 1246 2512 1314 poris,
2555 1259 2716 1314 quam
2747 1245 2910 1300 animi
2963 1245 3387 1304 castimoniam.
3425 1243 3696 1314 Reliquit
3725 1253 3944 1316 bmqaat:

2337 1353 2446 1392 non
2493 1353 2632 1406 sua,
2687 1352 2810 1408 quae
2857 1338 3098 1394 adultera
3151 1339 3272 1396 suis
3327 1335 3626 1394 manibus
3677 1335 3946 1392 detinebat:

2337 1437 2392 1484 et
2443 1427 2624 1484 aliena
2671 1427 2969 1499 judicavit,
3025 1443 3149 1500 quas
3201 1439 3364 1485 tactu
3429 1427 3748 1499 impudica
3803 1443 3946 1499 petae

2339 1533 2461 1578 rant
2501 1523 2932 1594 comprehendi.
2959 1523 3186 1596 Magnus
3233 1529 3448 1580 tamen
3489 1523 3610 1592 vir,
3637 1525 3730 1595 qui
3747 1525 3942 1579 vendite

2340 1617 2541 1673 servile
2575 1617 2806 1673 nescivit
2831 1617 3136 1688 ingenium‘,
3171 1617 3496 1673 adamatus
3527 1623 3650 1674 non
3683 1619 3938 1674 redamat-Et.

2339 1719 2560 1781 rogatus
2605 1727 2712 1766 non
2759 1711 3048 1782 acquievit,
3096 1713 3583 1782 comprehensus
3637 1712 3934 1783 anfugitJ}:

629 1807 1033 1856 contemneret.
1085 1799 1155 1854 ΕΙ,
1192 1799 1331 1855 bene
1378 1797 1658 1854 excusavit
1687 1812 1810 1852 eum
1839 1795 2122 1866 Scriptura
2150 1793 2234 1848 (Ιί-
2267 1825 2316 1884 B
2341 1819 2462 1860 cum
2491 1806 2559 1860 ab
2586 1819 2762 1860 uxore
2787 1805 2994 1860 domini
3021 1806 3460 1874 conveniretur,
3503 1807 3704 1860 teneri
3730 1815 3864 1860 veste
3885 1821 3936 1874 pi;-

631 1909 818 1950 cenS':
855 1893 1082 1949 Immisit
1133 1894 1314 1950 oculos
1369 1909 1502 1948 uxor
1557 1893 1750 1946 domini
1799 1891 1910 1954 eius
1957 1891 2012 1943 in
2040 1887 2239 1961 Ioseph

633 1988 794 2061 (Gen.
823 2003 1010 2054 xxxix,
1035 1989 1114 2060 7),
1139 1987 1243 2044 hoc
1269 1997 1372 2054 est,
1389 2001 1494 2042 non
1513 1987 1628 2057 ipse
1645 1981 1808 2058 492
1831 1999 1889 2040 se
1909 1983 2236 2050 ostentavit,

631 2097 736 2138 nec
758 2083 900 2153 cepit
921 2084 1190 2138 incautam
1212 2101 1226 2139 :
1243 2083 1336 2139 sed
1353 2081 1442 2137 illa
1457 2083 1594 2137 r'ctia
1611 2097 1710 2137 sua
1725 2081 1892 2144 misit,
1919 2091 1970 2135 et
1987 2079 2238 2150 indagine

633 2177 716 2232 sui
743 2179 898 2248 capta
929 2187 1030 2234 est.
1057 2177 1301 2249 Laqucos
1315 2191 1444 2232 suos
1470 2175 1689 2246 sparsit,
1713 2183 1768 2230 et
1795 2175 1908 2230 suis
1937 2173 2094 2230 htesit
2123 2175 2238 2230 vin-

629 2271 801 2327 culis.
1715 2277 1720 2284 '
1883 2281 1888 2288 '

709 2365 800 2421 25.
846 2367 994 2422 Dixit
1022 2375 1204 2422 autem
1233 2365 1313 2422 illi
1347 2384 1359 2419 :
1391 2365 1574 2420 Dormi
1603 2377 1798 2420 mecum
1820 2363 2038 2436 (Ibid.).
2059 2359 2240 2420 Prima

637 2460 902 2516 adulterae
949 2461 1236 2516 oculorum
1269 2459 1378 2514 tela
1423 2468 1554 2514 sttnt
1583 2501 1596 2522 ,
1653 2459 1890 2512 secunda
1923 2453 2236 2518 verborum.

635 2553 744 2610 Sed
777 2553 870 2620 qui
899 2569 1006 2608 non
1037 2554 1249 2622 capitur
1279 2551 1453 2608 oculis
1473 2593 1487 2618 ,
1537 2559 1720 2622 potest
1750 2552 1930 2606 verbis
1961 2551 2238 2608 resistere.

633 2645 891 2715 Suppetit
923 2645 1195 2711 defensio,
1229 2645 1322 2700 ubi
1349 2643 1532 2700 adhuc
1561 2644 1697 2699 liber
1729 2643 1954 2700 affectus
1984 2657 2083 2700 est.
2115 2643 2244 2702 Ideo

637 2739 907 2808 scriptum
939 2745 1024 2794 est
1061 2739 1190 2808 quia
1225 2737 1317 2792 ille
1349 2737 1524 2792 noluit
1551 2735 1743 2806 (Ibid.,
1769 2737 1847 2816 8)..
1873 2739 2114 2793 Primum
2147 2738 2246 2812 igi-

635 2837 726 2885 tur
741 2829 1334 2901 congressionententis
1355 2831 1648 2900 superavit,
1679 2842 1946 2901 tamquam
1962 2842 2115 2887 scuto
2129 2831 2244 2885 ani-

625 2922 702 2977 mi
735 2923 1034 2976 irruentctn
1061 2922 1337 2992 repellens
1367 2921 1594 2978 :deinde
1625 2923 1932 2998 sermonem
1969 2927 2242 2992 tamquam

633 3015 846 3070 hastam
881 3014 1112 3069 vibravit
1135 3057 1149 3081 ,
1185 3023 1244 3068 ut
1262 3029 1322 3069 se
1352 3013 1440 3068 illa
1489 3023 1792 3070 revocaret.
1828 3013 1894 3068 Et
1915 3014 2048 3068 dixit
2093 3015 2243 3068 uxori

634 3107 834 3162 domini
851 3105 1158 3179 stti(lbid.).
1175 3106 1344 3162 Recte
1365 3121 1502 3162 uxor
1519 3105 1747 3174 domini,
1770 3121 1876 3161 non
1893 3107 2004 3177 ipsa
2023 3105 2244 3160 domina

631 3295 766 3352 Nam
798 3297 1076 3366 quomodo
1103 3295 1351 3360 domina,
1377 3309 1496 3362 quae
1519 3293 1838 3349 dominandi
1865 3309 1974 3349 non
2001 3293 2240 3349 habebat

629 3389 926 3454 effectum,
982 3404 1104 3458 quae
1151 3385 1496 3458 disciplinam
1551 3386 1786 3440 dominae
1833 3401 1940 3440 non
1995 3387 2234 3452 tenebat,

633 3497 755 3553 quae
787 3480 1018 3536 servulis
1064 3479 1306 3534 libidinis
1347 3479 1626 3534 incentiva
1651 3477 1984 3547 praestabat?
2017 3477 2113 3533 ille
2143 3477 2239 3534 do-

635 3575 818 3630 minus
862 3575 952 3645 qui
997 3574 1388 3648 amantislqnop
1421 3573 1654 3643 excepit
1705 3573 1871 3640 faces,
1913 3574 2006 3644 qui
2039 3575 2240 3630 lenoci-

644 3670 824 3724 nantis
872 3667 1050 3724 vincla
1109 3685 1216 3722 non
1243 3667 1444 3732 sensit,
1493 3681 1652 3744 quem
1703 3667 1849 3720 nulla
1887 3668 2076 3744 mortis
2125 3668 2238 3730 for-

637 3761 785 3818 mido
813 3759 1128 3832 perterruit,
1159 3761 1248 3832 qui
1269 3743 1610 3814 maluitliber
1628 3757 1870 3814 criminis
1893 3759 2052 3823 mori,
2071 3743 2239 3836 quam

637 3855 893 3926 potentia:
945 3847 1512 3922 criminbsm'eiigrre
1561 3851 1917 3906 consortium.
1953 3837 2234 3918 llleliber,

633 3949 726 4022 qui
758 3953 912 4022 turpe
943 3941 1182 4005 credidit
1219 3949 1390 4026 vicem
1425 3945 1611 4017 gratiae
1652 3962 1759 4000 non
1804 3945 2033 4004 referre.
2075 3947 2242 4002 Deni-

639 4059 744 4116 que
769 4060 873 4099 non
902 4041 960 4098 ut
987 4041 1341 4098 meticulosus
1369 4049 1615 4110 excusat,
1659 4039 1759 4094 nec
1789 4049 2060 4110 tamquam
2097 4039 2242 4108 peri-

641 4137 758 4192 culi
786 4135 1008 4192 timidus
1055 4141 1212 4192 cavet
1243 4153 1255 4188 :
1288 4133 1384 4189 sed
1413 4141 1684 4204 tamquam
1715 4131 2166 4190 beneficiiheriiis
2188 4141 2244 4189 et

641 4230 973 4284 innocentia:
1017 4223 1142 4284 s'uaa'
1175 4223 1579 4296 debitor'ngit
1608 4227 1811 4282 crimen
1853 4227 2070 4306 ingrati,
2119 4242 2242 4298 pec-

635 4324 855 4394 catique
880 4323 1056 4378 labem
1081 4333 1134 4376 ct
1159 4322 1335 4391 culpae
1350 4317 1658 4391 contagium
1683 4309 2026 4391 quasiju‘Stus
2049 4321 2244 4378 horre-

641 4417 772 4471 scit.
819 4413 1069 4470 Tertium
1103 4411 1369 4483 spiculum
1413 4411 1658 4468 adultera
1689 4414 2082 4484 interpellandi
2106 4416 2244 4471 assi-

641 4507 852 4562 duitate
877 4495 1126 4561 vibrabat
1157 4507 1299 4561 f'sed
1327 4505 1528 4574 .loscph
1556 4521 1660 4561 non
1689 4507 1946 4563 audiebat
1975 4521 2115 4563 eam.
2145 4509 2247 4564 Ha-

643 4599 745 4656 bes
771 4607 894 4670 post
909 4599 1082 4668 prima
1107 4598 1272 4654 verba
1293 4595 1422 4670 quid
1441 4613 1652 4654 caveas.
1675 4599 1792 4654 Non
1807 4601 1980 4656 solum
2011 4599 2236 4669 lubrica,

643 4692 740 4750 sed
771 4689 944 4748 etiam‘
981 4703 1216 4762 procax,
1265 4692 1576 4762 importuna
1602 4736 1617 4760 ,
1661 4693 1910 4764 petulans
1938 4703 2022 4750 est
2049 4693 2260 4762 libido,’

645 4795 746 4845 nec
769 4787 953 4844 habet
1000 4783 1143 4857 quod
1199 4795 1453 4842 vereatur
1491 4787 1770 4844 adultera.
1799 4787 1932 4855 Quae
1955 4789 2238 4860 dispendia

643 4885 866 4957 pudoris
897 4883 1068 4954 prima
1099 4897 1204 4935 non
1237 4882 1432 4948 doluit,
1468 4883 1754 4938 insidiatur
1778 4894 1834 4938 nt
1865 4885 2062 4953 capiat.

709 4981 803 5038 24.
829 4977 1094 5050 'Denique
1148 4975 1312 5032 officii
1371 4975 1453 5029 sui
1485 4985 1538 5032 et
1565 4979 1842 5032 commissi
1873 4965 2240 5035 muneris-in-

637 5091 882 5147 gressum
909 5075 1112 5146 gratia.
1133 5069 1358 5146 renatis
1375 5063 1688 5143 arbitrii'ﬁc
1715 5061 2030 5150 όοιίιρειίςὶςέ
2047 5059 2240 5150 (Μέθη

641 5169 758 5238 il),
783 5167 1139 5238 apprehendit
1173 5181 1296 5220 eum
1339 5163 1529 5218 dicens
1559 5178 1570 5216 :
1607 5161 1785 5217 Dormi
1811 5181 2028 5220 mecum.
2061 5168 2240 5223 Excu-

561 5305 572 5320 .
637 5275 791 5320 satur
812 5257 1014 5334 Ioseph
1037 5257 1336 5332 Scripturre'
1365 5255 1700 5324 testimonio,
1733 5258 1855 5326 quia
1884 5261 2234 5318 commiss‘um

635 5373 666 5414 a
696 5357 926 5428 Domino
966 5353 1229 5432 nequibat
1263 5354 1538 5440 deserere
1567 5347 1912 5430 obsequium.
1945 5353 2061 5412 Non
2079 5355 2232 5414 enim

705 5555 728 5585 ι
770 5545 958 5600 Carere
998 5541 1174 5596 oculos
1215 5537 1413 5602 uxoris,
1463 5551 1559 5606 pro
1603 5551 1800 5592 cavere
1823 5538 1996 5594 oculis
2027 5541 2230 5610 uxoris,

631 5632 724 5673 seu
758 5633 948 5670 cavere
976 5631 1040 5667 ne
1069 5613 1190 5682 quis
1221 5611 1284 5662 ad
1317 5625 1544 5663 uxorem
1579 5610 1889 5670 accederet,
1925 5613 2081 5676 cujus
2115 5611 2227 5666 for-

634 5705 716 5741 nta
751 5689 894 5740 illius
922 5687 1106 5740 oculos
1137 5682 1410 5750 pellicei‘et
1437 5699 1448 5732 :
1479 5683 1681 5737 locutio
1714 5697 1904 5750 parum
1933 5683 2224 5740 admodum

632 5761 846 5820 usitata,
887 5758 982 5812 sed
1011 5757 1096 5812 hic
1119 5754 1392 5810 communi
1425 5769 1556 5810 mss.
1585 5770 1646 5809 ac
1678 5753 1807 5808 edit.
1836 5753 2092 5826 suffragio
2135 5772 2222 5811 as~

629 5837 796 5888 serta.

2341 1899 2464 1966 tuit,
2495 1899 2676 1954 animo
2693 1899 2812 1970 capi
2839 1913 2946 1954 non
2971 1897 3181 1968 potuit:
3207 1913 3273 1954 ac
3295 1915 3374 1954 ne
3403 1900 3544 1970 ips‘a
3578 1899 3804 1970 quidem
3827 1901 3932 1952 ver-it

2341 1990 2432 2046 diu
2463 2005 2676 2062 passus,
2707 1991 3012 2062 contagium
3032 1989 3295 2060 judicavit
3317 1992 3370 2046 si
3403 1993 3652 2048 diutius
3677 2005 3930 2048 moram:

2341 2099 2410 2139 ne
2435 2089 2532 2153 per
2555 2099 2746 2140 manus
2765 2081 3026 2138 adulterae
3055 2081 3300 2139 libidinis
3331 2083 3660 2140 incentiva
3687 2087 3930 2140 transit-ea;

2337 2175 2526 2248 Itaque
2556 2187 2758 2233 vestem
2787 2177 2958 2246 exuit,
2983 2177 3190 2232 crimen
3211 2177 3484 2234 excussit
3509 2221 3528 2244 ,
3563 2187 3630 2236 et
3659 2179 3930 2248 relictis.
3963 2233 3965 2270 Ι

2341 2269 2444 2326 bus
2475 2273 2760 2327 tenebatur
2785 2315 2800 2340 ,
2848 2269 3076 2340 exuviis,
3135 2271 3420 2344 spoliatus
3453 2274 3710 2344 quidem
3733 2319 3746 2339 ,
3767 2275 3847 2330 sed
3869 2291 3926 2328 an:
3963 2279 3965 2288 '

2343 2363 2520 2421 nudus
2551 2363 2780 2438 aufugit,
2807 2365 2898 2436 qui
2931 2373 3048 2420 erat
3085 2365 3284 2420 tectior
3315 2365 3688 2424 indumento
3715 2365 3854 2442 593
3875 2383 3928 2436 pr-

2343 2457 2514 2513 do'ris.
2543 2457 2660 2514 Non
2713 2467 2794 2514 est
2827 2457 2972 2513 enim
3019 2457 3192 2512 nudus
3217 2501 3230 2522 ,
3271 2459 3382 2514 nisi
3421 2473 3612 2530 quem
3649 2461 3798 2530 culpa
3823 2459 3928 2512 nasi}-

2343 2549 2498 2604 verit.
2535 2545 2776 2619 Denique
2807 2549 2858 2604 in
2876 2549 3251 2620 superioribus
3281 2549 3588 2607 habemus
3621 2552 3770 2622 quod
3795 2551 3906 2606 Adi:

2343 2649 2694 2718 posteaquam
2715 2641 2814 2698 Dei
2837 2641 3087 2696 mandata
3117 2642 3612 2718 praevaricatione
3639 2645 3872 2706 deseruit,
3897 2657 3922 2696 ei

2345 2733 2558 2805 peccati
2607 2733 2796 2804 gravis
2841 2729 2952 2789 aera
2982 2733 3276 2800 contraxit,
3327 2717 3536 2792 nutrus
3571 2717 3728 2792 erat.
3767 2735 3924 2792 fndes;

2347 2817 2462 2898 ipse
2485 2829 2561 2882 ait
2587 2825 2606 2880 ἐ
2649 2809 2836 2882 Vocem
2865 2831 3006 2882 tuam
3047 2827 3222 2882 audivi
3259 2829 3313 2883 in
3343 2829 3684 2899 Paradiso,
3737 2845 3778 2886 et
3817 2833 3918 2884 first:

2346 2925 2468 2992 quia
2493 2911 2668 2974 nudus
2691 2938 2824 2988 sunt,
2873 2931 2920 2976 et
2949 2921 3198 2976 abscondi
3223 2939 3306 2978 me
3337 2915 3518 2994 (Cen.
3559 2941 3664 3004 ru,
3703 2925 3918 2996 {Diluta-

2347 3015 2478 3068 texit
2505 3013 2650 3068 enim
2681 3029 2740 3069 se
2767 3029 2890 3070 esse
2915 3015 3140 3080 nudum,
3169 3015 3260 3086 qui
3291 3015 3514 3072 infulas
3539 3017 3760 3073 divinae
3783 3029 3916 3089 protri-

2309 3105 2512 3162 -tionis
2557 3105 2829 3163 amiserat.
2876 3107 2942 3162 Et
2985 3105 3110 3164 ideo
3161 3105 3392 3175 latebat,
3443 3109 3594 3180 quia
3625 3108 3916 3168 vesremtida

631 3200 2316 3288 diciturqttmnOnpotuitextorquereguodvoluitimperare.C
2351 3211 2458 3254 non
2489 3189 2747 3262 habebat,
2791 3213 2948 3270 quam
2977 3199 3164 3270 utique
3207 3193 3668 3270 prccvari'cando
3719 3203 3910 3274 depasti;

2351 3289 2596 3361 Magnam
2625 3307 2738 3346 rem
2763 3291 2935 3347 vides.
2968 3291 3065 3348 ille
3097 3289 3572 3366 nu’duserar‘qui
3609 3295 3912 3352 tunicamaa

2343 3385 2526 3440 amisit
2553 3403 2565 3438 :
2597 3385 2700 3441 iste
2725 3385 2898 3441 nudus
2923 3401 3028 3441 non
3049 3395 3186 3454 erat,
3221 3387 3317 3456 qui
3341 3381 3908 3446 vestihaentisseera’n.

2343 3495 2462 3550 quae
2495 3479 2549 3533 in
2596 3479 2844 3536 manibus
2875 3479 3138 3534 adulterae
3173 3479 3506 3550 dereliquit;
3537 3483 3762 3540 Eadem
3797 3481 3910 3548 Str-t-

2343 3581 2464 3628 tnra
2487 3573 2633 3627 illum
2665 3573 2868 3628 nudum
2891 3572 3148 3640 asseruit,
3179 3573 3326 3629 hunc
3351 3574 3589 3631 abnuit.
3621 3575 3836 3632 lit-ideo
3857 3575 3908 3626 i515

2345 3665 2753 3735 exspoliavits‘e
2797 3667 2976 3736 potius
3015 3679 3176 3736 quam
3207 3665 3480 3736 nudavit,
3541 3671 3648 3740 q'u'l
3675 3671 3908 3728 incensa;

2345 3757 2604 3813 virtutum
2635 3757 2956 3814 vestimenta
2983 3759 3256 3822 servabat,
3281 3760 3624 3828 exspolians
3649 3777 3716 3817 se
3744 3771 3904 3816 veteres:-

2347 3849 2622 3905 hominem
2661 3863 2782 3904 cunt
2810 3850 3020 3906 actibus
3049 3851 3198 3921 eius;
3245 3859 3300 3905 ut
3329 3849 3612 3908 indueret
3639 3869 3844 3910 novum.
3863 3865 3904 3916 ιῑι

2346 3944 2644 4000 secundum
2677 3945 2968 4016 imaginem
2995 3947 3264 4000 creatoris
3299 3947 3354 4000 in
3403 3947 3719 4020 agnitione
3757 3957 3906 4004 renata

2345 4045 2455 4094 tur.
2477 4037 2580 4096 'lile
2606 4041 2990 4096 autemnbdus
3023 4043 3302 4109 remansit,
3337 4047 3436 4114 qui
3461 4059 3530 4101 se
3554 4043 3764 4104 itérum
3785 4045 3904 4102 restire

2349 4149 2457 4189 non
2514 4137 2708 4204 potuit,
2756 4135 3020 4208 singulari
3067 4137 3246 4208 Spolio
3287 4139 3516 4195 virtutis
3553 4127 3780 4200 exutus.
3815 4139 3904 4197 [Ta-ie

2345 4227 2626 4299 pelliceain
2675 4233 2884 4302 accepit
2925 4233 3207 4300 tunicam;
3253 4234 3382 4304 quia
3451 4225 3904 4306 peccator-haberi

2347 4337 2453 4378 non
2504 4325 2714 4394 poterat
2761 4325 3083 4395 spiritalem.
3139 4325 3384 4400 Reliquit
3431 4331 3612 4400 igitur
3643 4334 3902 4390 vestimenti

2346 4415 2570 4490 Joseph,
2620 4429 2674 4476 et
2727 4419 3238 4478 nudavit‘adultera‘.
3287 4423 3792 4492 invcrecundiam,
3835 4435 3904 4494 qui

2348 4505 2534 4582 poStea
2567 4511 2736 4568 latere
2765 4529 2872 4569 non
2899 4515 3092 4585 potuit.
3277 4513 3280 4516 ⁴
3331 4517 3336 4522 ’
3377 4511 3400 4526 "

2420 4603 2512 4660 26.
2559 4605 2797 4676 Denique
2821 4607 2991 4663 exivit
3021 4605 3189 4678 foras,
3223 4621 3279 4663 et
3301 4609 3418 4679 ipsa
3447 4609 3718 4668 adulterii
3745 4611 3822 4667 sui
3841 4621 3906 4664 ter.-

2347 4707 2586 4755 tamenta
2627 4699 2898 4772 vulgavit,
2945 4697 3192 4758 exultans
3234 4719 3429 4760 vocem
3464 4721 3668 4774 suam;
3719 4723 3782 4764 eo
3817 4699 3904 4775 qua}

2347 4793 2553 4850 relictis
2601 4793 2884 4862 vestibus,
2935 4795 3200 4853 Hebraeus
3249 4797 3567 4869 aufugerat.
3627 4801 3748 4872 ipsa
3802 4801 3906 4870 igitur

2348 4888 2493 4957 quod
2541 4891 2723 4946 celare
2752 4891 3019 4946 debuerat
3039 4933 3052 4956 ,
3084 4892 3388 4963 prodebat;
3423 4903 3484 4948 ιιι
3513 4895 3822 4965 composito
3845 4889 3906 4944 erit

2347 4979 2508 5037 mine‘
2541 4983 2766 5038 laederet
2813 4983 3181 5044 innocentem.
3231 4985 3423 5042 Justus
3462 4995 3656 5048 autem
3707 4993 3908 5064 accusat

2339 5091 2452 5160 non
2499 5065 2681 5143 ltOVil;
2713 5087 2768 5132 et
2795 5065 2938 5146 ideo
2961 5065 3190 5149 impune
3219 5067 3337 5136 'h‘eé
3381 5065 3667 5152 impudica
3695 5065 3902 5136 iactent.

2343 5169 2492 5224 lllam
2523 5171 2686 5242 igitur
2715 5187 2842 5228 vene
2861 5181 3080 5228 exutam
3103 5171 3364 5240 dixerim,
3385 5175 3558 5230 etiam
3585 5173 3768 5230 aliena
3795 5165 3904 5224 veslir

2343 5275 2524 5321 menta
2577 5277 2929 5336 servantem,
2981 5281 3103 5340 qua:
3146 5269 3329 5324 omnia
3375 5270 3644 5327 amiserat
3689 5263 3903 5326 velamina

2338 5359 2603 5436 castitatis
2638 5381 2649 5414 ς
2687 5363 2836 5428 illum
2867 5364 3000 5422 satis
3025 5373 3300 5430 ornatum,
3331 5366 3468 5422 satis
3505 5364 3818 5428 defensum,
3841 5371 3900 5414 ευ·

2411 5545 2440 5586 ιι
2479 5547 2636 5602 Rom.
2689 5551 2886 5622 edit.,_-
2919 5569 3018 5606 non
3070 5553 3422 5608 remissionem
3473 5551 3642 5624 curre;
3695 5549 3894 5624 Bentl"?-

2336 5633 2458 5672 cum
2491 5635 2620 5674 mss.
2655 5615 2924 5696 omnibus,
2971 5627 3481 5696 ndu"rent_is's_1'onrttt
3505 5615 3788 5696 ηιῇῢιιτίξί
3829 5619 3894 5672 δοῖ

2331 5701 2576 5770 est,_non
2613 5685 2987 5770 remissionem
3018 5699 3086 5752 ab
3113 5689 3320 5770 incuria
3347 5685 3684 5770 proﬂigant.

2405 5771 2426 5798 ο
2447 5761 2568 5815 Post
2603 5767 3048 5840 vocem,elapsus
3069 5759 3766 5840 est,'addit‘edit_'._Run‘t.Et
3783 5763 3893 5818 relin-

2325 5839 2484 5904 quens
2499 5833 2794 5894 vestimenta
2813 5837 2869 5895 in
2889 5833 3127 5936 inanibus
3147 5833 3262 5916 ejus
3289 5842 3443 5914 fugit.
3463 5837 3593 5900 Νοη
3619 5839 3798 5912 ΡΜῖῆ
3819 5841 3880 5894 επ
