4066 6360
623 291 726 346 655

1959 282 2205 340 SANCTI
2243 239 2566 340 Att-suos“
3841 282 3910 338 es
3953 263 3955 370 ξ

615 408 670 460 in
704 405 808 460 hoc
836 403 1038 472 steculo
1069 419 1081 454 ;
1115 401 1215 456 hac
1244 398 1594 455 defraudatus
1620 399 1870 461 dolebat;
1915 399 2039 453 huic
2085 397 2206 454 red-
2233 403 2285 462 Α
2311 401 2401 468 qui
2447 399 2655 455 oblitus
2701 414 2762 455 es
2809 399 3173 454 beneﬁcium.
3216 397 3445 454 Tamen
3490 395 3668 450 elatus
3725 398 3908 464 potentia

615 498 764 554 ditus
785 495 1175 567 gratulabatur.
1223 492 1330 549 Sed
1375 493 1479 548 hoc
1507 492 1776 547 somnium
1805 501 1918 556 est,
1948 501 2002 546 et
2029 491 2209 548 omnis

621 591 858 663 potentia
891 589 1070 644 steculi
1102 587 1406 652 somnium,
1452 603 1560 642 non
1591 587 1792 641 veritas
1830 598 1933 642 est.
1967 586 2209 656 Denique

617 703 714 757 per
741 685 1008 741 somnium
1039 683 1173 738 vidit
1203 682 1354 737 reddi
1395 681 1496 737 sibi
1536 681 1896 753 principatum
1929 697 2108 737 suum.
2139 680 2211 737 Et

614 779 803 835 Esaias
830 776 961 830 dicit
992 775 1060 830 ita
1089 790 1210 830 esse
1243 774 1550 844 liujusmodi
1588 775 1867 839 homines,
1902 776 1990 846 qui
2025 776 2074 829 in
2108 774 2211 830 hoc

610 870 814 926 sarculo
838 868 1179 926 delectantur
1199 867 1454 923 secundis
1482 867 1664 932 rebus,
1699 868 1837 923 sicut
1865 868 1958 938 qui
1982 869 2034 923 in
2062 884 2210 923 som-

607 969 690 1022 nis
717 967 1006 1023 ntanducat
1028 975 1079 1019 et
1111 956 1264 1028 bibit,
1293 962 1506 1018 videtur
1531 963 1633 1018 sibi
1663 963 1787 1019 cibo
1810 972 2061 1032 autpotu,
2079 963 2208 1019 dum

606 1061 827 1127 dormit,
862 1060 1056 1129 repleri
1084 1075 1098 1113 :
1127 1059 1224 1114 sed
1246 1074 1368 1113 cum
1397 1057 1764 1127 evigilaverit,
1789 1058 1977 1127 incipit
1998 1057 2209 1112 esurire

604 1153 866 1222 amplius;
911 1161 969 1207 et
1001 1161 1129 1207 tunc
1157 1149 1414 1220 intelligit
1446 1165 1608 1220 quam
1640 1149 1818 1204 inanis
1853 1149 1948 1204 ille
1974 1148 2127 1204 cibus
2152 1156 2210 1204 et

603 1255 763 1313 potus
801 1243 964 1300 fuerit
987 1242 1312 1298 sonmiantis
1341 1259 1354 1295 :
1386 1243 1464 1296 sic
1494 1242 1582 1312 qui
1623 1241 1824 1296 dormit
1867 1242 1920 1296 in
1971 1241 2073 1296 hoc
2101 1256 2208 1296 ste-

601 1336 746 1399 culo,
772 1350 872 1392 uec
898 1334 1086 1392 oculos
1114 1336 1292 1405 aperit
1320 1333 1394 1388 ad
1419 1334 1674 1405 mysteria
1703 1334 1915 1400 divina,
1945 1332 2204 1404 quamdiu

600 1445 794 1486 somno
838 1440 1094 1500 gravatur
1140 1427 1422 1498 corporis,
1477 1436 1624 1498 putat
1673 1427 1902 1498 alicujus
1943 1424 2207 1482 momenti

595 1538 719 1578 esse
769 1523 910 1576 hanc
955 1521 1274 1576 saecularem
1309 1520 1640 1589 petentiam,
1689 1521 1843 1590 quasi
1897 1521 1950 1575 in
1995 1519 2203 1575 somnis

595 1631 720 1672 eam
746 1616 894 1670 videt
929 1634 942 1668 :
976 1614 1070 1670 ubi
1098 1615 1467 1684 evigilaverit,
1499 1612 1856 1683 deprellendit
1883 1627 2048 1683 quam
2087 1613 2203 1668 ina-

601 1709 689 1763 nis
718 1706 880 1778 hujus
907 1707 1091 1762 smculi
1117 1707 1367 1775 voluptas
1394 1703 1464 1761 sit
1493 1705 1662 1776 (Esai.
1699 1721 1850 1768 xxix,
1877 1705 1956 1774 8).

2313 507 2422 546 non
2448 491 2856 547 recordabatur.
2883 491 2946 546 Et
2968 499 3188 562 quanta
3217 489 3352 544 hac
3379 487 3654 558 potentia,
3685 498 3706 524 ε
3737 487 3817 540 ubi
3839 491 3909 542 vis;
3953 545 3955 574 ἲ

2312 584 2710 640 ministerium!
2758 583 2836 638 En
2883 581 3030 638 unde
3074 581 3272 637 oninis
3319 579 3633 650 iactantia;
3681 579 3800 648 quia
3836 595 3910 633 m2
3953 589 3955 600 '

2309 675 2611 776 spadonum
2646 677 2996 748 prmpositus,
3032 677 3131 748 qui
3166 676 3373 732 vinum
3409 673 3636 744 poculi!
3671 673 3824 744 ’θεῶ
3843 676 3909 726 ’

2287 767 2638 826 -nis1rabant.

2381 864 2471 920 55.
2495 863 2521 900 ει
2549 862 2615 918 Et
2634 865 2832 933 factum
2853 873 2949 928 est,
2975 863 3176 934 inquit,
3205 871 3338 935 post
3361 859 3644 916 biennium
3674 858 3819 933 (Gen.
3840 879 3908 922 ιιι¹

2311 957 2654 1029 1)..Μθιιιίοι’
2681 959 2749 1014 de
2771 957 2886 1014 .hoc
2916 959 3092 1014 nostri
3120 958 3410 1028 spadonis
3462 965 3747 1027 tempore,
3776 958 3858 1011 nisi
3880 969 3911 1013 et

2309 1051 2426 1106 dies
2457 1052 2748 1116 convenit;
2783 1051 2908 1120 quia
2939 1064 3059 1122 post
3093 1051 3403 1106 biennium
3443 1049 3668 1119 recepit
3693 1048 3910 1118 efﬁcitis,

2310 1159 2412 1174 νυνι
2441 1143 2756 1174 pnnaxntlnlaan
2803 1155 2882 1174 Δρ.
2970 1143 3065 1174 ,ΛΑ
3099 1143 3448 1174 ηιιωιιηῖΙιιΩ
3520 1141 3784 1174 Plu-nnc}.
3812 1147 3906 1174 sm.

2309 1159 2414 1200 nec
2441 1143 2760 1200 recordatus
2802 1155 2919 1208 est,
2969 1143 3067 1200 sed
3097 1143 3472 1199 admonitus.
3520 1141 3788 1211 Cognovit
3811 1147 3909 1196 enim
3949 1141 3955 1200 l

2308 1238 2452 1309 quod
2475 1240 2639 1294 etiam
2668 1253 2896 1309 regnum
2929 1240 3106 1308 ipsum
3145 1239 3200 1294 in
3235 1237 3353 1293 hoc
3384 1235 3621 1291 sarculo
3646 1246 3784 1291 esset
3813 1252 3908 1291 sota-
3947 1231 3955 1334 i

2307 1332 2454 1386 nium
2477 1373 2491 1394 ,
2525 1330 2617 1402 qui
2659 1345 2760 1386 suo
2788 1331 3003 1388 somnio
3031 1347 3144 1386 non
3195 1330 3461 1386 credidit
3499 1347 3517 1384 :
3571 1329 3758 1384 didicit
3793 1333 3907 1384 etiaa

2313 1438 2539 1493 regnum
2582 1438 2704 1478 esse
2746 1421 2988 1489 somnia,
3019 1437 3121 1479 nec
3156 1425 3432 1490 ipsorum
3493 1429 3796 1489 potestates
3829 1437 3906 1476 esse

2306 1524 2616 1584 perpetuas.
2647 1513 2758 1571 Sed
2782 1519 2895 1570 cito
2913 1513 3062 1570 hunc
3091 1514 3282 1570 locum
3323 1521 3658 1584 prmtereat
3689 1511 3843 1574 dolor.
3865 1530 3902 1568 ιε

2304 1608 2419 1679 ipsa
2451 1609 2972 1666 commemoratione
2999 1607 3297 1666 crudescat
3333 1626 3350 1660 :
3391 1623 3476 1664 ne
3523 1607 3710 1677 ipsius
3745 1605 3903 1676 quidse

2301 1703 2574 1757 sermonis
2606 1702 2711 1755 mei
2752 1701 3066 1758 meminisse
3108 1701 3398 1766 delectat,
3440 1716 3634 1771 quem
3679 1709 3792 1754 tunc
3815 1711 3904 1754 trn-

669 1802 762 1856 51.
803 1800 1102 1860 Considera
1144 1815 1287 1856 nunc
1323 1799 1474 1854 illum
1503 1809 1526 1836 ει
1559 1815 1744 1854 verum
1777 1799 2095 1863 Hebraeum,
2139 1799 2202 1854 il-
2230 1801 2279 1861 B
2308 1799 2454 1868 poris
2499 1792 2582 1854 vel
2628 1797 2881 1856 eﬂ'uderit
2931 1799 3127 1865 dolor,
3175 1799 3266 1855 vel
3313 1799 3663 1857 extorserit
3711 1798 3899 1855 Ecclesia

593 1898 706 1950 lum
737 1911 844 1954 non
876 1895 1108 1958 somnii.
1142 1895 1236 1950 sed
1268 1894 1512 1951 veritatis
1556 1902 1611 1949 et
1660 1894 1936 1963 prmclarte
1968 1894 2193 1950 visionis

590 1991 978 2061 interpretem.
1009 1988 1102 2058 qni
1132 1989 1204 2046 de
1233 1989 1652 2045 divinitatis-illa
1682 1989 2046 2056 plenitudine,
2073 2005 2102 2044 a
2132 1990 2197 2044 li-

591 2082 803 2138 bertate
831 2082 1068 2138 cmlestis
1097 2082 1283 2152 gratiae
1307 2083 1362 2137 in
1392 2080 1534 2136 hunc
1562 2097 1884 2150 corporeum
1915 2096 2193 2138 carcerem

589 2176 821 2241 venerit,
853 2191 1016 2247 quem
1045 2190 1152 2239 non
1179 2174 1358 2244 potuit
1384 2175 1572 2230 δεξιουιί
1593 2173 1763 2243 hujus
1790 2173 2049 2230 illecebra
2077 2190 2195 2228 mu-

590 2280 709 2325 tare
729 2311 743 2334 ,
775 2285 881 2326 non
913 2269 1021 2324 ulla
1053 2270 1361 2338 corruptela
1394 2267 1684 2326 mundana:
1712 2269 2004 2339 voluptatis
2029 2283 2190 2324 ever-

587 2373 728 2428 tere,
756 2363 850 2432 qui
881 2371 1122 2418 tentatus
1149 2377 1259 2415 non
1287 2359 1512 2425 decidit,
1537 2361 1816 2430 appetitus
1845 2376 1952 2415 non
1981 2359 2194 2428 appeti-

585 2455 694 2520 vit,
743 2463 1021 2524 postremo
1050 2451 1357 2507 adulterina
1399 2451 1632 2520 quadam
1683 2452 1982 2522 Synagogte
2025 2467 2193 2508 manu

583 2557 737 2603 veste
781 2546 1032 2612 corporis
1078 2544 1481 2616 apprehensus,
1537 2558 1756 2598 carnem
1808 2544 1996 2608 exuit,
2056 2544 2191 2602 liber

583 2640 776 2695 mortis
831 2637 1097 2694 ascendit.
1151 2635 1492 2694 Calumniata
1521 2645 1604 2692 est
1633 2636 1914 2702 meretrix,
1945 2636 2033 2692 ubi
2065 2653 2190 2694 eum

586 2746 776 2791 tenere
803 2749 910 2790 non
939 2731 1146 2803 potuit,
1171 2746 1336 2801 quem
1364 2746 1552 2786 carcer
1582 2745 1688 2785 non
1720 2733 1934 2798 terruit,
1967 2747 2074 2788 non
2107 2734 2191 2788 in-

582 2829 736 2886 ferna
780 2835 1073 2886 tenuerunt
1104 2845 1118 2882 :
1147 2825 1277 2896 quin
1309 2825 1472 2881 etiam
1513 2840 1623 2894 quo
1668 2825 1834 2880 veluti
1883 2827 2187 2895 puniendus

583 2921 982 2988 descenderat,
1020 2919 1144 2977 inde
1178 2920 1320 2975 alios
1366 2918 1616 2974 liberavit
1645 2938 1658 2973 :
1707 2920 1793 2975 ubi
1824 2920 1926 2990 ipsi
1953 2921 2186 2990 stringe-

584 3020 781 3074 bantur
806 3017 1000 3077 mortis
1030 3015 1244 3073 vincula
1266 3057 1281 3084 ,
1315 3013 1389 3072 ibi
1418 3015 1620 3070 laxavit
1649 3014 1763 3085 ipse
1793 3015 2008 3072 vincula
2039 3030 2186 3072 mor-

582 3122 818 3170 tuorum.

2299 1893 2655 1950 contumelia.

2370 1987 2461 2042 δι.
2502 1986 2826 2042 Admonitus
2868 2001 2996 2055 ergo
3027 1984 3110 2042 sui
3159 2001 3258 2056 per
3295 1987 3620 2044 somnium
3658 1988 3791 2057 regis
3823 1991 3893 2042 ait.

2297 2079 2578 2136 Peccatum
2593 2095 2762 2136 nicum
2789 2081 3036 2136 recordor
3070 2079 3266 2143 (Ibid.,
3290 2081 3381 2152 9).
3412 2082 3573 2138 Sera
3614 2083 3818 2152 quidem
3836 2085 3894 2136 ista

2295 2183 2402 2241 est,
2433 2177 2529 2232 sed
2564 2176 2768 2232 utinam
2798 2191 2925 2232 vera
2950 2175 3256 2232 confessio!
3287 2177 3432 2234 Post
3467 2188 3772 2247 peccatum
3805 2178 3894 2232 tate-

2295 2270 2402 2335 ris,
2451 2270 2595 2340 quod
2633 2282 2762 2326 ante
2814 2282 3094 2340 peccatum
3138 2289 3345 2330 cavere
3400 2273 3731 2331 debueras.
3778 2276 3896 2340 Quae

2293 2364 2404 2418 cito
2450 2364 2654 2420 oblitus
2699 2363 2928 2419 fueras:
2982 2363 3186 2420 Memor
3233 2376 3347 2421 esto
3402 2368 3549 2424 mei.
3585 2368 3723 2424 Scis
3759 2384 3895 2436 nempe

2295 2465 2424 2511 tunc
2457 2457 2723 2526 temporis
2764 2455 2910 2512 hunc
2954 2456 3125 2514 fuisse
3155 2473 3493 2514 sermonem
3526 2477 3543 2514 :
3583 2460 3693 2516 sed
3733 2460 3895 2516 obtusas

2292 2566 2452 2606 aures
2479 2551 2724 2607 habebas
2746 2550 2884 2606 fastu
2919 2552 3197 2620 potentite,
3227 2563 3284 2609 et
3313 2553 3441 2610 vini
3471 2554 3694 2612 ebrius
3722 2572 3810 2612 non
3834 2571 3895 2608 as-

2292 2640 2479 2697 diebas
2520 2642 2682 2699 verba
2727 2641 3060 2700 sobrietatis.
3091 2642 3192 2699 \iel
3233 2660 3389 2702 nunc
3450 2658 3754 2704 memento
3789 2649 3890 2711 mei.

2291 2732 2381 2802 qui
2455 2742 2732 2802 peccatum
2786 2748 2914 2790 sero
2968 2732 3177 2790 fateris.
3233 2735 3341 2802 Qui
3404 2753 3595 2809 rogas
3672 2741 3890 2795 servulum

2289 2826 2520 2893 Christi,
2579 2842 2677 2882 cur
2722 2827 3008 2882 Dominum
3060 2828 3260 2898 negas?
3307 2827 3629 2888 lnebriare
3675 2834 3780 2900 jam
3817 2846 3888 2885 non

2291 2918 2440 2983 vino,
2465 2919 2561 2974 sed
2585 2920 2787 2990 Spiritu
2816 2929 3028 2976 sancto.
3059 2920 3382 2979 Recordare
3412 2925 3564 2993 quid
3619 2927 3804 2995 passus
3828 2926 3886 2991 sit,

2287 3026 2409 3067 cum
2441 3026 2550 3082 quo
2575 3011 2826 3068 dormlsti
2847 3027 3098 3068 somnum
3133 3024 3283 3068 tuum
3303 3055 3317 3077 ,
3349 3027 3413 3069 et
3435 3017 3751 3072 somniasti
3786 3031 3886 3072 son-

2289 3107 2459 3161 nium.
2496 3107 2562 3162 Et
2587 3108 2705 3176 ipse
2734 3107 3056 3177 praepositus
3096 3117 3239 3173 erat,
3270 3115 3326 3162 et
3354 3111 3722 3178 prrpositus
3745 3110 3884 3179 epula-

649 3206 742 3262 52.
783 3204 1079 3261 Considera
1108 3217 1240 3274 ergo
1286 3204 1446 3260 istum
1479 3203 1764 3262 Hebraeum
1792 3203 2066 3262 dicentem
2102 3204 2182 3261 illi
2211 3193 2258 3259 C
2289 3214 2407 3254 rum
2438 3199 2615 3269 regis,
2657 3213 2782 3266 quae
2822 3197 2888 3253 ad
2917 3214 3052 3268 opus
3081 3199 3370 3270 pistorium
3408 3202 3799 3270 pertinebant.
3821 3200 3884 3255 Su-

580 3299 873 3369 praeposito
903 3297 1203 3365 spadonum
1226 3337 1240 3362 ,
1284 3298 1376 3367 qui
1407 3307 1762 3353 contraxerat
1802 3297 2064 3354 oli‘ensam
2091 3313 2182 3354 re-

575 3393 743 3465 giam,
771 3407 931 3462 quem
962 3390 1278 3446 restituerat
1303 3389 1513 3444 muneri
1543 3404 1644 3444 suo
1678 3407 1690 3442 :
1723 3388 1923 3446 Memor
1955 3402 2060 3445 esto
2091 3405 2184 3463 per

2286 3290 2506 3346 blimem
2537 3305 2598 3346 se
2625 3305 2750 3348 esse
2777 3291 3065 3356 credebat,
3112 3291 3237 3363 quia
3272 3292 3325 3346 in
3359 3303 3666 3363 potestate
3703 3294 3882 3348 habebat

2288 3401 2483 3456 panem
2513 3385 2720 3455 regium
2757 3402 2770 3438 :
2801 3384 3078 3441 nesciebat
3109 3387 3314 3440 multos
3339 3385 3653 3444 anfractus
3683 3405 3797 3446 esse
3821 3390 3882 3441 bl-

577 3486 924 3555 temetipsum,
957 3499 1076 3538 cum
1104 3483 1196 3536 tibi
1225 3483 1348 3536 bene
1387 3483 1487 3536 erit
1520 3497 1538 3535 :
1568 3493 1617 3536 et
1646 3482 1806 3553 facies
1833 3483 1887 3536 in
1922 3499 2001 3537 me
2027 3488 2182 3538 mise—
2282 3478 2371 3549 jus
2399 3478 2675 3547 potentiae.
2709 3477 3010 3532 Minabatur
3029 3477 3171 3543 aliis,
3205 3477 3327 3546 ipse
3351 3494 3496 3535 mox
3527 3481 3882 3553 suppliciode-

531 3647 540 3654 _
579 3576 884 3638 ricordiam,
919 3585 967 3630 et
995 3591 1188 3628 memor
1209 3576 1310 3629 eris
1333 3575 1450 3628 mei.
1481 3573 1607 3628 Ideo
1637 3573 1878 3629 secundo
1903 3577 2178 3644 repetivit,

577 3670 705 3741 quia
749 3668 958 3724 sciebat
989 3682 1096 3722 non
1129 3668 1540 3722 recordaturum
1569 3666 1699 3736 quid
1727 3669 1994 3724 evasisset
2034 3669 2181 3739 inju-

2285 3573 2494 3629 dendus
2519 3582 2796 3639 extremo;
2829 3586 2930 3628 nec
2959 3571 3167 3626 audivit
3185 3587 3336 3638 eum,
3369 3574 3469 3644 qui
3507 3575 3650 3631 licet
3677 3574 3881 3630 servulus

2287 3666 2534 3733 Domini,
2583 3675 2766 3722 tamen
2811 3666 3134 3738 loquebatur
3177 3669 3470 3724 oraculum
3508 3687 3524 3724 :
3573 3667 3730 3742 quod
3757 3670 3881 3741 ipsis

577 3765 708 3827 rite,
735 3776 858 3818 cum
891 3760 1190 3831 potentiam
1227 3759 1543 3830 recepisset.
1577 3756 1704 3815 Ideo
1729 3759 1970 3815 secundo
1999 3759 2187 3816 admo-
2282 3759 2439 3829 jussu
2466 3761 2630 3830 regis,
2660 3759 2730 3815 de
2755 3774 2863 3831 quo
2901 3759 3007 3816 sibi
3033 3759 3336 3830 plurimum
3369 3761 3796 3830 hlandiebatur,
3821 3777 3880 3816 ca-

583 3857 698 3914 nuit
719 3855 891 3927 ,‘quia
941 3853 1184 3911 secundo
1213 3853 1494 3923 liberavit;
1528 3863 1588 3910 ut
1615 3855 1661 3910 si
1707 3855 1907 3925 prioris
1935 3856 2185 3912 beneﬁcii

579 3967 704 4009 eum
733 3949 997 4006 memoria
1044 3965 1152 4004 non
1186 3957 1426 4013 teneret,
1457 3949 1544 4004 vel
1586 3948 1906 4020 posterioris
1933 3949 2182 4018 subiret,

581 4060 689 4100 non
730 4043 1045 4112 despiceret
1084 4050 1361 4096 auctorem
1408 4040 1600 4097 salutis
1649 4056 1798 4108 sine.
1837 4056 1947 4098 non
1980 4040 2185 4113 perﬁda

581 4135 1033 4210 prtevaricatione
1067 4135 1312 4190 violaret.
1365 4133 1473 4191 Sed
1521 4133 1666 4204 quod
1709 4133 1863 4204 pejus
1905 4144 2029 4203 est,
2076 4136 2186 4190 cito

579 4229 833 4286 beneﬁcii
865 4229 1054 4298 irrepit
1075 4226 1242 4299 496
1269 4228 1471 4286 oblivio
1498 4228 1756 4283 secundis
1784 4229 1966 4284 rebus.
1990 4228 2017 4268 δ
2044 4229 2189 4284 Red-

580 4325 727 4380 ditus
759 4322 942 4377 ol‘licio
984 4337 1084 4377 suo
1117 4339 1223 4377 non
1263 4331 1347 4377 est
1378 4337 1588 4377 memor
1617 4323 1790 4377 factus
1834 4325 2181 4395 interpretis,

583 4419 678 4475 sed
728 4417 929 4472 oblitus
975 4426 1060 4472 est
1105 4431 1252 4471 enm.
1299 4415 1408 4471 Sed
1459 4417 1559 4472 etsi
1607 4417 1698 4471 ille
1739 4417 2183 4486 obliviscebatur,

585 4509 839 4568 Christus
879 4522 989 4566 non
1033 4508 1496 4564 obliviscebatur:
1529 4507 1626 4564 sed
1668 4509 1988 4579 loquebatur
2013 4511 2092 4576 ei,
2131 4521 2188 4568 et

2290 3861 2385 3921 put
2423 3854 2727 3908 amissurus
2774 3859 2955 3917 esset,
3003 3867 3127 3908 esca
3175 3852 3371 3910 avibus
3417 3855 3877 3927 derelinqueodus.

2286 3946 2388 4002 Vel
2422 3947 2523 4001 hoc
2553 3956 2604 4002 te
2631 3947 2948 4018 exemplum
2974 3961 3242 4004 revocare
3265 3947 3554 4018 debebat,
3581 3961 3649 4007 ut
3679 3949 3878 4022 perﬁdi:

2288 4057 2396 4098 non
2425 4040 2703 4098 crederes.

2358 4135 2448 4191 55.
2489 4133 2628 4191 Sunt
2677 4143 2735 4190 et
2781 4133 2888 4190 alia
2929 4134 3180 4204 exempla
3220 4134 3292 4190 de
3337 4136 3486 4192 fastu
3527 4135 3879 4208 eth-agilitate

2286 4228 2663 4287 ministrorum
2718 4231 3024 4299 regalium,
3081 4245 3202 4300 qua:
3251 4231 3596 4299 posterioris
3656 4231 3878 4301 temporis

2289 4324 2511 4380 historia
2542 4324 2722 4380 habet.
2754 4323 2827 4378 Et
2853 4322 3036 4379 Doech
3069 4324 3400 4393 praepositus
3426 4335 3585 4390 erat,
3621 4335 3680 4380 et
3709 4338 3879 4396 prepo-

2289 4420 2427 4476 situs
2476 4419 2621 4490 regis
2667 4418 2988 4474 animalium
3019 4427 3042 4454 °
3077 4419 3143 4473 ad
3187 4416 3547 4488 disciplinam
3601 4419 3878 4484 mulorum,

2291 4511 2395 4568 hoc
2421 4521 2525 4578 est,
2560 4511 2860 4583 Spadonum
2887 4511 3229 4566 animalium.
3255 4511 3361 4568 Hic
3389 4527 3624 4583 quoque
3655 4511 3880 4570 sacerdo-

587 4619 685 4676 per
732 4601 1009 4658 servulum
1059 4602 1388 4672 loquebatur
1430 4600 1619 4657 dicens
1665 4602 1731 4655 ad
1772 4615 1893 4657 eum
1935 4620 1948 4655 :
1984 4588 2261 4659 MemorD
2289 4613 2396 4658 tem
2428 4603 2648 4658 Domini
2690 4602 2921 4669 detulit,
2969 4612 3024 4658 et
3065 4601 3260 4670 fraude.
3299 4617 3490 4671 regem
3519 4605 3813 4660 commovit
3837 4603 3878 4657 in

585 4709 690 4756 esto
717 4714 808 4770 per
847 4699 1204 4767 temetipsum,
1243 4697 1347 4751 boc
1389 4706 1505 4762 est,
1532 4695 1617 4752 vel
1647 4696 1805 4751 officii
1835 4697 1910 4752 tui
1941 4708 2184 4754 contem-

590 4793 833 4865 platione
889 4791 1020 4863 quid
1072 4789 1310 4845 audieris
1359 4789 1671 4846 recordare.
1722 4789 1828 4848 Sed
1888 4791 1990 4846 etsi
2040 4807 2185 4848 nunc

587 4887 788 4945 oblitus
813 4901 907 4952 es,
953 4898 1164 4940 memor
1201 4884 1312 4939 eris
1340 4885 1478 4966 mei;
1519 4892 1577 4938 ut
1607 4882 1807 4939 evadas
1844 4884 2141 4952 periculum
2166 4927 2180 4952 ,

661 5022 686 5050 ε
729 5011 872 5067 Edit.
902 5024 1092 5064 omnes
1115 5022 1237 5065 cum
1266 5007 1474 5062 duobus
1499 5021 1652 5070 mss..
1684 5022 1854 5060 verum
1880 5005 2180 5062 Hebrtvum.

591 5084 717 5140 Mss.
741 5084 952 5147 decem,
975 5086 1139 5135 virum
1168 5079 1464 5135 Hebraeum.
1493 5079 1555 5132 Et
1583 5078 1742 5146 paulo
1767 5092 1885 5145 post
1907 5081 1994 5133 ubi
2022 5079 2179 5134 Rom.

585 5157 742 5221 edit.,
771 5172 831 5208 ac
857 5155 1118 5218 ubertate,
1167 5163 1326 5221 atque
1366 5151 1494 5205 edit.
1545 5160 1758 5206 veteres
1797 5159 1849 5204 et
1894 5149 2001 5206 duo
2048 5165 2179 5204 mss.

588 5230 904 5296 nobiscum,
949 5242 981 5281 a
1026 5224 1292 5289 libertate,
1325 5222 1513 5279 decem
1545 5221 1634 5276 alii
1657 5221 1880 5288 habent,
1922 5222 1990 5275 ad
2030 5223 2186 5277 liber-

588 5311 891 5428 ‘étgmdddit
920 5366 1078 5420 Rom.
1104 5364 1234 5421 edit.
1254 5408 1268 5431 ,
1301 5362 1477 5436 Inquit
1507 5364 1641 5436 enim
1669 5380 1686 5417 :
1721 5363 1786 5416 Et
1813 5380 1914 5417 non
1938 5363 2185 5436 recorda—

588 5452 669 5496 ιιις
693 5454 766 5495 est
795 5439 1098 5506 iii-repositus
1126 5434 1487 5510 pincernarum
1514 5434 1732 5505 Ioseph,
1763 5437 1852 5488 sed
1893 5435 2080 5490 oblitus
2109 5445 2185 5490 est

588 5518 718 5584 ejus.
736 5510 1167 5584 Redditustetc.

663 5597 683 5622 ἐ
727 5583 817 5639 Sic
861 5581 990 5636 edit.
1021 5579 1172 5646 Gill.,
1208 5579 1368 5635 Rom.
1408 5589 1465 5634 et
1501 5577 1738 5646 quinque
1761 5591 1890 5632 mss.
1929 5578 2020 5632 alii
2048 5592 2182 5634 vero

587 5667 818 5724 septem,
853 5652 1073 5724 ubiviui
1109 5651 1486 5724 ministerium?
1513 5647 1580 5724 Et
1606 5648 1774 5724 unde,
1801 5657 1907 5706 etc.
1950 5649 2020 5704 At
2042 5648 2175 5705 edit.

587 5719 706 5779 Am.
738 5734 896 5785 atque
928 5723 1126 5777 Era....
1160 5721 1501 5776 ministerium
1531 5719 1760 5774 inundet.

653 5794 681 5840 ο
723 5793 844 5851 Vet.
873 5795 1005 5850 edit.
1044 5791 1113 5850 Et
1139 5791 1333 5864 factum
1354 5803 1450 5862 est,
1487 5790 1693 5863 inquit,
1736 5803 1853 5868 post
1891 5790 2172 5852 biennium.

2288 4695 2589 4752 sacerdotis
2629 4696 2960 4765 periculum,
2995 4705 3048 4750 et
3077 4694 3164 4750 hic
3192 4693 3357 4769 Μ
3379 4695 3560 4780 Syrus
3597 4708 3739 4754 erat.
3765 4695 3876 4751 Nam

2292 4791 2549 4856 mentior,
2596 4789 2813 4860 quando
2862 4800 2918 4844 et
2965 4789 3174 4860 patria,
3228 4799 3285 4845 et
3336 4790 3480 4846 facta
3532 4787 3878 4849 conveniunt!

2291 4885 2461 4940 Aman
2486 4898 2706 4955 quoque
2722 4883 2974 4939 cubiculo
2999 4883 3144 4953 regis
3167 4891 3223 4938 et
3243 4883 3366 4954 ipse
3390 4886 3751 4956 prmpositus,
3772 4885 3876 4940 dum

2291 5005 2486 5060 Metilio
2532 5007 2596 5079 de
2634 5007 2740 5079 hoc,
2777 5011 2941 5063 nostri
2982 5007 3213 5077 spadone
3256 5010 3506 5079 temporis
3549 5027 3660 5064 non
3702 5012 3802 5064 alia
3827 5008 3875 5062 de

2287 5095 2465 5143 causa,
2486 5077 2585 5132 nisi
2603 5078 2742 5148 quod
2765 5089 2812 5133 et
2832 5080 2941 5134 dies
2963 5081 3214 5134 convenit.
3241 5077 3429 5144 itoni.,
3462 5079 3692 5136 Factum
3711 5094 3781 5136 est
3799 5097 3874 5134 as-

2289 5159 2384 5203 tem
2415 5160 2526 5216 post
2554 5150 2834 5214 biennium,
2872 5151 3083 5206 Pharao
3107 5151 3231 5205 vidit
3262 5152 3672 5214 somnium..."
3704 5151 3873 5206 Mentis

2289 5222 2351 5274 de
2373 5220 2468 5274 hoc
2491 5222 2652 5294 nostri
2676 5223 2925 5294 spadonis
2949 5235 3197 5294 tempore,
3219 5239 3323 5277 non
3344 5223 3491 5290 alia;
3515 5239 3653 5279 mss.
3688 5239 3808 5278 vero
3827 5230 3873 5294 ut

2289 5294 2340 5345 in
2375 5303 2543 5356 textu,
2571 5293 2668 5346 nisi
2698 5295 2841 5359 iptod
2869 5297 2918 5348 in
2941 5293 3150 5348 duobus
3175 5295 3491 5363 legitur...”
3516 5296 3582 5350 de
3607 5298 3703 5350 hoc
3728 5293 3873 5350 nostri

2288 5367 2520 5432 spadone
2543 5366 2804 5430 temporis,
2832 5367 2931 5420 nisi
2952 5377 2998 5420 et
3019 5365 3128 5420 dies
3149 5366 3433 5420 conveniat.
3464 5366 3564 5421 Hic
3585 5384 3749 5434 porro
3765 5365 3869 5420 Cal-

2290 5434 2528 5505 ligouum
2572 5438 2880 5490 eunuchum
2931 5453 2961 5489 a
3009 5447 3200 5492 sancto
3253 5437 3497 5493 Prmsnle
3545 5437 3864 5505 designatum

2286 5505 2427 5561 haud
2459 5510 2582 5562 sine
2602 5521 2762 5580 causa
2789 5524 2835 5562 ai
2853 5508 3114 5563 bitramnr
3142 5527 3156 5565 :
3179 5524 3280 5580 qua
3311 5508 3380 5563 de
3400 5525 3463 5580 re
3486 5511 3742 5565 consulas
3761 5510 3864 5564 licet

2284 5587 2528 5634 uestram
2556 5577 2622 5633 ad
2653 5577 2795 5633 bime
2826 5589 3111 5636 tractatum
3140 5577 3605 5636 Admonitionem.

2358 5660 2380 5687 θ
2421 5651 2496 5704 Ita
2544 5664 2676 5722 mss.
2704 5661 2924 5722 septem
2972 5652 3212 5707 melioris
3251 5664 3417 5706 noun.
3447 5651 3566 5722 Duo
3596 5668 3720 5708 cum
3747 5651 3858 5704 edit.

2280 5724 2560 5850 omlnibus,
2605 5719 2852 5787 arida—si
2890 5724 3088 5793 placet,
3118 5723 3400 5780 mulorum.
3430 5721 3602 5794 Tres,
3635 5723 3859 5796 adjiciam

2280 5808 2365 5849 mu
2390 5809 2554 5850 orum.

2278 5808 2554 5853 mutorum.
