4066 6360
145 399 280 456 657
369 423 372 426 ’

1139 393 1228 451 DE
1263 389 1513 450 JOSEPH
1551 389 2000 448 PATRIARCl-lA
2042 389 2243 448 LIBER
2282 389 2486 450 UNUS.

3367 389 3476 446 658

146 515 436 573 invadere
463 514 729 572 ecclesias
765 513 980 569 Domini
1025 512 1268 581 improba
1314 509 1620 565 temeritate
1649 523 1782 564 con-
1806 511 1861 572 Α
1887 505 2002 562 Etsi
2031 523 2137 563 non
2183 522 2286 579 ego
2328 507 2530 578 Ioseph
2554 507 2580 546 ι)
2608 509 2764 578 (quis
2797 507 2939 564 enim
2972 507 3152 580 istud)
3181 507 3479 565 clamabam

146 611 384 676 tendit,
430 610 796 680 populumque
835 607 1049 663 fidelem
1093 605 1328 672 spoliare
1369 617 1436 659 ac
1478 603 1766 672 persequi,

147 703 434 774 gravibus
459 700 1048 772 sacrilegiasuppliciis
1074 695 1358 768 expendit.

786 833 1014 891 CAPUT
1054 832 1164 889 γη.

150 948 382 1005 Educta
403 948 603 1022 Ioseph
638 949 701 1003 de
729 964 937 1002 carcere
973 946 1107 1019 regis
1140 945 1393 1000 somnium
1423 941 1732 1014 praponitur
1753 983 1768 1009 ,

235 1063 272 1101 α
298 1063 403 1118 quo
446 1055 495 1102 et
531 1045 841 1116 explicatur.
878 1041 990 1096 Hoc
1020 1041 1318 1095 Ambrosius
1362 1048 1468 1093 tum
1508 1037 1657 1092 rebus
1694 1036 1776 1092 sui

237 1133 522 1208 teinporis,
556 1150 661 1192 tum
690 1137 932 1210 praesenti
962 1147 1008 1190 et
1039 1140 1216 1208 futuro
1261 1133 1454 1188 stucqu
1495 1148 1777 1187 accommo-

237 1231 353 1285 dat.
389 1229 578 1286 Postea
627 1231 843 1303 Iosephi
892 1231 1137 1303 praemia,
1188 1229 1521 1302 conjuginm,
1555 1228 1775 1292 liberos,

235 1326 486 1395 frumenti
517 1324 926 1382 distributionem
951 1325 1166 1396 mystice
1203 1323 1265 1377 de
1294 1322 1499 1378 Christo
1529 1324 1781 1394 interpre-

235 1428 417 1486 tatur;
462 1436 524 1474 ac
568 1419 777 1476 tandem
819 1435 913 1474 nos
956 1419 1026 1473 ad
1057 1417 1333 1472 emendum
1381 1416 1643 1486 spiritalia
1681 1416 1778 1470 ali-

242 1523 420 1568 menta
449 1514 705 1569 hortatur.

237 1628 332 1686 56.
368 1627 476 1685 Sed
525 1636 865 1684 revertamur
910 1629 978 1683 ad
1029 1629 1190 1683 istum
1235 1628 1348 1682 vini
1394 1627 1775 1699 praepositum,

161 1721 265 1790 qui
321 1723 477 1791 quasi
537 1721 712 1777 multo
758 1721 943 1778 ebrius
1004 1737 1158 1777 mero
1205 1720 1453 1777 beneﬁcii
1499 1728 1782 1776 auctorem

163 1813 385 1867 oblitus
413 1821 500 1869 est
527 1813 618 1868 diu
649 1832 663 1868 :
693 1813 985 1883 aliquando
1017 1825 1220 1878 tamen,
1255 1823 1312 1868 ut
1338 1815 1449 1884 regi
1475 1813 1786 1883 provideret

1869 603 2051 656 tamen
2079 613 2271 658 vaccas
2298 603 2418 657 illas
2445 604 2670 674 pingues
2700 618 2804 657 non
2833 602 3008 657 solum
3040 602 3318 658 lasciviam
3339 646 3352 668 ,
3381 604 3476 659 sed

1871 693 2041 748 etiam
2091 687 2353 748 incuriam
2404 694 2603 750 divina)
2649 694 2955 766 signiﬁcare
3005 695 3333 768 reverentia:
3372 695 3486 766 (de

1789 833 1792 836 .
1872 783 2095 856 perﬁdis
2125 786 2270 840 enim
2303 785 2507 840 dictum
2556 795 2640 843 est
2681 804 2694 841 :
2725 787 2890 842 Tauri
2922 787 3138 860 pingues
3181 788 3489 845 obsederunt

1873 896 1954 934 me
1983 878 2116 951 (Ps.
2150 895 2276 944 ut,
2313 883 2380 936 l5
2409 882 2430 952 )
2460 899 2472 934 :
2505 891 2560 938 et
2603 883 2673 939 de
2715 883 3027 939 Judaeorum
3058 884 3262 954 p0pulo
3311 887 3489 958 scrip-

1874 980 2099 1027 tum'est
2150 972 2349 1044 (Deut.
2386 990 2570 1040 xxx",
2601 975 2709 1046 15)
2744 993 2757 1030 :
2797 975 3194 1049 Impinguatus,
3227 976 3395 1051 5.98
3436 986 3486 1034 et

1878 1066 2058 1120 obesus
2089 1066 2289 1136 factus,
2315 1075 2362 1121 et
2406 1067 2654 1122 dilatatus
2693 1079 2798 1133 est,
2837 1080 2882 1123 et
2913 1070 3185 1138 dereliquit
3235 1062 3352 1125 eum
3397 1074 3487 1140 qui

1879 1157 2000 1231 fecit
2025 1163 2186 1230 eum),
2220 1167 2273 1214 et
2299 1161 2422 1215 ideo
2449 1162 2721 1216 somnium
2746 1162 2874 1217 illud
2921 1165 3295 1219 redundantite
3322 1180 3495 1219 saccu-

1879 1253 2012 1309 laris
2059 1263 2378 1325 perpetuum
2428 1270 2551 1311 esse
2599 1272 2707 1311 non
2742 1272 2946 1326 posse:
2981 1257 3098 1313 fore
3129 1267 3344 1330 tempus
3383 1272 3493 1329 quo

1882 1345 1966 1402 his
1998 1347 2168 1402 fames
2197 1348 2332 1403 dura
2363 1349 2704 1404 succederet.

1957 1441 2048 1497 59.
2092 1441 2201 1497 Nec
2231 1450 2406 1498 tamen
2438 1441 2540 1496 hoc
2570 1442 2842 1499 somnium
2885 1443 2979 1498 uni
3023 1453 3116 1499 aut
3156 1443 3368 1499 duobus
3407 1443 3502 1498 de-

1883 1542 2246 1589 monstratum
2278 1535 2555 1603 arbitror,
2588 1535 2686 1591 sed
2727 1536 2990 1592 omnibus
3024 1536 3400 1608 propositum;
3435 1548 3503 1590 co

1882 1627 2030 1698 quod
2077 1637 2286 1698 septem
2332 1629 2460 1683 anni
2508 1630 2663 1685 iatius
2710 1629 2920 1702 mundi,
2948 1630 3208 1700 pingues,
3243 1639 3298 1685 et
3328 1645 3501 1684 stt-cu-

1887 1719 1988 1774 lari
2039 1720 2289 1775 ubertate
2336 1720 2534 1791 opimi,
2567 1722 2964 1777 absorbeantur
3018 1721 3087 1776 ab
3127 1720 3238 1777 illis
3283 1721 3500 1774 sacculis
3597 1736 3604 1744 ·

1883 1823 2011 1882 ’qute
2043 1812 2220 1866 futura
2251 1821 2412 1877 sunt,
2446 1813 2499 1868 in
2531 1815 2724 1885 quibus
2754 1823 3014 1886 perpetua
3059 1816 3214 1886 quies
3236 1855 3250 1880 ,
3284 1825 3337 1870 et
3365 1815 3500 1882 legis

157 1909 562 1976 interpretem,
595 1920 704 1960 non
757 1905 910 1973 quasi
952 1916 1172 1975 gratus,
1199 1905 1296 1961 sed
1349 1906 1502 1976 quasi
1548 1905 2224 1969 callidusBobservantia
2277 1907 2574 1978 spiritalis,
2647 1925 2808 1979 quam
2867 1909 3120 1980 Epltrmm
3179 1909 3272 1964 illa
3330 1909 3499 1963 tribus

156 1997 440 2053 intimavit
483 1999 680 2054 seriem
718 1998 797 2052 rei
827 2007 1015 2068 gestae.
1061 1997 1180 2066 Quo
1233 1998 1454 2068 cognito
1476 2038 1491 2060 ,
1523 2013 1616 2054 rex
1645 2011 1778 2068 quo.

156 2108 276 2162 quc
320 2108 446 2148 cum
471 2092 633 2162 jussit
663 2091 917 2146 accersiri
939 2135 956 2158 ,
985 2101 1311 2162 erutumque
1349 2090 1417 2144 de
1447 2105 1668 2146 carcere
1699 2091 1778 2145 in-

161 2185 496 2255 terrogavit,
519 2185 563 2238 si
595 2194 778 2254 posset
799 2184 1141 2255 interpretari
1169 2183 1272 2240 sibi
1296 2184 1590 2239 somnium.
1612 2183 1780 2254 Cujus

161 2277 564 2347 explanatione
591 2277 913 2344 delectatus,
947 2279 1181 2332 removit
1208 2279 1480 2348 injuriam,
1516 2277 1779 2332 honorem

163 2369 393 2426 detulit.
448 2369 638 2441 itaque
682 2370 864 2426 videte
916 2371 962 2424 si
1008 2385 1117 2426 non
1170 2371 1528 2440 prsusentibus
1572 2381 1627 2426 et
1677 2371 1782 2426 ista

164 2461 530 2517 conveniunt.
573 2461 774 2533 lojuria
809 2463 957 2518 illata
988 2473 1072 2519 est
1101 2465 1252 2535 prius
1280 2479 1443 2534 quam
1483 2479 1783 2534 cognosce-

168 2566 331 2612 retur
361 2573 391 2611 a
429 2572 558 2628 rege
593 2575 605 2611 :
649 2559 824 2628 gratia
865 2558 1034 2613 relata
1058 2603 1072 2627 ,
1111 2560 1196 2614 ubi
1243 2560 1355 2629 regi
1401 2570 1486 2614 est
1507 2558 1776 2628 cognitus.

169 2650 252 2706 Ita
304 2665 401 2707 rex
447 2660 605 2706 vacat
649 2652 840 2722 culpa;
873 2653 1000 2722 quia
1052 2661 1108 2707 et
1152 2652 1202 2706 id
1252 2650 1399 2722 quod
1442 2651 1785 2722 excepitivir

174 2756 401 2799 sanctus
441 2744 689 2814 injurias,
721 2745 960 2800 alienum
1011 2745 1112 2802 fuit
1140 2763 1154 2798 :
1182 2755 1235 2800 et
1285 2745 1341 2800 id
1385 2745 1532 2816 quod
1582 2749 1787 2816 recepit

177 2839 372 2908 gratiae
393 2879 407 2902 ,
437 2839 578 2908 regis
605 2849 688 2892 est
717 2839 1017 2909 proprium.

255 2931 346 2982 57.
391 2938 415 2966 ει
447 2929 731 2985 Somnium
777 2940 960 2985 autem
991 2931 1138 3001 ejus,
1177 2940 1234 2986 et
1263 2931 1642 3001 interpretatio
1687 2929 1790 2986 hu-

177 3023 422 3094 jusmodi
447 3035 532 3080 est
563 3042 576 3080 :
611 3026 994 3093 Quacumque,
1029 3025 1231 3096 inquit,
1263 3028 1388 3097 facit
1418 3024 1592 3091 Deus,
1619 3035 1790 3080 osten-

184 3120 262 3174 dit
293 3118 524 3174 Pharao.
555 3121 769 3189 Septem
794 3135 962 3174 raccw
990 3120 1154 3187 bona,
1187 3128 1380 3189 septem
1405 3120 1528 3174 anni
1553 3128 1714 3184 sunt;
1744 3127 1791 3173 et

183 3221 376 3284 septem
407 3213 566 3284 spica:
591 3215 736 3268 bona:
760 3254 774 3278 ,
804 3222 993 3283 septem
1019 3214 1146 3268 anni
1171 3223 1309 3267 sunt.
1343 3213 1618 3269 Somnium
1651 3211 1791 3266 Pha-

1883 2011 2103 2072 patrum
2141 2001 2250 2057 Deo
2277 2001 2553 2057 fructuosa
2580 2003 2838 2058 custodit.
2871 2003 3017 2058 Bona
3041 2018 3204 2059 vacca
3229 2045 3243 2070 ,
3275 2017 3380 2057 non
3405 2001 3496 2057 illa

1887 2085 2152 2166 carporeo
2199 2095 2434 2151 distenta
2486 2097 2688 2159 ubere.
2739 2097 2832 2152 sed
2883 2096 3171 2153 abundans
3229 2095 3494 2166 spiritalis

1885 2190 2046 2246 lactis
2074 2199 2128 2245 et
2153 2191 2367 2261 gratiae,
2397 2207 2562 2261 super
2591 2191 2746 2262 cujus
2789 2191 3044 2246 decorem
3075 2191 3307 2246 cervicis
3350 2191 3494 2245 Deus

1881 2281 2079 2338 sedere
2105 2299 2162 2338 se
2183 2283 2336 2348 dicit,
2367 2293 2426 2338 ut
2456 2286 2716 2353 scriptum
2745 2293 2831 2339 est
2860 2300 2873 2336 :
2905 2283 3146 2352 Ephrwm
3168 2297 3321 2337 vacca
3344 2282 3498 2335 docta

1887 2377 2102 2448 diligere
2146 2379 2434 2432 victoriam.
2466 2377 2580 2448 Ego
2623 2388 2795 2431 autem
2824 2377 3042 2432 transivi
3078 2392 3234 2446 super
3263 2376 3498 2429 decorem

1883 2470 2095 2523 cervicis
2124 2474 2236 2542 ejus
2262 2468 2282 2541 (
2309 2468 2427 2522 Ose.
2455 2485 2510 2533 ι,
2541 2469 2604 2523 ll
2632 2467 2674 2539 ).
2703 2468 2819 2525 Non
2847 2483 2978 2537 ergo
3007 2469 3306 2538 impinguet
3331 2481 3504 2536 caput

1878 2570 2134 2616 ﬂostrum
2167 2562 2348 2615 oleum
2379 2559 2679 2631 peccatoris
2701 2601 2717 2627 ,
2748 2576 2850 2614 nec
2897 2560 3017 2614 falsi
3067 2558 3277 2614 fructus
3307 2557 3498 2612 delec-

1882 2667 2004 2713 tare
2033 2671 2133 2712 nos
2153 2655 2374 2721 debent,
2405 2669 2472 2710 ne
2500 2655 2718 2709 dicatur
2741 2664 2797 2709 et
2820 2654 2888 2708 de
2909 2653 3070 2708 nobis
3099 2670 3111 2706 :
3141 2662 3163 2692 ο
3191 2651 3499 2709 Seminastis

1885 2752 2232 2823 impietatem,
2261 2761 2306 2804 et
2350 2751 2642 2819 iniquitates
2669 2749 2783 2815 eius
2837 2747 3212 2803 sindemiastis.
3267 2744 3498 2800 Mandu—

1891 2843 2017 2896 casti
2057 2842 2292 2912 fructum.
2328 2840 2518 2911 falsum
2541 2881 2556 2905 ,
2600 2840 2724 2911 quia
2762 2841 2982 2909 sperasti
3026 2840 3082 2893 in
3125 2838 3360 2893 curribus
3398 2838 3499 2892 tuis

1887 2938 1912 2996 t
1939 2931 2106 2992 fbid..
2142 2931 2274 3004 15).
2307 2932 2419 2986 Nec
2447 2946 2538 2986 me
2586 2943 2768 2987 movet
2789 2931 2934 3000 quod
2965 2931 3129 2986 habet
3173 2931 3354 3000 spicas
3383 2943 3498 2984 ma-

1896 3040 2038 3091 cras,
2071 3033 2128 3080 et
2154 3033 2316 3079 vento
2341 3032 2664 3094 corruptas;
2692 3022 2818 3094 quia
2849 3033 2903 3078 et
2949 3022 3116 3077 David
3143 3030 3276 3077 tunc
3305 3021 3501 3076 melior

1896 3127 2046 3183 erat,
2097 3115 2311 3186 quando
2355 3116 2495 3170 sicut
2542 3131 2734 3171 aranea
2779 3117 3132 3171 tabescebat:
3174 3123 3230 3169 et
3279 3113 3502 3185 spiritus

1898 3209 2294 3265 contribulatus
2325 3208 2650 3265 sacrificium
2683 3207 2778 3264 Dei
2823 3217 2935 3275 est;
2969 3220 3024 3264 et
3052 3207 3128 3263 illi
3162 3207 3501 3278 praestantio-

185 3323 280 3362 rao
307 3323 469 3364 unum
493 3318 588 3363 est.
618 3307 689 3362 Et
713 3317 906 3378 septem
935 3324 1100 3362 vacctc
1137 3323 1358 3374 ntacrw,
1386 3323 1502 3378 qua:
1527 3317 1640 3378 post
1670 3306 1790 3363 illas
1817 3304 1861 3368 C
1897 3318 1987 3358 res
2010 3303 2281 3369 evadunt,
2312 3318 2476 3374 quos
2501 3303 2554 3356 in
2587 3301 2690 3356 hoc
2732 3302 2936 3358 saeculo
2979 3300 3241 3373 gravibus
3287 3300 3502 3371 injuriis

183 3401 560 3467 ascendebant,
590 3412 780 3472 septem
828 3403 952 3456 anni
996 3412 1154 3469 sunt;
1182 3412 1228 3457 et
1252 3413 1441 3475 septem
1481 3403 1640 3470 spica:
1681 3419 1789 3458 ma-

184 3509 308 3560 εγω,
342 3505 388 3547 et
415 3511 448 3548 a
475 3505 622 3549 vento
650 3505 930 3567 corruptor,
960 3504 1150 3563 septem
1180 3496 1304 3548 anni
1331 3505 1468 3548 sunt.
1500 3492 1616 3548 Erit
1669 3511 1804 3566 sep—_

184 3597 284 3640 tem
310 3588 460 3642 annis
483 3587 668 3658 fames.
708 3586 932 3642 Verbum
962 3597 1132 3642 autem
1159 3589 1297 3659 quod
1322 3587 1434 3642 dixi
1466 3602 1486 3642 :
1517 3588 1788 3655 Quaecum-

184 3697 282 3748 que
313 3681 438 3751 facit
466 3677 630 3748 Deus,
662 3681 881 3736 ostendit
912 3679 1142 3734 Pharao.
1172 3679 1307 3736 Ecce
1333 3690 1524 3752 septem
1552 3682 1676 3735 anui
1705 3697 1787 3736 ve-

187 3773 335 3826 niunt
362 3772 613 3828 ubertatis
657 3789 858 3844 magna:
884 3774 938 3828 in
973 3783 1136 3828 totam
1181 3783 1367 3828 terram
1398 3772 1641 3845 Egypti.
1683 3772 1783 3830 Ve-

187 3866 290 3919 niet
337 3876 507 3919 autem
551 3877 738 3938 septem
790 3867 940 3920 annis
986 3869 1144 3935 {ames
1189 3867 1435 3932 posthaec
1460 3909 1476 3930 ,
1508 3877 1553 3920 et
1581 3867 1786 3921 oblivis-

187 3968 362 4013 centur
402 3958 680 4012 ubertatem
725 3958 779 4011 in
825 3967 931 4012 tota
959 3957 1192 4028 Aigypto
1221 3967 1306 4011 :et
1333 3969 1594 4012 consumet
1625 3963 1787 4030 [ames

190 4059 350 4105 totam
377 4059 588 4116 terram,
619 4059 667 4104 et
698 4066 801 4104 non
831 4060 1138 4122 agnoscetur
1161 4051 1394 4104 urbcrtas
1419 4060 1569 4104 terra:
1595 4067 1628 4104 a
1652 4053 1788 4120 [ante

188 4161 302 4216 qua:
333 4147 510 4216 futura
538 4153 753 4214 881.908!
776 4146 902 4200 hcc.
950 4143 1142 4199 Valida
1171 4146 1305 4202 enim
1349 4144 1585 4198 nimium.
1638 4144 1788 4212 Quod

188 4246 356 4291 autem
394 4237 595 4292 iteravit
639 4237 895 4290 somnium
947 4235 1154 4290 Pharao
1181 4235 1294 4301 bis;
1317 4236 1440 4306 quia
1489 4250 1663 4289 verum
1691 4235 1789 4291 erit

189 4328 391 4383 uerbum
421 4346 452 4382 a
502 4329 610 4382 Deo
629 4369 642 4393 ,
689 4337 734 4382 et
761 4328 1024 4408 festinabit
1051 4327 1188 4382 Deus
1218 4331 1385 4397 facere
1412 4327 1566 4381 illud.
1601 4327 1618 4399 (
1650 4327 1781 4383 Gen.

195 4419 407 4486 th,‘25
437 4429 481 4474 et
506 4421 656 4488 seq.)
937 4425 944 4432 ’
999 4409 1004 4416 ’

263 4513 348 4567 58.
397 4513 562 4568 Vetus
611 4511 924 4579 somnium,
955 4498 1044 4567 res
1089 4513 1356 4568 recentes.
1387 4512 1785 4569 Pusterioribus

195 4607 368 4676 priora
409 4615 727 4677 consumpta
767 4613 894 4661 sunt
928 4625 941 4660 :
975 4617 1031 4663 et
1061 4607 1155 4661 ubi
1196 4618 1312 4662 erat
1351 4616 1476 4662 ante
1522 4607 1785 4662 ubertatis

1893 3398 2122 3468 spiritus
2154 3398 2422 3468 malignus
2449 3396 2711 3452 exercuit.

1964 3489 2056 3545 40.
2097 3487 2253 3545 Unde
2282 3489 2452 3560 magis
2483 3490 2710 3561 mystica
2743 3489 3007 3544 meruisse
3037 3489 3259 3558 praemia
3291 3487 3496 3558 Ioseph

1893 3584 2129 3639 arbitror
2152 3625 2167 3650 ,
2209 3584 2332 3654 quia
2363 3584 2431 3638 de
2471 3583 2714 3655 mysticis
2751 3579 2887 3637 estd
2913 3582 3145 3637 locutus.
3174 3582 3314 3651 Quid
3354 3582 3497 3638 enim

1891 3677 1993 3732 sibi
2022 3677 2138 3731 vult
2168 3677 2406 3730 annulus
2429 3675 2600 3748 digito
2629 3676 2746 3746 ejus
2778 3677 3014 3731 insertus
3035 3719 3049 3743 ,
3078 3676 3179 3732 nisi
3213 3690 3270 3731 ut
3300 3676 3505 3732 intelli-

1891 3785 2083 3841 gamus
2121 3769 2496 3841 pontiﬁcatnm
2537 3771 2586 3824 ei
2630 3769 2753 3825 ﬁdei
2802 3784 2927 3825 esse
2969 3769 3232 3837 delatum,
3262 3779 3324 3824 ut
3361 3770 3503 3826 alios

1893 3865 2010 3934 ipse
2038 3865 2317 3932 signaret?
2345 3863 2484 3932 Quid
2511 3862 2672 3929 stola,
2697 3865 3058 3933 qutcamictus
3081 3871 3167 3916 cst
3192 3862 3499 3932 sapientius,

1894 3963 1994 4017 nisi
2027 3961 2284 4016 tributum
2309 3961 2356 4014 ei
2387 3960 2454 4013 ab
2476 3961 2570 4014 illo
2598 3975 2727 4028 rege
2750 3960 2982 4019 ctelesti.
3017 3958 3320 4028 prudentia
3347 3957 3500 4024 prin-

1892 4054 2164 4124 cipatum?
2194 4053 2438 4123 Torques
2467 4067 2665 4108 aureus
2691 4053 3028 4106 intellectum
3059 4051 3259 4106 bonttm
3285 4050 3501 4106 videtur

1892 4148 2216 4216 exprimere.
2266 4143 2471 4199 Currus
2517 4160 2733 4215 quoque
2785 4142 3050 4214 signiﬁcat
3092 4143 3362 4215 fastigium
3408 4158 3500 4198 su-

1893 4241 2057 4296 blime
2103 4239 2450 4294 meritorum.
2479 4239 2612 4306 Quis
2660 4247 2842 4294 autem
2887 4246 2969 4292 est
3015 4237 3111 4308 qui
3160 4252 3224 4292 ex
3252 4237 3501 4308 gentibus

1892 4335 2103 4404 accepit
2139 4347 2363 4388 uxorem
2389 4375 2404 4399 ,
2447 4331 2550 4386 nisi
2577 4331 2669 4402 qui
2722 4328 3019 4385 Ecclesium
3067 4343 3138 4385 ex
3185 4330 3500 4386 nationibus

1893 4428 1995 4484 sibi
2027 4427 2395 4498 congregavit,
2426 4435 2480 4481 et
2509 4426 2746 4495 suscepit
2777 4439 2848 4480 ex
2881 4439 2944 4478 ea
2973 4423 3145 4478 ﬁlium
3178 4423 3500 4489 Manassen,

1892 4537 1992 4592 per
2021 4535 2182 4593 quem
2225 4520 2434 4584 oblitus
2471 4528 2553 4574 est
2584 4531 2777 4573 omnes
2823 4517 3044 4572 dolores
3069 4527 3368 4588 suos'quos
3401 4515 3499 4570 ha-

1889 4614 2008 4671 buit
2035 4613 2103 4670 de
2145 4612 2444 4681 sacrilegiis
2491 4609 3314 4680 Iudaeorum?8uscepit.alium
3363 4624 3499 4678 quo-

194 4697 338 4768 copia
361 4739 375 4764 ,
411 4699 480 4753 ibi
515 4715 695 4754 rerum
724 4699 969 4754 omnium
999 4699 1137 4755 facta
1174 4710 1258 4756 est
1285 4701 1599 4771 indigentia.
1629 4700 1783 4767 Quod
1810 4706 1865 4766 D
1891 4725 1996 4780 que
2021 4708 2187 4763 ﬁlium
2214 4707 2490 4776 Ephrmm,
2513 4722 2606 4775 per
2631 4707 2786 4776 cujus
2807 4705 3109 4775 profectum
3133 4705 3329 4759 claruit
3353 4703 3498 4771 quod

198 4793 239 4846 si
269 4793 382 4860 quis
410 4792 713 4863 hujusmodi
743 4795 854 4863 regi
883 4783 1172 4850 consilium
1201 4794 1463 4860 dedisset,
1490 4794 1782 4865 ut‘aliquid

200 4884 263 4939 de
287 4886 547 4954 superiori
578 4886 826 4942 ubertate
856 4885 1150 4957 posteriori
1180 4885 1513 4956 principatus
1541 4885 1626 4941 sui
1671 4902 1787 4942 ser-

201 4987 342 5032 varet
366 4981 506 5033 aetati
534 5021 548 5044 ,
581 4983 791 5052 reliquo
839 4995 1058 5050 quoque
1088 4982 1317 5048 tempori
1356 4981 1504 5050 larga
1545 4981 1784 5036 donandi

199 5071 458 5128 afﬂuentia
491 5075 868 5130 redundasset.
899 5074 1005 5131 Sed
1037 5073 1320 5128 immodica
1358 5075 1462 5126 aevi
1491 5075 1787 5140 superioris

200 5167 380 5222 ellusio
421 5168 585 5222 etiam
629 5169 932 5238 posteriora
973 5167 1249 5232 desﬁtuit,
1279 5175 1332 5220 et
1361 5163 1610 5219 homines
1652 5163 1787 5218 diri-

201 5261 399 5329 pieutes
427 5261 706 5327 universa,
733 5262 966 5331 aliquem
991 5258 1195 5330 Ioseph
1219 5257 1482 5316 adbibere
1503 5255 1782 5312 nolebant.

269 5427 291 5454 ιι
311 5418 463 5492 Rom.
495 5420 654 5483 edit.,
685 5420 748 5472 Et
781 5420 910 5473 dixit
953 5420 1145 5486 Ioseph
1173 5419 1437 5474 Pharaoni
1472 5437 1489 5492 ς
1519 5417 1791 5492 Somnium

212 5488 482 5560 Pharaonis
544 5507 702 5544 unum
761 5502 875 5557 est,
939 5501 987 5544 et
1054 5492 1406 5560 interpretatio
1465 5488 1787 5560 hujusmodi.

205 5559 383 5631 Totum
437 5560 613 5616 locum
647 5580 708 5616 ex
739 5563 870 5615 ctlit.
901 5571 1005 5614 vet.
1042 5577 1102 5615 ac
1143 5559 1272 5617 mas.
1308 5559 1786 5631 reprtcsentamus.

269 5630 292 5669 δ
320 5631 443 5692 Mss.
471 5631 708 5699 aliquot,
743 5641 798 5686 et
825 5632 1068 5702 quaedam
1098 5633 1230 5686 edit.
1267 5630 1462 5698 Puris,
1496 5633 1625 5699 Quis
1655 5633 1788 5686 enim

207 5705 337 5757 sum?
361 5702 662 5757 Clamabunt
691 5705 918 5774 (aliqui,
940 5705 1242 5776 clamabat)
1285 5716 1495 5763 tamam.
1527 5716 1632 5758 etc.
1661 5703 1785 5757 Plu-

210 5789 285 5828 l't'S
311 5791 436 5829 mss.
473 5789 534 5828 ac
581 5783 689 5830 vet.
726 5775 886 5838 edit.,
921 5775 1044 5840 Quis
1083 5778 1214 5827 enim
1257 5777 1425 5842 istud,
1457 5784 1556 5830 etc.
1592 5776 1787 5829 Subin-

211 5847 392 5917 tellige,
421 5845 488 5900 de
515 5861 573 5902 se
599 5847 765 5911 dicat,
799 5848 878 5901 vel
911 5846 1036 5917 quid
1067 5847 1263 5901 simile.

277 5927 294 5950 ⁸
326 5917 545 5987 Vulgata
577 5918 730 5985 edit.,
765 5918 958 5971 Arastis
992 5918 1336 5988 impietatem;
1362 5917 1570 5971 videtur
1608 5926 1785 5972 autem

1893 4809 2142 4870 suscepta
2178 4799 2231 4852 in
2260 4813 2422 4852 carne
2453 4797 2725 4852 humilitas
2753 4797 3160 4853 ctdivinitatem
3186 4812 3292 4850 non
3321 4793 3498 4850 humi-

1895 4892 2066 4958 liavit,
2092 4899 2148 4946 et
2177 4890 2404 4959 gloriam
2441 4889 2755 4945 cumulavit.

1962 4982 2054 5036 4|.
2102 4982 2342 5050 Denique
2382 4981 2710 5052 quicumque
2758 4979 2956 5036 famem
3004 4978 3381 5050 patiebantur,
3429 4978 3495 5033 ad

1892 5073 2093 5143 Ioseph
2143 5072 2519 5128 mittebantur.
2569 5073 2668 5141 Qui
2709 5084 2836 5126 sunt
2863 5072 2987 5136 isti,
3036 5071 3136 5125 nisi
3184 5072 3252 5126 de
3302 5069 3500 5140 quibus

1891 5165 2091 5220 dictum
2123 5173 2206 5219 est
2235 5182 2248 5218 :
2280 5162 2646 5222 Conoertentur
2689 5165 2759 5218 ad
2789 5179 3074 5234 vesperam,
3103 5173 3152 5218 et
3183 5164 3373 5231 [amem
3401 5179 3498 5232 pa-

1895 5259 2081 5312 tientur
2107 5264 2165 5310 ut
2195 5272 2345 5310 canes
2388 5257 2407 5328 (
2433 5257 2574 5311 Psat.
2608 5271 2762 5321 Lvut,
2797 5256 2826 5309 7
2855 5256 2915 5325 )‘t
2946 5255 3079 5309 Erat
3106 5264 3285 5312 autem
3330 5256 3498 5310 tantes

1900 5431 2116 5476 sanctus
2171 5417 2532 5475 Vir'secutus
2579 5419 3082 5487 interpretationem
3128 5418 3363 5487 Aquilte.
3413 5419 3500 5474 vel

1898 5490 2230 5562 Symmachi.
2276 5492 2408 5546 Nam
2435 5491 2572 5545 LXX
2608 5493 2801 5564 habent
2847 5485 2954 5544 Ἵνα
2982 5494 3032 5543 τὶ
3062 5485 3498 5564 aegrotassem

1899 5560 2170 5628 ὰὸ-ἐϐειαν,
2216 5574 2266 5615 ut
2308 5565 2432 5632 quid
2473 5561 2742 5614 reticuisiis
2786 5562 3099 5632 iinpirtatrm
3125 5560 3272 5632 (rete.
3310 5560 3501 5613 llmro-

1898 5651 2090 5704 nyutns
2111 5677 2130 5698 ι
2161 5633 2299 5696 Quid
2320 5631 2889 5704 ireticetisimpietates.
2923 5631 3074 5704 Illum
3126 5631 3191 5685 de
3224 5632 3496 5698 signiﬁca-

1898 5700 2040 5759 tione
2070 5705 2218 5759 verbi
2253 5706 2459 5757 reticere
2486 5701 2573 5755 adi
2600 5700 2906 5755 Comment.
2940 5703 2989 5754 in
3024 5702 3162 5755 Osce
3193 5717 3311 5771 cap.
3346 5719 3399 5756 x.

1969 5774 1992 5810 ιί
2026 5776 2152 5828 l’ost
2201 5790 2386 5829 Vocem
2437 5774 2670 5835 locutus,
2702 5773 2853 5826 addit
2891 5772 3046 5827 limit.
3084 5773 3211 5828 edit.
3259 5773 3322 5828 Et
3363 5777 3502 5828 acci-

1895 5847 2037 5916 piens
2083 5844 2289 5900 Pharao
2342 5845 2596 5898 annulum
2656 5844 2718 5897 de
2769 5860 2904 5910 sua,
2942 5846 3150 5898 ξηεινμὶι
3191 5862 3301 5900 eum
3343 5862 3497 5908 super

1899 5935 2102 5968 manum
2125 5916 2339 5987 Ioseph,
2373 5917 2621 5969 et'induit
2654 5932 2766 5969 eum
2809 5918 2939 5970 stola
2979 5919 3201 5986 byssina,
3231 5929 3334 5968 mc.
