4138 6366
561 276 665 334 605

557 394 692 452 Gen.
722 408 873 460 xun,
899 393 1024 462 23);
1059 390 1161 445 hoc
1187 398 1291 456 est,
1335 399 1443 442 non
1473 392 1559 441 est
1593 381 1725 439 illud
1754 379 2035 437 materiale
2064 394 2153 433 ar-
2184 383 2238 440 Α

556 500 780 560 gentum
803 495 1043 542 vestrum
1061 502 1075 537 :
1092 482 1186 537 sed
1206 479 1453 547 spiritale
1469 485 1753 548 argentum
1772 482 2038 537 vestrum,
2059 473 2161 527 hoc

558 593 647 638 est
671 562 920 651 probum,
948 574 1089 648 quod
1115 575 1219 630 lida
1247 572 1536 628 devotione
1565 568 1717 637 quasi
1744 568 1910 623 Jacob
1950 566 2042 620 lilii
2063 564 2159 621 de-

557 676 784 740 tulistis,
818 668 961 743 quod
995 671 1113 726 sine
1138 669 1336 723 damno
1353 666 1531 730 datur,
1565 673 1620 718 ct
1645 664 1762 717 sine
1802 662 1911 716 ullo
1940 659 2160 729 dispen-

557 768 652 823 dio
673 774 1094 822 annumeratur:
1115 758 1546 832 quandoquidem
1566 756 1656 811 tali
1682 754 1854 825 pretio
1868 752 2162 832 detrimen-

556 868 671 916 tum
714 859 903 915 mortis
920 855 1259 919 "excluditur,
1292 852 1500 907 lucrum
1529 850 1653 904 vita:
1678 840 1996 917 acquiritur.
2052 854 2053 857 ‘

1090 1050 1093 1053 ,
1192 970 1422 1045 CAPUT
1453 985 1521 1042 χ.

564 1109 764 1165 Paucis
798 1111 861 1165 de
892 1108 1129 1164 meridie
1147 1105 1448 1177 promissis,
1486 1109 1786 1173 paratarum
1804 1114 2075 1155 munerum
2102 1097 2167 1152 il-

633 1205 779 1270 latio,
816 1202 1039 1257 convivii
1066 1199 1375 1254 instauratio
1429 1208 1476 1251 et
1506 1194 1908 1250 humanissimus
1947 1189 2166 1261 Iosephi

632 1314 748 1352 cum
799 1295 1049 1365 fratribus
1096 1307 1399 1365 congressus
1452 1293 1767 1359 referuntur.
1822 1284 1922 1340 Hic
1952 1288 2165 1355 fratrem

634 1391 909 1463 Benjamin
934 1390 1133 1450 videns,
1168 1388 1335 1457 deque
1356 1401 1415 1440 eo
1441 1384 1747 1447 sciscitatus,
1777 1380 1854 1435 illi
1882 1377 2162 1441 benedixit,

629 1495 780 1557 atque
803 1484 869 1539 ad
899 1480 1237 1537 occultandas
1268 1480 1526 1549 lacryutus
1556 1492 1672 1529 cum
1708 1473 2017 1532 recessisset.
2047 1486 2167 1524 mox

634 1583 741 1636 lota
782 1581 916 1650 facie
960 1577 1251 1632 revertitur.
1295 1574 1491 1642 Quibus
1536 1570 1840 1641 adiungitur
1881 1566 2091 1622 moralis
2118 1575 2167 1620 et

645 1672 864 1743 mystica
900 1668 1278 1735 interpretatio.

1922 260 2164 323 SANC'I‘I
2202 255 2528 320 AMBROSII

3754 262 3871 319 σει

2336 376 2426 432 56.
2470 377 2772 447 Respiciens
2807 386 2979 433 autem
3010 378 3174 433 oculis
3202 378 3333 435 uidit
3355 375 3631 449 Beniamin
3652 379 3877 451 fratrem

2266 480 2521 527 suum‘ex
2548 466 2923 528 eadent‘matre
2968 472 3159 547 (Ibid.,
3191 471 3308 544 99).
3356 469 3384 510 δ
3430 472 3630 529 Mor‘ale
3673 484 3781 540 eat,
3815 484 3884 527 ut

2266 578 2403 635 quos
2432 565 2735 635 diligimus,
2766 580 2862 621 eos
2887 565 3169 621 videamus
3210 580 3322 635 pra:
3350 565 3591 631 caeteris;
3632 575 3693 621 et
3730 580 3884 637 quos

2266 658 2430 711 animi
2475 657 2705 711 intentio
2745 665 2893 714 tenet
2939 654 3169 728 priores,
3222 668 3317 713 eos
3359 657 3582 713 obtutus
3621 658 3881 713 emendat

2266 752 2569 808 oculorum.
2625 752 2904 825 Siquidem
2951 755 3295 826 plerumque
3322 744 3467 811 circa
3512 754 3614 809 alia
3648 754 3886 811 "tn'entis

2270 848 2629 915 oecupatiune
2685 846 2939 915 distriCIi,
2992 836 3129 919 quos
3178 848 3442 905 habemus
3476 834 3610 905 ante
3649 832 3882 915 oculos,

2268 954 2376 994 non
2404 939 2651 995 videmus
2692 959 2706 994 :
2736 930 2971 997 itaduce
3010 941 3190 996 animo
3220 941 3468 1011 dirigitur
3501 940 3691 997 no’Ster‘
3711 956 3887 1008 assie-

2267 1041 2406 1089 ctus.
2434 1031 2581 1088 Vidit
2610 1033 2769 1104 igitur
2791 1032 3071 1104 Benjamin
3101 1035 3325 1088 fratrem
3353 1036 3509 1088 suum
3527 1043 3752 1088 sanctus
3780 1032 3886 1089 Jo-

2267 1126 2423 1196 seph.
2457 1140 2616 1197 quem
2649 1127 2864 1182 tenebat
2892 1116 3095 1192 animo,
3126 1132 3287 1197 quem
3311 1127 3483 1182 oculis
3512 1126 3839 1197 requirebat
3870 1148 3883 1179 :

2268 1235 2374 1291 quo
2397 1219 2645 1287 absente,
2687 1219 2881 1277 l‘r‘atres
2913 1236 3051 1288 pene
3080 1228 3187 1275 non
3222 1221 3447 1288 viderat,
3480 1232 3501 1260 ο
3535 1222 3659 1290 quia
3686 1221 3889 1279 videre

2267 1314 2402 1369 nihil
2441 1314 2694 1384 proderat
2726 1332 2741 1370 :
2782 1327 2881 1369 nec
2910 1314 3083 1367 solum
3109 1313 3314 1369 vidisse
3352 1316 3673 1380 ‘boutentus,
3718 1314 3889 1384 quasi

2269 1407 2505 1463 nesciret
2556 1409 2909 1479 interrogavit
2956 1426 2967 1461 :
3035 1405 3135 1461 Hic
3187 1408 3349 1477 frater
3405 1420 3568 1463 vester
3617 1418 3696 1462 est
3746 1410 3891 1463 ado—

2273 1498 2576 1556 lescentior?
2626 1500 2978 1556 Consuetudo
3011 1509 3066 1556 et
3108 1500 3602 1571 gratia'charitatis
3657 1509 3767 1565 est,
3823 1508 3888 1557 ut

2270 1593 2498 1649 dilectos
2528 1594 2684 1650 nobis
2711 1608 2817 1648 non
2850 1596 3026 1649 solum
3058 1593 3251 1659 oculis,
3294 1592 3389 1649 sed
3415 1593 3576 1648 etiam
3615 1608 3888 1650 sermone

2270 1693 2572 1741 teneamus.
2614 1688 2924 1758 Agnoverat
2958 1684 3160 1755 Ioseph
3202 1685 3461 1739 dilectum
3506 1698 3663 1741 suum
3709 1703 3723 1739 :
3776 1686 3887 1741 sed

631 1784 723 1841 52.
760 1764 1103 1840 Paraeerunt‘
1126 1784 1297 1837 autem
1329 1790 1574 1844 munera,
1608 1780 1770 1833 donec
1816 1776 2048 1831 introiret
2077 1773 2108 1828 Ι
2118 1791 2173 1828 ο-
2203 1780 2251 1844 B
2276 1777 2401 1833 ideo
2428 1778 2818 1850 interrogabat,
2849 1788 2907 1834 ut
2941 1791 3102 1850 quem
3133 1777 3351 1834 tenebat
3373 1777 3611 1847 aninms,
3640 1792 3747 1833 vox
3784 1792 3887 1833 so-

555 1881 683 1951 seph
736 1880 949 1934 meridie
994 1876 1183 1950 (Ibid.,
1212 1875 1327 1946 25).
1380 1874 1717 1932 Acoeleravit
1757 1872 1986 1928 meridie
2030 1870 2162 1926 lides

555 1973 735 2029 Pauli.
761 1972 902 2027 Ante
939 1987 1116 2026 cwcus
1155 1980 1294 2034 erat,
1328 1979 1515 2037 postea
1548 1967 1717 2037 coepit
1760 1965 1943 2022 ridere
1982 1965 2162 2020 lumen

553 2068 803 2138 justilim;
827 2065 1080 2138 quoniam
1100 2066 1188 2136 qui
1206 2063 1489 2120 rcw-latad
1513 2063 1797 2117 Dominum
1820 2062 1963 2115 viam
1983 2075 2158 2128 suam,

556 2171 613 2215 et
636 2172 821 2230 sperat
867 2160 918 2213 iu
946 2140 1093 2224 eum,
1135 2158 1392 2212 Dominus
1422 2170 1636 2227 quoque
1667 2153 1862 2211 educet
1890 2164 2159 2225 tamquam

554 2252 740 2309 lumen
768 2250 1046 2323 justitiam
1090 2252 1226 2323 ejus,
1261 2260 1316 2305 et
1357 2249 1617 2319 judicium
1643 2248 1762 2318 ejus
1813 2248 1954 2303 sicut
2000 2247 2164 2302 meri-

553 2343 722 2400 diem.
770 2347 837 2401 Et
867 2345 1098 2401 Abrahae
1130 2344 1348 2415 quando
1393 2344 1533 2398 Deus
1578 2341 1827 2412 apparuit
1870 2339 1938 2394 ad
1983 2340 2160 2393 ilicem

552 2435 822 2503 Mambre,
871 2437 1129 2491 meridies
1173 2446 1314 2502 erat,
1359 2433 1446 2489 cui
1498 2435 1565 2490 de
1613 2433 1904 2503 prtesentia
1949 2431 2161 2486 Domini

555 2526 651 2582 ius
685 2528 888 2582 acterna
922 2528 1177 2598 fulgebat.
1214 2526 1465 2581 Meridies
1494 2534 1579 2580 est
1601 2524 1818 2595 quando
1845 2524 2044 2593 Ioseph
2069 2538 2161 2579 ve-

553 2630 652 2673 rus
684 2617 737 2672 in
767 2619 988 2673 dotnum
1016 2624 1169 2672 suam
1202 2614 1387 2681 intrat,
1421 2628 1477 2671 ut
1514 2617 1793 2688 prandeat.
1830 2615 1989 2671 Tunc
2020 2615 2161 2671 enim

554 2712 682 2784 plus
708 2713 830 2769 dies
860 2713 1025 2779 lucet,
1052 2712 1269 2784 quando
1294 2722 1630 2769 sacramenta
1661 2711 2017 2767 celebramus.

632 2806 724 2861 53.
773 2805 837 2860 Et
875 2806 1159 2861 intulerunt
1190 2806 1257 2872 ei,
1287 2806 1480 2875 inquit,
1514 2820 1730 2859 munera
1770 2802 1962 2875 (lbid.,
1998 2801 2079 2856 ’26
2116 2811 2164 2857 et

555 2898 714 2970 seq.).
762 2898 871 2954 Nos
915 2915 1143 2955 munera
1176 2899 1480 2962 inferimus,
1532 2897 1625 2952 ille
1668 2897 1933 2952 instaurat
1974 2895 2161 2950 convi-

555 2992 730 3048 vium.
768 2993 860 3049 Ille
907 2993 1036 3048 dicit
1072 3010 1085 3045 :
1117 2992 1377 3061 Apponite
1411 3008 1589 3059 panes,
1629 3006 1765 3062 quos
1808 2991 1906 3044 soli
1951 2989 2163 3044 Hebraei

555 3093 802 3151 sumunt,
854 3084 1093 3158 Egyptii
1136 3085 1467 3140 manducare
1498 3098 1603 3140 non
1634 3091 1882 3153 possunt.
1907 3081 2013 3139 Sed
2038 3090 2163 3139 ante

2268 1880 2445 1930 naret.

2343 1960 2441 2023 57.
2478 1958 2717 2038 Denique
2766 1981 2876 2021 non
2934 1967 3275 2037 exspectavit
3313 1975 3373 2020 ut
3406 1965 3881 2035 reaponderetur:

2266 2058 2362 2113 sed
2397 2060 2655 2113 continuo
2690 2059 2969 2114 benedixit
2996 2074 3141 2124 eum,
3174 2067 3227 2113 ct
3254 2048 3502 2114 turbatus
3542 2068 3624 2114 est
3653 2059 3879 2115 deside-

2264 2152 2331 2207 rii
2364 2152 2444 2204 sui
2478 2152 2671 2206 fructu.
2696 2150 3088 2223 Torquebantur
3115 2161 3282 2205 autem
3310 2153 3509 2207 viscera
3535 2153 3647 2223 ejus
3678 2152 3879 2225 (Ibid.,

2263 2245 2390 2315 50);
2433 2247 2554 2315 quia
2606 2245 3001 2314 complectendi
3049 2246 3166 2318 ejus
3223 2261 3383 2317 quem
3442 2246 3879 2317 desideraverat,

2265 2336 2486 2391 libertas
2531 2337 2898 2393 dim-rebatur.
2949 2338 3217 2409 Denique,
3281 2339 3560 2412 Ingressus
3601 2340 3658 2393 in
3697 2356 3883 2409 prom-

2265 2432 2535 2503 ptuarium
2554 2432 2799 2500 ploravit,
2831 2440 2880 2485 et
2912 2431 3033 2485 lauit
3060 2433 3245 2502 faciem
3273 2447 3444 2495 suam,
3477 2429 3505 2470 ἀ
3534 2442 3582 2485 et
3623 2434 3883 2487 continuit

2265 2538 2320 2577 se
2359 2520 2551 2590 (Ibid,
2596 2523 2733 2594 ‘50).
2784 2524 3019 2580 Grandis
3072 2523 3273 2580 amoris
3316 2526 3491 2581 aculei
3557 2525 3668 2580 cito
3703 2527 3878 2581 corda

2264 2627 2678 2687 compungunt,
2723 2616 2827 2672 nisi
2861 2617 3115 2674 desiderii
3162 2616 3313 2674 frena
3358 2619 3625 2674 laxentur.
3682 2619 3881 2675 Vince-

2265 2708 2425 2762 batur
2482 2708 2677 2763 aliectu
2724 2708 2951 2781 Joseph,
3004 2709 3666 2766 didenbatur'consilio:
3724 2714 3869 2768 ratio

2267 2813 2392 2855 cum
2421 2814 2607 2855 amore
2635 2802 2901 2858 certabat.
2933 2802 3126 2868 Flevit,
3159 2812 3220 2858 ut
3264 2804 3465 2859 amoris
3496 2803 3570 2874 pii
3605 2814 3773 2861 :estus
3797 2806 3877 2862 la-

2266 2895 2469 2965 crymis
2498 2902 2846 2963 temperaret.
2882 2893 3011 2949 Herc
3038 2894 3333 2951 moraliter.

2337 2987 2427 3044 58.
2460 2987 2682 3061 Mystice
2706 2999 2911 3044 autem.
2947 2987 3085 3043 Vidit
3110 2988 3373 3049 Dominus
3416 2989 3579 3047 Jesus
3618 2989 3869 3059 Paulum,

2266 3080 2410 3135 oculi
2440 3081 2584 3135 enim
2619 3081 2832 3137 Domini
2873 3096 3039 3151 super
3066 3082 3350 3152 justos,‘dt
3376 3082 3526 3138 dixit
3558 3101 3573 3137 :
3618 3083 3724 3139 Hie
3762 3088 3873 3157 fro-

546 3179 869 3234 convivium
915 3189 1115 3250 quanta
1154 3178 1430 3248 dignatio!
1466 3186 1495 3218 ι
1526 3180 1695 3248 Quam
1741 3193 1877 3235 usus
1919 3179 2076 3233 istius
2110 3188 2165 3234 et
2191 3185 2237 3248 (ζ
2269 3182 2344 3228 ter
2371 3182 2529 3229 vester
2571 3185 2645 3229 est
2676 3175 3051 3230 adolescentior
3080 3174 3272 3249 (Ibid.,
3304 3176 3441 3247 29)?
3464 3175 3664 3233 Adhuc
3689 3177 3874 3234 adole-

556 3270 866 3326 sedulitatis
914 3282 967 3327 et
1010 3268 1197 3343 gratia:
1245 3273 1449 3328 morale
1516 3272 1919 3343 magisterium!
1972 3271 2166 3328 Adhuc

559 3362 723 3436 503
751 3364 819 3419 de
843 3365 1116 3419 calumnia
1141 3380 1299 3434 quam
1325 3365 1425 3419 sibi
1450 3380 1477 3418 a
1508 3364 1709 3434 Ioseph
1742 3365 1857 3420 ﬁeri
1886 3364 2162 3434 putabant,

558 3454 759 3512 fratres
789 3458 1027 3525 Suspecti
1077 3468 1235 3512 erant
1262 3476 1277 3511 :
1309 3452 1406 3514 ille
1443 3457 1708 3513 invitabat
1742 3456 1809 3512 ad
1851 3457 2160 3524 prandium,

552 3545 753 3603 horum
802 3548 1026 3603 nutabat
1073 3548 1302 3605 allectus
1351 3566 1363 3602 :
1415 3548 1559 3603 illius
1604 3558 1914 3618 perseverat
1950 3551 2159 3620 gratia:

554 3639 768 3709 primus
793 3639 1053 3711 appellat,
1088 3640 1293 3711 primus
1323 3641 1659 3712 interrogat:
1705 3640 1975 3708 Quomodo
2008 3643 2160 3700 habe-

558 3731 627 3786 tis
645 3730 672 3784 Ρ

633 3820 727 3879 54.
778 3823 846 3879 Ει
881 3825 1074 3881 iterum
1101 3824 1216 3881 ait:
1250 3826 1409 3881 Recte
1446 3835 1523 3880 est
1564 3834 1710 3895 pater
1741 3838 1903 3883 uester
1951 3831 2159 3885 senior?

553 3918 871 3988 Superioris
898 3930 983 3975 est
1012 3919 1325 3975 inferiorem
1363 3920 1429 3977 ad
1470 3921 1801 3993 colloquium
1832 3922 2152 3992 provocare,

553 4012 687 4067 dare
716 4012 984 4067 sermonis
1015 4012 1291 4077 ﬁduciam.
1326 4030 1573 4085 quaerere
1610 4031 1719 4071 non
1759 4013 1934 4072 solum
1974 4016 2043 4072 de
2070 4006 2181 4089 ip?

553 4107 651 4170 sis,
682 4104 777 4159 sed
806 4105 968 4159 etiam
995 4105 1066 4162 de
1092 4107 1429 4176 parentibus.

627 4194 717 4249 55.
757 4194 1111 4263 Respondent
1160 4198 1237 4253 illi
1273 4217 1286 4253 :
1327 4200 1485 4256 Recte
1530 4208 1606 4254 est
1657 4215 1786 4269 puer
1824 4210 1960 4269 tuus,
2011 4214 2155 4271 pater

552 4295 747 4340 noster.
781 4286 874 4341 llle
898 4289 1169 4344 seniorem
1200 4289 1356 4355 dixit,
1383 4301 1442 4346 ut
1464 4292 1791 4349 Itonoraret:
1827 4294 2151 4364 illippuerum

550 4379 991 4443 nominaverunt,
1022 4392 1079 4435 ut
1109 4382 1388 4443 deferrent
1432 4383 1754 4439 humilitatis
1800 4387 2148 4456 obsequium;

548 4470 695 4541 quod
719 4482 974 4527 senectus
1001 4472 1279 4527 honorata:
1299 4475 1369 4529 sit
1398 4475 1696 4546 dignitatis,
1721 4479 1949 4545 pueritia
1969 4490 2149 4537 autem

2272 3270 2514 3325 scentior
2564 3269 2785 3339 dicitur,
2827 3272 2917 3341 qui
2966 3271 3204 3326 nondum
3246 3282 3512 3327 maturam
3562 3284 3714 3328 caua:
3747 3274 3876 3329 ﬁdei

2264 3364 2487 3434 gerebat
2515 3372 2727 3419 :etatem
2750 3405 2766 3431 ,
2798 3363 3033 3419 nondum
3063 3364 3116 3419 in
3146 3364 3317 3419 virum
3348 3365 3645 3435 perlectum
3678 3381 3874 3422 excre-

2264 3464 2449 3521 verat,
2474 3455 2528 3508 in
2556 3455 2736 3522 illam,
2764 3455 2906 3511 sicut
2945 3457 3060 3527 ipse
3089 3457 3199 3525 ait,
3232 3460 3526 3512 mensuram
3565 3460 3730 3513 tetatis
3762 3460 3877 3531 ple-

2263 3546 2513 3601 nitudinis
2554 3544 2749 3601 Christi
2787 3535 3021 3620 (Ephes.
3077 3564 3167 3613 tv,
3198 3550 3329 3619 l3).
3393 3550 3635 3622 Denique
3679 3550 3871 3606 adole-

2262 3652 2419 3695 scens
2451 3640 2647 3710 legitur
2678 3650 2883 3696 tantum
2908 3641 2981 3697 ibi
3012 3642 3158 3713 (Act.
3190 3657 3267 3697 vn
3290 3684 3303 3708 ,
3336 3643 3438 3715 57)
3458 3685 3472 3708 ,
3500 3644 3598 3699 ubi
3629 3645 3873 3715 Iapidau-

2261 3732 2393 3787 tium
2423 3733 2755 3801 Stephanum
2780 3737 3103 3792 vestimenta
3133 3738 3407 3793 servabat.
3439 3737 3508 3792 Et
3538 3740 3662 3795 ideo
3684 3740 3871 3795 Phile-

2259 3842 2493 3883 monetn'
2508 3844 2615 3883 non
2652 3830 3045 3887 adolescentia:
3074 3845 3187 3887 suae
3210 3873 3225 3898 ,
3253 3834 3351 3888 sed
3377 3834 3679 3889 senectutis
3710 3835 3872 3890 simi-

2257 3921 2365 3977 lem
2396 3936 2520 3978 esse
2548 3924 2801 3994 cupiebat
2826 3968 2839 3990 ,
2872 3934 2930 3979 ut
2971 3927 3187 3996 scripsit
3214 3942 3235 3981 ‘:
3267 3926 3442 3999 Magis
3486 3928 3723 3999 obsecro,
3748 3926 3868 3982 cum

2255 4014 2329 4068 sis
2376 4016 2511 4070 talis
2542 4026 2599 4071 ut
2640 4016 2839 4072 Paulus
2866 4034 3019 4073 senex
3063 4019 3081 4091 (
3131 4017 3358 4081 Philem.
3382 4021 3451 4077 ~9
3490 4021 3532 4091 ).
3566 4019 3705 4076 Ideo
3736 4021 3869 4077 ado-

2257 4106 2610 4166 lescentiores
2660 4112 2845 4166 viduas
2905 4112 3557 4183 prwdicat‘declinandas
3608 4111 3864 4183 (Ιντὶιπ.

2258 4200 2422 4267 ν,“1ι
2452 4202 2508 4271 ),
2541 4220 2645 4259 non
2688 4214 2910 4276 prapter
2964 4214 3221 4273 aetatem,
3250 4207 3345 4263 sed
3400 4217 3622 4278 propter
3671 4222 3865 4277 quam-

2252 4294 2376 4351 dam
2455 4297 2862 4367 pubescentium
2932 4296 3253 4357 delictorum
3321 4298 3629 4368 lasciviam,
3704 4300 3867 4375 5M

2253 4388 2801 4463 immaturitatequ
2848 4394 3083 4450 virtutis.
3145 4394 3410 4450 Caeterum
3457 4393 3633 4464 major
3678 4394 3732 4449 in
3777 4395 3865 4463 ju-

2252 4490 2390 4539 vene
2413 4525 2428 4549 .
2458 4500 2617 4555 quam
2650 4486 2701 4540 in
2741 4500 2871 4543 sene
2919 4489 3036 4543 laus
3081 4488 3343 4543 castitatis
3370 4496 3472 4544 est.
3502 4488 3653 4543 Puto
3683 4496 3862 4543 autem

547 4561 799 4633 subjecta
830 4564 1075 4620 videatur
1099 4590 1119 4631 ,ν
1147 4573 1201 4620 et
1226 4569 1451 4638 propior
1476 4568 1841 4635 verecundiae,
1870 4585 2030 4641 quam
2056 4588 2149 4631 su-
2252 4577 2394 4647 quod
2443 4593 2473 4632 a
2520 4594 2649 4635 vero
2696 4595 2801 4635 non
2832 4580 2902 4637 sit
2953 4580 3186 4636 alienum
3218 4580 3348 4635 illud
3372 4604 3389 4645 ί
3424 4581 3471 4635 si
3498 4579 3863 4651 intelligamus

546 4654 777 4726 perbite.

546 4802 777 4879 aliquot.
809 4812 1079 4879 argentum
1109 4804 1307 4860 steculi.
1338 4804 1454 4879 Non
1478 4814 1585 4861 tam
1608 4806 1762 4862 scite.
1787 4807 1982 4879 Agitur
2006 4812 2149 4867 cnim

548 4875 618 4931 de
648 4875 885 4947 argento
906 4878 1046 4943 quod
1090 4879 1141 4931 in
1174 4878 1404 4932 sacculis
1434 4878 1728 4933 retulerant
1753 4875 1984 4936 Hebraei.
2011 4883 2147 4939 Rur-

544 4960 641 5021 sus
666 4948 855 5002 eodem
904 4948 1022 5002 loco
1054 4952 1198 5021 Am”
1229 4948 1353 5003 Era.
1377 4959 1429 5005 el
1463 4949 1588 5009 Gill.
1618 4967 1739 5005 cum
1774 4956 1961 5021 paucis
1988 4969 2142 5021 tuss.,

542 5018 827 5095 Argentum
861 5032 1081 5095 vestrum
1124 5019 1288 5095 habeo
1308 5063 1325 5095 ._
1352 5022 1447 5074 hoc
1476 5031 1548 5075 est
1592 5018 1801 5088 probum
1842 5026 1978 5090 quod
2002 5018 2142 5095 ﬁda,

539 5100 649 5163 etc.
680 5090 835 5163 Ilotn.
866 5093 1024 5154 edit.,
1073 5134 1084 5146 .
1132 5132 1143 5145 .
1192 5131 1205 5145 .
1238 5092 1399 5146 habeo
1425 5095 1711 5159 probatum,
1746 5098 1841 5149 hoc
1865 5107 1975 5159 est,
2002 5090 2145 5163 quod

538 5159 671 5229 ﬁda.
706 5160 832 5237 Mss.
851 5178 992 5237 vero
1018 5179 1215 5237 magno
1239 5181 1467 5219 numero
1496 5177 1550 5219 ut
1576 5166 1630 5219 itt
1663 5176 1832 5229 textu,
1870 5168 1970 5221 nisi
1998 5159 2141 5237 quod

540 5244 661 5301 pro,
677 5235 819 5305 ﬁda,
851 5234 1035 5299 legunt
1062 5234 1301 5304 quidam,
1336 5237 1477 5304 ﬁdei,
1509 5237 1747 5305 quidam,
1781 5238 1903 5305 ﬁde.

540 5340 545 5345 »
617 5311 641 5378 ἒ
670 5302 761 5378 Sic
786 5320 974 5378 «ruuttes
1003 5302 1133 5378 mss.
1161 5302 1451 5378 Atomnes
1481 5302 1637 5366 edit.,
1661 5310 1748 5378 qui
1769 5302 1893 5363 usus
1919 5310 2070 5364 istius
2096 5322 2140 5365 et

536 5376 853 5447 sedulitatis,
887 5385 933 5428 et
964 5377 1144 5441 gratia:
1165 5377 1190 5429 Ρ
1227 5376 1427 5432 Morale
1451 5376 1769 5447 mysterium.

612 5442 641 5519 ᾖ
676 5447 899 5519 Μονιιιινἒ
932 5447 1027 5519 llic
1053 5462 1156 5501 non
1191 5448 1330 5502 idem
1360 5442 1631 5517 signiﬁcat
1652 5464 1715 5504 ac
1738 5465 1895 5519 supra
1919 5495 1933 5517 ,
1962 5452 2012 5507 id
2060 5455 2141 5509 vi-

536 5513 733 5572 delicet
759 5517 901 5589 quod
926 5518 990 5572 ad
1039 5513 1436 5575 institutionem
1473 5535 1684 5574 tuorum
1734 5513 2005 5577 conducit.
2032 5525 2139 5582 Sed

610 5588 763 5643 rinde
793 5601 873 5641 cst
919 5605 980 5644 ac
1020 5590 1064 5645 si
1091 5591 1239 5645 dicas
1271 5608 1285 5643 :
1315 5605 1495 5647 mores
1523 5592 1801 5647 hominum
1834 5596 1904 5648 ita
1943 5608 2006 5650 se
2048 5598 2143 5652 ha-

579 5668 705 5733 ent;
733 5661 819 5713 vel
850 5661 1147 5730 simplicius
1179 5681 1190 5714 :
1228 5662 1403 5717 hocin
1429 5677 1579 5719 more
1606 5665 1836 5733 positum
1860 5677 1962 5720 est.
1988 5668 2142 5725 Unde

534 5730 701 5810 paulo
724 5741 847 5810 post
866 5734 1248 5810 eodemsensu
1281 5751 1293 5788 :
1314 5730 1652 5805 consuetudo,
1679 5735 1870 5806 inquit,
1889 5748 1940 5793 et
1976 5742 2141 5810 gratia

534 5800 807 5855 charitatis
828 5812 932 5872 est,
957 5815 1013 5858 ut
1038 5804 1273 5871 dilectos,
1298 5816 1404 5862 etc.

2256 4672 2382 4740 quia
2412 4680 2588 4727 °vcum
2647 4674 2748 4729 hoc
2793 4673 2992 4730 Paulus
3047 4673 3388 4742 baberet,et
3434 4674 3683 4731 horreret
3732 4688 3858 4730 cor-

2336 4828 2357 4855 c
2393 4817 2527 4893 Quia
2550 4819 2720 4875 videre
2746 4821 2875 4876 nihil
2898 4821 3173 4891 proderat.
3204 4823 3615 4881 desiderabatur
3654 4804 3721 4893 in,
3744 4839 3857 4882 om-

2258 4887 2417 4943 nibus
2440 4892 2594 4956 edit.,
2620 4894 2762 4961 quod
2789 4887 2944 4947 nobis
2971 4909 3099 4948 mss.
3130 4895 3376 4949 undecim
3405 4887 3739 4951 restituere.‘

2328 5001 2353 5040 ά
2385 5003 2473 5060 Sic
2497 5014 2607 5081 aut.
2639 5007 2768 5081 edit.
2794 5018 2848 5063 et
2876 5024 3005 5063 mss.
3034 5010 3272 5079 quinque
3299 5028 3311 5063 :
3338 5025 3366 5063 a
3387 5011 3586 5081 quibus
3608 4996 3715 5066 non
3746 5010 3853 5065 abit

2254 5073 2599 5153 Ro_m._etlit..
2630 5080 2731 5133 nisi
2763 5082 2904 5153 quod
2944 5073 3063 5135 Sola
3088 5073 3281 5153 habet,
3313 5081 3379 5135 Et
3406 5073 3654 5153 "egressus
3684 5083 3854 5137 :couti-

2251 5148 2385 5225 nuit.
2414 5148 2543 5225 Mss.
2573 5166 2767 5225 verna
2777 5150 2828 5206 lii
2856 5160 3063 5225 septem
3085 5192 3098 5216 ,
3126 5148 3580 5225 Eteoutinuei'unt
3605 5171 3850 5225 τεθνακ-

2251 5219 2331 5292 dis
2362 5221 2565 5292 iunioris
2604 5223 2808 5287 oculei;
2850 5238 2880 5276 e
2923 5223 3117 5289 quibus
3166 5223 3340 5289 ναις..
3384 5219 3765 5292 Germ.,'uFul.
3798 5235 3851 5280 et

2249 5288 2414 5345 Corb.
2442 5292 2658 5359 habent,
2688 5294 2792 5346 cito
2812 5288 2971 5349 corda
2995 5306 3436 5366 compunguntur.
3498 5292 3499 5299 “

2323 5400 2345 5427 ο
2380 5390 2519 5445 Edit.
2563 5408 2755 5449 omnes
2795 5402 2850 5449 et
2888 5406 3017 5448 mss.
3072 5394 3194 5449 Vat.
3241 5404 3296 5450 et
3333 5395 3569 5462 Tlteod..
3597 5396 3725 5452 Cum
3769 5398 3847 5452 hic

2246 5459 2450 5538 Paulus
2482 5464 2725 5538 haereret,
2769 5474 2817 5519 et
2844 5464 3057 5519 horrore
3098 5478 3363 5535 correptus
3410 5459 3586 5538 quod,
3630 5480 3735 5525 etc.
3780 5471 3845 5524 At

2242 5535 2528 5611 nobiscum
2556 5536 2758 5611 faciunt
2786 5550 2915 5611 mss.
2941 5547 3065 5611 octo
3092 5555 3105 5593 :
3131 5555 3267 5608 quos
3294 5535 3844 5611 aliis'antepnnendos

2246 5606 2468 5677 minime
2497 5608 2719 5668 negabis
2740 5626 2761 5673 ,‘
2786 5610 2830 5662 si
2858 5606 3172 5664 consideres
3205 5611 3318 5665 haec
3345 5612 3502 5677 verba
3525 5654 3540 5677 ,
3569 5606 3707 5667 7Cum
3748 5610 3844 5666 hoc

2244 5674 2447 5749 Paulus
2475 5678 2697 5744 haberet,
2733 5682 2935 5748 optime
2964 5680 3155 5735 referri
3178 5681 3244 5734 ad
3276 5674 3834 5749 vitizt'adolescentim.

2243 5748 2505 5803 lasciviam
2533 5749 2840 5805 delictorum
2861 5794 2873 5820 ,
2902 5762 3055 5823 atque
3074 5753 3492 5809 imntaturitatent
3512 5757 3732 5810 virtutis.
