4066 6360
1101 300 1189 358 DE
1228 294 1486 358 JOSEPH
1523 289 1971 354 PATRIARCHA
1998 289 2202 353 LIBER
2241 291 2448 353 UNUS.
3323 285 3433 348 666

1467 417 1730 486 inciperet
1759 417 1811 474 Α
1911 414 1998 469 65.
2047 415 2157 470 lloc
2187 415 2388 469 invenit
2411 414 2461 467 in
2495 411 2653 468 nobis
2675 410 2924 466 Cbrisms
2946 413 3256 480 argentum,
3285 406 3427 471 quod

1834 507 1950 577 ipse
2006 507 2308 564 donaverit.
2372 507 2644 562 Habemus
2699 513 2906 560 natura:
2934 510 3238 574 argentum,
3265 499 3432 556 habe-

1832 615 1954 656 mus
1978 609 2036 654 et.
2056 602 2264 671 gratiae.
2299 599 2500 656 Natura
2527 614 2662 670 opus
2685 606 2770 654 est
2795 596 3060 652 creatoris
3085 614 3096 650 :
3121 595 3294 665 gratia
3312 606 3430 647 mu-

1833 703 2064 774 ntts'est
2114 693 2497 764 redemptoris.
2551 693 2617 750 Et
2660 693 2707 748 si
2755 706 2861 746 non
2917 701 3208 760 possumus
3236 685 3421 740 videre

1834 786 1974 842 dona
2005 787 2238 851 Christi;
2271 788 2363 842 ille
2387 796 2569 843 tamen
2600 787 2788 853 donat,
2820 794 2874 842 et
2901 792 3161 856 operatur
3196 780 3430 846 occulte,

1833 890 1886 937 et
1912 881 2076 936 donat
2102 881 2388 937 omnibus:
2417 883 2511 937 sed
2540 897 2760 936 servare
2783 893 3079 952 paucorum
3108 887 3212 941 est,
3238 886 3288 932 et
3315 887 3424 928 non

1833 976 2106 1032 amittere.
2129 975 2246 1031 Non
2277 975 2525 1030 omnibus
2552 983 2728 1030 tamen
2751 974 2917 1030 donat
2945 973 3147 1027 omnia.
3163 970 3430 1025 Triticum

1836 1069 2020 1123 multis
2049 1067 2228 1133 datur,
2260 1067 2496 1138 scyphus
2546 1067 2659 1130 uni,
2691 1065 2782 1135 qui
2823 1064 3141 1136 prophetico
3164 1071 3216 1117 et
3245 1075 3428 1116 sacer—

1836 1161 2003 1218 dotali
2054 1161 2288 1216 donatur
2317 1174 2562 1214 munere.
2613 1158 2726 1213 Non
2750 1158 2893 1212 enim
2935 1171 3145 1220 omnes,
3181 1155 3272 1210 sed
3305 1154 3436 1209 Pro-

1835 1255 1995 1328 pheta
2019 1256 2184 1311 dicit:
2211 1253 2436 1308 Calicem
2464 1253 2708 1307 salutaris
2735 1252 3010 1322 accipiant,
3044 1259 3088 1304 et
3115 1263 3296 1302 nomen
3321 1244 3433 1301 Do-

1835 1350 1963 1403 mini
1990 1347 2238 1402 inrocabo
2273 1346 2390 1419 (Ps.
2417 1361 2541 1412 cxv,
2568 1344 2682 1416 15).

51 304 215 364 865

51 442 353 499 repltts,‘
416 426 559 500 quod
634 426 850 482 ctecitas
935 421 1221 478 accidisset
1308 420 1355 474 ei
1397 461 1412 485 ,

52 533 304 581 tamen
369 523 802 594 appropinquare
863 518 1137 574 dicendo:
1191 510 1601 581 Domine,quid
1652 522 1731 560 me

51 620 175 674 vis
240 621 429 691 facere
476 616 608 685 (Act.
657 612 861 681 tx,6);
891 611 1012 667 ideo
1067 606 1464 664 adolescentior
1515 601 1732 657 diceba-

60 720 193 766 tur
227 725 261 765 a
297 707 549 772 Christo,
585 708 753 777 utqui
783 705 1080 760 vocabatur
1104 718 1132 755 a
1153 701 1346 772 gratia,
1380 703 1732 753 excusaretur

64 815 119 860 a
164 804 349 874 culpa
373 846 387 867 ,
419 801 562 873 quod
594 816 655 857 ea
689 799 908 854 lubricae
946 796 1134 850 fuisset
1164 793 1361 848 anatis.
1389 791 1629 860 Denique
1657 789 1732 842 vi-

73 896 191 952 dit
242 912 386 953 eum
417 895 662 950 Christus
681 936 694 957 ,
721 892 809 947 ubi
841 891 930 946 lux
957 883 1317 944 circumfulsit
1345 899 1490 939 eum.
1520 883 1582 937 Et
1609 881 1731 952 quia

75 989 510 1046 adolescentes
539 986 709 1058 magis
740 991 884 1041 metu
909 1026 923 1052 ,
954 997 1113 1054 quam
1158 979 1369 1036 ratione
1407 985 1733 1033 revocantur

79 1098 130 1138 a
171 1085 348 1149 vitio,
386 1081 630 1137 adhibuit
660 1079 934 1134 stimulum
959 1116 976 1143 ,
1009 1085 1064 1132 et
1093 1075 1384 1131 miseratus
1413 1069 1730 1138 admonuit,

82 1192 180 1234 ne
210 1179 488 1232 adversus
509 1174 786 1230 stimulum
815 1170 1144 1226 calcitraret.

184 1270 286 1325 59.
337 1269 609 1324 Turbatus
636 1276 719 1322 cst
745 1273 925 1321 autem
950 1306 964 1329 ,
997 1263 1138 1318 sicut
1163 1260 1331 1316 habes
1358 1260 1412 1314 in
1442 1249 1735 1329 Evangelio

88 1364 118 1433 (
147 1362 328 1419 Joan.
367 1378 438 1427 χι,
466 1363 536 1419 55
557 1361 600 1431 ),
633 1359 773 1432 'quia
807 1358 1042 1413 turbavit
1070 1371 1128 1410 se
1155 1353 1383 1426 spiritu,
1412 1366 1534 1407 cum
1564 1350 1734 1405 Laza-

84 1471 238 1512 rum
274 1456 634 1512 resuscitarct
659 1471 674 1520 ;
703 1464 757 1509 et
787 1453 859 1507 ibi
888 1450 1057 1515 ﬂevit,
1092 1459 1148 1503 ut
1180 1449 1326 1518 prius
1352 1444 1604 1517 lacrymis
1626 1442 1736 1497 suis
1911 1441 2000 1497 δι.
2043 1441 2096 1496 lu
2121 1454 2350 1508 corpore
2391 1439 2554 1509 igitur
2581 1436 2735 1491 Pauli
2775 1436 2886 1505 jam
2913 1431 3171 1488 doctrinae
3199 1429 3436 1487 ccelestis

87 1549 331 1603 mortui
381 1548 580 1602 delicta
608 1547 838 1600 lavaret.
880 1543 987 1598 Sed
1022 1543 1158 1596 intra
1189 1554 1250 1594 se
1298 1537 1477 1601 ﬂevit,
1511 1547 1563 1590 et
1605 1535 1736 1589 lavit
1839 1533 2135 1604 alloquium
2189 1531 2511 1601 refulgebat,
2560 1544 2684 1583 cum
2733 1534 2879 1583 esset
2933 1523 3264 1580 eruditnsiu
3293 1522 3432 1591 lege.

93 1639 322 1696 faciem
354 1653 527 1694 suam.
556 1636 784 1693 Caecitas
815 1635 988 1701 Pauli,
1019 1632 1174 1688 fletus
1205 1639 1290 1685 est
1315 1628 1514 1683 Christi
1551 1644 1564 1682 :
1597 1627 1739 1680 lavat
1838 1625 1943 1682 Sed
1963 1627 2088 1697 quia
2106 1624 2282 1678 adhuc
2308 1623 2530 1693 justititc
2562 1623 2653 1677 Dei
2677 1621 2955 1691 subjectus
2981 1633 3086 1673 non
3109 1628 3254 1681 erat,
3285 1615 3426 1670 intra

96 1733 328 1788 faciem
355 1745 530 1796 suam,
555 1730 645 1784 ubi
677 1730 859 1783 lumen
884 1729 931 1782 ei
963 1733 1246 1795 reparatur
1265 1721 1545 1776 amissum.
1570 1718 1736 1773 Lavat
1839 1734 2056 1774 saccum
2088 1729 2204 1773 erat
2240 1719 2496 1790 scyphus,
2533 1717 2777 1772 doetrina
2806 1717 2959 1769 intrat
2990 1713 3184 1783 legem,
3218 1711 3437 1765 lucerna

94 1827 325 1882 faciem
362 1840 514 1880 suam
543 1822 810 1888 Christus,
847 1820 934 1875 ubi
968 1794 1264 1889 baptizatus
1294 1824 1380 1870 est
1406 1813 1623 1875 Paulus,
1647 1826 1743 1881 per
1772 1813 1825 1874 B
1849 1816 1982 1870 intra
2013 1814 2268 1869 modium.
2289 1797 2479 1868 Missus
2507 1821 2686 1867 tamen
2715 1819 2798 1866 est
2829 1809 3088 1874 Auanias,
3137 1806 3227 1878 qui
3267 1794 3442 1860 bene-

97 1937 290 1994 quem
324 1920 590 2002 Dominus
618 1918 776 1973 Iesus
827 1932 854 1969 a
900 1915 1147 1986 pluribus
1189 1911 1487 1965 videretur.
1516 1908 1585 1962 Et
1615 1906 1736 1961 ideo
1842 1911 2134 1965 dictionem
2153 1910 2325 1974 daret,
2359 1923 2574 1963 manum
2606 1908 2928 1976 imponeret,
2973 1918 3189 1958 saccum
3258 1900 3442 1955 solve-

99 2015 168 2070 in
204 1999 464 2069 convivio
495 2026 620 2081 pars
647 2010 764 2080 ejus
792 2005 1201 2079 quintupliciter
1223 2004 1396 2073 major
1418 2001 1604 2056 efTecta
1630 2011 1734 2065 est,
1843 2013 1928 2060 ret
1953 2021 1964 2057 :
2000 2017 2159 2058 sacco
2190 2003 2390 2064 soluto,
2415 1999 2612 2055 reluxit
2639 2007 2941 2067 argentum,
2971 2006 3024 2049 et
3055 1990 3430 2049 decidentibus

102 2107 272 2178 quod
336 2105 563 2160 haberet
613 2103 984 2172 superioribus
1053 2098 1343 2165 anteferri,
1401 2113 1506 2150 non
1559 2095 1736 2150 solum
1843 2095 2139 2165 squammis
2169 2091 2659 2165 velutquibusdam
2695 2090 2837 2145 sacci
2867 2087 3113 2154 vinculis,
3147 2085 3328 2140 statim
3365 2082 3448 2136 vi-

104 2199 335 2255 mentis
363 2196 675 2268 prudenlia,
707 2195 802 2248 sed
828 2192 991 2246 ﬁliam
1022 2189 1209 2245 militia
1238 2186 1506 2259 corporis.
1535 2194 1587 2241 ει
1617 2201 1738 2256 gra-
1842 2191 1922 2247 dit
1961 2193 2096 2265 (Act.
2131 2208 2204 2258 1x,
2238 2191 2349 2261 l7).
2377 2189 2664 2244 Vinculum
2693 2185 2812 2256 ejus
2862 2182 3082 2254 perfidia
3112 2189 3260 2235 erat:
3287 2178 3449 2232 abso-

111 2291 201 2346 sia
235 2289 525 2344 castitatis.

1852 2285 1980 2340 lutio
2019 2285 2138 2355 ejus
2171 2284 2302 2338 fides
2336 2284 2467 2337 facta
2502 2284 2606 2336 est.
2659 2280 2725 2336 Et
2747 2279 2868 2333 ideo
2893 2287 3183 2345 tamquam
3225 2271 3447 2355 solutus

1845 2394 2026 2443 sacco,
2049 2353 2157 2432 hoc
2181 2387 2285 2440 cst,
2308 2375 2556 2445 deposito
2596 2372 2728 2442 legis
2747 2369 3012 2425 velamine
3042 2366 3184 2436 quod
3211 2353 3445 2431 positum

1841 2481 1930 2527 est
1960 2486 2122 2542 supra
2159 2486 2254 2524 cur
2283 2468 2621 2530 Judzcorum,
2669 2477 2964 2518 conversus
3017 2460 3082 2513 ad
3132 2456 3443 2518 Dominum,

1845 2549 1983 2622 liber
2021 2580 2046 2617 a
2097 2580 2257 2629 nexu,
2301 2561 2526 2631 adeptus
2565 2559 2791 2630 gratiam
2850 2554 3114 2610 libertatis
3162 2549 3237 2605 ait
3274 2567 3288 2602 :
3333 2546 3447 2602 Nos

1845 2651 2018 2728 itaque
2040 2659 2256 2712 revelata
2281 2657 2410 2728 facie
2432 2656 2651 2726 gloriam
2701 2653 2794 2707 Dei
2840 2650 3181 2722 speculantes,
3213 2645 3281 2699 ad
3307 2659 3450 2700 eam-

1851 2753 1964 2806 dem
1998 2753 2274 2822 imaginem
2325 2751 2668 2820 reformantur
2701 2744 2932 2818 (llCor.
2979 2757 3061 2807 Ill,
3111 2739 3226 2810 18).
3254 2737 3448 2794 Soluto

1851 2848 1995 2900 enim
2020 2845 2386 2899 calceamento
2418 2841 2572 2910 legis,
2629 2838 2772 2892 nudo
2799 2835 3026 2904 vestigio
3053 2832 3208 2887 liberi
3241 2843 3451 2884 sermo-

216 2950 373 2995 ἀίειν·
1853 2941 1937 2994 nis
1981 2938 2330 3009 Evangeliutn
2376 2931 2730 3006 praedicabat.
2781 2929 3061 2984 Tenebant
3090 2939 3212 2980 eum
3253 2922 3447 2986 Judaei,

215 3035 304 3091 60.
347 3033 598 3089 Biberunt
642 3042 843 3097 autent,
871 3041 916 3086 et
955 3029 1192 3084 inebriati
1229 3037 1348 3082 sunt
1393 3026 1585 3096 pariter
1635 3039 1751 3078 cum
1853 3039 1912 3086 οι
1936 3031 2198 3102 impedire
2225 3028 2554 3098 cupiebam;
2587 3023 2681 3079 sed
2711 3022 2806 3077 ubi
2835 3022 2887 3076 ίη
2918 3021 3037 3090 ejus
3074 3031 3236 3073 sacco
3261 3029 3455 3084 ιιι-μη..

142 3146 204 3186 eo
236 3127 426 3202 (Gem,
460 3144 610 3190 xLuI,
638 3126 768 3198 54).
800 3129 840 3181 Α
877 3121 1143 3196 principio
1189 3123 1313 3177 fidei
1359 3121 1534 3191 major
1584 3118 1749 3173 Paulo

1857 3135 1972 3181 tum
2022 3122 2379 3194 resplenduit,
2431 3120 2708 3174 sciderunt
2759 3117 3078 3170 Vestimenta
3102 3126 3220 3173 sua,
3261 3118 3316 3163 et
3367 3122 3454 3161 re—

143 3200 502 3291 prterogativa
534 3220 792 3282 defertur,
811 3218 879 3274 de
905 3217 1227 3289 quodictum
1249 3224 1332 3269 est
1355 3215 1420 3268 ad
1450 3213 1744 3267 Ananiam:

1853 3217 1996 3276 versi
2023 3226 2146 3272 sunt
2179 3224 2345 3270 retro.
2375 3213 2566 3267 Libera
2595 3211 2738 3265 enim
2762 3221 2859 3279 pro
2885 3204 3104 3260 Christo
3135 3200 3283 3256 Pauli
3317 3213 3456 3270 prm-

151 3313 301 3369 Vade
325 3315 570 3383 quoniam
593 3331 680 3369 vas
707 3313 970 3368 electionis
990 3321 1068 3366 est
1090 3310 1216 3364 milti
1239 3351 1253 3375 ,
1279 3308 1348 3362 ad
1394 3305 1745 3375 stt/ferendum

1852 3315 2048 3371 dicatio
2076 3311 2300 3368 nudavit
2329 3307 2580 3379 populum
2622 3304 2930 3361 Judaeornm
2964 3318 2976 3365 ,'
3008 3307 3064 3355 et
3105 3309 3322 3353 onmem
3364 3306 3458 3348 eo-

140 3423 332 3462 nomen
353 3415 523 3461 meum
550 3423 723 3460 coram
753 3405 986 3478 gentibus
1026 3405 1188 3477 (Act,
1218 3418 1296 3466 ιι,
1321 3402 1437 3471 15).
1468 3402 1506 3454 Α
1543 3399 1744 3470 priuci-
1850 3424 1969 3463 rum
2001 3406 2223 3462 rescidit
2247 3401 2494 3475 gratiam.

131 3501 238 3572 'Pio
266 3501 563 3557 ίηεδτῖπίω·
603 3499 898 3560 θδτίθῑθῑεὲ
938 3498 1033 3553 εθά
1055 3497 1232 3551 εθδτίει
1258 3512 1272 3559 ἶ
1304 3503 1360 3550 ut
1389 3504 1443 3550 ει
1479 3495 1593 3565 ipse
1622 3508 1744 3547 cum
1923 3499 2011 3561 65.
2055 3503 2290 3573 Ideoque
2326 3493 2474 3554 retro
2501 3494 2731 3569 regressi
2755 3502 2902 3560 sunt,
2930 3491 3166 3560 quiante
3196 3503 3255 3543 se
3274 3484 3458 3541 videre

148 3595 352 3648 sanctis
399 3593 648 3648 diceret:
689 3592 753 3646 Et
797 3591 1040 3662 poculum
1083 3600 1230 3644 tuum
1272 3589 1565 3655 inebrians,
1593 3602 1747 3657 quam

1852 3617 1958 3655 non
2016 3606 2267 3669 poterant
2300 3591 2451 3665 (Gen.
2503 3606 2650 3658 xuv,
2700 3588 2810 3658 15).
2855 3587 3021 3642 ltetro
3075 3581 3325 3643 redeunt,
3362 3577 3455 3648 qui

149 3686 452 3757 priuatarum
481 3695 556 3739 est
589 3684 773 3757 (Psal.
801 3699 929 3747 χχιι,
962 3681 996 3738 5
1019 3681 1076 3754 )l
1507 3711 1513 3717 -

1852 3689 2124 3746 Christum
2155 3688 2428 3743 amittunt.
2470 3685 2712 3755 Denique
2755 3689 2806 3736 et
2858 3681 2910 3734 in
2946 3675 3240 3746 Evangt-lio
3272 3671 3454 3745 (Ioan.

226 3777 312 3865 6f.
356 3786 381 3814 ⁸
414 3778 482 3832 Ει
506 3777 742 3848 scyphus
773 3783 1060 3846 argenteus
1099 3773 1200 3831 soli
1249 3773 1366 3843 ejus
1393 3786 1556 3828 sacco
1603 3772 1749 3827 inse-

1852 3783 2076 3854 xvnt,6)
2109 3797 2231 3837 cum
2285 3779 2620 3850 corriperent
2662 3775 2728 3829 ad
2760 3779 2988 3828 mortem
3041 3767 3323 3823 Dominum
3369 3762 3459 3818 Je-

154 3857 293 3925 ritur
323 3867 487 3941 (Gen.
517 3884 663 3934 xuv,
687 3869 784 3939 2).
819 3867 1106 3922 Nesciebat
1153 3868 1252 3921 hoc
1291 3865 1565 3934 Benjamiu
1600 3880 1612 3916 :
1652 3861 1749 3916 fal-

1852 3875 2312 3942 snm,redeuntes
2363 3882 2508 3926 retro
2549 3867 2859 3923 ceciderunt
2910 3864 2962 3918 in
2989 3872 3211 3916 terram.
3269 3856 3460 3912 Merito

157 3959 365 4014 lebat“?
394 3960 621 4026 Ρδυίυεν
664 3959 760 4014 sed
801 3959 1114 4016 νοοθδίιῑυτο
1171 3956 1398 4011 Μίῑιῖίυν
1461 3963 1581 4025 Ρ⁴¹εί
1625 3969 1747 4007 eum
1854 3984 2003 4027 retro
2060 3967 2495 4028 revertebantur,
2528 3961 2694 4032 quiin
2723 3968 2994 4013 terrenam
3029 3953 3203 4008 labem
3255 3950 3324 4002 ab
3367 3946 3458 4001 illa

161 4069 334 4109 mane'
360 4052 472 4107 Nox
496 4053 638 4108 enim
673 4061 1023 4123 l”"1"-‘c"55""3l
1051 4049 1339 4117 θίνθίίῖιίίδν
1363 4048 1478 4104 dies
1507 4048 1628 4102 ﬁdei
1658 4063 1751 4116 ap‘
1856 4069 2063 4123 caelesti
2085 4063 2260 4136 gratia
2290 4057 2624 4116 recidebant.
2665 4053 2934 4108 Nolebant
2976 4047 3140 4118 igitur
3179 4040 3460 4098 moraliter

161 4146 568 4217 propinquam"
1855 4161 2035 4218 redire
2063 4135 2179 4213 sine
2229 4157 2414 4220 fratre,
2459 4150 2682 4223 mystice
2721 4147 2838 4201 sine
2889 4143 3056 4198 Paulo
3079 4135 3276 4194 reverti
3309 4151 3322 4187 :
3353 4147 3460 4204 quo

755 2376 986 2434 CAPUT
1025 2375 1119 2430 XI.

118 2476 473 2532 Inebriantur
510 2489 684 2528 omnes
723 2472 911 2542 fratres
942 2487 1058 2524 cum
1098 2477 1273 2523 sancto
1299 2464 1528 2538 Ioseph;
1555 2473 1606 2517 at
1649 2480 1738 2518 so-

204 2569 307 2622 lius
338 2567 635 2638 Benjamini
679 2581 825 2620 sacco
869 2563 1114 2618 inseritur
1159 2561 1406 2631 scyphus.
1444 2558 1744 2627 [aspiciun-

207 2671 294 2716 tur
337 2662 519 2715 ordine
564 2661 794 2714 omnium
845 2657 1011 2720 sacci,
1041 2667 1086 2708 et
1137 2654 1345 2707 tandem
1387 2668 1473 2706 vas
1499 2650 1636 2705 illud
1662 2651 1745 2704 in-

207 2756 429 2818 venitur,
457 2764 606 2823 atque
649 2754 866 2806 istorum
896 2750 1140 2821 mysteria
1169 2757 1451 2812 eruuntur;
1483 2746 1567 2801 ubi
1613 2759 1745 2815 prte-

210 2850 364 2918 cipue
388 2847 451 2902 de
477 2847 627 2902 donis
657 2847 849 2900 diuinis
867 2887 882 2912 ,
917 2861 978 2898 ac
1005 2845 1068 2898 de
1097 2843 1253 2897 Pauli
1280 2843 1540 2897 vocatione
1568 2841 1746 2910 dispu-

232 4237 313 4292 62.
357 4239 460 4292 l’er
505 4236 753 4293 ordinem
812 4237 1146 4308 singulorum
1197 4235 1347 4306 prius
1394 4233 1756 4303 inspiciuntur

161 4334 350 4389 saeculi
375 4335 392 4401 (
416 4331 555 4387 Ibid.
589 4333 656 4387 12
679 4342 726 4387 et
755 4349 862 4404 seq.
887 4334 926 4402 )-.
959 4334 1125 4387 Docet
1151 4342 1202 4385 te
1223 4330 1584 4386 moralitalem
1610 4328 1757 4384 Scri-

167 4437 312 4495 ptura
352 4426 562 4480 divina.
595 4425 701 4480 Per
745 4426 1002 4482 ordinem
1053 4434 1178 4478 ante
1217 4419 1653 4478 discubueruntb
1700 4420 1751 4472 in

167 4519 402 4574 convivio
447 4527 636 4572 contra
667 4533 794 4574 eum
815 4559 831 4583 ,
861 4515 1163 4587 primitivus
1204 4514 1504 4570 secundum
1537 4520 1752 4568 a-tatem

1858 4255 2080 4314 amisso.
2116 4247 2435 4304 asserebant
2463 4245 2515 4298 itt
2542 4253 2830 4297 maerorem
2860 4230 3229 4291 deducendam
3262 4238 3461 4299 paren-

1861 4347 1928 4403 tis
1961 4344 2164 4414 pOpuli'
2200 4347 2553 4396 senectutem.

1933 4442 2025 4496 66.
2067 4440 2135 4494 Et
2157 4437 2279 4491 ideo
2301 4433 2467 4489 ludas
2496 4427 2634 4500 apud
2666 4425 2867 4495 .loseph
2894 4434 3177 4479 remanere
3203 4415 3456 4486 cupiebat

1861 4535 2014 4609 (Gen.
2036 4549 2181 4596 κων,
2228 4532 2292 4586 18
2319 4538 2362 4582 et
2381 4544 2488 4597 seq.
2513 4524 2556 4596 ),
2583 4541 2647 4578 ne
2671 4522 2880 4578 videret
2907 4519 3194 4609 malaoqua:
3252 4510 3463 4566 inveni-

172 4609 326 4683 (Gen.
355 4627 482 4667 xuu
505 4653 519 4676 ,
550 4613 620 4668 55
645 4614 683 4682 ).
721 4612 884 4667 Vides
921 4610 1063 4682 quod
1109 4609 1310 4666 seniori
1357 4608 1508 4666 locus
1553 4606 1642 4662 ille
1686 4607 1755 4660 sit
1781 4604 1831 4665 D
1859 4585 2580 4700 Emis—Ge,"suuuh'hgc
2610 4628 2712 4682 es"
2754 4616 2861 4685 iam
2897 4585 3245 4684 praeﬁdean
3279 4614 3333 4660 ει
3372 4618 3463 4657 ρο-

173 4705 500 4760 deferendus.
524 4706 626 4761 Per
649 4706 896 4764 ordinem
938 4705 1132 4760 iterum
1173 4705 1520 4772 requiruntur
1549 4700 1749 4755 saeculi

175 4796 488 4868 singulorum
515 4840 530 4863 ,
559 4811 616 4852 ut
657 4799 794 4854 scias
840 4797 1071 4852 electum
1115 4795 1336 4849 Paulum
1377 4794 1586 4849 ccelesti
1633 4806 1754 4846 esse

174 4891 380 4962 judicio.
426 4890 976 4956 Discussitcteteros,
1018 4889 1159 4943 hunc
1219 4888 1471 4957 praetulit.
1520 4887 1576 4941 lu
1631 4885 1752 4939 nul-

181 4986 274 5041 lius
315 4987 530 5041 alterius
563 4987 723 5060 505
748 5001 906 5040 sacco
956 4983 1191 5055 Scyphus
1239 4990 1527 5050 argenteus
1570 4979 1755 5032 inven-

182 5091 260 5139 tus
280 5093 380 5147 est,
414 5086 512 5138 nisi
546 5085 720 5138 istius.
755 5081 894 5149 Quid
919 5079 1022 5136 sibi
1055 5079 1170 5132 vult
1215 5077 1358 5147 quod
1400 5076 1635 5129 insertus
1677 5081 1760 5127 est

182 5178 421 5234 sacculo?
451 5176 653 5245 Joseph
689 5174 907 5245 quidem
953 5170 1242 5227 inebriavit
1279 5177 1337 5223 ut
1361 5168 1570 5222 falleret
1600 5183 1612 5218 :
1641 5179 1762 5235 scy-
1795 5203 1801 5214 .

185 5274 334 5345 phum
382 5273 527 5326 misit
575 5280 634 5324 ut
681 5269 903 5324 fratrem
949 5284 1108 5339 quem
1140 5263 1547 5336 diligebat,pia
1575 5260 1762 5317 fraude

187 5377 445 5423 revocaret
476 5382 490 5421 :
524 5365 620 5420 sed
646 5363 916 5440 refulgent
941 5361 1195 5434 mysteria
1227 5361 1428 5416 divina.

256 5552 278 5579 ε
301 5541 451 5596 Rom.
482 5540 612 5596 edit.
637 5539 750 5594 sola
779 5579 792 5602 ,
833 5536 1054 5606 lmplete
1089 5534 1250 5589 saccis
1290 5532 1555 5588 hominum
1582 5545 1722 5606 escas
1747 5571 1761 5595 ,

192 5629 499 5686 quiscumque
529 5611 785 5682 potuerint
809 5607 1023 5686 tollere,
1053 5607 1326 5686 el‘iniicite
1363 5605 1766 5674 uniuscujusque

195 5676 437 5760 argentum
464 5676 646 5739 in'ore
687 5681 823 5760 sacci
843 5697 861 5735 :
888 5690 934 5760 et
974 5676 1225 5760 scyphum
1265 5693 1432 5760 meum
1472 5683 1767 5744 argenteum

195 5747 369 5841 injicite
393 5758 444 5811 in
471 5771 678 5810 saccum
699 5751 948 5827 junioris.
989 5749 1199 5841 Quibtt‘s‘
1226 5747 1410 5841 vlerb‘i’s
1448 5757 1770 5841 captt'tLaus-

305 5829 318 5841 ι
371 5837 380 5841 -
521 5826 558 5841 Ι-
774 5839 818 5841 __
841 5823 952 5841 j____
1003 5834 1116 5841 __-_..
1211 5820 1220 5841 2
1405 5835 1460 5841 Α..
1498 5822 1544 5841 Ι-
1598 5833 1619 5841 Α
1658 5824 1769 5841 ..οι-.-

198 5816 470 5898 pi'cabatur.
521 5816 719 5884 lterum
762 5823 956 5883 eadem
997 5834 1120 5877 cum
1160 5818 1314 5886 Gilh,
1339 5816 1461 5876 Non
1493 5816 1769 5888 fallebatur

1859 4740 1986 4780 vere
2015 4697 2265 4792 cupiebat
2309 4717 2450 4772 mala
2493 4729 2614 4784 quae
2668 4720 2892 4764 ventura
2940 4713 3094 4761 erant
3143 4699 3340 4772 populo
3371 4697 3466 4752 Ju-

1860 4791 2130 4872 daeoruni.
2162 4812 2268 4867 Sed
2297 4791 2424 4864 cum
2455 4807 2630 4862 adhuc
2660 4803 2772 4858 lucc
2799 4800 2912 4871 ipsa
2946 4814 3052 4853 non
3081 4804 3227 4850 esset
3255 4792 3308 4846 in
3337 4800 3466 4862 typo

1861 4911 1952 4966 illo
1983 4907 2288 4980 principum
2320 4902 2505 4976 populi
2549 4899 2858 4972 Judaeornm
2909 4893 3075 4947 libera
3127 4884 3492 4962 prmdicatiop

1863 5005 2009 5060 flevit
2038 5001 2265 5071 Joscph,
2294 4999 2395 5052 hoc
2422 5006 2525 5064 est,
2573 4995 2623 5049 in
2649 4992 2740 5046 illo
2771 4987 2999 5060 ploravit
3037 4984 3214 5040 Jesus.

2224 5136 2388 5210 506
2417 5131 2640 5191 CAPUT
2676 5129 2792 5186 xu.

1862 5256 2058 5328 Ioseph
2109 5254 2354 5326 fratribus
2390 5267 2444 5304 se
2496 5252 2604 5320 ipse
2630 5245 2993 5316 manifestans,
3021 5253 3083 5290 ac
3108 5249 3194 5288 eos
3225 5231 3292 5286 ad
3322 5244 3469 5283 acce-

1939 5351 2423 5414 denduminvituns,
2449 5357 2598 5416 atque
2615 5343 2768 5397 etiam
2805 5349 3074 5397 excusans,
3103 5343 3252 5399 quem
3293 5323 3474 5379 aduer-

1872 5527 2095 5583 Paulus.
2124 5523 2249 5580 Am.
2274 5533 2330 5579 et
2355 5523 2476 5576 Era.
2511 5533 2633 5574 cum
2669 5515 2963 5584 plcrisque_
2984 5521 3150 5584 mss,
3175 5503 3477 5584 Fallebatur

2269 5576 2398 5649 mss.
2434 5607 2525 5646 sex
2558 5576 2713 5642 bona!
2747 5576 2909 5643 notae,
2939 5578 3302 5705 Ittlallebatur,
3334 5576 3475 5645 quod

1875 5673 2099 5705 mna...“
2142 5679 2188 5705 nl
2241 5669 2281 5705 ei
2315 5666 2489 5705 ...ίηης
2522 5661 2810 5705 miratum-
2852 5653 2988 5705 signi
3015 5651 3247 5704 icatione
3297 5655 3475 5702 tamen

1874 5673 2099 5726 verbum
2141 5679 2194 5723 et
2241 5669 2282 5718 si
2315 5666 2489 5718 minus
2522 5661 2810 5722 usitatum,
2852 5655 3247 5726 signiﬁcatione
3297 5655 3479 5702 tamen

1876 5759 1906 5798 a
1936 5757 2036 5796 suo
2061 5737 2293 5810 simplici
2324 5750 2427 5810 non
2461 5731 2750 5810 discrepat.

1949 5813 1976 5852 ι’
2001 5803 2348 5874 Βοηι.ἐ(1ἰι.,
2372 5807 2426 5858 in
2447 5803 2675 5858 convivio
2697 5812 2970 5854 commeo.
