4138 6366
602 360 706 419 667

1945 362 2194 423 SANCTI
2228 362 2556 422 AMBROSII

3823 370 3934 425 6ῧὲ

672 499 762 538 sus
787 480 1000 540 Judteos
1023 484 1342 540 adhibiturus
1362 495 1470 538 erat
1495 481 1731 540 Christus
1751 483 1937 556 agendi
1983 483 2194 538 modum
2219 487 2268 544 Α
2297 483 2427 537 sicut
2453 497 2532 538 me
2560 482 2737 539 videtis
2760 483 2950 539 habere
2967 483 3159 554 (Ibid.,
3187 485 3256 542 38
3275 496 3322 542 et
3343 485 3459 558 59).
3493 486 3626 544 Περ
3645 503 3796 560 ergo
3815 489 3936 559 js

674 578 935 649 exprimit.
974 576 1060 634 Ibi
1087 579 1476 648 elegantissima
1515 577 1784 634 uerborum
1811 579 2078 648 utriusque
2121 578 2202 631 in-

675 673 903 726 stituitur
947 673 1301 742 comparatio;
1328 681 1376 728 et
1421 681 1533 744 post
1571 672 1720 728 illam
1737 670 2033 743 Beujamini
2061 686 2201 725 com-

673 763 858 833 plexus
877 780 914 818 a
937 764 1132 834 Ioseph
1156 765 1218 820 de
1245 762 1415 820 Paulo
1441 765 1599 819 obiter
1639 765 1948 835 explicatur.

669 853 758 910 67.
805 863 830 893 ιι
872 855 937 910 Et
996 855 1160 926 jussit
1194 871 1385 912 omnes
1443 855 1721 922 recedere,
1750 866 1809 910 ut
1837 869 2200 927 cognoscere-

600 954 736 1004 tura
771 945 1050 1004 fratribus.
1102 947 1220 1004 Non
1254 959 1480 1004 venerat
1533 948 1700 1013 enim,
1752 948 1890 1004 sicut
1942 949 2058 1018 ipse
2103 948 2201 1013 ait,

603 1042 704 1096 nisi
733 1039 799 1098 ad
825 1057 952 1098 oves
975 1059 1095 1112 qua:
1125 1044 1400 1113 perierunt
1429 1043 1622 1098 domus
1648 1042 1832 1098 Israel.
1867 1039 1936 1097 Et
1973 1043 2205 1096 emittens

601 1149 774 1188 uocem
802 1150 918 1188 cum
943 1136 1094 1205 ﬂetu,
1121 1152 1214 1208 ego
1240 1153 1376 1201 sum,
1399 1137 1587 1205 inquit,
1613 1134 1832 1205 Joseplt;
1851 1135 2022 1188 adhuc
2063 1143 2207 1206 pater

603 1241 743 1280 meus
772 1227 893 1281 vivit
925 1226 1076 1300 (Gen.
1108 1245 1234 1293 xcv,
1263 1229 1299 1282 2
1325 1239 1373 1282 et
1404 1231 1460 1299 5)
1488 1229 1510 1279 ?
1541 1229 1653 1285 lloc
1682 1237 1785 1296 est,
1809 1228 2066 1298 expandit
2095 1244 2207 1284 ma-

607 1336 708 1376 nus
736 1335 861 1376 Suas
887 1322 952 1375 ad
985 1323 1240 1394 populum
1269 1337 1376 1377 non
1405 1322 1714 1378 credentem
1737 1333 1792 1378 et
1836 1323 2209 1380 contradicen-

606 1422 714 1467 tem
748 1431 761 1468 :
795 1430 902 1470 non
925 1415 1158 1484 legatum
1190 1430 1368 1485 neque
1391 1416 1638 1470 nuntium
1666 1431 1938 1486 quaerens,
1969 1415 2065 1470 sed
2095 1417 2209 1484 ipse

609 1504 870 1568 Dominus
915 1506 1128 1562 salvum
1160 1506 1337 1562 facere
1367 1507 1550 1562 volens
1578 1508 1835 1577 populum
1862 1523 2016 1564 suum
2043 1525 2056 1562 :
2087 1506 2210 1576 Ipse

605 1600 694 1668 qui
745 1599 1024 1670 loquebar,
1053 1616 1168 1654 cccc
1203 1600 1416 1666 adsum,
1455 1601 1628 1671 inquit
1661 1600 1830 1672 (Esai.
1875 1617 1967 1666 ιιι,
1995 1599 2076 1672 6).
2103 1601 2209 1656 Et:

611 1690 796 1746 Palam
815 1697 984 1763 factus
1011 1709 1113 1748 non
1141 1694 1486 1762 querentibus
1505 1711 1602 1758 me,
1627 1711 1850 1766 appareo
1889 1693 1954 1747 iis
2000 1692 2088 1762 qui
2131 1708 2212 1746 me

606 1802 710 1840 non
761 1787 1145 1857 interrogabant
1170 1784 1336 1857 (Esai.
1399 1802 1522 1852 ur,
1557 1787 1630 1856 1).
1674 1785 1813 1852 Quid
1863 1785 2026 1855 igitur
2066 1783 2211 1840 aliud

2305 573 2465 646 507
2490 583 2615 630 tunc
2638 573 2812 636 futura
2839 576 3230 646 posterioribus
3259 580 3596 650 temporibus
3650 581 3938 650 mysteria

2303 668 2536 722 revelata
2563 677 2712 724 sunt.
2861 729 2872 732 _

2378 760 2466 816 70.
2505 760 2752 832 Denique
2803 763 2920 819 haec
2964 763 3096 830 ipsis
3121 765 3496 836 exprimuntur
3521 767 3936 834 sermonibus;

2305 863 2362 908 ut
2385 853 2560 922 ipsum
2589 869 2710 910 esse
2733 854 3124 926 intelligamus,
3154 866 3208 914 et
3252 857 3342 927 qui
3365 870 3494 914 ante
3523 860 3578 914 in
3607 858 3854 929 Ioseph,
3881 871 3942 916 et

2309 955 2490 1016 postea
2519 946 2570 1001 in
2594 962 2693 1001 suo
2717 948 2928 1004 locutus
2955 957 3041 1005 est.
3067 963 3331 1019 oorpore;
3359 950 3820 1022 quandoquidem
3833 969 3942 1010 nec

2307 1039 2472 1094 verba
2495 1041 2739 1096 mutavit.
2772 1042 2862 1096 Ait
2887 1042 3033 1098 enim
3068 1051 3194 1114 tunc
3226 1060 3240 1094 ε
3272 1041 3448 1097 Nolite
3491 1045 3662 1098 monti
3690 1062 3840 1100 esse.
3873 1046 3942 1100 Et

2309 1133 2445 1188 infra
2472 1151 2483 1187 :
2515 1134 2784 1189 Ascendite
2825 1135 2893 1187 ad
2922 1147 3120 1207 patrem
3159 1151 3350 1202 meum,
3373 1145 3420 1190 et
3450 1136 3608 1190 dicite
3633 1138 3722 1192 illi
3755 1153 3780 1190 :
3807 1135 3944 1192 Huc

2307 1227 2430 1280 dicit
2453 1226 2594 1295 ﬁlius
2612 1235 2728 1280 tuus
2747 1225 2944 1297 Ioseph
2978 1243 2998 1282 :
3024 1225 3172 1296 Fecit
3191 1244 3271 1282 me
3298 1226 3434 1282 Deus
3451 1229 3734 1283 dominum
3769 1232 3942 1284 totius

2310 1328 2461 1374 terra:
2486 1318 2726 1392 Egypti.
2754 1319 2818 1378 Et
2844 1320 2896 1374 in
2932 1320 3224 1391 Evangelio
3247 1320 3553 1376 ait:Nolite
3580 1322 3800 1376 timere.
3829 1321 3940 1388 Ite,

2311 1412 2540 1466 nuntiate
2559 1411 2808 1481 fratribus
2833 1411 2959 1466 meis
3011 1421 3066 1465 ut
3092 1421 3211 1468 eant
3235 1414 3289 1465 in
3322 1412 3624 1478 Calilteans,
3648 1424 3702 1468 et
3759 1413 3840 1466 ibi
3861 1431 3944 1467 rue

2309 1506 2547 1560 videbunt
2591 1504 2806 1578 (Matth.
2839 1521 3030 1573 xxviii,
3083 1507 3194 1576 10).
3228 1507 3292 1560 Et
3340 1505 3478 1562 infra
3507 1511 3635 1561 ait:
3663 1505 3820 1562 Data
3863 1519 3940 1561 est

2312 1598 2438 1654 mihi
2467 1599 2632 1654 omnis
2653 1608 2875 1668 potestas
2901 1600 2956 1653 in
2972 1600 3097 1654 cselo
3120 1610 3166 1654 et
3197 1600 3249 1654 in
3277 1609 3412 1654 terra
3436 1597 3630 1669 (Ibid.,
3667 1599 3763 1670 18)
3781 1640 3804 1664 ,
3839 1599 3942 1654 hoc

2311 1706 2395 1750 est
2421 1695 2604 1750 dicere
2619 1712 2632 1746 :
2647 1693 2846 1750 divinas
2873 1692 2980 1750 hoc
3002 1692 3102 1749 fuit
3127 1692 3498 1765 dispositionis
3527 1704 3586 1746 ut
3608 1693 3942 1762 acciperem

2317 1796 2665 1860 potestatem,
2685 1804 2792 1842 non
2813 1786 3126 1844 acerbitatis
3150 1789 3415 1844 humanae.
3440 1787 3560 1842 Non
3583 1787 3788 1856 objicit
3815 1801 3944 1843 sce-

608 1887 736 1932 tunc
759 1877 1034 1942 clamavit,
1063 1878 1167 1932 nisi
1193 1894 1205 1930 :
1231 1876 1347 1948 Ego
1373 1894 1488 1933 sum
1516 1876 1669 1932 Jesus
1701 1877 1885 1948 (Joan.
1922 1891 2075 1945 svnt,
2119 1877 2203 1947 5),
2238 1881 2282 1940 Β
2311 1881 2415 1945 lus,
2445 1881 2534 1951 qui
2561 1887 2846 1936 enumerat
2864 1879 3163 1950 prauuium.

612 1987 734 2027 cum
779 1972 1112 2042 principibus
1142 1971 1447 2028 ludteorum
1472 1971 1929 2042 interrogantibus
1946 1989 1958 2024 ;
1977 1969 2058 2026 Tu
2075 1988 2125 2023 es
2142 1971 2207 2039 ﬁ-

605 2064 710 2118 lius
737 2061 879 2119 Dei?
902 2065 1253 2135 responderet
1283 2082 1296 2118 :
1333 2064 1370 2119 γ
1381 2082 1436 2120 os
1461 2065 1632 2118 dicitis
1656 2066 1778 2134 quia
1793 2080 1884 2137 ego
1905 2081 2052 2130 sum;
2081 2079 2205 2118 cum

610 2157 784 2214 Pilato
812 2158 1016 2215 diceret
1041 2176 1056 2215 :
1087 2158 1166 2214 Tu
1191 2159 1324 2216 dicis
1352 2161 1474 2231 quia
1496 2176 1589 2216 rex
1608 2176 1755 2225 sum;
1781 2177 1872 2231 ego
1915 2161 1968 2212 in
1996 2159 2092 2213 hoc
2117 2175 2209 2212 na-

609 2260 690 2306 tus
713 2269 848 2317 sum,
877 2263 931 2306 ut
953 2254 1299 2308 testimonium
1327 2253 1836 2323 perhibeamveritati
1863 2251 1910 2324 (1
1919 2252 2049 2316 bid.,
2081 2250 2206 2322 57);

605 2358 728 2400 cum
745 2344 972 2416 principi
987 2346 1329 2402 sacerdotum
1351 2345 1551 2402 dicenti
1584 2361 1604 2400 :
1633 2345 1831 2419 Adjurc
1859 2354 1906 2399 te
1926 2360 2016 2414 per
2044 2341 2211 2398 Deum

608 2439 799 2506 vivum,
830 2449 884 2494 ut
911 2441 1056 2495 dicas
1079 2440 1221 2494 nobis
1246 2442 1289 2495 si
1318 2450 1374 2494 tu
1404 2457 1455 2494 es
1477 2439 1712 2494 Christus
1723 2439 1864 2509 ﬁlius
1892 2437 2007 2504 Dei,
2043 2436 2213 2492 refer-

605 2545 688 2586 ret
720 2547 731 2583 :
757 2530 838 2584 Tu
867 2532 1062 2586 dixisti.
1089 2533 1250 2586 Amen
1279 2533 1395 2586 dico
1425 2515 1588 2596 vobis:
1619 2531 1804 2584 antodo
1856 2530 2092 2585 videbitis
2139 2531 2212 2600 ﬁ-

611 2624 742 2678 lium
786 2626 1009 2680 hominis
1063 2626 1320 2680 sedentem
1373 2628 1442 2681 ad
1491 2615 1756 2681 dexteram
1785 2627 1988 2681 virtutis
2018 2624 2138 2692 Dei,
2166 2634 2214 2680 et

611 2719 892 2774 uenientem
935 2736 1052 2774 cum
1093 2719 1309 2776 nubibus
1339 2721 1452 2776 caeli
1475 2720 1692 2793 (Matth.
1741 2735 1886 2785 xxvr,
1918 2720 2054 2788 ϐδεῖ
2096 2718 2212 2796 64).

614 2811 727 2868 lloc
750 2823 981 2882 estergo
1013 2812 1156 2884 quod
1177 2819 1254 2868 ait
1280 2830 1298 2868 :
1331 2814 1442 2885 Ego
1463 2832 1575 2868 sum
1595 2813 1814 2882 Ioseph,
1858 2830 1958 2884 ego
1983 2829 2103 2869 sum
2130 2814 2215 2870 di-

615 2907 754 2962 vinze
777 2907 1052 2976 potentia).
1083 2909 1265 2964 Adhuc
1288 2919 1431 2979 pater
1453 2926 1592 2964 meus
1616 2911 1733 2964 vivit
1758 2911 1784 2965 ?
1823 2909 1937 2976 Hoc
1984 2918 2088 2978 est,
2117 2923 2218 2980 ego

601 3009 824 3071 patrem
874 3016 982 3057 non
1040 3017 1198 3073 nego,
1255 3017 1357 3073 ego
1385 3002 1579 3058 fratres
1625 3018 1884 3075 agnosco,
1904 3003 1962 3059 .si
1992 3011 2080 3057 aut
2121 3017 2220 3058 vos

613 3092 859 3163 fratrem,
901 3103 995 3150 aut
1051 3108 1203 3166 pater
1255 3097 1428 3154 filium
1473 3106 1844 3168 recognoscat.
1873 3095 2063 3156 Adhuc
2089 3110 2220 3167 ergo

617 3188 846 3258 populos
897 3203 1051 3244 meus
1082 3187 1237 3255 vivit,
1266 3188 1335 3246 de
1364 3189 1521 3260 cujus
1543 3189 1732 3260 populi
1755 3188 1961 3246 familia
1993 3187 2218 3246 fratrem

615 3282 746 3338 mihi
771 3282 908 3353 elegi
938 3283 962 3334 ‘t

689 3373 778 3427 68.
821 3374 1062 3430 Accedite
1084 3377 1151 3428 ad
1180 3391 1258 3429 me
1285 3375 1442 3448 (Gen.
1475 3391 1599 3443 ιιν,
1637 3374 1720 3447 l);
1749 3375 1873 3447 quia
1903 3390 2004 3448 ego
2023 3375 2092 3430 ad
2119 3390 2214 3431 vos

613 3467 1062 3536 appropinquavi,
1079 3477 1216 3523 eteo
1240 3481 1411 3538 usque
1431 3470 1878 3540 appropinquavi,
1899 3477 1956 3523 ut
1977 3484 2072 3540 per
2097 3483 2218 3523 car-

618 3558 702 3613 nis
727 3559 1132 3628 susceptionem
1158 3558 1391 3615 facerem
1422 3576 1508 3615 me
1553 3568 1750 3616 vestra:
1779 3568 2086 3616 consortem
2116 3575 2213 3614 na-

619 3661 772 3708 turae.
806 3652 986 3708 Nolite
1017 3653 1101 3708 vel
1131 3654 1446 3725 participem
1477 3655 1665 3724 fugere
1695 3664 1890 3710 vestrae
1915 3653 2213 3721 societatis,

614 3747 665 3803 si
685 3760 792 3802 non
817 3746 1111 3818 agnoscitis
1137 3756 1412 3802 auctorem
1446 3747 1657 3804 salutis.

687 3839 778 3897 69.
812 3838 884 3894 Et
902 3849 1247 3908 accesserunt,
1282 3842 1475 3912 inquit,
1498 3844 1565 3896 ad
1595 3842 1764 3912 illum,
1807 3851 1855 3898 et
1895 3840 2026 3904 dixit
2056 3858 2074 3896 :
2105 3840 2217 3914 Ego

615 3950 730 3990 sum
783 3932 981 4005 Ioseph
1031 3936 1193 4005 frater
1248 3945 1430 4002 uester,
1472 3952 1623 4004 quem
1677 3953 1766 3992 uos
1822 3936 2117 3994 tradidistis
2163 3936 2218 3990 in

614 4025 926 4098 Egyptum.
975 4027 1138 4094 Nunc
1174 4046 1295 4102 ergo
1345 4029 1503 4084 nolite
1529 4031 1843 4097 mstiesse,
1890 4046 2052 4103 neque
2081 4029 2219 4086 vobis

616 4124 805 4178 durum
824 4122 1080 4192 videatur,
1106 4126 1352 4196 quoniam
1376 4127 1476 4180 huc
1497 4141 1578 4180 me
1606 4125 1927 4180 vendidistis.
1958 4123 2040 4180 Ad
2063 4125 2220 4179 vitam

615 4218 754 4272 enim
801 4228 1017 4275 vestram
1057 4219 1196 4273 misit
1237 4236 1318 4274 me
1357 4219 1498 4275 Deus
1525 4227 1642 4274 ante
1670 4235 1756 4273 vos
1785 4217 1839 4290 (1
1845 4220 1976 4284 bid.,
2003 4221 2038 4276 4
2065 4229 2108 4273 et
2136 4218 2216 4290 5).

617 4309 787 4377 Quam
836 4312 1072 4367 fraterna
1121 4313 1314 4382 pietas,
1363 4327 1524 4383 quam
1575 4312 1749 4367 dulcis
1775 4313 2222 4382 germanitas!ut

616 4403 785 4458 etiam
810 4402 1135 4472 parricidale
1165 4413 1448 4459 excusaret
1475 4403 1792 4470 admissum,
1823 4403 2010 4460 dicens
2024 4403 2220 4458 divina:

617 4495 748 4550 illud
800 4495 1157 4564 providentiae
1200 4495 1388 4565 fuisse,
1448 4496 2217 4572 nongimpietatishumanm:

619 4581 1059 4660 quandoquideln
1093 4605 1200 4646 non
1231 4591 1299 4644 ab
1326 4589 1636 4647 hominibus
1684 4590 1897 4646 oblatus
1953 4589 2021 4646 ad
2071 4605 2221 4646 mor-

621 4691 753 4749 tem,
806 4684 903 4739 sed
925 4699 955 4738 a
984 4685 1212 4740 Domino
1265 4684 1462 4740 missus
1485 4687 1557 4742 sit
1577 4685 1644 4741 ad
1677 4686 1865 4744 vitam.
1891 4685 2032 4754 Quid
2071 4685 2215 4742 aliud
2244 4676 2296 4737 D

621 4775 920 4834 habetilla
970 4778 1183 4834 Domini
1237 4780 1404 4834 nostri
1458 4779 1586 4837 Jesu
1640 4779 1869 4850 Christi,
1905 4780 1998 4852 qui
2027 4779 2222 4837 fratres

622 4884 815 4926 omnes
840 4871 1038 4940 pietate
1068 4872 1362 4941 superavit,
1393 4873 1445 4929 in
1493 4889 1658 4931 cruce
1705 4874 1864 4946 positi
1906 4873 2223 4930 intercessio

573 4950 584 4960 ’
621 4976 720 5031 pro
736 4962 892 5031 plebe
907 4962 1172 5019 dicentis:
1194 4959 1371 5033 Pater,
1391 4965 1590 5020 dimitte
1610 4965 1751 5031 illis;
1778 4981 1880 5020 non
1907 4965 2037 5021 enim
2059 4965 2227 5020 sciunt

618 5055 742 5127 quid
768 5054 966 5124 faciunt
991 5053 1145 5128 (Luc.
1185 5072 1336 5124 χχιιι,
1367 5055 1460 5130 si)
1491 5058 1513 5110 ?
1541 5058 1676 5124 Quid
1701 5041 1843 5113 anno
1874 5059 1960 5112 illa
1983 5057 2224 5127 appella-

619 5149 696 5204 tio
717 5149 1016 5204 sanctitatis
1041 5151 1091 5205 in
1141 5150 1318 5205 medio
1370 5151 1758 5221 discipulorum
1797 5151 2029 5208 dicentis
2061 5169 2072 5206 :
2103 5150 2223 5205 Pax

619 5243 758 5297 nobis
784 5260 802 5297 :
825 5259 919 5315 ego
957 5260 1094 5311 sum,
1124 5246 1279 5300 nolite
1302 5243 1649 5314 timere(Luc.
1676 5259 1824 5310 xxiv,
1852 5244 1990 5316 '56)?
2021 5244 2219 5300 Etcum

619 5337 920 5392 conturbati
963 5347 1017 5392 et
1042 5339 1323 5394 c0nterriti
1356 5339 1736 5394 existimarent
1779 5356 1838 5394 se
1868 5340 2116 5410 spiritum
2139 5339 2221 5394 vi-

619 5429 766 5496 dere,
800 5431 1000 5487 iterum
1023 5432 1163 5486 dixit
1191 5433 1258 5488 ad
1283 5432 1440 5487 illos:
1471 5432 1610 5500 Quid
1639 5431 1831 5486 turbati
1847 5434 2219 5503 estis,etquare

617 5513 948 5593 cogitationes
1001 5526 1281 5579 ascendunt
1330 5527 1382 5580 in
1436 5525 1595 5579 corda
1617 5527 1829 5579 vestra?
1875 5524 2074 5602 idete,
2103 5525 2219 5578 ecce

615 5631 798 5670 manus
849 5633 1008 5683 meas,
1039 5627 1084 5673 et
1111 5617 1263 5687 pedes
1314 5635 1470 5688 meos,
1530 5619 1650 5689 quia
1680 5634 1769 5690 ego
1795 5633 1904 5671 sum
1931 5619 2056 5689 ipse.
2092 5615 2219 5670 Pal-

615 5715 750 5778 pate,
777 5717 822 5761 et
852 5710 1034 5777 videte,
1060 5712 1182 5780 quia
1211 5712 1425 5781 spiritus
1465 5728 1671 5766 carnem
1703 5719 1747 5768 et
1779 5726 1896 5764 ossa
1917 5726 2016 5763 non
2037 5708 2213 5780 habet,

2381 1974 2468 2028 7i.
2511 1973 2666 2041 Quod
2721 1982 2901 2029 autem
2961 1972 3194 2029 habetur
3251 1973 3304 2028 in
3357 1971 3557 2030 Genesi
3589 1971 3717 2028 :Ad
3767 1973 3941 2027 vitam

2310 2070 2446 2124 enim
2466 2077 2690 2122 uestram
2711 2069 2853 2132 misit
2875 2084 2956 2122 me
3001 2067 3140 2124 Deus
3182 2077 3302 2123 ante
3321 2084 3429 2133 vos,
3463 2067 3638 2124 reddit
3671 2069 3727 2123 in
3753 2069 3945 2124 Evan-

2313 2162 2386 2216 lio
2419 2161 2608 2222 dicens
2638 2179 2652 2217 :
2682 2160 2876 2216 Docete
2897 2175 3074 2216 omnes
3119 2172 3315 2233 gentes,
3371 2161 3701 2228 baptisantes
3743 2178 3840 2216 eos
3887 2162 3942 2215 in

2314 2255 2519 2308 nomine
2570 2253 2770 2318 Patris,
2794 2263 2840 2307 et
2868 2251 3020 2320 Filii,
3053 2263 3100 2306 et
3128 2252 3360 2322 Spiritus
3387 2254 3554 2307 sancti
3579 2253 3780 2324 (Ibid.,
3821 2255 3938 2323 19).

2316 2347 2442 2402 Haec
2465 2347 2610 2401 enim
2639 2355 2723 2401 est
2753 2360 2962 2402 merces
2991 2353 3048 2402 et
3070 2346 3178 2402 vita
3208 2355 3546 2413 sanctorum,
3580 2347 3728 2416 quod
3761 2346 3941 2402 etiam

2313 2440 2452 2496 alios
2485 2439 2853 2496 redemerunt.

2388 2536 2476 2592 72.
2519 2534 2652 2592 Illud
2699 2548 2920 2606 quoque
2964 2531 3205 2598 adverte,
3233 2547 3344 2588 non
3373 2532 3548 2586 otiose
3575 2531 3850 2600 scriptum
3887 2532 3941 2585 in

2315 2630 2516 2687 Genesi
2542 2648 2554 2683 :
2585 2628 2654 2684 Et
2679 2629 2780 2683 eris
2809 2644 2968 2698 prope
2991 2643 3092 2694 me,
3120 2636 3176 2680 tu
3201 2636 3248 2680 et
3271 2627 3370 2694 ﬁlii
3395 2627 3487 2691 tui,
3520 2626 3676 2695 slﬁlii
3691 2627 3943 2694 filiorum

2317 2736 2528 2780 tuorum
2551 2723 2710 2797 (Gen.
2737 2738 2863 2789 ην,
2892 2719 3001 2792 10).
3028 2721 3144 2777 Hoc
3179 2729 3264 2776 est
3313 2719 3460 2775 enim
3499 2719 3645 2790 quod
3701 2720 3846 2772 dixit
3886 2719 3942 2773 in

2320 2822 2611 2893 Evangelio
2636 2839 2650 2876 :
2677 2821 2815 2876 Ecce
2863 2835 2956 2890 ego
3002 2819 3261 2874 uobiscum
3310 2833 3427 2877 sum
3480 2816 3722 2872 omnibus
3751 2814 3943 2868 diebus

2320 2935 2478 2988 usque
2509 2919 2575 2970 ad
2624 2915 3116 2970 consummationem
3136 2914 3309 2968 steculi
3335 2910 3555 2982 (Matth.
3586 2925 3790 2974 xxvm,
3812 2908 3938 2978 ‘20).

2394 3012 2486 3068 75.
2525 3011 2694 3080 Quam
2717 3008 2941 3065 evidens
2989 3023 3202 3079 quoque
3242 3006 3371 3064 illud
3403 3005 3755 3078 mysterium,
3785 3002 3940 3074 quod

2322 3104 2490 3160 veluti
2521 3104 2794 3174 completo
2819 3101 2970 3159 omni
3009 3100 3296 3168 mandato,
3311 3099 3533 3156 fratrem
3549 3114 3712 3156 suum
3737 3098 3944 3166 Benja-

2325 3199 2437 3255 min
2488 3197 2868 3268 complectitur
2905 3195 3130 3266 Joseph,
3183 3205 3240 3252 et
3283 3195 3483 3251 cecidit
3533 3209 3702 3264 super
3725 3193 3940 3248 collum

2243 3277 2288 3341 C
2317 3293 2438 3365 ejus
2471 3289 2626 3362 (Gen.
2661 3306 2787 3356 xcv,
2819 3287 2932 3359 14),
2963 3288 3106 3344 sicut
3137 3288 3303 3344 etiam
3333 3286 3610 3357 completo
3633 3284 3939 3356 Evangelia

2318 3387 2566 3443 Christus
2607 3383 2834 3440 Paulum
2867 3381 3212 3452 amplectitur
3259 3379 3582 3451 quibusdam
3611 3379 3937 3434 misericor-

2317 3482 2422 3538 dizc
2455 3497 2568 3540 sua
2594 3483 2834 3539 brachiis
2863 3483 3006 3554 (Act.
3035 3498 3112 3548 ix,
3140 3483 3174 3537 4
3200 3489 3247 3536 et
3273 3487 3379 3550 seq.
3408 3479 3458 3552 );
3493 3486 3554 3532 ut.
3577 3475 3794 3535 interna
3817 3475 3936 3544 opi-

2321 3578 2484 3633 nione
2510 3585 2815 3643 curvatum,
2858 3576 3005 3631 velut
3025 3591 3054 3630 a
3078 3575 3220 3630 collo
3251 3573 3304 3630 in
3331 3572 3531 3629 caelum
3560 3571 3750 3641 erigat.
3779 3568 3936 3624 Unde

2319 3681 2373 3728 et
2395 3674 2484 3728 ille
2511 3681 2726 3728 erectus
2755 3689 2785 3728 a
2811 3672 3032 3728 Christo
3061 3671 3138 3727 ait
3169 3685 3185 3731 ς
3209 3667 3403 3724 Nostra
3423 3677 3597 3724 autem
3611 3664 3931 3721 conca-satio

2319 3767 2373 3821 in
2397 3768 2536 3823 owlis
2563 3777 2635 3822 est
2661 3765 2892 3840 (Philip.
2919 3781 3005 3834 tu,
3029 3763 3148 3836 20).

2914 3961 3142 4022 CAPUT
3174 3961 3311 4020 Xlll.

2326 4138 2571 4193 Inventas
2594 4153 2625 4191 a
2650 4133 2846 4205 Ioseph
2887 4133 3075 4203 fratres
3101 4131 3287 4202 gaudet
3333 4127 3566 4190 Pharao,
3615 4128 3768 4198 cujus
3805 4137 3928 4193 erga

2394 4233 2598 4286 eosdem
2620 4228 2915 4283 humanitas
2939 4226 3248 4298 explicatur.
3284 4221 3421 4291 Quid
3433 4236 3671 4286 munera,
3690 4232 3808 4289 qua:
3827 4215 3926 4270 Jo-

2396 4327 2522 4398 seph
2553 4324 2797 4397 fratribus
2819 4333 2869 4378 et
2911 4323 3171 4393 praecipue
3216 4319 3490 4390 Beniamin
3520 4319 3742 4387 conIert,
3775 4325 3929 4384 atque

2397 4423 2466 4477 ad
2491 4431 2690 4492 patrem
2714 4419 2958 4485 destinat,
2989 4415 3324 4490 signiﬁcent?
3353 4413 3491 4480 Quid
3509 4412 3668 4466 etiam
3689 4409 3832 4481 quod
3861 4408 3928 4463 il-

2398 4517 2476 4572 los
2527 4515 2843 4570 discedentes
2871 4515 2939 4567 ad
2961 4521 3137 4583 pacem
3175 4509 3481 4565 exlsortatur
3503 4506 3530 4560 ?
3579 4506 3710 4571 Qute
3733 4504 3928 4557 reditus

2399 4613 2628 4684 ipsorum
2657 4611 2712 4665 in
2752 4621 2941 4665 terram
2990 4607 3278 4671 Chanaan,
3323 4613 3371 4658 et
3421 4601 3586 4672 patris
3611 4599 3702 4654 ubi
3731 4597 3928 4652 audii-it

2399 4707 2567 4778 [ilium
2594 4707 2780 4774 vivere,
2801 4703 3078 4759 admiratio
3091 4699 3435 4768 consequitur.

2400 4867 2488 4922 74.
2531 4865 2601 4922 Et
2657 4863 2873 4936 gavisus
2899 4871 2982 4918 est
3006 4861 3244 4928 Pharao,
3264 4857 3410 4930 quod
3441 4854 3645 4926 Ioseph
3672 4854 3926 4926 agnovis-

2327 4969 2408 5015 set
2442 4958 2640 5014 fratres
2661 4971 2789 5013 suos
2821 4954 2975 5026 (Gen.
3003 4969 3126 5015 xcv,
3161 4950 3229 5008 16
3259 4960 3304 5006 et
3335 4966 3442 5022 seq.
3468 4948 3509 5019 ).
3545 4947 3701 5004 Unde
3731 4956 3786 5000 et
3812 4945 3927 5000 vul-

2327 5060 2450 5123 gata
2481 5059 2566 5106 est
2599 5065 2706 5112 vox
2729 5049 2780 5104 in
2807 5047 2972 5104 domo
3015 5045 3245 5102 Pharao.
3295 5043 3355 5098 Et
3391 5041 3642 5100 hortatus
3674 5047 3759 5096 est
3785 5055 3910 5094 san-

2328 5158 2476 5204 ctum
2505 5144 2728 5216 Josepb,
2757 5154 2813 5198 ut
2861 5143 3055 5197 fratres
3085 5152 3212 5196 suos
3243 5137 3449 5204 invitet,
3477 5146 3534 5192 ut
3556 5135 3774 5189 veniant
3803 5147 3924 5188 cum

2329 5249 2481 5310 patre
2509 5256 2524 5293 :
2554 5249 2607 5294 et
2639 5237 2860 5293 mandat
2907 5235 3116 5305 impleri
3147 5246 3334 5292 eorum
3361 5229 3606 5286 sarcinas
3643 5228 3840 5292 tritico,
3867 5235 3925 5280 ct

2329 5333 2571 5390 vehicula
2601 5332 2738 5387 dari.
2771 5330 2924 5388 Unde
2964 5329 3079 5384 hazc
3111 5324 3414 5382 humanitas
3445 5323 3695 5389 barbaro,
3726 5321 3829 5376 nisi
3861 5320 3922 5374 il-

2328 5430 2420 5486 lud
2445 5429 2820 5484 ostenderetur
2847 5440 3099 5496 magnum
3140 5421 3482 5492 mysterium,
3511 5416 3653 5488 quod
3680 5417 3792 5486 jam
3817 5429 3918 5468 non

2327 5522 2534 5578 invidet
2555 5520 2815 5582 Ecclesia,
2848 5533 2972 5572 (uim
3021 5515 3364 5571 redimuntur
3391 5509 3584 5577 Judazi,
3615 5519 3670 5564 et
3697 5508 3919 5579 populus

2305 5603 2779 5694 'ChriStianushac
2807 5611 3156 5681 adiunctione
3185 5603 3414 5674 ltetatur,
3437 5615 3492 5661 et
3519 5603 3719 5674 quibus
3746 5608 3919 5674 potest

2305 5691 2580 5772 subsidiis
2605 5691 2776 5777 juvat,
2801 5713 2854 5761 et
2877 5703 3040 5772 mittit
3065 5691 3496 5772 evangelizantcs
3529 5713 3756 5767 regnum
3805 5693 3911 5758 Dei,

688 5831 713 5859 “
755 5823 844 5880 Sic
870 5839 1062 5880 omnes
1093 5839 1225 5880 mss.
1273 5821 1434 5894 atque
1459 5819 1588 5878 edit.
1621 5831 1843 5894 excepta
1881 5815 2060 5886 litum,
2089 5829 2208 5894 qua:
2314 5819 2438 5891 seph
2469 5819 2688 5894 tolerare
2709 5811 2888 5894 onines
2905 5822 3132 5894 astantes
3159 5812 3229 5877 ei,
3359 5810 3492 5865 diuit
3519 5819 3546 5866 :.
3565 5806 3796 5864 Emittite
3813 5819 3916 5862 om-

618 5894 761 5950 huuc
779 5896 1073 5966 Scriptura:
1094 5906 1296 5952 textum
1327 5892 1603 5965 praemittit
1631 5913 1644 5951 ι
1675 5892 1744 5949 Et
1785 5911 1885 5949 non
1917 5894 2082 5966 p‘otuit
2113 5893 2210 5950 Jo-

2317 5885 2404 5949 nes
2433 5908 2463 5946 a
2503 5905 2602 5946 ms.
2622 5887 2788 5945 Iussit
2817 5885 3015 5956 Ioseph
3041 5899 3236 5952 omnes,
3259 5893 3364 5938 etc.

4079 1937 4081 2020 l

4081 2212 4083 2270 γ
