4066 6360
633 351 736 412 671

1979 355 2228 414 SANCTI

2330 354 2586 412 HBROSII
3025 373 3032 378 ·
3847 352 3920 408 6τέ

629 467 953 526 immolavit.
985 468 1074 525 Ille
1103 469 1244 526 enim
1281 469 1419 526 bene
1445 469 1712 540 immolat,
1749 471 1839 543 qui
1867 471 2234 544 cognitionem
2265 475 2313 534 Α
2345 469 2530 540 (Ioan.
2559 487 2641 538 ιι,
2669 471 2749 546 6),
2775 471 2893 542 lege
2919 471 3388 543 quemadmodum
3417 483 3617 526 catcus
3643 469 3734 525 ille
3751 480 3922 526 sanatus

630 561 933 620 divinitatis
961 561 1389 633 investigaverit.

701 655 791 712 82.
829 655 972 712 Dixit
993 667 1163 711 autem
1189 655 1332 711 Deus
1354 655 1424 713 ad
1449 657 1620 714 Israel
1639 659 1694 712 in
1718 659 1827 714 visu
1851 665 1998 713 nocte
2023 659 2230 714 dicens:

626 747 813 816 Iacob,
844 749 1026 806 Iacob.
1075 751 1176 819 Qui
1204 751 1369 807 dixit:
1403 751 1544 820 Quid
1571 753 1686 808 est?
1727 752 1794 806 Et
1833 751 2088 808 Dominus
2117 755 2232 808 ait:

625 845 742 917 Ego
767 863 881 900 sum
911 845 1050 900 Deus
1078 855 1284 919 patrum
1326 857 1564 912 tuorum,
1613 845 1722 900 noli
1756 847 1954 914 timere,
1983 845 2232 901 descende

623 935 678 992 in
709 937 784 992 1E
789 949 1036 1012 gyptum;
1065 940 1119 993 in
1147 951 1348 1010 gentem
1376 941 1511 994 enim
1547 957 1788 1012 magnam
1833 939 2023 1010 faciam
2061 950 2110 993 te
2140 941 2227 995 ibi.

625 1031 740 1108 Ego
773 1035 1081 1090 descendam
1097 1047 1259 1091 tecum
1275 1037 1326 1090 in
1347 1035 1660 1108 Egyptian,
1681 1046 1833 1106 etego
1846 1035 2092 1090 deducam
2120 1039 2230 1090 tein

623 1126 1133 1200 perpetuum(Gen.,
1164 1145 1310 1192 XLvI,
1340 1129 1376 1183 2
1397 1129 2096 1200 etseq.).Quematlmodum
2111 1145 2230 1199 qua:

622 1216 724 1286 ipsi
751 1219 956 1289 legunt,
983 1235 1089 1274 non
1115 1221 1454 1290 intelligunt;
1479 1232 1534 1276 et
1555 1219 1776 1292 Moysen
1801 1235 1961 1291 quem
1985 1220 2227 1288 laudant,

623 1311 918 1382 abnegant,
966 1327 1088 1366 cum
1137 1313 1256 1382 ejus
1291 1313 1512 1382 scriptis
1564 1312 1796 1370 credere
1841 1313 2050 1368 uolunt.
2087 1313 2228 1381 Quid

621 1405 932 1460 evidentius
981 1419 1144 1474 quam
1188 1405 1332 1475 quod
1385 1405 1489 1459 hoc
1519 1405 1639 1460 loco
1690 1405 2006 1472 invitantur,
2062 1416 2122 1460 ut
2160 1405 2228 1460 ad

622 1506 868 1552 sanctam
899 1497 1200 1553 Ecclesium
1231 1499 1329 1554 Dei
1357 1506 1677 1563 transeant,
1719 1509 1772 1554 et
1811 1501 1899 1570 qui
1933 1509 2058 1554 ante
2089 1501 2228 1555 intra

621 1591 1082 1648 Ittdemterminos
1096 1593 1512 1648 coarctahantur
1542 1593 1704 1666 510
1732 1605 1991 1664 augustos
2009 1637 2022 1659 ,
2049 1593 2114 1648 ad
2135 1609 2230 1664 po-

623 1687 808 1756 pulum
835 1683 929 1741 Dei
955 1685 1207 1755 migrent,
1230 1687 1319 1757 qui
1343 1701 1408 1740 ex
1435 1691 1551 1740 toto
1575 1687 1704 1741 orbe
1723 1727 1739 1754 ,
1768 1701 1832 1740 ex
1857 1685 2110 1741 omnibus
2133 1701 2228 1740 na-

627 1779 867 1835 tionibus
891 1787 944 1834 et
972 1781 1187 1852 populis
1215 1789 1572 1851 congregatus
1596 1777 1646 1834 in
1669 1795 1916 1852 magnam
1950 1783 2121 1835 tactus
2147 1789 2230 1836 est

623 1983 836 2024 eormn.
885 1966 1123 2022 Vocatur
1161 1981 1291 2038 ergo
1336 1982 1376 2046 a_
1409 1967 1534 2022 ﬁliis
1561 1967 1674 2022 suis
1707 1966 1894 2035 Iacob,
1947 1967 1998 2022 id
2043 1977 2150 2032 est,
2197 1983 2228 2022 a

623 2059 809 2128 Petro,
837 2060 1024 2128 Paulo,
1057 2061 1325 2129 Iohanne,
1362 2061 1595 2133 populus
1623 2059 1936 2118 Iudaeorum
1971 2061 2230 2116 invitatur

621 2154 690 2212 ad
721 2158 968 2226 gratiam.

694 2249 784 2304 85.
827 2249 948 2319 Ipse
987 2263 1209 2321 quoque
1239 2249 1383 2305 Deus
1417 2259 1605 2305 noster
1637 2249 1858 2320 proprio
1889 2263 2010 2305 eum
2045 2249 2230 2304 horta-

621 2349 710 2412 tur
738 2341 958 2395 oraculo
984 2383 997 2407 ,
1038 2343 1273 2412 spondet
1300 2343 1348 2396 ei
1379 2341 1683 2414 profectum
1711 2343 1836 2397 ﬁdei
1873 2343 2121 2397 muneris
2149 2343 2230 2398 sui

619 2433 854 2490 Iruclum
887 2435 1072 2491 dicens
1101 2435 1189 2492 ei:
1223 2436 1422 2507 Ioseph
1450 2437 1616 2490 mittet
1643 2453 1850 2489 manum
1874 2453 2027 2504 super
2059 2437 2231 2492 oculos

625 2536 740 2581 tuos
769 2525 921 2596 (Gen.
950 2545 1096 2594 sui,
1130 2527 1211 2600 4).
1255 2528 1371 2583 Non
1421 2529 1607 2596 utique
1655 2541 1875 2584 sanctus
1914 2528 2230 2585 Patriarcha

619 2619 888 2675 sollicitus
933 2629 1052 2675 erat
1095 2637 1124 2674 a
1171 2635 1280 2691 quo
1329 2622 1378 2676 ei
1429 2621 2047 2688 ocoli'claudcrentur;
2103 2622 2231 2678 licet

619 2713 786 2768 etiam
811 2712 1083 2768 intellectu
1108 2713 1338 2782 simplici
1361 2715 1583 2768 moralis
1609 2713 2224 2784 exprimatur‘aﬂ‘ectus.

620 2805 755 2862 Nam
788 2807 832 2861 si
863 2821 958 2862 eos
987 2823 1126 2877 quos
1161 2807 1461 2878 diligimus,
1497 2809 1745 2879 copimus
1775 2809 2088 2881 frequenter
2117 2825 2228 2865 am-

621 2901 818 2972 plecti,
849 2912 1052 2971 quanto
1083 2903 1254 2974 magis
1283 2902 1557 2956 recessuri
1585 2919 1650 2957 ex
1687 2903 1791 2957 hoc
1816 2918 2078 2973 corpore,
2109 2905 2229 2974 ipso

622 2993 914 3048 cbarorum
942 2993 1226 3064 pignorum
1250 3004 1388 3050 tactu
1414 2993 1746 3051 delectamur
1768 3005 2034 3062 extremo,
2058 3007 2112 3052 et
2131 2998 2231 3052 hoc

619 3088 929 3142 mulcentur
955 3088 1185 3142 viatico?
1221 3089 1424 3144 Tamen
1467 3089 1695 3162 mystice
1729 3089 1852 3145 licet
1883 3091 2041 3146 nobis
2067 3092 2226 3146 intel-

616 3181 786 3254 ligere
812 3183 956 3256 quod
999 3194 1184 3254 postea
1216 3185 1534 3255 cogniturus
1577 3187 1744 3240 Deum
1775 3187 1843 3240 sit
1877 3185 2109 3256 populus
2136 3185 2232 3242 Ju-

616 3277 883 3332 dmorum.
935 3277 1050 3333 Hoc
1085 3286 1170 3332 est
1205 3281 1350 3333 enim
1381 3279 1702 3350 mysterium
1732 3319 1747 3344 ,
1778 3279 1921 3348 quod
1949 3295 2109 3335 verus
2137 3278 2230 3334 Io-

614 3369 750 3440 seph
783 3369 1043 3425 immittet
1083 3387 1276 3425 manus
1303 3385 1469 3440 super
1501 3371 1692 3426 oculos
1723 3371 1878 3441 ejus;
1911 3379 1966 3424 ut
1995 3373 2082 3441 qui
2117 3386 2223 3426 non

614 3463 833 3518 videbat
886 3472 1060 3529 ante,
1109 3465 1223 3534 jam
1279 3463 1479 3519 videat.
1553 3465 1686 3519 Veni
1741 3464 1808 3518 ad
1873 3465 2222 3536 Evangeliutn

730 3622 991 3629 ﬁ’m

2337 563 2430 630 sit,
2456 564 2542 618 cui
2565 561 2726 618 Iesus
2753 577 2975 618 manum
3005 563 3282 633 imposuit,
3313 571 3380 617 et
3407 563 3542 631 ejus
3573 559 3790 617 abstulit
3811 563 3924 618 ceci-

2335 665 2524 712 tatem.
2554 657 2670 712 Non
2691 657 2838 714 enim
2869 659 3146 712 morituris
3167 655 3438 712 Christus
3465 669 3700 708 manum
3727 655 3922 724 imponit,

2332 751 2427 806 sed
2459 751 2714 807 victuris:
2747 760 2838 804 aut
2859 755 2902 806 si
2937 752 3235 814 morituris,
3277 761 3480 812 recte;
3519 749 3652 820 quia
3679 749 3818 820 prius
3839 765 3922 806 mo-

2335 843 2526 910 rimur,
2577 853 2638 898 ut
2681 844 3089 900 reviviscamus.
3145 843 3262 899 Non
3299 843 3468 898 enim
3525 855 3808 912 possumus
3845 841 3922 898 Deo

2335 937 2542 1002 vivere,
2575 938 2676 992 nisi
2711 949 2934 1008 peccato
2959 947 3084 993 ante
3105 939 3436 992 moriamur.

2405 1031 2494 1086 84;
2543 1031 2894 1087 Descendunt
2939 1032 3104 1102 igitur
3151 1033 3204 1086 in
3251 1029 3578 1103 Egyptum
3629 1030 3918 1098 septuaginta

2333 1125 2576 1195 quinque
2603 1125 2798 1178 anim-.2
2820 1167 2834 1190 ,
2869 1125 3009 1179 sicut
3033 1127 3293 1196 scriptum
3325 1134 3422 1180 est
3443 1167 3460 1190 ,
3513 1129 3576 1178 et.
3601 1121 3708 1176 hoc
3733 1121 3921 1192 mysuc'e

2333 1231 2558 1272 numero
2581 1217 2958 1282 remissionis;
2987 1218 3110 1288 quia
3139 1225 3260 1288 post
3281 1225 3508 1270 tantam
3539 1215 3815 1276 duritiam,
3835 1225 3922 1283 post

2333 1319 2482 1366 tanta
2515 1321 2731 1380 peccata
2765 1311 3094 1366 haberentur
3125 1309 3364 1382 indigni,
3403 1309 3522 1364 nisi
3555 1307 3840 1362 donaretur
3859 1306 3916 1362 bis

2333 1405 2586 1460 remissio
2615 1411 2984 1474 peccatorum.
3029 1405 3277 1458 Occurrit
3309 1403 3386 1457 illi
3421 1401 3611 1458 Iudas
3637 1443 3653 1466 ,
3703 1399 3798 1454 hoc
3829 1409 3918 1464 est,
3999 1399 4001 1440 ἒ

2333 1495 2606 1553 confessio
2643 1497 2865 1551 erroris.
2907 1497 3064 1551 Hunc
3089 1496 3170 1550 sui
3208 1507 3490 1550 venturus
3519 1493 3826 1548 Judazorum
3849 1505 3916 1561 ρο-
3999 1517 4001 1561 λ

2335 1591 2492 1663 pulus
2523 1591 2888 1662 prmuuntiur‘n
2935 1590 3122 1647 mittit.
3167 1589 3294 1645 Ideo
3321 1599 3378 1644 et
3413 1587 3640 1657 Ioseph
3681 1587 3914 1651 verus,id
4000 1587 4001 1614 ξ

2334 1693 2436 1752 est,
2488 1685 2694 1740 arbiter
2736 1693 2791 1740 et
2836 1684 3108 1754 interpres
3153 1683 3461 1738 divinitatis
3513 1680 3792 1742 occurrit;
3829 1679 3913 1748 quia

2335 1779 2596 1849 praecedit
2618 1779 2725 1846 jam
2751 1778 3046 1840 confessio,
3079 1791 3214 1846 quos
3245 1783 3403 1828 antea
3441 1771 3682 1843 perfidia
3715 1771 3912 1839 posside-
4000 1799 4001 1804 η

623 1871 892 1944 gentem!
933 1873 1175 1941 Denique
1219 1873 1272 1928 in
1324 1888 1540 1929 omnem
1593 1883 1794 1929 terram
1844 1875 2007 1929 exivit
2061 1889 2228 1929 sonus
2261 1875 2306 1934 B
2337 1877 2448 1932 bat.
2497 1875 2767 1947 luterpres
2810 1875 2956 1932 enim
3011 1873 3307 1928 divinitatis
3351 1883 3442 1926 est
3498 1869 3786 1934 Christus;
3825 1867 3912 1936 qui:
3999 1949 4001 1960 Α

2333 1969 2500 2024 Deum
2547 1983 2706 2023 neruo
2747 1967 2880 2022 vidit
2927 1981 3221 2036 umquam;
3263 1963 3364 2018 nisi
3417 1961 3747 2032 unigenitus
3783 1957 3909 2012 Filius

2333 2067 2423 2136 qui
2449 2065 2607 2120 estin
2641 2063 2761 2118 sinu
2795 2061 2990 2133 Patris,
3025 2061 3140 2130 ipse
3167 2059 3474 2114 enarravit.
3507 2057 3614 2111 Hic
3643 2051 3908 2120 senilisjam

2332 2161 2506 2214 mtalis
2529 2201 2542 2226 ,
2569 2169 2622 2213 et
2651 2159 2850 2214 {essum
2879 2157 3139 2228 suSr'ipiet
3165 2154 3372 2210 ultimis
3405 2150 3758 2222 temporibus
3783 2161 3908 2218 popu-

2333 2252 2441 2307 lum
2493 2251 2832 2314 .Iudmorum,
2881 2264 2988 2305 non
3045 2247 3339 2303 secundum
3387 2247 3549 2300 illius
3599 2243 3802 2302 merita,
3841 2235 3906 2292 sed

2333 2343 2630 2400 secandum
2675 2343 2998 2396 electionem
3057 2341 3290 2410 gratim:
3347 2345 3403 2392 et
3457 2337 3714 2405 imponet
3759 2344 3904 2387 manus

2332 2449 2498 2506 Saper
2522 2435 2709 2491 oculos
2741 2435 2858 2505 ejus
2881 2478 2894 2502 ,
2933 2443 2984 2487 ut
3018 2433 3316 2489 caecitatem
3353 2431 3603 2485 auferat.
3635 2425 3794 2496 Cujus
3817 2423 3904 2478 ideo

2332 2529 2538 2584 distulit
2568 2530 2854 2584 sanitatem
2880 2569 2894 2594 ,
2941 2536 3000 2582 ut
3038 2536 3346 2598 postremus
3376 2523 3678 2586 crederet,
3707 2518 3788 2589 qui
3812 2523 3900 2570 ante

2333 2641 2437 2678 non
2470 2626 2671 2694 putavit
2700 2639 2823 2678 esse
2852 2623 3180 2678 credendum
3199 2664 3214 2687 ,
3246 2631 3300 2676 et
3330 2619 3754 2690 praerogativam
3777 2623 3896 2678 supe-

2331 2717 2493 2773 rioris
2535 2717 2816 2772 electionis
2856 2716 3152 2770 amitteret.
3203 2711 3358 2769 Unde
3397 2721 3455 2766 et
3498 2705 3787 2781 Apostolus
3819 2703 3894 2755 ait:

2336 2789 2470 2879 Quia
2497 2811 2696 2876 ca’ct'las
2737 2823 2800 2864 ex
2825 2819 2971 2880 parte
3007 2807 3222 2880 contigit
3249 2807 3305 2860 in
3345 2803 3545 2868 Israel,
3588 2803 3747 2854 donec
3771 2793 3896 2864 pleni-

2333 2905 2456 2958 tudo
2487 2905 2718 2974 gentium
2745 2905 2983 2968 intraret,
3010 2915 3058 2957 et
3087 2903 3162 2957 sic
3191 2901 3356 2955 omnis
3386 2896 3570 2953 Israel
3593 2895 3762 2950 salsas
3787 2890 3892 2960 ﬁt!!!

2334 2997 2509 3068 (Rom.
2537 3012 2588 3050 XI
2608 3038 2622 3060 ,
2649 2997 2769 3066 25).

2403 3089 2492 3144 85.
2535 3089 2701 3146 GeSta
2749 3089 2914 3160 igitur
2949 3086 3378 3158 patriarcharum
3404 3124 3420 3151 ,
3475 3083 3774 3138 futurorum
3809 3083 3890 3160 aty-

2332 3185 2496 3240 steria
2526 3193 2670 3239 sunt.
2701 3157 3080 3254 Deniqueipse
3099 3181 3267 3237 Iacob
3295 3179 3374 3234 sic
3401 3165 3484 3234 ait
3513 3175 3586 3232 ad
3617 3174 3750 3229 ﬁlios
3767 3157 3886 3223 suos:

2257 3257 2302 3322 (ἶ
2334 3275 2748 3350 Congregamini,
2781 3286 2834 3330 ut
2858 3277 3154 3330 annuatiem
3179 3274 3317 3328 vobis
3354 3287 3474 3342 quin
3513 3279 3782 3325 occursuro
3801 3267 3889 3350 sua!

2335 3369 2475 3423 vobis
2515 3369 2567 3422 in
2618 3367 2906 3422 novissimis
2951 3365 3146 3420 diebus.
3197 3363 3626 3435 Congregamini,
3672 3365 3717 3411 et
3757 3349 3887 3406 audite

2333 3462 2503 3518 Israel
2525 3473 2726 3534 patrem
2748 3473 2970 3517 vestrum
2993 3460 3150 3531 (Cm.
3179 3475 3327 3527 xm,
3361 3459 3388 3512 l
3419 3469 3466 3512 et
3497 3458 3582 3526 2).

727 3721 851 3804 IN
919 3721 1374 3866 LlBRUM
1427 3713 1589 3804 DE
1641 3663 2718 3806 BENEDICTIONIBUS
2785 3707 3804 3804 PATRIARCHARUM

1943 3875 2606 3952 ADMONITIO.

682 4117 1010 4174 Ambrosium
1035 4119 1090 4173 in
1126 4117 1488 4188 superioribus
1505 4118 1650 4174 libris
1683 4121 1799 4192 jam
1829 4115 2208 4172 observavimus
2239 4113 2440 4184 aliquid
2473 4113 2753 4168 inseruisse
2781 4114 2843 4168 de
2869 4111 3314 4168 Benedictionibus
3347 4111 3785 4168 Patriarcharum.
3811 4099 3880 4149 Im

613 4223 711 4279 est,
745 4211 807 4266 de
829 4212 1271 4269 benedictionibus
1301 4217 1406 4270 illis
1437 4217 1624 4283 quibus
1648 4212 1812 4268 Iacob
1833 4214 1888 4266 in
1917 4212 2158 4267 extremis
2187 4228 2228 4281 pl

2330 4225 2406 4272 us,
2435 4194 2568 4278 ﬁliis
2587 4211 2694 4263 suis
2718 4210 2805 4280 qui
2826 4213 2958 4283 μετά
2976 4212 3375 4281 ἀντονομασίαν,
3401 4205 3723 4263 Patriarcha:
3741 4199 3880 4282 diwn'

612 4314 718 4368 tur,
752 4305 926 4358 omnia
959 4308 1128 4375 fausta
1159 4315 1513 4377 comprecatus
1536 4314 1629 4359 est.
1673 4301 1862 4359 Verum
1895 4307 1987 4357 has
2005 4304 2105 4378 ille
2134 4302 2296 4356 obiter
2325 4301 2524 4355 tantum
2551 4303 2808 4369 attigerat,
2833 4303 3222 4372 uberioremque
3251 4305 3426 4355 earum
3453 4293 3878 4371 interpretationem

609 4393 772 4448 alium
812 4393 868 4447 in
903 4395 1092 4464 locum,
1136 4397 1220 4450 ubi
1258 4395 1436 4452 dedita
1461 4410 1634 4466 opera
1681 4395 1744 4448 de
1775 4393 1882 4448 illis
1931 4393 2236 4465 disputaret,
2283 4395 2560 4464 rejccerat;
2581 4390 2648 4444 Id
2687 4395 2983 4463 exsequitur
3021 4393 3075 4446 in
3118 4394 3216 4448 hac
3257 4411 3354 4449 sua
3396 4395 3677 4466 scriptione
3716 4387 3880 4443 sanctus

607 4487 824 4544 Doctor.
2363 4509 2366 4512 ·
2675 4493 2678 4496 ’

681 4579 867 4650 Itaque
904 4579 1126 4648 primum
1154 4581 1379 4635 utilitate
1403 4589 1635 4654 paterna:
1673 4577 2040 4636 benedictionis
2064 4575 2273 4632 breviter
2297 4577 2552 4648 exposita,
2595 4577 2742 4631 docet
2770 4575 2931 4649 (Cap.
2963 4579 2988 4632 1
3013 4576 3032 4650 )
3058 4578 3342 4648 Iosepbum
3369 4587 3708 4650 properanter
3731 4569 3878 4627 liberos

611 4686 736 4726 suos
766 4667 1044 4724 Manassen
1071 4682 1221 4736 atque
1250 4670 1498 4744 Ephrtcm
1524 4667 1592 4723 ad
1613 4667 1798 4736 Iacob,
1825 4677 1881 4722 ut
1905 4669 2013 4736 ejus
2036 4669 2384 4722 benedictione
2407 4669 2743 4736 donarentur,
2768 4685 2938 4723 secum
2961 4670 3242 4724 adduxisse
3261 4687 3279 4724 :
3301 4687 3453 4724 avum
3473 4669 3644 4726 aulem
3664 4659 3876 4734 ador-'0’"

606 4763 715 4817 illis
749 4761 919 4816 locum
953 4761 1086 4815 inter
1113 4762 1351 4832 proprios
1391 4762 1527 4830 ﬁlios
1558 4760 1865 4826 attribuisse.
1916 4757 2111 4814 Dehinc
2145 4759 2432 4829 Scriptum
2485 4771 2686 4815 secutus
2727 4763 2959 4816 ordinem
2997 4779 3126 4832 quas
3155 4753 3320 4818 Iacob
3349 4763 3475 4832 filiis
3513 4767 3624 4821 suis
3649 4749 3876 4832 imperii?“

609 4851 990 4908 benedictiones
1015 4851 1248 4904 enucleat
1285 4849 1438 4922 (Cap.
1464 4851 1498 4904 2
1528 4862 1573 4906 et
1605 4847 1759 4923 seq.).
1795 4850 2040 4905 Rimatur
2063 4851 2118 4905 in
2149 4852 2214 4906 iis
2242 4851 2474 4905 omnibus
2501 4854 2776 4922 mysticum
2805 4869 3027 4918 sensum,
3060 4873 3244 4925 easque
3271 4873 3377 4911 non
3414 4870 3517 4911 tam
3551 4849 3872 4913 benedictione!

605 4961 717 4998 esse
744 4943 928 4998 asserit
970 4941 1123 5014 (Cap.
1161 4945 1218 5012 Ξ,
1247 4961 1391 4998 num.
1425 4945 1456 4999 7
1498 4955 1545 5000 et
1575 4945 1740 5018 alibi),
1774 4963 1929 5018 quant
1964 4945 2300 5018 prophetias:
2339 4947 2496 5000 immo
2528 4949 2828 5018 prophetias
2857 4965 2983 5014 esse,
3017 4960 3070 5003 at
3109 4953 3266 5006 variis
3295 4951 3698 5007 benedictionum
3734 4937 3874 5017 ειτωίίσ

607 5037 924 5092 cumulatas.
963 5037 1303 5104 Quamobrem
1324 5037 1448 5104 quid
1476 5037 1539 5091 sit
1563 5017 1796 5108 ipsarum
1823 5017 2458 5109 singulisiadtmtbratum,
2489 5017 2671 5108 aperit.
2699 5041 2919 5110 exempli
2941 5055 3098 5095 causa
3119 5041 3464 5098 benedictione
3493 5039 3738 5097 Manassis
3759 5039 3872 5096 alii”

613 5131 863 5201 Ephrwm
889 5129 1102 5187 Iudaeos
1125 5141 1172 5186 et
1201 5130 1524 5187 Christianos
1553 5131 1716 5202 (Cap.
1749 5133 1773 5188 1
1799 5133 1841 5204 ),
1871 5135 2218 5188 benedictione
2245 5133 2365 5188 Dan
2388 5135 2766 5191 Antichristum
2799 5137 2963 5209 (Cap.
2995 5137 3025 5191 7
3044 5136 3087 5209 ),
3121 5138 3468 5192 benedictione
3497 5133 3758 5210 Benjamin
3781 5137 3872 5179 stm-

605 5239 742 5282 ctum
775 5227 996 5281 Paulum
1025 5225 1177 5300 (Cap.
1215 5225 1304 5299 12)
1327 5231 1344 5280 ἐ
1378 5225 1642 5283 Christum
1664 5243 1780 5282 vero
1811 5231 2106 5284 earumdem
2127 5229 2384 5298 plerisque
2413 5229 2698 5302 designari,
2725 5231 2951 5284 maxime
2973 5229 3130 5286 Iuda
3153 5247 3216 5284 ac
3240 5227 3456 5300 Iosephi
3487 5214 3869 5284 benedictum“!!!5

613 5315 766 5386 (Cap.
809 5321 842 5372 ὁ
874 5327 920 5370 et
951 5318 1064 5389 11),
1089 5335 1214 5388 quas
1243 5336 1300 5372 ca
1321 5319 1386 5374 de
1406 5311 1562 5372 causa
1586 5318 1752 5385 fusius
1781 5327 1931 5383 atque
1956 5319 2252 5372 accuratius
2274 5333 2426 5388 quam
2455 5319 2588 5373 alios
2619 5313 2870 5374 edisserit.
2950 5361 2954 5365 .

677 5409 850 5466 Porro
876 5421 932 5464 ut
961 5415 1211 5484 majorem
1233 5413 1297 5467 iis
1320 5429 1448 5482 quas
1469 5411 1733 5484 proponit,
1759 5412 2165 5481 expositionibus
2187 5414 2288 5466 vim
2311 5413 2768 5483 auctoritatemque
2788 5417 3052 5481 conciliet,
3077 5421 3232 5472 verba
3270 5415 3411 5482 queis
3441 5414 3650 5487 Moyses
3665 5415 3766 5486 jam
3781 5405 3866 5475 1""

604 5517 632 5554 e
659 5503 779 5555 vivis
808 5501 1046 5556 abiturus
1066 5501 1326 5558 Tribubus
1354 5520 1419 5558 ex
1444 5504 1738 5558 eoruntdem
1763 5501 2188 5558 Patriarcltorum
2212 5507 2404 5560 semine
2429 5506 2670 5560 oriundis
2700 5507 2825 5562 bene
2851 5519 3090 5580 precatus
3115 5521 3192 5564 est
3215 5509 3392 5582 (Deut.
3417 5526 3616 5576 χχχιιι,
3647 5493 3865 5568 (idm-iv

602 5593 657 5646 in
687 5596 908 5649 medium
939 5603 1156 5669 profert.
1196 5597 1507 5653 Addendum
1555 5610 1722 5652 tamen
1749 5608 1824 5650 est
1852 5609 2086 5651 sanctum
2117 5597 2406 5654 Prwsulem
2443 5615 2546 5653 non
2585 5601 2770 5668 ubique
2801 5606 3098 5657 memoratis
3123 5621 3270 5658 usum
3295 5621 3402 5659 esse
3431 5603 3754 5664 testimoniis;
3777 5603 3864 5646 tum

605 5691 707 5737 tres
739 5701 766 5738 e
795 5685 1040 5743 Mosaicis
1069 5688 1504 5744 benedictionibus
1536 5688 1940 5762 prtctcrmiserit.
1973 5687 2125 5743 Illud
2151 5700 2318 5745 autem
2340 5691 2392 5744 in
2421 5689 2520 5743 hac
2550 5691 2722 5760 opella
2747 5694 3033 5766 singulare,
3063 5709 3124 5749 ac
3151 5713 3332 5766 parum
3358 5697 3602 5750 usitatum
3625 5683 3863 5748 Ambrosii»

603 5777 743 5846 quod
781 5777 824 5830 is
855 5778 963 5833 illic
993 5782 1439 5852 interpretationes
1474 5785 1720 5855 mysticus
1750 5785 1994 5841 evolvisse
2021 5795 2312 5854 contentus,
2349 5802 2628 5856 numquam
2659 5789 2821 5860 ferme
2845 5791 2946 5846 nisi
2970 5792 3128 5846 semel
3156 5789 3356 5860 aliquid
3379 5805 3581 5845 morum
3609 5772 3866 5846 institutioni

605 5874 1050 5930 accommodatum
1079 5879 1290 5932 inseruit
1311 5877 1466 5951 (Cap.
1501 5880 1552 5946 7,
1583 5897 1724 5936 num.
1750 5879 1868 5956 33).
