4138 6366
225 289 332 346 615
912 287 921 312 '
953 285 1044 344 DE
1080 284 1701 346 BENEDICTIONIBUS
1731 283 2346 368 PATRIARCHARUM.
2367 285 2577 345 LIBER
2613 283 2822 347 UNUS.
3429 285 3542 350 674

298 401 412 457 Hoc
457 404 509 458 in
546 411 767 460 tractatu
797 389 1006 461 sanctus
1042 403 1236 461 Doctor
1277 408 1386 462 alia
1433 424 1460 462 e
1501 407 1608 462 suis
1649 407 1891 478 operibus
1949 406 2200 462 nonnulla
2241 408 2394 474 citat,
2431 418 2586 479 atque
2623 405 2881 476 imprimis
2920 405 3348 461 commentarium
3385 421 3538 461 suum

225 494 378 566 (Cap.
415 496 484 564 4,
510 515 653 554 num.
685 497 778 569 21)
817 499 871 552 in
901 497 1094 553 Lucam
1118 517 1136 566 ;
1162 497 1301 570 quod
1325 497 1531 571 quidem
1553 517 1666 554 cum
1699 518 1835 556 anno
1861 501 2063 556 circiter
2084 501 2220 568 586,
2249 510 2301 555 ut
2333 502 2429 573 fert
2457 501 2786 555 verisimilior
2809 499 3022 568 opinio,
3064 489 3316 571 scriptum
3342 497 3531 568 fuerit,

226 591 344 647 hinc
376 594 702 665 consequitur
739 613 843 650 non
881 596 981 651 nisi
1014 607 1128 668 post
1165 597 1397 652 eumdem
1427 614 1619 652 annum
1645 599 2223 654 commentatiunculam
2255 597 2324 652 de
2353 594 2836 654 Benedictionihus
2866 580 3305 648 Patriarcharum
3337 592 3532 648 editam

227 685 408 753 fuisse.
442 687 509 742 At
544 703 662 743 vero
684 690 730 743 si
753 690 1087 744 statuendum
1119 690 1216 744 hac
1238 691 1302 744 de
1320 707 1376 746 re
1403 707 1468 747 ea:
1495 693 1722 747 maxima
1749 693 1844 748 illa
1878 702 1927 748 et
1955 693 2336 748 evidentissima
2363 675 2696 758 conuentione,
2729 705 2830 760 qua
2858 704 2975 744 cum
3011 687 3154 742 libris
3182 685 3537 760 superioribus

224 777 464 842 cohaeret,
499 779 775 836 dicendum
801 783 896 838 erit
917 784 1086 853 ipsam
1110 782 1188 837 his
1219 801 1320 838 non
1350 801 1458 840 esse
1486 786 1648 839 multo
1677 785 2037 855 posteriorem,
2072 801 2163 840 nec
2191 784 2410 857 proinde
2431 784 2484 837 in
2511 782 2656 837 aliud
2679 791 2874 854 tempus
2897 796 3055 848 quam
3081 779 3134 833 in
3159 796 3353 834 annum
3382 779 3539 833 circi-

225 878 300 922 ter
326 869 430 926 387
463 871 819 945 rejiciendam.
851 871 916 927 Et
938 889 1062 928 sane
1087 873 1386 928 Ambrosius
1417 876 1470 928 in
1503 876 1634 930 libro
1660 893 1753 930 suo
1785 876 1848 930 de
1869 875 2070 946 Joseph
2100 874 2405 944 patriarcha
2436 891 2542 928 non
2580 873 2782 928 videtur
2809 872 3212 928 benedictionem
3239 872 3350 942 ejus
3372 871 3535 926 aliam

225 961 289 1015 ob
317 978 545 1026 causam.
572 963 672 1017 nisi
697 963 834 1034 quod
855 980 1003 1018 suam
1028 966 1076 1019 ei
1104 965 1411 1034 peculiarem
1440 966 1840 1036 disputationem
1869 967 1922 1042 in
1945 968 2240 1036 proximum
2265 977 2462 1035 tempus
2492 965 2812 1030 destinabat,
2846 965 3089 1020 omissam
3124 962 3387 1030 voluisse;
3415 981 3534 1019 cum

224 1055 457 1126 alioquin
498 1056 728 1129 ejusdem
755 1058 1104 1125 interpretatio
1131 1057 1496 1112 benedictionis
1529 1059 1790 1130 pracipuo
1825 1058 2116 1130 argumenti
2154 1058 2236 1112 sui
2273 1058 2460 1128 capiti,
2496 1045 2594 1126 quo
2632 1055 2864 1111 videlicet
2894 1055 2947 1109 in
2973 1053 3206 1126 Josepho
3224 1070 3523 1126 expressam

225 1149 422 1207 Christi
461 1152 672 1208 Domini
713 1155 984 1226 imaginem
1027 1154 1375 1210 demonstrare
1419 1157 1695 1228 cogitabat,
1741 1157 1977 1226 apprime
2021 1156 2337 1212 conveniret.
2623 1141 2626 1144 i

297 1244 550 1309 Caeterum
586 1263 839 1302 summam
874 1248 1004 1301 hanc
1049 1247 1341 1302 eorumdem
1371 1257 1684 1301 tractatuum
1723 1247 2032 1316 affinitatem
2070 1247 2203 1303 adeo
2234 1248 2542 1316 confirmant
2575 1247 2769 1315 aliquot
2806 1255 3034 1301 veterum
3070 1246 3304 1301 codicum
3339 1247 3533 1303 inscri-

219 1337 439 1408 ptiones,
474 1322 621 1393 utiex
656 1347 869 1408 utroque
895 1339 1100 1392 unicum
1125 1354 1254 1409 opus
1285 1339 1595 1392 constituere
1623 1339 1910 1393 videantur.
1943 1337 2150 1394 Etenim
2179 1339 2565 1408 manuscriptus
2585 1337 2960 1410 Benignianus,
2997 1339 3100 1394 sive
3125 1340 3288 1394 sancti
3315 1337 3536 1412 Benigni

221 1421 584 1499 Divionensis",
629 1435 681 1487 in
725 1438 894 1504 fronte
938 1433 1054 1488 libri
1082 1434 1145 1488 de
1183 1432 1385 1503 Joseph
1433 1434 1737 1504 patriarcha
1767 1433 1904 1488 hunc
1934 1434 2140 1489 titulum
2174 1434 2407 1488 exhibet:
2441 1433 2632 1503 Incipit
2661 1431 2904 1502 ejusdem
2935 1431 3217 1500 (Ambrosii
3258 1433 3529 1506 nimirum)

219 1523 357 1579 liber
381 1525 587 1594 primus
615 1525 680 1580 de
707 1523 943 1595 Ioseph;
975 1525 1027 1579 in
1055 1527 1194 1580 calce
1223 1536 1393 1580 autem
1410 1543 1427 1579 :
1449 1525 1685 1596 Explicit
1710 1525 1851 1582 liber
1876 1528 2083 1598 primus
2110 1525 2176 1582 de
2209 1525 2410 1597 Joseph
2437 1543 2452 1591 ;
2482 1535 2528 1580 et
2550 1536 2908 1599 consequenter
2924 1527 3034 1580 sine
3063 1525 3168 1579 alia
3197 1526 3534 1594 inscriptione

217 1614 480 1688 subjungit
508 1616 694 1671 librum
716 1617 778 1670 de
794 1615 1130 1671 Patriarchis.
1161 1616 1548 1688 Manuscriptus
1565 1617 1847 1685 Uticensis,
1863 1621 1968 1674 sive
1996 1621 2162 1675 sancti
2188 1620 2462 1692 Ebrulphi,
2485 1622 2540 1675 in
2565 1622 2712 1674 initio
2734 1621 2954 1700 atquein
2975 1620 3077 1688 fine
3101 1619 3218 1673 libri
3246 1620 3309 1673 de
3327 1618 3532 1692 Joseph

219 1709 395 1763 eadem
423 1711 580 1779 ferme
609 1712 756 1766 verba
789 1728 902 1783 qua:
934 1711 1305 1785 Benignianus,
1343 1730 1448 1784 pra).
1475 1731 1528 1769 se
1559 1715 1690 1783 fert:
1719 1715 1808 1769 sed
1840 1715 1971 1768 illud
1999 1715 2149 1769 habet
2178 1717 2468 1790 expressius
2497 1716 2632 1785 quod
2659 1732 2775 1769 eum
2813 1723 3089 1770 tractatum
3121 1715 3182 1769 de
3211 1731 3311 1784 quo
3333 1714 3529 1787 agitur,

215 1798 289 1853 ita
317 1801 545 1854 inscribit
569 1817 588 1855 :
613 1801 806 1871 Incipit
839 1803 1108 1858 secundus
1132 1804 1199 1858 de
1222 1803 1423 1874 Joseph
1454 1815 1508 1859 et
1539 1804 1794 1860 fratribus
1819 1804 1959 1876 ejtts,
1989 1817 2043 1860 et
2072 1807 2140 1862 de
2166 1805 2636 1862 benedictionibus
2658 1822 2867 1863 eorum.
2899 1805 3132 1876 Denique
3153 1808 3206 1862 in
3225 1806 3532 1876 quibusdam

217 1892 474 1947 codicibus
505 1894 666 1948 eicient
697 1897 826 1950 libro
857 1893 924 1951 de
962 1895 1436 1952 Benedictionibus
1466 1896 1793 1966 prwtniltilur
1833 1897 1942 1952 hwc
1982 1898 2287 1965 inscriptio:
2337 1896 2528 1967 Incipit
2565 1897 2702 1953 liber
2746 1897 3017 1952 secundus
3056 1897 3122 1951 de
3154 1896 3526 1967 Patriarchis;

217 1981 316 2038 ista
351 1997 468 2039 vero
500 1985 736 2040 clausula
767 1986 1073 2056 subjicitur:
1119 1983 1354 2055 Explicit
1383 1987 1516 2042 liber
1547 1986 1815 2042 secundus
1855 1987 1922 2042 dc
1953 1988 2303 2042 Patriarchis.
2350 1987 2516 2042 Jonas
2545 2005 2746 2060 quoque
2781 1990 3051 2059 episcopus
3083 1990 3533 2046 Aurelianensium

216 2076 378 2146 ipsius
405 2078 634 2133 meminit
652 2079 908 2134 subtitulo
933 2078 1002 2135 de
1026 2077 1258 2151 Joseph;
1284 2078 1538 2146 siquidem
1559 2079 1646 2132 ubi
1665 2079 1831 2150 prima
1851 2080 2078 2151 ejusdem
2101 2079 2249 2133 verba
2273 2079 2483 2150 allegat,
2505 2080 2578 2133 ita
2601 2079 2828 2149 loquitur
2850 2077 2989 2151 (Lib.
3017 2096 3052 2134 ιι
3083 2079 3146 2134 de
3169 2079 3346 2134 lnstit.
3377 2080 3529 2149 luic.,

215 2186 329 2242 cap.
369 2171 459 2240 15)
496 2170 862 2227 :Amhrosins
899 2172 951 2226 in
982 2172 1122 2227 libro
1163 2170 1316 2241 cujus
1352 2170 1538 2226 titulus
1581 2181 1663 2224 est
1701 2170 1768 2224 de
1805 2169 2028 2239 Joseph.
2075 2168 2340 2224 Postremo
2378 2169 2508 2223 nulli
2538 2169 2830 2224 dubitamus
2869 2169 2991 2240 quin
3030 2169 3111 2224 hic
3152 2169 3279 2226 liber
3319 2172 3532 2228 ultimus

214 2279 388 2318 eorum
418 2261 609 2334 septem
643 2265 906 2318 habendus
934 2265 1020 2329 sit;
1052 2279 1178 2334 quos
1203 2265 1258 2318 in
1281 2263 1337 2318 id
1365 2271 1723 2336 argumentum
1750 2261 1812 2314 ab
1838 2261 2106 2340 Ambrosio
2130 2262 2348 2331 scriptos
2375 2269 2622 2314 memorat
2650 2257 2990 2315 Cassiodorus
3020 2276 3038 2313 :
3063 2259 3193 2315 Item
3215 2301 3232 2326 ,
3256 2261 3418 2332 inquit
3444 2261 3534 2318 ille

215 2351 364 2424 (Lib.
395 2353 460 2408 de
487 2353 664 2410 lnstit.
694 2355 856 2410 divin.
897 2355 1021 2420 litt.,
1052 2371 1168 2424 cap.
1202 2355 1282 2426 l),
1312 2363 1534 2410 sanctus
1552 2351 1872 2408 Ambrosius
1904 2354 1970 2407 de
2000 2352 2328 2408 Patriarchis
2359 2361 2567 2426 septem
2594 2351 2762 2422 libros
2797 2351 2984 2409 edidit.
3020 2352 3132 2409 Hos
3162 2352 3316 2408 dubio
3347 2353 3534 2426 procul

217 2462 248 2498 a
278 2445 418 2502 libris
448 2447 512 2501 de
537 2447 796 2502 Abraham
835 2447 904 2501 ad
931 2446 1068 2500 hunc
1093 2448 1262 2518 ipsum
1289 2445 1552 2511 inclusive,
1584 2454 1640 2498 ut
1667 2455 1867 2511 vocant,
1911 2453 2193 2500 enumerat.
2719 2451 2724 2456 '
3007 2431 3010 2436 ’

296 2535 441 2598 Cum
468 2545 638 2592 autem
661 2553 834 2593 omnes
853 2536 935 2591 illi
955 2545 1198 2591 tractatus
1223 2553 1252 2594 e
1278 2535 1594 2590 sermonibus
1616 2545 1880 2600 constent,
1911 2551 2038 2604 quos
2068 2552 2100 2587 a
2130 2543 2306 2588 sancto
2341 2531 2574 2590 Prtesule
2604 2534 2810 2590 circiter
2835 2553 3029 2590 armum
3061 2535 3188 2602 387,
3223 2537 3314 2592 sub
3337 2538 3534 2595 exitum

223 2635 643 2707 Quadragesimae
668 2631 842 2686 haberi
869 2640 1078 2702 caeptos,
1107 2645 1167 2683 ac
1198 2637 1312 2701 post
1343 2632 1471 2700 festa
1504 2625 1764 2697 paschatis
1796 2626 2121 2681 continuatos
2153 2627 2312 2698 fuisse
2351 2627 2710 2692 ostendimus,
2731 2626 3042 2697 relinquitur
3078 2635 3131 2680 ut
3164 2627 3298 2682 hunc
3335 2642 3536 2700 quoque

220 2752 311 2805 per
349 2735 482 2790 idem
520 2731 726 2804 quidem
753 2741 969 2803 tempus,
1003 2728 1092 2784 sed
1127 2738 1244 2782 ante
1272 2742 1493 2782 mensem
1521 2735 1798 2797 augustum
1836 2725 1928 2781 sub
1963 2741 2113 2795 quem
2150 2719 2414 2777 Maximus
2445 2732 2694 2794 tyrannus
2725 2723 2779 2777 in
2811 2720 3027 2777 Italiam
3057 2722 3267 2796 irrupit,
3300 2739 3536 2796 pronum-

222 2831 402 2885 tiatum
450 2829 780 2900 colligamus.

507 3086 1604 3308 'SANCTI
1820 3081 3204 3292 AMBROSII

1384 3287 1963 3424 MEDIOLANENSlS
2031 3339 2367 3422 EPISGOPI

839 3509 970 3637 DE
1053 3502 1976 3666 BENEDICTloNlBUS
2057 3473 2943 3649 PATRIARCHABUM

1514 3724 1845 3798 LIBER
1926 3711 2264 3794 UNUS“.
2723 3783 2734 3806 _.

224 2946 1840 2973 W

1360 3879 2406 3917 ﬂ

1859 4008 1911 4068 Α
1938 3997 2385 4056 sanctiﬁcationis
2402 4009 2535 4068 opes
2556 3997 3260 4071 successoribuslargiatur.
3292 3971 3544 4062 Etmulto

627 4049 630 4052 η
684 4017 846 4094 513
873 4012 1103 4074 CAPUT
1135 4009 1425 4068 PRIMUM.

1933 4094 2054 4164 plus
2085 4101 2169 4148 est
2198 4093 2414 4147 beatum
2446 4107 2607 4162 quam
2639 4091 2868 4147 divitem
2893 4089 3034 4148 ﬁeri.

231 4168 299 4224 Ut
331 4165 474 4220 liberi
514 4163 582 4218 ad
610 4161 856 4216 honorem
885 4153 1222 4227 deferendum
1267 4150 1567 4224 parentibus
1599 4148 1833 4220 impelle-

298 4269 496 4323 rentur,
526 4271 767 4327 ntagnam
793 4254 900 4307 vim
922 4252 1106 4304 horum
1136 4247 1478 4302 benedictioni
1505 4243 1671 4298 Deum
1692 4241 1832 4295 indi-

299 4353 455 4407 disse.
497 4348 778 4404 Paternam
825 4343 1226 4401 benedictionem
1273 4339 1506 4407 accipere
1544 4336 1834 4408 Josephum

301 4445 591 4517 festinasse,
623 4451 777 4512 atque
819 4439 978 4494 etiam
1006 4433 1146 4506 ﬁlias
1172 4434 1310 4506 patri
1350 4431 1593 4488 obtulisse
1629 4429 1834 4485 benedi-

233 4585 240 4592 .
300 4538 508 4594 candos.
539 4534 608 4606 Et
631 4551 746 4608 qua:
768 4533 852 4588 his
881 4531 1126 4604 mysteria
1155 4529 1540 4594 contineantur.

306 4665 357 4730 l.
385 4671 414 4714 δ
444 4655 687 4730 Primum
727 4671 972 4727 omnium
1020 4678 1276 4740 quautam
1309 4665 1567 4721 discimus
1595 4660 1835 4734 parenti-

197 4767 200 4770 ’
231 4773 332 4830 bus
361 4771 572 4828 referre
601 4768 990 4833 reverentiam,
1016 4780 1138 4820 cum
1184 4763 1416 4833 legimus
1454 4760 1610 4827 (Gen.
1655 4775 1733 4824 IX,
1763 4757 1836 4814 25

229 4877 277 4924 et
307 4867 439 4940 seq.)
472 4865 730 4934 quoniam
771 4863 864 4934 qui
889 4859 1320 4916 benedicebatur
1359 4873 1388 4909 ει
1434 4867 1617 4927 patre,
1663 4853 1835 4909 bene-

229 4955 410 5018 dictus
438 4969 593 5027 erat,
625 4968 680 5014 et
711 4957 814 5029 qui
843 4953 1294 5016 maledicebatur,
1327 4950 1650 5004 maledictus
1679 4946 1833 5003 erat!

227 5053 360 5110 Ideo
390 5049 534 5108 hanc
551 5051 870 5123 parentibus
896 5048 1128 5119 gratiam
1162 5043 1384 5099 donavit
1415 5045 1577 5108 Deus,
1603 5050 1666 5096 ut
1698 5039 1836 5094 lilio-

233 5145 354 5204 rttm
387 5147 560 5218 pietas
587 5153 934 5214 provocetur.
957 5139 1330 5211 Prterogativa
1361 5137 1522 5208 igitur
1549 5143 1835 5207 parentum

233 5237 521 5312 disciplina
553 5247 637 5296 est
669 5238 926 5293 ﬁliorum.
961 5236 1179 5291 Honora
1211 5247 1343 5302 ergo
1374 5239 1582 5302 patrem
1603 5269 1618 5296 ,
1653 5239 1712 5284 ut
1744 5229 1837 5285 be-

235 5329 454 5388 nedicat
492 5340 566 5388 te.
617 5329 863 5386 Hniitiret
893 5329 1010 5398 pius
1051 5327 1264 5398 patrem
1313 5332 1534 5395 prapter
1561 5322 1833 5394 gratiam,

2003 4187 2057 4240 2.
2088 4185 2402 4241 Festinahat
2431 4184 2634 4256 Joseph
2666 4202 2884 4242 sumere
2913 4185 3352 4245 benedictionem
3385 4190 3544 4264 (Gen.

1933 4293 2120 4345 XLVIII,
2157 4279 2180 4334 l
2211 4289 2260 4333 et
2283 4277 2439 4350 seq.).
2475 4277 2799 4350 Denique'et
2833 4279 2979 4335 ﬁlios
3023 4277 3152 4338 suos
3199 4281 3400 4338 obtulit
3431 4283 3545 4339 Ma-

1936 4389 2131 4430 nassen
2167 4365 2233 4429 et
2275 4371 2567 4443 Ephrtem,
2598 4361 2738 4445 quos
2782 4373 3058 4430 benedixit
3082 4373 3281 4444 Iacob;
3326 4385 3383 4434 ut
3419 4377 3547 4450 quia

1865 4513 1868 4516 .
1935 4467 2221 4524 duodecim
2252 4467 2484 4521 habebat
2525 4464 3258 4532 filios,bttertibsdecimus
3301 4479 3420 4526 erat
3458 4470 3547 4527 fu-

1939 4571 2090 4617 turus
2138 4559 2418 4632 apostolus
2464 4555 2711 4628 Paulus,
2761 4561 2918 4631 quasi
2969 4565 3240 4631 posterior
3290 4563 3547 4634 electus,

1937 4658 2096 4712 tertia
2125 4657 2334 4710 decima
2364 4655 2562 4710 Tribus
2591 4655 2660 4711 de
2694 4645 2940 4712 Manasse
2965 4663 3020 4712 et
3047 4656 3550 4730 Ephrmm’nepoti-

1937 4749 2037 4804 bus
2064 4748 2496 4804 sanctiﬁcaretur
2523 4749 2576 4804 in
2607 4757 2902 4819 utrumque
2947 4748 3123 4804 divisa
3145 4792 3160 4816 ,
3193 4765 3304 4820 quo
3339 4750 3545 4810 Paulus

1939 4857 2045 4897 non
2094 4852 2245 4898 extra
2295 4850 2642 4912 paternarum
2692 4857 2974 4898 numerum
3019 4839 3284 4898 Tribuum
3332 4843 3548 4900 inveni-

1938 4948 2108 5002 retur,
2141 4937 2230 5008 qui
2260 4935 2462 4990 veteris
2509 4933 2845 4990 Testamenti
2875 4941 2933 4991 et
2962 4934 3089 4990 novi
3117 4935 3376 5006 egregius
3405 4951 3550 5006 prte-

1939 5035 2168 5100 dicator,
2200 5042 2440 5103 paternae
2469 5027 3256 5086 benedictionishereditatem
3277 5027 3383 5086 sibi
3409 5044 3550 5102 quo-

1939 5141 2048 5198 que
2079 5125 2236 5180 facile
2265 5122 2564 5196 profecisse
2593 5122 2998 5194 comprobaret.
3255 5139 3258 5142 ’

2011 5223 2065 5277 3.
2099 5221 2434 5291 Quamquam
2471 5217 2734 5289 praeclara
2777 5216 2893 5272 lucc
2923 5215 2976 5271 in
3009 5214 3113 5270 hoc
3142 5215 3252 5271 sint
3281 5217 3546 5289 mysteria

1943 5315 2106 5390 515
2124 5318 2143 5386 (
2153 5313 2175 5368 l
2184 5313 2450 5376 bid.,15et
2471 5311 2625 5382 seq.).
2641 5301 2784 5380 quod
2797 5307 3240 5379 sumeusJoseph
3261 5309 3403 5363 filios
3419 5321 3552 5366 suos

233 5426 477 5496 ingratus
518 5429 746 5494 propter
773 5421 1049 5477 timorem.
1097 5420 1163 5475 Et
1206 5419 1254 5474 si
1301 5432 1509 5489 pauper
1539 5424 1625 5472 est
1660 5424 1832 5486 pater,
1867 5411 1914 5472 B
1941 5407 2079 5483 quibs
2107 5416 2428 5477 susceperat
2469 5405 2523 5460 in
2554 5402 2817 5496 Egyptp,
2847 5400 3101 5496 Ephraam
3147 5400 3214 5456 ad
3263 5400 3551 5496 dexteram

235 5528 292 5576 et
323 5529 436 5573 non
465 5517 624 5574 habet
649 5517 961 5572 divitiarum
991 5513 1344 5583 copias-quas
1374 5509 1645 5581 relinquat
1671 5507 1797 5564 ﬁliis
1815 5524 1833 5577 ;

197 5661 200 5664 .
237 5612 404 5669 habet
433 5622 613 5676 tanien
645 5611 850 5668 ultima:
873 5605 1271 5672 benedictionis
1297 5603 1694 5674 haereditatem,
1727 5618 1833 5674 qua

232 5764 251 5778 .
313 5736 337 5760 ει
367 5723 613 5793 Scriptus
642 5721 774 5777 circ.
804 5735 894 5773 an.
919 5719 1047 5793 387.
1297 5785 1330 5793 λ
1563 5792 1568 5793 ί
1727 5781 1764 5793 ,η

244 5863 250 5868 σ
317 5796 344 5836 ι’
379 5795 452 5851 ιω
493 5781 628 5850 ἶιιεδ.
655 5808 718 5850 ac
748 5800 854 5849 vet.
886 5789 1018 5848 edit.
1051 5800 1256 5845 omnes.
1296 5785 1453 5842 Rom.
1484 5792 1682 5851 autem,
1719 5781 1840 5838 Pri-

1945 5519 2116 5571 suam,
2151 5502 2219 5558 ad
2241 5500 2520 5556 sinistram
2551 5507 2732 5552 autem
2757 5483 2924 5551 Israel
2955 5495 3126 5565 patris
3167 5495 3255 5550 sui
3286 5509 3302 5550 :
3335 5494 3552 5551 Manas-

1941 5615 2037 5656 sen
2065 5607 2245 5654 autem
2275 5593 2343 5654 ad
2373 5582 2655 5670 sinistram
2681 5603 2863 5668 suam,
2903 5598 2962 5643 ut
2987 5585 3056 5642 ad
3085 5586 3372 5642 dexteram
3402 5595 3555 5646 esset

1907 5723 2088 5762 ‘mum
2131 5706 2358 5760 omnium
2389 5701 2922 5768 discimus-quantam
2971 5695 3270 5766 parentibus
3318 5714 3553 5755 reveren-

1948 5782 2073 5835 tiam
2107 5778 2311 5851 deferre
2333 5776 2628 5840 debeamus,
2657 5780 2776 5826 =etc.
2857 5807 2886 5819 ..
