4066 6360
692 309 796 368 679

697 529 919 576 stretur.
951 518 1249 588 Meritoque
1270 531 1330 572 se
1354 517 1497 572 circa
1524 517 1750 588 gratiam
1783 517 1933 573 Judte
1959 517 2130 574 Jacob
2151 534 2282 574 san-

688 609 1203 668 ctusefl'uditdiceus
1223 627 1235 663 :
1253 607 1419 675 Iuda,
1444 619 1490 664 te
1515 611 1795 664 laudabunt
1813 611 2001 680 fratres
2031 612 2102 665 tui
2135 628 2282 666 :ma—

684 722 780 760 nus
803 715 902 760 tute
922 721 1075 772 super
1103 704 1313 759 dorsum
1342 706 1666 760 inimicorum
1717 718 1928 762 tuorum
1949 748 1963 773 ,
1994 707 2284 763 adorabunt

684 807 732 852 te
753 798 850 868 ﬁlii
880 799 1042 869 patris
1065 799 1160 853 tui.
1193 798 1407 852 Catulus
1429 799 1590 852 leonis
1619 797 1761 854 Iuda
1811 817 1873 854 e1:
1901 801 2126 871 germine
2154 843 2168 864 ,
2204 801 2280 869 ﬁli

683 894 774 960 uti,
805 893 1097 950 ascendisti.
1135 893 1455 950 Recumbens
1485 896 1720 950 dormiin
1741 911 1794 950 ut
1821 898 1920 962 leo,
1941 908 1988 951 et
2019 907 2282 969 tamquam

680 989 903 1054 catulus,
929 989 1043 1059 quis
1068 988 1336 1056 suscitabit
1357 991 1512 1044 eum?
1540 987 1668 1043 Non
1710 989 1874 1044 deerit
1900 990 2061 1059 iudex
2091 1008 2154 1046 ea:
2181 989 2282 1045 Ju-

679 1084 766 1149 da,
796 1095 843 1139 et.
864 1086 1101 1155 princeps
1127 1085 1190 1139 de
1213 1085 1494 1157 femoribus
1533 1102 1669 1158 ejus,
1703 1086 1866 1146 donec
1891 1088 2056 1141 veniat
2087 1089 2170 1142 cui
2200 1105 2281 1143 re-

677 1179 1018 1250 positumest;
1045 1188 1091 1232 et
1118 1178 1337 1248 ipsegerit
1365 1180 1680 1247 exspectatio
1697 1184 1946 1252 gentium,
1965 1181 2188 1254 alligans
2209 1183 2279 1236 ad

676 1271 825 1325 vitem
846 1271 1046 1326 asinam
1076 1286 1246 1335 suam,
1271 1281 1317 1324 et
1343 1271 1513 1326 cilicio
1541 1272 1747 1341 pullum
1765 1273 1928 1327 asiute
1953 1291 2081 1328 sum.
2107 1274 2278 1330 Lava-

675 1363 749 1420 bit
771 1364 823 1418 in
854 1365 972 1418 vino
999 1364 1189 1418 stolam
1210 1380 1377 1429 suam,
1427 1374 1473 1418 et
1502 1365 1554 1418 in
1593 1365 1841 1435 sanguine
1872 1382 1980 1420 uva:
2030 1368 2278 1422 anabola—

675 1454 819 1509 dium
842 1471 1013 1509 suum.
1041 1454 1253 1508 Hilares
1275 1455 1414 1508 oculi
1467 1459 1580 1528 ejus
1620 1472 1650 1509 a
1691 1457 1827 1521 vino,
1859 1466 1906 1510 et
1936 1457 2110 1514 dentes
2161 1462 2275 1526 eius

674 1547 999 1602 candidiores
1018 1563 1174 1616 quam
1197 1548 1279 1601 lac
1300 1545 1452 1619 (Gen.
1479 1563 1624 1613 XLIX,
1657 1547 1692 1603 8
1720 1559 1766 1602 et
1794 1548 1950 1621 seq.).

749 1663 838 1718 17.
863 1663 946 1719 Ad
975 1662 1168 1718 Judam
1198 1663 1415 1735 quidem
1465 1665 1826 1733 patriarcltam
1865 1664 2025 1735 dirigi
2061 1665 2275 1721 videtur

671 1759 994 1830 alloquium,
1020 1759 1114 1848 sed
1144 1757 1311 1815 Judas
1350 1759 1443 1815 ille
1474 1761 1743 1829 posterior
1795 1774 1956 1814 verus
1987 1760 2272 1816 confessor

671 1854 1017 1923 exprimitur,
1041 1855 1131 1924 qui
1153 1870 1218 1910 ex
1240 1869 1302 1910 ea
1331 1854 1496 1910 Tribu
1529 1866 1687 1909 natus
1715 1865 1819 1916 est,
1843 1856 1935 1924 qui
1971 1856 2123 1909 solus
2152 1855 2268 1910 latt-

2044 311 2294 372 SANCTI
2331 314 2656 380 AMBRUSH
3849 351 3914 411 680

690 431 746 480 et
771 437 867 478 rex
899 430 954 478 et
981 419 1235 478 sacerdos
1257 421 1658 492 Scripturarum
1693 423 2006 479 testimonio
2056 423 2286 481 demon-
2309 424 2364 487 Α
2391 427 2606 487 Filium.
2665 431 2782 490 Non
2835 438 2912 493 sic
2961 439 3215 498 laudatur
3259 443 3443 501 Filius
3476 488 3491 511 ,

2378 1656 2490 1695 rem
2519 1643 2732 1706 inludit.

2447 1759 2536 1816 20.
2573 1761 2750 1819 llabes
2774 1781 2902 1836 ergo
2934 1768 3398 1842 incarnationem,
3423 1779 3905 1851 accipepassiooem:
3982 1815 3983 1820 η

2370 1848 2710 1922 Recutnbens,
2742 1857 2956 1929 inquit,’
2989 1863 3222 1920 dormisti
3251 1878 3306 1922 ut
3336 1869 3424 1924 leo
3449 1886 3470 1925 :
3499 1848 3714 1942 quando
3731 1873 3904 1943 jacuitin

670 1922 830 2002 datur
850 1961 878 2000 a
909 1922 1185 2013 fratribus,
1235 1945 1304 2002 de
1334 1947 1529 2016 quibus
1573 1947 1701 2002 dicit
1732 1965 1744 2000 :
1783 1946 2027 2002 Narrabo
2078 1965 2262 2004 nomen
2295 1922 2345 1984 Β
2371 1947 2643 2016 sepulcro,
2678 1952 2822 2006 velut
2850 1955 3083 2022 quodam
3112 1963 3361 2030 corporis
3390 1964 3478 2017 sui
3506 1922 3698 2020 gomno
3731 1922 3901 2035 quietus,

669 2049 822 2095 tuum'
838 2041 1086 2110 fratribus
1116 2043 1243 2096 meis
1272 2040 1390 2116 (Ps.
1421 2059 1530 2107 χχι,
1555 2043 1674 2114 25).
1701 2044 1962 2098 Dominus
1988 2059 2085 2114 per
2110 2054 2268 2099 natu-

666 2148 803 2200 ram,
830 2133 997 2191 frater
1026 2150 1122 2206 per
1154 2136 1406 2207 gratiam,
1435 2135 1593 2206 cujus
1623 2151 1814 2191 manus
1845 2153 1978 2206 quas
2006 2137 2265 2208 expandit

661 2225 730 2281 ad
755 2227 1013 2296 pollutum
1053 2242 1160 2282 non
1189 2226 1529 2294 credentem,
1562 2242 1727 2298 super
1748 2227 1974 2283 dorsum
2012 2231 2262 2286 inimico-

662 2335 784 2376 rum
808 2336 1055 2378 suorum.
1108 2321 1302 2377 iisdem
1353 2322 1500 2378 enim
1547 2323 1816 2387 manibus,
1870 2335 2032 2394 atque
2070 2325 2262 2383 eadem

660 2415 916 2484 passione
944 2429 1074 2471 suos
1104 2415 1252 2481 texit,
1283 2425 1337 2469 et
1367 2414 1676 2484 subjugavit
1713 2415 2056 2471 adversarios
2111 2427 2263 2486 pote«

661 2520 852 2576 states,
880 2525 1178 2580 omnesque
1206 2511 1330 2566 fidei
1357 2519 1412 2566 et
1459 2512 1672 2581 pietatis
1717 2523 1962 2568 exsortes
2011 2512 2260 2568 subditos

659 2603 761 2658 sibi
792 2603 940 2658 fecit.
973 2604 1047 2658 lle
1073 2604 1271 2674 quibus
1294 2605 1371 2658 ait
1397 2603 1635 2659 Paterad
1659 2603 1859 2659 Filium
1891 2623 1903 2658 :
1932 2605 1996 2659 Et
2024 2606 2257 2660 domina-

658 2697 793 2750 beris
814 2697 867 2749 iu
894 2697 1061 2750 medio
1092 2697 1419 2773 inimicorum
1454 2707 1660 2752 tuorum
1684 2697 1802 2770 (Ps.
1847 2715 1956 2765 etx,
1987 2698 2044 2769 2)
2078 2719 2089 2753 :
2119 2715 2257 2771 quos

653 2787 907 2844 inimicos
933 2803 1029 2844 sua
1055 2789 1255 2844 malitia
1305 2790 1452 2856 fecit,
1506 2808 1612 2846 non
1644 2789 1848 2846 Christi
1881 2793 2160 2848 voluntas.
2193 2792 2250 2848 in

651 2895 764 2950 quo
794 2895 984 2952 magna
1030 2883 1201 2951 gratia
1232 2883 1467 2940 Domini.
1500 2883 1713 2939 Etenim
1756 2885 2034 2954 spiritales
2065 2885 2252 2955 nequi-

651 2975 742 3030 tiae
763 2990 885 3045 quae
912 2984 1042 3031 ante
1066 2976 1335 3033 cervicem
1365 2986 1608 3034 nostram
1635 2978 1768 3049 jugo
1795 2979 2047 3034 solebant
2075 2979 2252 3049 capti-

649 3069 834 3124 vitatis
863 3069 1143 3126 inﬂectere
1174 3113 1189 3138 ,
1225 3071 1296 3126 ita
1326 3082 1382 3126 ut
1421 3072 1590 3126 David
1623 3072 1738 3143 ipse
1767 3088 1959 3128 manus
1988 3073 2252 3143 quodam-

645 3161 809 3216 modo
853 3176 1019 3232 super
1057 3179 1116 3218 se
1150 3163 1600 3233 triumphantium
1634 3166 1840 3219 sentire
1887 3180 1948 3220 se
1981 3165 2251 3220 scriberet

642 3255 830 3312 dicens
853 3273 873 3315 :
906 3258 1081 3328 Super
1102 3260 1313 3314 dorsum
1342 3277 1514 3315 meum
1539 3261 1924 3332 fabricaverunt
1953 3271 2246 3333 peccatores

641 3349 763 3424 (Ps.
784 3367 1004 3417 cxxvnt,
1028 3354 1110 3423 3),
1146 3356 1276 3425 ipsae
1309 3371 1452 3410 nunc
1484 3356 1712 3410 subdita:
1743 3355 2015 3424 triumpho
2039 3354 2247 3410 Christi

641 3456 697 3503 et
725 3447 1050 3517 quibusdam
1074 3450 1324 3505 manibus
1347 3449 1486 3521 ejus,
1522 3450 1576 3504 id
1608 3458 1692 3505 est
1715 3491 1730 3516 ,
1777 3449 1931 3503 factis
1958 3448 2246 3520 operibus-

641 3557 748 3612 que
772 3541 1052 3611 subjectar,
1081 3556 1360 3615 perpetua:
1415 3544 1648 3600 subeunt
1681 3543 2013 3614 captivitatis
2043 3558 2245 3598 a-rum-

640 3649 790 3690 nam.
817 3642 846 3674 ⁸
874 3633 998 3706 Ipse
1048 3637 1239 3707 utique
1282 3637 1377 3708 qui
1405 3636 1664 3692 adorator
1689 3654 1718 3692 a
1772 3635 1898 3690 ﬁliis
1927 3637 2094 3706 patris
2122 3633 2240 3706 sui,

637 3727 856 3799 quando
883 3729 1143 3785 adoratur
1199 3747 1229 3786 a
1284 3733 1442 3787 nobis
1473 3776 1486 3796 ,
1539 3732 1735 3802 quibus
1757 3730 1875 3802 ipse
1905 3731 2154 3801 permisit
2180 3742 2240 3788 ut

636 3821 851 3877 Patrem
893 3838 1170 3892 vocemus,
1197 3825 1352 3896 cujus
1381 3840 1603 3882 servum
1621 3840 1743 3883 esse
1771 3827 1989 3881 virtutis
2019 3837 2124 3882 est.

708 3936 796 3992 18.
823 3937 1041 3994 Catulus
1067 3939 1229 3994 leonis
1249 3937 1413 3994 Juda.
1433 3939 1624 3997 Nonne
1647 3940 1927 3996 evidenter
1941 3949 1996 3995 et
2015 3939 2233 3997 Patrem

631 4033 923 4101 expressit,
957 4041 1013 4088 et
1034 4031 1228 4088 Filium
1257 4033 1597 4089 declaravit?
1625 4033 1766 4104 Quid
1815 4042 1923 4089 tam
1955 4034 2181 4090 evidens
2218 4076 2231 4102 ,

631 4139 740 4194 quo
762 4125 921 4180 unius
950 4135 1155 4181 naturae
1185 4125 1354 4182 Filius
1375 4127 1402 4166 ι)
1435 4128 1529 4183 Dei
1560 4143 1680 4182 cum
1712 4129 1868 4184 Patre
1897 4143 2018 4183 esse
2037 4129 2234 4183 docea-

631 4219 754 4274 tur?
775 4221 882 4277 Leo
914 4223 1024 4288 ille,
1060 4223 1146 4277 hic
1165 4223 1376 4279 catulus
1413 4224 1620 4286 leonis.
1651 4224 1759 4280 Vili
1790 4226 2228 4294 comparatione,

631 4310 874 4382 ejusdem
908 4325 1115 4370 natura:
1144 4331 1206 4370 ac
1230 4317 1488 4384 potentia:
1519 4316 2067 4387 unitasintelligitur.
2105 4318 2227 4386 Rex

629 4419 697 4462 ex
728 4421 856 4475 rege
882 4409 1170 4477 processit,
1195 4408 1353 4464 tortis
1375 4423 1442 4464 ex
1473 4408 1636 4464 forte.
1666 4409 1803 4474 Quia
1833 4408 2042 4466 futuros
2087 4426 2226 4481 pras-

629 4497 845 4552 videbat
868 4498 960 4568 qui
985 4499 1151 4555 lilium
1190 4511 1501 4556 assererent
1523 4500 1757 4571 junioris
1778 4504 1954 4558 aetatis
1980 4546 1996 4570 ,
2036 4518 2227 4560 occur-

626 4590 697 4646 rit
729 4591 812 4646 his
839 4591 1133 4663 subjiciens
1163 4612 1177 4649 :
1205 4594 1286 4649 Ea:
1305 4595 1552 4667 germine,
1573 4595 1652 4666 ﬁli
1675 4595 1766 4659 mi,
1797 4596 2092 4652 ascendisti.
2127 4596 2226 4652 lie-

2369 2038 2509 2093 sicut
2531 2042 2647 2110 ipse
2676 2045 2752 2097 ait
2779 2062 2792 2098 :
2823 2045 2934 2119 Ego
2964 2050 3202 2118 dormivi,
3234 2062 3283 2106 et
3337 2057 3603 2126 requievi,
3643 2067 3688 2113 et
3729 2060 3905 2121 διπηὶὶ

2365 2135 2608 2199 quoniam
2637 2133 2890 2192 Dominus
2916 2147 3140 2212 suscepit
3164 2145 3385 2215 me(Ps.
3413 2164 3497 2214 ιιι,
3529 2150 3608 2220 6).
3641 2149 3773 2206 Unde
3789 2149 3900 2204 eth-

2363 2227 2466 2282 cob
2492 2231 2567 2284 ait
2596 2249 2608 2285 :
2640 2233 2770 2296 Quis
2790 2237 3055 2291 suscitabit
3077 2256 3192 2293 eum
3216 2243 3242 2295 ?
3272 2242 3380 2298 hoc
3394 2253 3507 2311 est,
3531 2262 3687 2317 quem
3712 2247 3900 2301 Dominus

2363 2324 2640 2394 suscipiet.
2671 2328 2799 2394 Quis
2827 2341 2911 2385 est
2954 2333 3094 2387 alius
3121 2336 3213 2405 qui
3246 2339 3564 2404 resuscitet,
3617 2341 3709 2395 nisi
3755 2343 3898 2412 ipsese

2361 2433 2456 2474 sua
2519 2419 2804 2494 Patrisque
2856 2429 3149 2485 resuscitet
3199 2435 3530 2501 potestate?
3572 2435 3732 2490 Video
3767 2443 3896 2489 natum

2360 2518 2684 2572 auctoritate
2715 2524 2953 2590 propria,
2989 2522 3148 2579 video
3194 2538 3476 2582 mortuum
3537 2529 3741 2600 propria
3765 2529 3896 2580 volun-

2363 2615 2491 2671 tate,
2527 2608 2686 2663 video
2716 2610 3078 2669 dormientem
3132 2625 3400 2686 potestate
3445 2621 3678 2691 propria.
3704 2620 3793 2687 Qui
3816 2633 3895 2672 om-

2359 2701 2444 2754 nia
2464 2717 2565 2754 suu
2591 2703 2720 2758 fecit
2745 2705 2972 2762 arbitrio
2990 2727 3002 2763 :
3023 2709 3181 2780 cujus
3195 2713 3423 2768 alterius
3441 2727 3498 2770 ut
3522 2711 3888 2785 restrrgalegibi‘

2356 2795 2621 2850 auxiliis?
2666 2796 2789 2867 Ipse
2815 2801 2982 2871 igitur
3027 2795 3446 2863 resurrectionis
3488 2824 3600 2864 sua:
3645 2816 3806 2863 auctor
3836 2811 3890 2860 est

2356 2887 2447 2957 qui
2467 2890 2656 2945 mortis
2677 2902 2760 2946 est
2783 2893 3011 2962 arbiter,
3040 2897 3129 2966 qui
3153 2910 3508 2968 exspectatur
3545 2917 3572 2955 a
3611 2899 3838 2972 gentibus.

3546 458 3605 504 ut
3656 465 3883 522 separetur
3899 479 3918 518 ι

2388 523 2567 579 l’atre.
2621 526 2713 582 ille
2735 530 2928 598 probat
2971 537 3260 606 aequalem,
3312 538 3413 608 qui
3443 539 3640 596 Filium
3684 551 3916 609 confitetur.

2461 615 2545 671 l9.
2577 615 2800 676 Miriﬁce
2825 635 3005 679 autent
3037 639 3089 682 et
3109 628 3552 687 incarnatiOnem
3585 633 3697 705 ejus
3722 646 3919 710 expressit

2384 706 2568 764 dicms
2606 728 2618 763 :
2647 709 2728 765 Ex
2755 716 3003 784 germine,
3033 717 3107 785 ﬁli
3142 721 3231 784 mi,
3257 724 3549 778 ascendisti
3572 741 3593 791 ;
3622 742 3684 781 eo
3704 706 3919 798 quodtam-

2383 815 2544 870 quam
2570 803 2746 858 frutex
2778 815 2939 862 ιρι-τω
2957 809 3009 864 in
3040 811 3163 866 alvo
3198 812 3447 885 Virginis
3472 821 3794 888 germinavit,
3814 837 3854 880 et
3882 839 3917 883 ill

2384 893 2483 948 flos
2512 896 2640 952 boni
2666 899 2856 955 odoris
2879 902 2944 958 ad
2998 905 3443 978 redemptionem
3474 915 3659 970 mundi
3688 918 3828 974 totius
3846 937 3918 977 rna-

2385 989 2552 1042 ternis
2583 992 2886 1048 visceribus
2925 997 3218 1066 splendore
3260 1019 3425 1058 novat
3469 1004 3609 1063 lucis
3637 1011 3836 1068 emissus
3864 1032 3917 1072 as-

2381 1082 2646 1150 cendcrit,
2680 1087 2821 1142 sicut
2841 1087 3026 1145 Esaias
3053 1091 3184 1147 dicit
3209 1112 3222 1147 :
3255 1094 3414 1152 Exiet
3438 1100 3586 1168 virga
3613 1102 3673 1157 de
3695 1107 3917 1163 radicech

2381 1190 2454 1240 se,
2491 1187 2535 1230 et
2564 1178 2666 1246 flos
2695 1195 2758 1233 ex
2781 1183 2960 1236 radice
2987 1188 3100 1258 ejus
3126 1188 3370 1244 ascendet
3404 1192 3587 1258 (Esai.
3611 1211 3682 1262 xi,
3707 1197 3774 1268 i).
3797 1199 3914 1258 Radix

2381 1265 2580 1323 familia
2617 1269 2927 1332 Iudaeorum
2955 1317 2971 1343 ,
3021 1280 3165 1350 virga
3203 1281 3370 1336 Maria
3403 1325 3419 1350 ,
3457 1284 3559 1341 llos
3591 1265 3762 1344 Mariae
3785 1292 3912 1348 Chris-

2383 1371 2484 1416 tus.
2519 1365 2684 1420 liecte
2710 1367 2859 1438 virga
2894 1387 3013 1438 qua:
3045 1375 3238 1443 regalis
3260 1385 3344 1432 est
3383 1381 3631 1448 generis,
3659 1381 3722 1437 de
3745 1383 3914 1443 domoet

2381 1457 2551 1524 patria
2593 1459 2756 1515 David
2791 1503 2806 1527 ,
2839 1462 2991 1533 cujus
3040 1464 3141 1520 llos
3189 1468 3453 1526 Chrisms
3499 1484 3587 1528 est
3628 1477 3711 1545 qui
3750 1476 3910 1534 ictorem

2379 1549 2666 1605 mundanas
2710 1553 3036 1614 colluviouis
3066 1561 3325 1629 abolevit,
3357 1575 3417 1620 et
3438 1564 3569 1622 vitae
3589 1577 3787 1626 aletur:
3825 1573 3909 1629 odo-
3982 1573 3983 1632 Τ

2425 3002 2515 3056 2i.
2543 3005 2611 3059 Et
2635 3005 2780 3074 ideo,
2809 3007 2972 3064 donec
2988 3010 3078 3066 ille
3109 3015 3296 3080 veniat,
3323 3027 3450 3071 ’non‘
3493 3017 3689 3088 deﬁciet
3737 3015 3822 3067 dux
3843 3025 3886 3064 ea
3982 2999 3983 3038 ἶ

2352 3093 2532 3164 Julia;
2564 3112 2617 3153 ut
2650 3117 2819 3171 usque
2850 3105 2915 3158 ad
2941 3105 3060 3175 ejus
3085 3118 3263 3165 ortum
3294 3113 3497 3182 regalis
3519 3104 3884 3168 successionisli-

2353 3190 2451 3246 des
2479 3192 2792 3265 incorrupta
2822 3210 3094 3261 servetur.
3132 3203 3321 3259 Postea
3359 3209 3508 3262 enim
3537 3250 3551 3272 ,
3587 3216 3641 3261 ut
3669 3202 3880 3259 domuimus

2353 3291 2584 3340 tractatu
2616 3288 2799 3344 habito
2840 3291 2893 3345 in
2923 3292 3273 3364 Evangelium
3307 3297 3445 3369 (Lib.
3479 3316 3559 3361 ιιι,
3591 3300 3642 3353 in
3669 3292 3870 3361 Lucam).

2353 3390 2448 3444 per
2481 3377 2748 3434 Herodem
2773 3380 3076 3439 adulterata
3108 3388 3384 3442 successio
3417 3387 3794 3461 praerogativam
3824 3381 3876 3435 di-

2347 3472 2574 3540 gnitatis
2605 3476 2807 3530 amisit.
2843 3476 3058 3534 Etenim
3101 3481 3225 3551 quia
3265 3499 3460 3540 verum
3503 3500 3676 3556 regem
3704 3489 3876 3550 negate-

2349 3573 2504 3628 runt,
2535 3566 2698 3622 falsos
2740 3567 2942 3626 habere
2971 3585 3276 3642 caeperunt.
3311 3575 3457 3648 Ergo
3489 3578 3593 3633 hoc
3622 3573 3747 3648 quod
3785 3567 3873 3625 dicit

2345 3653 2676 3725 Patriarcha,
2705 3664 3015 3719 servabitur
3067 3667 3121 3721 iu
3149 3666 3424 3736 judicibus
3460 3670 3544 3727 vel
3589 3668 3774 3739 regibus
3805 3661 3870 3717 Ju-

2343 3749 2581 3807 daeorum
2621 3756 2956 3813 intemerata:
2986 3763 3354 3818 successionis
3395 3775 3416 3804 ε
3449 3759 3726 3821 Ιιωι-εϐῑιειε
3757 3759 3870 3814 ducta

2343 3861 2441 3915 per
2471 3862 2624 3918 reges
2651 3868 2663 3904 :
2695 3852 2856 3906 donec
2902 3856 3067 3908 veniat
3097 3857 3180 3909 cui
3208 3860 3501 3928 repositum
3523 3870 3636 3925 est;
3664 3866 3713 3912 ut
3736 3851 3869 3909 Eccle'

2338 3941 2474 3995 siam
2501 3943 2596 3998 Dei
2622 3957 2913 4017 congregat
2931 3963 3000 4004 ex
3027 3963 3300 4007 conventu
3331 3957 3611 4011 nationum
3647 3949 3865 4011 omnium,

2337 4040 2391 4085 et
2417 4036 2698 4103 gentilium
2745 4039 3034 4096 devotione
3067 4043 3413 4113 pupulorum,
3459 4046 3566 4102 hoc
3596 4059 3702 4110 est,
3735 4041 3861 4110 ipsum

2336 4136 2542 4190 manet,
2586 4126 2688 4196 ipsi
2738 4128 2980 4187 debitmu
3019 4145 3346 4203 reservatur,
3372 4136 3474 4208 ipsi
3534 4147 3686 4194 tanta:
3725 4127 3865 4204 galia

2337 4220 2696 4290 praerogativa
2722 4221 2990 4280 defertur.
3557 4217 3567 4227 ’
3611 4230 3616 4236 ’

2402 4334 2494 4389 22.
2513 4336 2580 4390 Et
2606 4339 2718 4407 ipse
2743 4349 2817 4395 est
2839 4345 3150 4411 exspectatio
3168 4349 3419 4416 gentium.
3444 4347 3575 4403 Plus
3600 4332 3722 4401 dixit
3743 4347 3862 4408 quam

2331 4427 2374 4481 si
2393 4428 2640 4498 dixisset,
2665 4432 2837 4503 ipsum
2860 4446 3184 4505 exspectant
3211 4427 3424 4508 gentes,
3443 4439 3584 4511 quod
3613 4435 3862 4495 omnissl’es

2332 4519 2584 4576 Ecclesiae
2609 4523 2661 4578 in
2693 4525 2811 4595 ipso
2841 4529 3136 4583 recumbat.
3165 4530 3290 4587 ldeo
3315 4517 3696 4603 dicituribluysi
3720 4519 3861 4578 :50!“

2328 4615 2727 4670 calceamentum
2777 4617 2965 4689 pedum
2995 4633 3205 4676 tuorum
3249 4623 3447 4693 (Exod.
3472 4643 3551 4692 ιιι,
3581 4625 3653 4690 5),
3687 4633 3743 4673 ne
3776 4615 3860 4682 ipsc

623 4686 864 4792 funtbens
885 4687 1118 4743 dormisti
1146 4698 1202 4744 at
1221 4690 1298 4743 leo
1319 4700 1635 4780 etiamquem
1661 4693 1877 4748 catulus.
1899 4689 2102 4748 Etalibi
2127 4692 2222 4747 ha-
2245 4707 2302 4770 Β
2327 4722 2558 4777 sponsus
2589 4686 2848 4766 Ecclesia,
2874 4699 3209 4783 dederetur,
3233 4686 3322 4787 (iui
3352 4717 3462 4773 (ιυχ
3489 4686 3657 4792 plebis
3679 4704 3860 4779 eligeba'

622 4775 741 4845 bes,
757 4778 880 4849 quia
895 4779 1103 4834 catulus
1123 4781 1236 4850 ipse
1257 4793 1337 4836 est
1349 4781 1437 4838 leo
1448 4773 1515 4838 de
1529 4782 1693 4839 Tribu
1707 4783 1736 4839 J
1744 4783 1842 4840 uda
1862 4785 2046 4860 (Apoc.
2063 4801 2114 4852 v,
2137 4783 2216 4858 5).

622 4869 762 4949 Ergo
784 4873 904 4938 quia
930 4874 1163 4929 catulum
1178 4873 1343 4949 519
1370 4875 1601 4945 dixerat,
1632 4879 1767 4934 bene
1797 4882 1978 4935 statim
2004 4881 2216 4937 leonem

619 4947 818 5036 posuit,
847 4963 947 5022 hoc
971 4975 1056 5023 est
1083 4967 1268 5024 dicere
1301 4987 1313 5020 :
1341 4967 1455 5024 Non
1484 4961 1767 5042 capiantur
1797 4989 1959 5030 aures
1985 4987 2210 5045 vestrae,

615 5057 738 5129 quia
768 5061 1001 5116 catulum
1055 5061 1364 5129 audierunt,
1399 5063 1591 5119 Filium
1624 5070 1889 5136 expressi,
1936 5085 2043 5124 non
2097 5070 2212 5134 dixi

611 5154 902 5209 minorem.
935 5153 1003 5208 Et
1032 5156 1147 5225 ipse
1176 5168 1257 5212 est
1301 5157 1387 5214 leo
1433 5160 1573 5215 sicut
1605 5173 1778 5232 pater.
1820 5163 2057 5218 Audiant
2085 5167 2210 5234 quia

609 5253 665 5301 et
715 5245 952 5312 leonem,
1003 5257 1056 5304 et
1096 5251 1332 5306 catulum
1376 5255 1668 5326 appellavit
1718 5273 1731 5309 :
1783 5256 1996 5312 leonem
2055 5261 2208 5330 quasi

609 5337 862 5410 perfectzu
881 5342 1162 5414 plenaeque
1188 5335 1444 5402 virtutis:
1476 5349 1715 5403 catulum
1742 5391 1757 5417 ,
1801 5338 1955 5419 quasi
1989 5348 2204 5420 Filium;

605 5449 674 5490 ne
713 5437 833 5509 quis
878 5453 1000 5494 cum
1048 5440 1267 5520 audiret
1311 5443 1571 5530 aequalem
1608 5443 1792 5512 Patri,
1847 5461 1952 5500 non
1995 5456 2210 5518 putaret

673 5610 1192 5704 ﬁdil:_gmnes
1210 5632 1281 5704 (ac
1309 5635 1438 5677 mss.
1471 5631 1676 5704 praeter
1697 5634 1962 5704 quatuor,
1991 5631 2045 5687 in
2077 5636 2199 5704 qui.

601 5677 900 5764 busdeest,
949 5687 1054 5754 qui.
1104 5699 1438 5764 postvucem
1475 5677 2194 5764 'utique.e"di't:

607 5753 709 5842 ult.
728 5753 906 5842 Raris.
925 5753 1204 5842 cotitraxit
1234 5761 1335 5817 hoc
1361 5765 1526 5821 modo
1559 5753 1722 5836 t'lpse
1746 5753 2200 5842 utiqueﬁadora-tur

599 5840 634 5880 α
653 5825 820 5898 nobis,
849 5826 1055 5902 quibus,
1080 5839 1188 5890 etc.

2332 4809 2438 4855 tur.
2469 4800 2595 4857 ideo
2634 4802 2794 4858 solvit
2839 4805 3268 4884 calceameutuin
3319 4825 3476 4867 suum
3524 4812 3672 4869 Jesus
3715 4802 3855 4859 Nate,

2329 4890 2508 4959 (Iosue
2534 4893 2725 4966 v,16),
2773 4905 2834 4952 ιιι
2863 4909 3090 4954 venturo
3141 4903 3274 4957 tanti
3313 4906 3552 4961 muneris
3597 4897 3792 4973 gratiam
3819 4895 3858 4942 et

2323 4990 2439 5058 ipse
2462 5000 2730 5047 servaret.
2759 4990 2886 5045 Ideo
2917 4992 3047 5048 dicit
3091 4993 3328 5060 Joannes
3359 5014 3371 5050 :
3403 4996 3631 5053 Postme
3653 4988 3766 5047 venit
3803 4980 3858 5033 vir

2322 5085 2470 5154 Cujus
2497 5096 2599 5136 non
2622 5099 2738 5136 sum
2767 5082 2955 5154 dignus
2982 5087 3177 5140 solvere
3215 5089 3495 5159 corrigiam
3534 5085 3852 5145 calceamento-

2313 5192 2429 5229 rum
2454 5177 2564 5248 ejus
2595 5175 2778 5250 (Joan.
2809 5178 2985 5248 1,27).
3009 5180 3134 5236 Ideo
3162 5183 3291 5236 dicit
3321 5200 3333 5237 :
3368 5183 3472 5250 Qui
3497 5183 3632 5239 habet
3656 5179 3853 5248 sponsam

2311 5284 2537 5340 sponsus.
2559 5279 2632 5323 est
2663 5286 2682 5324 :
2714 5271 2910 5324 amicus
2941 5283 3113 5326 autem
3151 5276 3366 5343 sponsi,
3401 5278 3489 5347 qui
3532 5282 3626 5352 stat
3655 5263 3697 5352 et
3736 5255 3850 5317 and“

2310 5380 2444 5430 eum,
2466 5376 2512 5418 et
2529 5363 2694 5436 520
2707 5365 2900 5436 gaudio
2916 5369 3104 5439 gaudet
3119 5341 3295 5440 (Joan.
3316 5387 3391 5438 ιιι,
3411 5341 3528 5442 29),
3549 5341 3641 5426 Ιιοέ
3655 5347 3744 5426 εει,
3762 5359 3850 5426 ⁵9⁵⁸

2311 5460 2462 5516 solus
2489 5461 2566 5516 vir
2587 5461 2979 5540 estEcclesiae,
3015 5465 3102 5542 hic
3145 5475 3234 5538 est.
3257 5465 3588 5536 exspectatio
3625 5454 3843 5534 gentium.

2307 5611 2608 5764 Dezsblss.
2637 5607 2854 5711 tota;
2897 5644 3105 5714 Laud.,
3161 5623 3348 5703 Albin.
3375 5607 3446 5705 get
3492 5633 3835 5710 (τοιδηνέιίκί

2380 5795 2397 5819 ί·
2430 5783 2586 5838 Rom.
2617 5787 2776 5852 edit.,
2808 5787 3084 5845 Itarreditas
3110 5790 3274 5850 donec
3298 5792 3483 5846 veniat.
3514 5793 3640 5848 Alias
3661 5800 3715 5842 ac
3729 5787 3836 5836 ωδε·

2307 5868 2517 5923 omnes,
2550 5858 2822 5916 htereditas
2847 5861 3006 5919 ducta
3034 5879 3124 5936 per
3149 5879 3314 5936 reges,
3335 5863 3520 5936 donec,
3546 5872 3644 5924 etc.
