4066 6360
241 279 345 336 681

956 277 1045 336 DE
1082 277 1702 338 BENEDICTIONIBUS
1739 276 2345 339 PATRIARCHARUM
2379 279 2584 340 LIBER
2622 279 2822 341 UNUS.

3443 287 3554 345 682

237 391 370 449 huic
407 388 716 446 deterentes
745 399 772 428 α
802 390 1051 462 copulam
1077 393 1266 464 gratiae
1295 392 1552 459 nuptialis
1578 433 1592 459 ,
1626 391 1838 447 calcea-
1863 398 1913 454 Α
1945 389 2123 463 (Joan.
2154 409 2266 460 vtu,
2301 393 2414 466 56).
2444 394 2512 450 Et
2537 409 2674 450 unus
2700 394 2768 450 de
2783 392 3068 466 prophetis
3099 393 3265 452 dicit:
3293 395 3415 454 Vidi
3441 401 3552 456 Do—

234 495 660 541 tnentumsuum
688 485 965 542 solverunt
1000 487 1296 555 propheta'.
1330 485 1426 540 l-lic
1466 500 1700 554 sponsus
1731 493 1836 549 est,

233 593 342 650 ego
369 580 578 634 amicus
607 580 792 649 sponsi
827 597 840 634 z
882 580 1093 651 gaudeo
1118 578 1240 650 quia
1274 579 1446 643 venit,
1481 579 1602 648 quia
1648 593 1835 632 vocem

231 671 402 726 audio
423 672 885 744 nuptialem.quia
905 671 1016 741 jam
1045 686 1149 726 non
1179 671 1311 725 dura
1342 679 1684 740 peccatorum
1711 686 1840 735 sup-

227 765 419 837 plicia,
443 767 582 821 dura
613 765 772 837 Legis
806 773 1096 828 tormenta,
1117 762 1212 818 sed
1245 762 1620 818 remissionem
1651 763 1838 816 crimi-

227 873 388 928 num,
414 873 600 916 vocetn
627 859 860 924 laetitias,
889 872 1080 913 sonum
1105 855 1485 926 jucunditatis,
1511 853 1836 911 exsultatio-

229 969 360 1008 nem
393 953 516 1009 festi
542 954 795 1025 nuptialis
819 952 1148 1007 audivimus.

300 1047 392 1103 25.
419 1047 518 1103 Hic
533 1057 616 1102 est
645 1048 737 1102 ille
764 1046 991 1120 alligans
1019 1046 1090 1100 ad
1114 1047 1266 1101 uitem
1292 1045 1321 1086 ιι
1349 1047 1558 1102 asinum
1584 1063 1761 1112 suum,
1785 1055 1835 1100 et

223 1140 406 1194 cilicio
438 1139 639 1209 pullum
665 1140 828 1194 asinis
853 1156 995 1206 suae;
1024 1147 1082 1195 ut
1100 1138 1377 1195 fervorem
1401 1139 1638 1210 Spiritus
1659 1139 1834 1195 sancti

224 1233 428 1290 habeat
455 1235 806 1305 congregatio
827 1234 1109 1291 nationum
1132 1243 1261 1290 ante
1293 1236 1518 1290 remissa
1576 1245 1634 1289 et
1663 1235 1832 1306 negli-

217 1343 380 1398 gens,
411 1327 508 1383 sed
533 1328 643 1398 jam
674 1330 869 1384 devota
903 1345 998 1399 per
1026 1328 1306 1384 Christum
1333 1369 1348 1395 ,
1375 1337 1430 1384 et
1458 1328 1551 1382 viti
1581 1329 1656 1383 illi
1705 1343 1831 1399 per-

218 1431 426 1492 petuae,
460 1421 565 1477 hoc
593 1432 679 1478 est
708 1422 934 1477 Domino
962 1421 1114 1491 Jesu,
1147 1424 1238 1494 qui
1261 1423 1369 1477 ait:
1405 1422 1517 1494 Ego
1533 1440 1646 1477 sunt
1667 1422 1785 1476 vitis
1813 1463 1828 1489 ,

217 1525 268 1569 et
299 1514 459 1570 Pater
479 1531 623 1569 meus
648 1516 880 1586 agricola
906 1514 1088 1589 (Joan.
1134 1516 1326 1584 xv,l),
1373 1515 1520 1570 velut
1567 1513 1832 1569 fruetuosi

217 1609 478 1678 palmites
494 1609 819 1680 quibusdam
839 1609 1216 1666 inexsolubilis
1240 1609 1365 1666 ﬁdei
1391 1610 1621 1666 vinculis
1641 1609 1832 1679 allige-

215 1716 366 1755 mur.
399 1701 513 1757 lloc
549 1714 632 1760 est
652 1704 780 1758 illud
830 1704 1172 1770 mysterium,
1219 1704 1363 1775 quod
1396 1704 1598 1775 pullum
1657 1703 1826 1758 asina:

1947 485 2141 537 minum
2163 485 2393 540 Sabaoth
2427 487 2597 553 (Esai.
2630 504 2701 554 vr,
2731 486 2787 557 5)
2821 505 2834 542 :
2869 504 3028 558 quem
3054 489 3550 558 videntessi-iritali

1941 574 2126 630 laetitia
2178 581 2612 648 complebantur.
2665 581 2769 636 Alii
2798 597 2948 646 vero,
3007 583 3114 638 hoc
3161 593 3246 640 est
3275 589 3541 656 apostoli,

1939 683 2077 738 quos
2107 670 2370 726 Dominus
2400 674 2468 728 ab
2489 674 2636 728 omni
2671 685 3015 742 peccatorum
3048 677 3168 732 labe
3215 680 3496 734 mundavit
3527 724 3542 746 ,

1937 773 2103 828 super
2133 760 2214 816 lac
2231 762 2578 820 candidiores
2606 765 2735 821 facti
2768 779 2915 833 sunt,
2957 785 3094 840 quos
3134 773 3343 826 macula
3393 773 3542 828 nulla

1940 861 2126 922 postea
2151 857 2399 910 luscavit.
2435 858 2647 913 Etenim
2677 860 2759 915 lac
2782 865 3086 932 temporale
3103 873 3206 931 est;
3239 867 3415 935 gratia
3443 885 3543 923 au-

1939 955 2046 1000 tem
2077 947 2451 1018 apostolorum
2487 963 2747 1020 perpetua
2777 965 2981 1022 manet,
3013 958 3101 1026 qui
3132 960 3289 1013 nobis
3317 960 3542 1029 spirita-

1936 1038 2008 1093 lia
2037 1040 2126 1094 illa
2148 1052 2310 1111 atque
2349 1045 2596 1098 cmlestia
2621 1046 2972 1103 conﬁcientes
3021 1050 3302 1114 alimenta.
3344 1055 3543 1109 mentis

1936 1134 2166 1191 interna:
2183 1137 2390 1192 viscera
2414 1140 2754 1208 saginarunt.
2777 1145 2913 1197 Sunt
2927 1143 3086 1217 521
3102 1147 3264 1202 etiam
3281 1149 3368 1215 qui
3388 1166 3543 1204 man-

1934 1227 2058 1282 data
2079 1228 2290 1284 Domini
2309 1231 2506 1296 lucida,
2521 1248 2642 1302 qum
2658 1233 2843 1288 divino
2859 1253 2954 1290 ore
2968 1239 3286 1310 deprompta
3304 1253 3421 1295 sunt
3435 1285 3448 1305 ,
3468 1245 3544 1296 si-

1933 1327 2028 1375 cut
2048 1324 2128 1376 lac
2157 1322 2308 1378 nobis
2339 1323 2476 1380 facta
2495 1326 3065 1398 arbitrentur,’qulbus
3088 1333 3274 1386 nutriti
3295 1335 3359 1388 ad
3387 1336 3542 1404 panis

1932 1414 2171 1469 cmlestis
2202 1417 2550 1484 pervenimus
2569 1419 2904 1474 alimoniam.
2941 1421 3096 1477 Unde
3124 1434 3178 1478 et
3204 1423 3402 1480 Paulus
3420 1429 3496 1481 ait
3523 1446 3535 1476 :

1931 1504 2041 1560 Lac
2057 1507 2196 1562 vobis
2220 1520 2398 1580 potum
2428 1510 2569 1578 dedi,
2594 1528 2696 1566 non
2719 1530 2887 1567 escam
2912 1531 2931 1581 ;
2963 1517 3191 1570 nondum
3232 1519 3364 1571 enim
3392 1531 3540 1588 potc-

1932 1603 2058 1654 ratis
2084 1602 2146 1673 (Ι.
2182 1600 2303 1657 Cor.
2338 1619 2418 1667 ιιι,
2447 1603 2526 1676 2).
2557 1603 2880 1661 Corinthios
2908 1606 2960 1660 in
2981 1609 3248 1677 principio
3263 1609 3387 1665 ﬁdei
3411 1621 3541 1681 potu

1934 1694 2091 1751 lactis
2113 1695 2324 1752 imbuit.
2355 1698 2422 1754 Et
2447 1700 2621 1754 sancti
2649 1700 2725 1754 illi
2757 1717 2988 1770 quorum
3020 1702 3157 1757 ﬁdes
3181 1707 3539 1760 annuntiatur

213 1792 356 1848 solvi
377 1794 538 1862 jussit
565 1795 618 1849 in
651 1794 971 1866 Evangelio,
1006 1805 1058 1851 et
1084 1796 1200 1864 ipse
1215 1795 1474 1851 Dominus
1491 1795 1649 1852 Jesus
1679 1795 1819 1852 sedit

1930 1787 1982 1842 in
2009 1788 2269 1847 universo
2299 1792 2522 1860 mundo,
2553 1803 2826 1866 tamquam
2863 1796 3146 1867 ablactati,
3171 1813 3295 1855 esca
3319 1800 3543 1856 solidio-

211 1897 382 1955 super
406 1900 554 1950 eum,
588 1895 642 1941 ut
686 1887 1019 1958 alligatusad
1035 1888 1200 1944 vitem
1230 1900 1490 1958 perpetua
1504 1900 1820 1944 sanctorum

212 1965 486 2034 suavitate
512 1979 904 2047 requiesceret.

285 2070 379 2126 24.
440 2071 676 2137 Lavabit,
717 2074 911 2145 inquit,
951 2057 1006 2129 in
1039 2075 1156 2130 vino
1182 2075 1389 2130 stolam
1442 2091 1610 2132 suam.
1668 2075 1820 2132 Bona

211 2166 354 2220 stola
383 2175 466 2220 est
489 2181 619 2222 caro
646 2165 875 2231 Christi,
895 2182 1015 2238 quze
1041 2167 1280 2222 omnium
1313 2176 1534 2238 peccata
1577 2170 1814 2239 aperuit,

210 2258 458 2314 omnium
482 2257 679 2314 delicta
705 2259 966 2330 suscepit,
996 2259 1237 2315 omnium
1256 2275 1476 2316 errores
1500 2259 1652 2315 texit.
1670 2260 1816 2316 Bona

210 2357 380 2420 stola,
413 2371 532 2428 qua:
565 2358 850 2413 universos
879 2356 1055 2412 induit
1080 2367 1233 2413 veste
1258 2356 1633 2426 iucunditatis.
1664 2355 1818 2410 Lavit

211 2450 355 2507 hanc
385 2453 579 2508 stolam
609 2453 665 2509 in
690 2452 837 2516 vino,
891 2453 1110 2524 quando
1152 2468 1278 2509 cum
1337 2452 1715 2523 baptizaretur
1759 2451 1814 2506 in

207 2541 466 2613 Jordane,
498 2545 782 2602 descendit
803 2545 1040 2614 Spiritus
1066 2555 1286 2601 sanctus
1313 2545 1452 2600 sicut
1472 2544 1819 2610 columba,et

211 2639 414 2693 mansit
432 2654 596 2709 super
617 2655 764 2696 eum.
795 2638 915 2706 Quo
963 2638 1302 2710 signiﬁcatur
1352 2638 1496 2709 quod
1539 2638 1816 2708 plenitudo

208 2731 449 2800 Spiritus
478 2733 652 2787 sancti
677 2732 951 2787 individua
976 2733 1033 2786 in
1055 2747 1123 2788 eo
1150 2731 1332 2799 fuerit,
1365 2747 1464 2787 nec
1505 2732 1814 2786 recesserit.

185 2818 370 2888 ,Unde
415 2832 471 2878 et
510 2823 840 2894 evangelista
860 2823 1055 2896 (Marc.
1084 2840 1122 2890 ι,
1158 2824 1228 2879 10
1254 2825 1274 2893 )
1305 2825 1382 2878 ait
1411 2842 1426 2878 :
1455 2824 1591 2892 Quia
1623 2825 1817 2896 plenus

212 2913 420 2983 Spiritu
449 2925 638 2970 sancto
668 2917 928 2971 Dominus
949 2916 1134 2983 Jesus,
1165 2932 1450 2988 regressus
1477 2927 1561 2972 est
1581 2917 1650 2971 ab
1694 2915 1822 2972 Jor-

210 3005 370 3062 dane.
386 3007 543 3062 Lavit
563 3023 696 3078 ergo
711 3007 869 3063 Jesus
890 3009 1084 3063 stolam
1108 3024 1285 3075 suam,
1308 3025 1413 3065 non
1436 3018 1496 3063 ut
1521 3022 1674 3062 suam
1695 3021 1818 3077 qua:

207 3113 318 3152 non
352 3109 470 3154 erat
501 3114 516 3165 ;
546 3099 644 3156 sed
673 3107 733 3154 ut
762 3109 1004 3154 nostram
1026 3115 1146 3171 qua:
1184 3109 1325 3166 erat,
1375 3099 1594 3154 sordem
1625 3099 1813 3154 ablue-

1929 1895 1990 1936 re
2012 1880 2317 1939 ﬁrmantur.

2560 1977 2790 2036 CAPUT
2839 1979 2910 2038 γ.

1921 2067 2288 2125 Benedictione
2322 2070 2562 2128 Zabulon
2591 2073 2884 2131 Ecclesium
2915 2086 3071 2148 atque
3129 2081 3246 2152 ejus
3275 2082 3540 2154 principes

2579 2170 2877 2241 designari.

1990 2259 2084 2315 26.
2127 2259 2367 2316 Zabulon
2385 2266 2547 2336 juxta
2571 2279 2715 2317 mare
2734 2263 3010 2321 habitabit.
3055 2269 3122 2322 Et
3142 2271 3255 2341 ipse
3280 2289 3425 2326 secus
3450 2289 3542 2327 ac-

1919 2367 2089 2406 cessus
2139 2356 2345 2408 navium
2365 2395 2380 2421 ,
2409 2366 2456 2409 et
2496 2357 2757 2426 pertendet
2802 2375 2962 2429 usque
3000 2361 3070 2414 ad
3099 2361 3350 2417 Sidonem
3381 2363 3538 2436 (Gen.

1919 2460 2066 2508 mx,
2102 2446 2215 2518 15).
2264 2447 2382 2516 Ipsa
2427 2448 2662 2503 nominis
2701 2450 3077 2520 interpretatio
3131 2456 3356 2510 meliora
3406 2473 3536 2526 pro-

1920 2540 2115 2605 mittit;
2165 2556 2230 2594 eo
2271 2541 2414 2611 quod
2469 2541 2659 2598 Latina
2715 2548 2995 2613 cupressio
3026 2547 3399 2606 liberationem
3465 2553 3543 2606 si-

1918 2629 2141 2700 gniﬁcet
2164 2647 2194 2687 a
2226 2633 2532 2702 nocturnis,
2562 2635 2705 2706 quod
2744 2647 2830 2691 est
2861 2640 3046 2710 utique
3083 2639 3307 2707 bonum,
3336 2652 3390 2697 et
3417 2642 3540 2712 ejus

1920 2725 2012 2795 qui
2035 2727 2291 2796 speratiu
2320 2730 2510 2796 pennis
2531 2728 2761 2797 Domini,
2795 2747 2951 2799 quem
2991 2733 3296 2788 circumdat
3335 2736 3538 2791 veritas

1919 2817 2056 2887 ejus,
2089 2835 2158 2874 ne
2201 2819 2385 2876 timeat
2413 2837 2444 2876 a
2473 2823 2666 2880 timore
2697 2833 2982 2895 nocturno,
3008 2837 3064 2883 et
3088 2845 3116 2882 a
3143 2830 3360 2900 negotio
3400 2846 3530 2902 per-

1921 2911 2230 2967 ambulante
2257 2914 2310 2968 in
2333 2915 2591 2971 tenebris.

1992 3001 2083 3058 27.
2130 3005 2227 3059 llic
2265 3021 2398 3076 ergo
2427 3005 2670 3063 Zabulon
2695 3013 2857 3082 juxta
2896 3030 3056 3080 mare,
3102 3015 3300 3086 inquit,
3332 3016 3537 3073 habita-

1922 3093 2033 3162 bit;
2072 3104 2130 3150 ιιι
2160 3096 2339 3151 videat
2375 3099 2606 3154 aliorum
2646 3100 2949 3173 naufragia,
2993 3105 3108 3174 ipse
3138 3107 3395 3162 immunis
3429 3127 3526 3178 pc-

209 3202 314 3248 ret.
351 3191 594 3263 Denique
623 3193 835 3249 addidit
867 3211 879 3247 :
906 3192 978 3248 Et
1003 3194 1056 3247 in
1081 3195 1332 3268 sanguine
1361 3209 1474 3249 uva:
1509 3205 1532 3232 ο
1563 3191 1812 3248 anabola-
1840 3181 1887 3246 C
1918 3186 2097 3256 riculi,
2147 3200 2202 3244 et
2250 3200 2462 3260 spectet
2502 3193 2641 3247 alios
2700 3194 3032 3252 ﬁuctuantes
3080 3199 3132 3252 in
3185 3200 3324 3254 freto
3375 3202 3533 3258 istius

208 3284 354 3338 dium
382 3301 536 3341 suum
569 3302 589 3340 :
620 3286 724 3342 hoc
747 3297 853 3353 est,
879 3287 930 3340 in
962 3287 1216 3357 passione
1257 3288 1503 3360 corporis
1533 3288 1616 3342 sui
1649 3286 1810 3342 dilttit

206 3388 398 3449 gentes
427 3394 526 3434 suo
557 3381 842 3450 sanguine.
873 3380 1083 3435 Etenim
1107 3381 1253 3436 verbi
1280 3380 1660 3436 anaboladium
1679 3395 1808 3452 gen-

207 3479 290 3528 tes
311 3469 456 3530 sunt'.
483 3473 621 3528 sicut
651 3475 909 3541 scriptum
929 3485 1014 3529 est
1038 3491 1051 3526 :
1095 3473 1217 3527 Vivo
1244 3491 1357 3545 ego,
1383 3475 1508 3528 dicit
1529 3472 1805 3542 Dominus,

205 3566 306 3620 nisi
329 3583 502 3620 omnes
529 3583 614 3622 eos
641 3566 856 3621 induam
882 3568 1013 3622 sicut
1040 3568 1397 3623 vestimentum
1428 3567 1600 3639 (Esai.
1654 3585 1804 3636 xux,

211 3658 327 3730 18).
359 3659 426 3714 Ει
452 3659 582 3716 alibi
600 3676 620 3714 .'
635 3659 785 3716 Sicut
812 3662 1059 3716 amictum
1080 3661 1302 3716 mutabis
1326 3677 1434 3728 eos,
1458 3673 1505 3716 et
1531 3662 1809 3716 mutabun-

208 3760 291 3805 tur
315 3749 435 3824 (Ps.
460 3767 534 3817 (τι,
563 3753 680 3825 27).
707 3753 821 3808 Non
852 3771 981 3827 ergo
1013 3757 1274 3826 sanguine
1295 3757 1534 3827 proprio,
1557 3773 1654 3811 sua
1686 3771 1811 3826 pec-

206 3853 347 3912 cata,
370 3861 492 3915 qua
518 3862 624 3900 non
650 3856 826 3913 erant,
859 3849 957 3904 sed
990 3859 1172 3904 nostra
1203 3865 1322 3920 qua!
1343 3850 1569 3905 l‘ecimus
1585 3851 1806 3918 delicta,

208 3937 503 3993 mundavit.
547 3937 616 3992 Et
646 3938 786 3994 bene
816 3955 974 3994 uvam
999 3940 1158 4008 dixit,
1219 3944 1345 4013 quia
1394 3944 1534 3999 sicut
1566 3958 1670 3998 uva
1705 3959 1806 4013 pe-

209 4029 396 4102 pendit
422 4030 477 4084 in
509 4027 678 4100 ligno.
705 4030 829 4101 Ipse
851 4041 934 4087 est
956 4034 1080 4086 vitis
1108 4074 1124 4100 ,
1181 4034 1300 4104 ipse
1329 4049 1452 4089 uva.
1484 4033 1626 4090 Vitis
1664 4035 1811 4106 ligno

211 4123 494 4179 adhaerens
524 4139 700 4190 :uva,
747 4127 870 4195 quia
917 4125 1104 4182 lancea
1149 4125 1336 4182 militis
1383 4139 1630 4198 apertum
1671 4129 1812 4186 latus

211 4216 388 4273 emisit
414 4218 609 4289 aquam
628 4228 685 4274 et
705 4220 1047 4290 sanguinem.
1081 4218 1171 4276 Sic
1193 4220 1338 4275 enim
1369 4221 1505 4275 dixit
1531 4220 1807 4278 Joannes:

213 4310 337 4382 quia
366 4313 534 4368 exivit
576 4312 646 4368 de
671 4327 738 4369 eo
763 4328 901 4385 aqua
941 4322 996 4370 et
1044 4315 1270 4384 sanguis
1321 4311 1645 4387 (Joamxu,
1687 4315 1810 4396 3t).

214 4404 368 4476 Aqua
411 4406 478 4460 ad
535 4407 807 4462 lavacrum
829 4449 843 4472 ,
873 4410 1091 4480 sanguis
1117 4409 1185 4464 ad
1213 4408 1471 4480 pretium.
1509 4409 1662 4481 Aqua
1711 4425 1813 4467 nos

215 4501 402 4568 abluit,
429 4503 647 4573 sanguis
669 4519 769 4560 nos
797 4504 1050 4561 redemit.

1914 3282 2145 3347 mundi,
2197 3284 2288 3354 qui
2326 3284 2782 3342 circumferantur
2823 3291 2969 3344 omni
3015 3301 3181 3347 vento
3221 3293 3488 3350 doctrina:
3514 3339 3528 3363 ,

1910 3372 2028 3443 ipse
2059 3373 2181 3429 ﬁdei
2214 3375 2399 3432 radice
2426 3378 2722 3435 immobilis
2749 3397 3135 3452 perseverans,
3166 3386 3305 3440 sicut
3327 3397 3411 3442 est
3440 3404 3533 3444 sa-

1910 3477 2194 3522 crosancta
2240 3468 2489 3525 Ecclesia
2539 3471 2776 3528 radicata
2816 3485 2978 3545 atque
3021 3476 3244 3534 fundata
3287 3480 3337 3535 in
3382 3481 3484 3536 ﬁde
3513 3509 3527 3534 9

1913 3573 2167 3631 spectans
2196 3563 2577 3620 haereticorum
2611 3568 2903 3637 procellas,
2929 3579 2984 3624 et
3011 3571 3286 3643 naufragia
3314 3573 3528 3630 .ludaio-

1914 3670 2058 3724 rum,
2087 3656 2346 3727 quoniam
2372 3658 2791 3728 gubernatorem
2824 3677 2983 3733 quem
3006 3664 3331 3731 habuerant,
3357 3666 3528 3722 abne-

1911 3761 2125 3823 garunt.
2171 3751 2329 3808 Circa
2379 3753 2572 3808 ﬁuctns
2618 3755 2782 3825 igitur
2833 3756 3059 3825 habitat,
3120 3775 3224 3813 non
3272 3759 3526 3817 ﬂuctibus

1913 3857 2322 3915 eomtnovetur,
2371 3851 2650 3920 magisque
2703 3850 2771 3905 ad
2812 3853 3251 3908 subveniendum
3296 3865 3521 3923 parata,

1914 3956 2075 4012 quam
2122 3943 2365 4011 periculo
2396 3943 2650 4006 obnoxia,
2687 3953 2748 3998 ut
2773 3949 2818 3999 si
2845 3947 2936 4016 qui
2974 3949 3388 4017 tempestatibus
3413 3951 3522 4006 acti

1913 4035 2169 4104 gravibus
2193 4034 2490 4104 confugere
2520 4035 2586 4090 ad
2619 4046 2833 4106 portum
2864 4040 3050 4106 velint,
3077 4051 3276 4109 praes-to
3300 4046 3370 4096 sit
3403 4043 3511 4098 Ec-

1916 4125 2080 4181 clesia
2127 4135 2398 4197 tamquam
2443 4133 2630 4197 portus
2670 4129 2894 4196 salutis,
2933 4146 3052 4200 quae
3091 4134 3347 4201 expansis
3399 4135 3523 4192 bra-

1916 4220 2057 4276 cbiis
2103 4222 2157 4275 in
2189 4220 2454 4291 gremium
2497 4217 2914 4290 tranquillitatis
2953 4240 3066 4279 suae
3104 4236 3266 4283 vocet
3299 4231 3520 4298 pericli-

1919 4322 2114 4378 tantes,
2150 4313 2325 4367 locum
2358 4313 2476 4368 tida:
2497 4313 2750 4369 stationis
2778 4316 3100 4405 Ostettdens:
3129 4318 3388 4376 Ecclesia:
3421 4325 3521 4395 igi-

1916 4415 2005 4461 tur
2054 4406 2105 4461 in
2157 4406 2259 4461 hoc
2310 4408 2510 4461 saeculo
2557 4418 2827 4478 tamquam
2873 4420 3064 4480 portus
3112 4415 3371 4471 maritimi
3419 4433 3520 4488 per

1917 4498 2102 4554 littora
2139 4497 2321 4554 diffusi
2347 4509 2641 4555 occurrunt
2677 4502 3071 4569 laborantibus,
3114 4506 3357 4565 dicentes
3395 4526 3518 4569 esse

282 4592 374 4646 23.
405 4592 473 4647 Et
503 4595 624 4650 ideo
645 4596 720 4651 ait
743 4597 1008 4668 propheta
1037 4616 1050 4652 :
1084 4596 1293 4654 Hilares
1323 4598 1461 4654 oculi
1480 4601 1594 4674 ejus
1615 4599 1806 4665 avino,

1930 4593 2267 4648 :redentibus
2289 4594 2553 4664 refugium
2597 4607 2983 4664 prarparatum,
3009 4614 3116 4669 quo
3142 4603 3320 4658 ventis
3347 4619 3541 4675 quas-‘

217 4692 261 4739 et
285 4683 459 4739 dentes
490 4687 836 4754 candidiores,
861 4707 1014 4758 quant
1044 4691 1145 4757 lac,
1175 4691 1486 4761 signiﬁcans
1515 4693 1809 4764 prophetas

217 4787 265 4832 et
294 4779 592 4848 apostolos.
623 4782 725 4836 Alii
772 4783 917 4838 enim
953 4783 1094 4839 sicut
1123 4785 1265 4840 oculi
1315 4781 1517 4840 Christi
1546 4784 1811 4856 praevide-

218 4882 342 4928 runt
370 4882 426 4927 et
468 4875 926 4932 annuntiaverunt
949 4877 1066 4948 ejus
1109 4877 1442 4946 adventum,
1496 4877 1566 4932 de
1614 4877 1810 4948 quibus

216 4963 332 5038 ipse
357 4966 488 5024 dicit
517 4983 533 5023 :
567 4968 827 5026 Abraham
853 4971 988 5027 diem
1015 4988 1182 5028 meum
1234 4972 1385 5040 vidit,
1413 4980 1461 5027 et
1484 4972 1690 5043 gavisus
1735 4981 1812 5026 est

293 5184 319 5214 ιι
349 5175 553 5260 omnes
584 5175 717 5260 edit.
738 5219 756 5247 ,
784 5177 997 5247 Copula:
1037 5179 1256 5253 gratiam
1285 5175 1582 5250 nuptialis;
1629 5189 1822 5233 omnes

223 5264 354 5306 mss.
378 5259 435 5301 ut
468 5264 567 5304 nos
594 5259 647 5304 in
671 5261 840 5306 textu.

291 5319 320 5358 ι)
349 5320 506 5396 [{pm.
533 5321 692 5390 edit.,
715 5323 917 5396 asinam
943 5339 1111 5387 suam,
1139 5335 1184 5378 et
1211 5325 1280 5378 ad
1302 5323 1568 5396 palmitem
1599 5321 1819 5396 pullum,

225 5401 331 5450 etc.
355 5390 477 5447 Vct.
501 5408 564 5448 ac
592 5408 725 5449 mss.
773 5395 998 5462 aliquot,
1048 5397 1251 5450 asinam
1281 5390 1455 5461 suam,
1503 5404 1551 5448 et
1598 5394 1825 5447 cilicium

226 5462 449 5537 pullum,
484 5471 590 5537 etc.
625 5466 729 5520 Alii
778 5481 913 5519 mss.
948 5469 1128 5537 plures
1157 5478 1210 5520 et
1258 5468 1515 5522 meliores
1546 5507 1561 5533 ,
1618 5466 1824 5517 asinum

229 5535 394 5596 suum,
421 5544 466 5604 et
490 5535 658 5590 cilicio
692 5537 913 5604 pullum,
943 5548 1046 5589 etc.
1077 5536 1220 5592 LXX
1251 5580 1266 5599 .
1305 5541 1391 5594 τὸν
1418 5539 1583 5595 πῶλον
1624 5538 1778 5591 αὐτοῦ
1804 5575 1819 5597 ,

229 5609 309 5681 τιᾳί
327 5614 390 5681 τῇ
417 5603 552 5662 ἕλικι
577 5607 662 5662 τὸν
691 5603 853 5681 πῶλον
878 5616 969 5669 τῆς
992 5605 1107 5663 ὄνον
1135 5611 1324 5665 αὐτοῦ.
1351 5609 1431 5665 Ad
1458 5625 1620 5679 quem
1651 5611 1830 5662 lot°um

231 5678 426 5733 νίαυέιδ
455 5690 611 5731 notas
643 5679 854 5734 Nobilil.

301 5758 326 5788 ο
344 5747 763 5823 AAnoboladium,
791 5751 906 5807 sive
930 5763 990 5823 ut
1011 5750 1064 5806 in
1085 5751 1411 5823 quihusdam
1447 5769 1580 5810 mss.
1608 5750 1831 5823 legitur,

235 5821 554 5888 anabolium,
585 5820 726 5879 forte
755 5820 1393 5890 anabolteum,'atniculus
1419 5837 1559 5894 erat,
1580 5820 1688 5897 quo
1734 5821 1835 5878 hu-

573 5985 588 5989 ψ
679 5919 957 5980 Pnaon.
1031 5918 1208 5982 XIV.

1917 4701 2032 4745 sata
2066 4689 2275 4760 navigia
2307 4689 2514 4759 possint
2543 4687 2866 4746 subducere.

1985 4783 2079 4837 28.
2122 4781 2179 4836 In
2225 4780 2310 4834 bis
2354 4780 2613 4836 Ecclesiis
2657 4792 2781 4836 sunt
2822 4784 3095 4858 principes
3133 4787 3414 4858 Zabulon,
3462 4801 3520 4848 et

1914 4874 2193 4948 principes
2233 4871 2601 4944 Nepbtltalim,
2639 4873 2778 4929 sicut
2813 4874 3023 4931 docetd
3071 4893 3215 4934 van
3247 4881 3516 4950 psalmus,

1915 4985 2146 5042 quorum
2177 4967 2269 5023 alii
2303 4967 2628 5024 liberatores
2660 4979 2790 5026 sunt
2814 4986 2846 5026 a
2880 4981 3201 5044 tempestate
3227 4986 3519 5044 nocturna,

1924 5174 2058 5231 meri
2089 5173 2434 5248 tegebantur.
2465 5172 2556 5230 Sic
2585 5186 2766 5230 autem
2795 5175 3098 5242 dicebatur,
3134 5179 3260 5248 quia
3282 5179 3350 5234 ab
3385 5180 3524 5239 infe.

1926 5248 2163 5302 riorihus
2197 5246 2440 5313 partibus
2468 5247 2812 5303 attolleretur
2838 5248 2904 5303 ad
2931 5246 3266 5319 superiores,
3294 5251 3397 5308 ἀπὸ
3428 5263 3522 5312 τοῦ

1927 5319 2320 5377 ἀναϐάλλεσθαι.

1998 5389 2210 5465 d_Edit.
2245 5389 2746 5465 notitnullzeAParisu
2779 5392 2914 5446 sicut
2943 5392 3092 5446 docet
3118 5397 3529 5465 septuagesimus

1931 5463 2204 5539 psalmus;
2247 5463 2456 5539 ultima,
2487 5462 2618 5539 sicut
2650 5463 2800 5516 docet
2830 5466 3080 5539 psalmus.
3125 5462 3194 5539 At
3225 5462 3333 5520 vet.
3367 5470 3526 5539 edit.,

1933 5536 2062 5590 sicut
2084 5535 2227 5587 docet
2257 5534 2713 5608 quinquagesimus
2739 5545 2989 5601 septimus
3019 5537 3247 5590 decimus
3274 5534 3530 5608 psaltiius.

1935 5608 2107 5674 Quam
2161 5604 2481 5659 numerandi
2533 5606 2796 5657 rationem
2846 5622 2950 5660 non
2987 5623 3152 5662 nemo
3200 5604 3324 5661 hinc
3359 5624 3537 5668 ortam

1939 5688 2118 5747 putat,
2169 5677 2311 5746 quod
2347 5675 2537 5743 psalmi
2571 5676 2768 5747 intres
2795 5679 3203 5747 quinquagenas
3231 5680 3542 5740 diVIderen-

1937 5745 2047 5809 tur.
2076 5757 2131 5803 et
2161 5745 2286 5819 post
2316 5749 2541 5815 primam
2566 5745 2998 5819 quinquagenum
3032 5745 3324 5819 sequentes
3351 5769 3543 5812 nume-

1938 5817 2192 5879 rarentur
2219 5817 2275 5874 in
2305 5819 2450 5875 hunc
2477 5817 2720 5884 modum,
2755 5819 2889 5889 psal.
2919 5817 3374 5894 quinquagesimus
3400 5828 3544 5883 deci-

2940 5913 3023 5974 22
