4066 6360
594 286 702 344 685

1961 279 2208 340 SANCTI
2245 278 2561 340 AMBROSII

3793 278 3882 338 ϐυ

598 406 896 462 clamantes
951 417 965 456 :
1012 399 1328 472 Abjiciamus
1362 413 1482 471 ergo
1517 413 1673 471 opera
1744 398 2090 464 tenebrarum,
2153 408 2200 452 et
2225 408 2276 472 Α
2304 407 2389 453 ret
2424 405 2613 468 gentes
2638 396 2774 469 (ipsa
2823 405 2905 451 est
2943 399 3087 453 enim
3136 398 3352 469 pinguis
3393 402 3446 452 et
3497 393 3698 452 fertilis
3739 403 3884 462 tem,

600 497 880 552 induantur
896 509 1037 547 arma
1067 493 1197 547 lucis
1225 491 1401 562 (Rom.
1427 507 1544 558 XIII,
1576 488 1663 561 12)
1695 507 1707 542 :
1732 490 1820 544 alii
1862 500 1992 545 sunt
2021 490 2200 544 latitu-

601 589 746 643 dinis
777 586 1110 657 apostolicze,
1159 585 1249 656 qui
1295 591 1522 655 possunt
1563 582 1747 639 dicere
1796 599 1809 635 :
1856 581 1929 638 Os
1968 591 2200 636 nostram

599 693 736 753 patet
764 682 832 736 ad
853 698 957 748 vos,
981 698 1010 735 o
1040 679 1311 746 Corinthii,
1341 695 1429 734 cor
1453 689 1688 733 nostrunt
1715 677 1989 731 dilatatam
2031 686 2106 732 est
2132 675 2200 746 (ll

598 778 720 834 Cor.
754 795 828 844 vr,
861 778 970 848 ll).
991 775 1094 846 Ipsi
1122 775 1352 830 suntisti
1383 774 1470 844 qui
1499 788 1619 828 cum
1641 781 1827 828 essent
1851 771 1904 825 in
1933 769 2197 835 tenebris,

594 875 769 928 lucem
798 871 1049 926 viderunt
1077 885 1359 940 magnam,
1392 869 1531 922 sicut
1566 866 1825 936 propheta
1861 873 2094 920 testatur
2117 862 2200 918 di-

592 983 723 1024 cens
757 986 770 1022 :
807 967 970 1038 Regio
999 965 1259 1031 Zabulon,
1282 973 1329 1018 et
1357 964 1498 1034 regio
1533 960 1896 1040 Nephthalim,
1929 959 2009 1013 via
2037 959 2200 1012 maris

591 1074 736 1118 trans
757 1060 1040 1115 Iordanem
1075 1058 1339 1132 :populus
1365 1058 1452 1127 qui
1475 1057 1679 1112 sedebat
1705 1057 1755 1110 in
1785 1054 2029 1122 tenebris,
2053 1054 2197 1108 nide-

590 1166 712 1211 runt
755 1156 920 1210 lucent
956 1171 1195 1228 magnam
1221 1169 1239 1207 :
1268 1153 1356 1223 qui
1389 1151 1630 1205 sedebant
1670 1152 1723 1205 in
1762 1151 1968 1222 regione
2004 1149 2198 1204 umbra:

589 1248 791 1314 mortis,
824 1248 914 1300 tua:
936 1255 1048 1299 orta
1067 1254 1142 1299 est
1167 1244 1237 1298 eis
1263 1241 1438 1313 (Esai.
1473 1259 1548 1309 Ix,
1581 1242 1605 1295 l
1644 1252 1688 1295 et
1719 1241 1800 1314 ἓ).

660 1341 754 1397 9.9.
798 1339 1189 1408 Exploratores
1249 1336 1413 1406 igitur
1463 1350 1622 1391 secus
1674 1349 1926 1390 accessus
1978 1333 2194 1388 navium

486 1449 496 1458 ‘
588 1434 770 1505 posuit
794 1433 1056 1487 Dominus
1086 1431 1233 1486 Deus
1265 1439 1452 1484 noster
1482 1429 1803 1500 patriarcha:
1827 1428 1986 1497 hujus
2019 1427 2197 1483 hatre-

587 1529 685 1584 des
708 1570 722 1594 ,
757 1526 912 1597 cujus
947 1540 1074 1581 cura
1115 1524 1342 1596 pergivil
1383 1534 1436 1580 et
1466 1525 1726 1594 spiritalis
1769 1524 2046 1580 successio
2075 1538 2196 1592 per-

587 1621 763 1678 tendit
787 1636 959 1690 usque
989 1618 1056 1673 ad
1097 1619 1381 1684 Sidonem,
1419 1619 1520 1674 hoc
1550 1626 1654 1684 est,
1701 1633 1870 1688 usque
1899 1617 1964 1671 ad
2004 1625 2194 1687 gentes

588 1713 856 1784 pervenit,
883 1722 942 1767 ut
971 1711 1182 1767 Domini
1211 1710 1578 1768 misericordia
1603 1719 1629 1748 ι
1650 1720 1867 1782 peccata
1890 1710 2071 1765 abluat
2097 1724 2195 1764 na-

583 1809 813 1889 tionum.
848 1806 1014 1862 Sidon
1047 1806 1188 1861 enim
1216 1804 1521 1876 primitivus
1552 1814 1634 1860 est
1667 1803 1806 1858 illius
1827 1802 2186 1868 Cham,illius
2217 1811 2266 1872 Β

581 1903 768 1972 utique
798 1902 888 1971 qui
919 1911 1139 1972 propter
1171 1902 1580 1956 irreverentiam
1616 1899 1777 1971 522
1801 1907 2046 1970 paterna:
2068 1897 2186 1968 pie-

580 1997 730 2062 tatis,
765 1996 1145 2051 maledictione
1169 1995 1452 2048 damnatus
1479 2001 1562 2050 est
1582 1995 1772 2064 patris.
1802 1993 1946 2063 Ergo
1978 1990 2186 2046 libera-

578 2091 657 2144 tio
685 2098 950 2144 nocturna
991 2096 1264 2158 tamquam
1303 2088 1355 2142 in
1380 2086 1629 2143 excubiis
1673 2085 1846 2156 posita
1884 2098 2190 2154 prepngna-

578 2181 687 2236 culi
730 2180 1012 2247 Spll‘ilalis,
1045 2196 1112 2234 ne
1143 2161 1264 2250 quis
1292 2178 1321 2216 ι)
1363 2178 1617 2249 scopulos
1661 2179 1785 2232 vita:
1832 2177 1989 2247 hujus
2016 2174 2191 2248 possit

571 2273 848 2339 incidere,
889 2271 1162 2342 pertendit
1195 2287 1368 2340 usque
1411 2270 1475 2325 ad
1513 2270 1965 2342 gravissimorum
2004 2268 2188 2324 crimi-

571 2383 700 2421 num
749 2377 1089 2436 peccatores,
1131 2374 1185 2420 et
1215 2365 1478 2421 Sidonios
1511 2365 1680 2436 ipsos,
1705 2365 1796 2435 qui
1829 2373 1951 2419 ante
1992 2377 2185 2432 super-

570 2463 792 2518 stitione
817 2460 1131 2516 vehementi
1167 2470 1459 2514 venatores
1490 2459 1763 2514 scelerum
1801 2456 2188 2526 nuncupaban—

574 2562 684 2621 tur,
741 2564 817 2619 et,
873 2562 933 2608 ut
975 2551 1359 2621 interpretatio
1411 2551 1592 2619 docet,
1641 2550 1816 2606 soluta
1870 2549 2188 2606 ltmreditate

576 2644 876 2710 maledicti,
927 2643 1241 2714 donataque
1284 2642 1603 2697 hmreditate
1650 2641 2043 2697 benedictionis
2093 2641 2189 2696 ab-

569 2739 759 2802 solvit;
807 2746 865 2793 ut
905 2736 997 2793 ubi
1025 2737 1198 2808 major
1222 2734 1419 2792 "reatus
1458 2746 1596 2803 erat,
1661 2733 1736 2790 ibi
1775 2749 1917 2790 nunc
1967 2733 2189 2791 uberior

571 2834 646 2890 sit
671 2832 867 2904 gratia.

1191 2922 1423 2980 CAPUT
1461 2922 1556 2977 Vl.

573 3038 656 3096 De
710 3039 1062 3095 benedictione
1110 3036 1393 3106 Issacltar,
1446 3053 1560 3111 qua:
1604 3037 1818 3110 mystice
1868 3038 1931 3092 de
1978 3035 2186 3094 Christo

1043 3129 1266 3187 Domino
1297 3132 1594 3205 exponitur.

2209 3209 2256 3273 C

641 3251 733 3307 30.
777 3247 1024 3306 Issachar
1055 3247 1245 3301 bonum
1283 3247 1577 3312 concupivit
1603 3287 1618 3312 ,
1676 3247 2002 3319 requiescens
2045 3246 2181 3300 inter

574 3345 770 3400 medias
804 3352 966 3398 sortes
987 3383 1003 3410 ,
1032 3350 1078 3397 et
1104 3340 1281 3396 uidens
1309 3341 1532 3410 requiem
1560 3341 1679 3409 quia
1708 3342 1839 3395 bona
1868 3350 1966 3406 est,
1997 3351 2046 3394 et
2075 3349 2180 3394 ter-

575 3455 689 3492 ram
716 3439 838 3508 quia
871 3436 1081 3508 pinguis
1107 3451 1125 3489 :
1169 3436 1440 3506 supposuit
1469 3436 1739 3489 humerunt
1767 3452 1916 3490 suum
1942 3435 2010 3489 ad
2041 3434 2183 3490 labo-

573 3531 823 3596 randum,
841 3539 889 3584 et
915 3530 1082 3598 {actus
1101 3537 1174 3584 est
1201 3529 1276 3582 vir
1303 3527 1534 3601 agricola
1549 3525 1704 3598 (Gen.
1719 3543 1867 3592 ms,
1886 3528 1951 3582 M
1967 3535 2011 3582 et
2025 3528 2180 3598 seq.).

583 3626 833 3684 lssachar
878 3637 1090 3680 merces
1133 3622 1332 3678 dicitur
1356 3663 1372 3690 ,
1422 3631 1476 3678 et
1519 3621 1639 3677 ideo
1670 3622 1904 3678 refertur
1931 3621 1997 3678 ad
2027 3620 2184 3677 Chri-

575 3727 766 3785 stum,
817 3716 909 3788 qui
953 3724 1037 3772 est
1081 3729 1293 3770 merces
1335 3724 1560 3781 nostra;
1608 3714 1752 3789 quod
1779 3730 1902 3772 eum
1929 3714 2085 3771 nobis
2114 3714 2184 3770 ad

575 3825 728 3878 spent
765 3807 957 3864 salutis
1000 3813 1222 3862 internae
1265 3820 1372 3870 non
1405 3820 1574 3872 auro,
1635 3822 1741 3861 non
1772 3814 1997 3876 argento
2020 3848 2036 3874 ,
2087 3805 2183 3862 sed

577 3902 686 3958 ﬁde
714 3908 770 3957 et
795 3898 1086 3956 devotione
1118 3913 1444 3974 mercemur.
1491 3897 1647 3955 Unde
1678 3908 1732 3954 et
1761 3899 1929 3956 David
1963 3900 2032 3956 de
2062 3899 2183 3972 ipso

574 3997 747 4054 dicit:
784 3994 920 4050 Ecce
947 3993 1224 4050 htereditas
1256 3992 1502 4058 Domini,
1557 3993 1656 4064 ﬁlii
1703 4011 1926 4060 merces,
1976 3999 2183 4068 fructus

573 4091 764 4145 ventris
792 4088 912 4161 (Ps.
947 4103 1136 4154 cxxvt,
1166 4089 1246 4159 5).
1295 4089 1360 4144 Et
1391 4088 1602 4161 Moyses
1632 4088 1699 4144 de
1731 4105 1796 4146 eo
1822 4089 1990 4146 dicit:
2040 4089 2184 4146 Mer-

578 4197 660 4236 ces
701 4181 839 4234 circa
874 4196 1015 4234 mare
1050 4180 1453 4236 inhabitantium
1481 4178 1665 4256 (Deut.
1698 4198 1897 4248 χχχιιι,
1931 4182 2039 4253 19).
2083 4183 2183 4239 Hic

581 4284 664 4328 est
693 4273 782 4344 qui
831 4271 1035 4328 bonum
1062 4271 1375 4342 concupivit
1405 4272 1473 4326 ab
1503 4273 1658 4328 initio
1677 4315 1692 4344 ,
1721 4283 1776 4328 et
1806 4274 1952 4346 quod
1981 4276 2184 4330 malum

575 4375 689 4432 est,
740 4363 1054 4420 desiderare
1108 4362 1368 4420 nescivit.
1439 4363 1512 4418 De
1567 4380 1674 4434 quo
1725 4375 1780 4420 et
1830 4366 2019 4420 Esaias
2067 4367 2182 4422 ait:

575 4459 894 4530 Priusquam
925 4459 1053 4512 sciat
1082 4474 1209 4526 puer
1237 4472 1421 4513 vorare
1447 4467 1643 4530 patrem
1667 4469 1758 4514 aut
1787 4470 1998 4516 matrem
2022 4503 2036 4526 ,
2079 4480 2185 4518 non

579 4551 797 4608 credidit
819 4551 1052 4617 malitiae,
1079 4551 1268 4624 eligens
1294 4552 1431 4621 quod
1463 4551 1648 4606 bonum
1674 4563 1749 4622 est
1779 4551 1948 4623 (Esai.
1971 4570 2085 4620 vnI,
2104 4555 2181 4626 ll).

575 4645 862 4718 Requievit
914 4645 1055 4699 inter
1103 4653 1280 4702 sortes
1323 4645 1524 4702 veteris
1563 4654 1619 4702 et
1661 4645 1787 4702 novi
1815 4646 2178 4721 Testameuti,

577 4741 659 4796 vel
714 4741 766 4793 in
815 4736 994 4812 medio
1049 4737 1458 4808 prophetarum.
1511 4737 1745 4812 Ideoque
1788 4740 1930 4796 inter
1957 4741 2178 4815 Moysen

575 4845 632 4904 et
658 4835 835 4894 Etiam
867 4831 1077 4896 medius
1105 4833 1383 4902 apparuit;
1418 4841 1475 4890 ut
1499 4835 1813 4894 ostenderet
1847 4837 2004 4894 nobis
2032 4839 2179 4909 quod

575 4932 630 4988 in
658 4944 846 4996 eorum
873 4926 1222 4984 sermonibus
1253 4929 1494 4998 requiem
1524 4931 1739 4997 habeat,
1775 4947 1874 5006 per
1896 4948 2031 5005 quos
2064 4935 2180 5006 plc-

573 5023 728 5095 rique
759 5021 994 5090 peccatis
1018 5019 1390 5075 renuntiantes
1419 5022 1647 5077 credunt
1676 5025 1726 5078 in
1754 5025 1918 5080 Deum
1953 5028 2135 5082 vivum
2160 5045 2173 5081 :

570 5115 655 5170 vel
683 5112 826 5185 quod
861 5112 961 5181 ipsi
998 5111 1109 5168 sint
1143 5118 1310 5167 testes
1341 5115 1756 5172 resurrectionis
1784 5117 1902 5188 ejus
1923 5160 1938 5185 ,
1965 5129 2020 5175 et
2047 5119 2175 5176 bea-

572 5217 642 5284 ta:
673 5205 892 5278 qttietis.

640 5300 730 5354 51.
765 5296 949 5367 Itaque
977 5305 1036 5352 ut
1063 5297 1131 5352 ad
1163 5297 1578 5354 resurrectionis
1606 5313 1716 5356 sua:
1746 5304 1978 5373 διελύθη
2006 5320 2173 5364 voca.

567 5463 717 5520 inus,
757 5449 1212 5518 quinquagesima
1253 5449 1568 5520 oigesimus:
1611 5458 1672 5505 et
1711 5451 1790 5507 sic
1819 5452 1888 5508 de
1919 5455 2154 5512 czeteris.

563 5519 670 5573 Nos
700 5535 829 5573 vero
856 5520 1186 5575 arbitramur
1211 5519 1459 5576 errarem
1487 5536 1608 5578 esse
1637 5522 1693 5578 iu
1720 5532 1830 5579 ant.
1868 5525 1998 5580 edit.
2031 5543 2158 5584 cum

561 5589 614 5643 in
662 5591 916 5646 omnibus
956 5606 1091 5647 mss.
1125 5591 1326 5647 litteris
1368 5593 1664 5650 numericis
1701 5595 1772 5650 ita
1813 5596 2158 5668 designetur,

567 5676 712 5715 vatt
761 5679 842 5732 ps.

631 5742 681 5806 ﬂ_
708 5733 833 5786 Mss.
881 5750 986 5791 non
1032 5736 1207 5804 pauci.
1265 5747 1474 5806 peccata
1520 5739 1700 5794 allevet
1746 5741 2031 5802 nationum.
2091 5744 2162 5800 Et
2255 5777 2258 5780 ~

560 5802 720 5872 paulo
753 5813 871 5872 post
896 5806 987 5860 ubi
1018 5802 1208 5864 omnes
1237 5802 1366 5863 mss.
1387 5824 1450 5864 ac
1477 5819 1586 5866 vet.
1614 5811 1770 5877 edit.,
1789 5814 1930 5882 ﬁlius
1943 5813 2158 5884 Charm;

2303 507 2424 557 qna:
2454 489 2657 546 fructus
2685 499 2910 561 generat
2933 499 3167 547 aeternos
3189 534 3203 557 ,
3250 492 3459 546 fructus
3491 489 3820 545 centesimas
3845 499 3889 546 et

2304 582 2720 653 sexagesimos),
2752 582 3293 653 subjecitbumerum
3341 599 3502 640 suum
3543 581 3613 636 ad
3654 583 3888 638 laboran-

2304 675 2453 741 dum,
2479 675 2771 746 subjiciens
2794 693 2853 732 se
2881 679 3051 746 cruci,
3077 689 3134 732 ut
3161 689 3348 735 nostra
3381 687 3604 750 peccata
3641 687 3886 746 portaret.

2303 769 2537 842 Ideoque
2583 770 2717 827 dicit
2760 771 3032 844 Propheta
3078 791 3090 826 :
3160 773 3322 844 Cujus
3378 774 3702 844 principium
3754 790 3889 844 super

2305 866 2572 919 humerum
2602 866 2714 936 ejus
2742 865 2912 937 (Esai.
2946 882 3021 931 Ix,
3054 866 3146 938 6),
3180 868 3283 923 hoc
3311 876 3424 934 est,
3458 881 3631 938 super
3660 866 3887 935 corporis

2305 960 2610 1030 passionem
2639 959 2938 1016 divinitatis
2969 970 3207 1032 potestas
3234 1003 3248 1026 ,
3301 962 3388 1017 vel
3418 977 3552 1017 crux
3600 959 3887 1030 superemi-

2265 1089 2270 1104 .
2303 1068 2439 1109 nens
2460 1054 2695 1124 corpori.
2729 1054 2912 1108 Posuit
2930 1070 3057 1126 ergo
3077 1055 3358 1111 humerum
3381 1055 3708 1110 incumbens
3726 1064 3884 1109 aratro

2302 1148 2553 1202 omnibus
2583 1148 2879 1203 subeundis
2904 1150 3243 1205 contumeliis
3272 1150 3506 1220 patiens,
3533 1149 3607 1204 ita
3629 1149 3883 1218 subjectus

2303 1240 2510 1308 labori,
2553 1251 2609 1296 ut
2643 1242 3014 1298 vulneraretur
3056 1254 3277 1314 propter
3317 1245 3637 1314 iniquitates
3668 1253 3880 1309 nostras,

2302 1344 2358 1389 et
2388 1333 2753 1390 inlirmaretur
2781 1345 3002 1407 propter
3032 1347 3249 1407 peccata
3289 1347 3494 1392 nostra.
3548 1335 3616 1391 Et
3648 1338 3806 1405 {actus
3822 1345 3881 1390 est

2300 1427 2380 1480 vir
2405 1427 2635 1500 agricola
2655 1470 2669 1493 ,
2703 1429 2883 1484 sciens
2911 1440 3110 1486 terram
3139 1446 3288 1487 suam
3321 1432 3466 1487 bono
3493 1431 3768 1488 seminare
3791 1431 3878 1486 fru-

2302 1529 2510 1584 mento,
2542 1530 2596 1576 et
2628 1521 2933 1579 fructiferas
2959 1525 3184 1581 arbores
3213 1527 3321 1582 alta
3354 1525 3539 1582 radice
3574 1526 3826 1597 plantare.

2909 1638 3139 1698 CAPUT
3178 1640 3293 1696 VII.

2301 1729 2380 1788 De
2405 1732 2756 1790 benedictione
2782 1733 2932 1800 Dan,
2970 1752 3086 1804 qua:
3115 1739 3347 1807 futurum
3378 1753 3447 1792 ea:
3471 1753 3533 1791 ea
3563 1736 3725 1792 Tribu
3753 1738 3873 1791 Anti-

2364 1829 2612 1884 christnm
2643 1831 2976 1902 pra’nuntiat.
3021 1830 3332 1886 Exhortatio
3372 1833 3443 1888 ad
3484 1833 3730 1886 vitiorum
3763 1849 3874 1886 som-

2339 1921 2494 1976 ‘num
2542 1924 2900 1978 excutiendum
2955 1924 3336 1998 subjungitur;
3408 1937 3684 1996 postquam
3727 1927 3875 1980 eadm

2375 2015 2559 2071 Tribus
2590 2017 2892 2088 pra’dicitur
2930 2019 3000 2072 ad
3022 2018 3181 2088 ﬁdem
3210 2036 3504 2075 accessura.

2367 2135 2457 2190 '52.
2503 2135 2618 2189 Dan
2649 2135 2911 2208 judicubit
2938 2137 3191 2208 populum
3219 2153 3375 2192 suum
3414 2147 3680 2209 tamquam
3718 2148 3762 2193 et
3790 2155 3874 2191 una

2296 2225 2484 2282 Tribus
2516 2226 2703 2286 Israel.
2746 2228 2816 2282 Et
2847 2232 3016 2302 factus
3041 2241 3115 2286 est
3147 2230 3262 2286 Dan
3285 2231 3389 2302 ipsi
3413 2248 3628 2305 serpens
3657 2232 3808 2308 533
3833 2233 3872 2284 in

2293 2321 2378 2375 via
2417 2320 2627 2388 sedens,
2656 2330 2702 2378 et
2743 2322 2798 2376 in
2827 2323 3008 2378 semita
3045 2323 3284 2378 mordens
3325 2323 3629 2380 calcaneum
3655 2325 3799 2394 equi,
3837 2332 3872 2378 et

2293 2414 2441 2470 cadet
2471 2431 2621 2487 eques
2651 2426 2964 2484 retrorsum,
3010 2417 3227 2472 salutem
3268 2428 3573 2490 exspectans
3612 2436 3645 2476 a
3678 2419 3871 2473 Domina

2294 2505 2453 2577 (Gen.
2486 2522 2610 2562 xu:
2632 2551 2648 2578 ,
2693 2509 2760 2564 l6
2785 2520 2831 2564 et
2857 2508 3014 2580 seq.).
3057 2510 3297 2582 Simplex
3328 2512 3549 2583 quidem
3589 2511 3871 2570 intellectus

2294 2597 2398 2654 hoc
2429 2598 2630 2665 habet,
2681 2602 2823 2674 quod
2855 2603 3019 2658 etiam
3048 2603 3161 2660 Dan
3191 2603 3388 2660 Tribus
3413 2605 3656 2676 judiccm
3685 2605 3871 2661 dederit

2293 2691 2348 2747 in
2377 2692 2564 2750 Israel.
2635 2694 2846 2756 Etenim
2883 2705 3004 2767 post
3033 2695 3219 2754 Jesum
3249 2697 3397 2756 Nave
3417 2697 3648 2768 ,ludices
3679 2700 3870 2755 luerunt

2293 2785 2468 2860 plebis
2495 2786 2561 2841 de
2589 2786 2821 2844 diversis
2849 2788 3142 2844 Tribubns.
3184 2789 3309 2846 Fuit
3347 2800 3532 2847 autem
3578 2803 3633 2847 et
3665 2792 3870 2847 Samson

2293 2878 2363 2935 de
2395 2879 2558 2934 Tribu
2593 2880 2727 2950 Dan,
2759 2892 2814 2937 et
2845 2881 3113 2954 judicavit
3145 2884 3306 2940 Israel
3335 2885 3530 2957 viginti
3563 2888 3745 2942 annis.
3781 2873 3892 2942 Sed

2294 2988 2403 3028 non
2441 2973 2586 3030 hunc
2617 2975 2899 3048 prepbetia
2942 2979 3250 3050 significat,
3295 2989 3351 3035 at
3381 2979 3772 3037 Antichristum
3796 2979 3869 3052 qui

2294 3066 2508 3128 futurus
2536 3077 2620 3124 est
2644 3085 2714 3124 ex
2747 3070 2915 3128 Tribu
2944 3071 3078 3142 Dan,
3113 3087 3288 3130 szevns
3313 3073 3481 3144 jndex
3502 3116 3518 3142 ,
3547 3084 3602 3138 et
3633 3084 3867 3146 tyrannus

2293 3161 2569 3230 immanis,
2590 3163 2850 3235 judicabit
2877 3166 3128 3236 populum
3157 3183 3329 3232 suum.
3376 3166 3659 3238 Tamquam
3683 3183 3867 3238 serpens

2290 3251 2346 3324 in
2390 3253 2511 3328 via,
2563 3254 2747 3311 sedens
2787 3255 2842 3310 in
2887 3258 3109 3326 semita,
3154 3257 3392 3330 dejicere
3423 3261 3770 3326 tentabitens
3793 3257 3865 3328 qui

2291 3346 2431 3401 viam
2475 3347 2757 3402 ambulant
2789 3352 3032 3416 veritatis
3054 3392 3069 3419 ,
3113 3353 3463 3425 supplantare
3490 3354 3718 3424 cupiens
3744 3352 3864 3408 veri-

2290 3450 2481 3498 tatem.
2525 3443 2639 3498 Hoc
2668 3451 2753 3500 est
2781 3446 2925 3501 enim
2971 3445 3228 3502 mordere
3265 3447 3392 3518 equi
3437 3449 3783 3516 calcaneum,
3819 3455 3866 3502 ut

2291 3537 2486 3593 veneni
2520 3537 2818 3596 sull‘usione
2840 3557 3012 3610 equus
3041 3542 3280 3611 saucius,
3305 3552 3360 3600 et
3388 3545 3707 3600 vulneratus
3730 3543 3866 3608 dente

2291 3632 2564 3702 serpentis
2585 3675 2600 3699 ,
2645 3632 2790 3688 levet
2813 3634 3130 3694 calcaneum
3163 3651 3360 3706 suum;
3404 3637 3546 3707 sicut
3574 3635 3738 3704 indas
3766 3649 3865 3706 pro-

2291 3722 2439 3780 ditor
2488 3734 2725 3782 tentatus
2765 3743 2796 3786 a
2824 3728 3041 3785 diabolo
3085 3745 3250 3800 super
3281 3731 3567 3794 Dominum
3595 3730 3772 3802 Jcsum
3802 3729 3865 3784 le-

2292 3818 2437 3872 vavit
2463 3819 2778 3877 calcaneum
2807 3837 2961 3878 suum
2987 3864 3003 3891 ,
3035 3834 3092 3878 ut
3121 3823 3381 3895 dejiceret
3407 3823 3685 3895 equitem,
3713 3823 3865 3894 quise

2293 3911 2494 3984 dejecit
2525 3924 2582 3970 ut
2603 3930 2792 3972 omnes
2823 3918 3048 3975 levaret.
3079 3919 3288 3984 Cecidit
3321 3921 3484 3992 igitur
3513 3937 3619 3978 non
3655 3932 3865 3992 prostra-

2296 4011 2384 4062 tus
2414 4005 2466 4061 in
2501 4006 2693 4066 faciem
2726 4012 2880 4081 quasi
2909 4012 3208 4070 dormitans
3229 4055 3242 4076 .
3276 4013 3373 4071 sed
3404 4024 3705 4082 retrorsum
3726 4057 3740 4083 ,
3771 4024 3820 4080 ut
3841 4027 3864 4066 ι

2295 4100 2668 4172 superioribus
2695 4103 2761 4158 ad
2793 4106 2969 4175 priora
3001 4121 3062 4163 se
3091 4107 3394 4166 extendens
3417 4151 3432 4178 ,
3467 4125 3500 4166 a
3540 4109 3765 4170 Domino
3788 4125 3864 4168 ex-

2297 4203 2568 4264 spectaret
2598 4198 2849 4252 salutem.
2895 4199 3112 4256 Sciebat
3139 4202 3284 4264 enim
3314 4203 3386 4274 ise
3428 4204 3862 4270 resuscitandum,

2295 4294 2351 4340 et
2382 4286 2504 4342 ideo
2541 4288 2810 4360 jacentem
2842 4292 3012 4350 Adam
3045 4297 3396 4367 exspectabat
3419 4298 3659 4370 erigere.

2367 4378 2458 4434 55.
2503 4378 2656 4438 Unde
2685 4399 2787 4439 nos
2815 4399 2937 4441 cum
2967 4386 3106 4444 bene
3137 4389 3188 4446 in
3220 4388 3304 4443 via
3333 4389 3644 4460 currimus,
3693 4405 3864 4448 cavea-

2297 4485 2420 4526 mus
2467 4475 2662 4529 necubi
2705 4492 2932 4549 serpens
2985 4480 3149 4538 lateat
3193 4482 3247 4538 in
3292 4485 3522 4554 semita,
3567 4497 3626 4543 et
3668 4487 3867 4544 subruat

2297 4564 2583 4636 vestigium
2611 4571 2759 4642 equi,
2791 4569 2894 4627 hoc
2925 4581 3042 4641 est,
3071 4576 3320 4646 corporis
3351 4579 3556 4646 nostri,
3585 4589 3642 4635 et
3669 4578 3866 4650 dejiciat

2297 4658 2479 4716 subito
2510 4666 2746 4734 equitem
2778 4664 3160 4724 dormientem.
3215 4669 3349 4726 Nam
3379 4673 3426 4728 si
3452 4674 3765 4744 vigilemus,
3792 4688 3867 4728 ca-

2295 4765 2424 4808 vere
2454 4752 2715 4814 debemus
2745 4757 3115 4831 aliquatenus,
3143 4771 3200 4816 et
3228 4777 3443 4821 morsus
3469 4765 3748 4824 declinare
3769 4781 3870 4822 ser-

2296 4845 2493 4915 pentis.
2539 4847 2651 4903 Non
2685 4864 2816 4922 ergo
2843 4866 2942 4908 nos
2969 4856 3244 4926 opprimat
3275 4873 3500 4917 somnus
3528 4864 3866 4935 negligentia,

2293 4951 2519 4996 somnus
2564 4943 2746 4998 smculi
2771 4985 2788 5010 ,
2839 4959 2945 5000 non
2977 4950 3248 5020 opprimat
3280 4950 3590 5010 divitiarum
3628 4970 3869 5021 somnus;

2295 5043 2363 5083 ne
2393 5039 2445 5084 et
2476 5030 2541 5084 de
2573 5033 2728 5088 nobis
2756 5034 2968 5090 dicatur
2993 5056 3005 5091 :
3043 5038 3442 5099 Obdormierunt
3471 5061 3714 5103 somnum
3739 5063 3870 5102 suum

2293 5132 2342 5175 et
2371 5124 2504 5178 nihil
2533 5126 2830 5182 invenerunt
2861 5147 3035 5186 omnes
3061 5135 3159 5189 viri
3187 5137 3480 5195 divitiarum
3506 5141 3676 5216 (Psal.
3713 5159 3866 5212 Lxxv,

2292 5214 2370 5285 6).
2414 5217 2520 5272 Sed
2552 5230 2677 5274 sunt
2706 5231 2761 5275 et
2787 5223 3000 5293 equites
3030 5225 3396 5301 dormientes,
3428 5235 3496 5290 de
3515 5214 3721 5306 quibus
3746 5239 3867 5294 scri-

2293 5319 2442 5380 ptum
2497 5322 2580 5368 cst
2628 5331 2641 5368 :
2712 5313 3130 5377 Dormitaverunt
3185 5325 3275 5394 qui
3336 5329 3680 5385 ascenderunt
3731 5347 3868 5403 equos

2281 5459 2441 5550 Rom.
2473 5465 2803 5550 clmeitdavit,
2828 5471 3126 5550 Biltliorum
3161 5481 3494 5550 auctoritate
3515 5523 3531 5547 ,
3582 5485 3725 5550 [ilius
3751 5483 3874 5540 Cha-

2279 5549 2442 5623 :t‘aan.
2489 5535 2606 5623 βα]
2659 5543 2835 5623 potuit
2876 5547 3170 5623 exemplari
3218 5550 3271 5604 in
3303 5567 3410 5622 quo
3451 5535 3869 5623 pater—aediles

2277 5603 2787 5696 (‘I‘hamdieereiitnr
2811 5603 3128 5696 Ambrosius
3155 5603 3872 5696 un,in

2279 5689 2633 5762 est,nerrare
2663 5683 2873 5738 calamo
2904 5688 3177 5746 librarius.

2517 5767 2658 5842 gmss.
2687 5769 2880 5842 Otones
2905 5771 3019 5842 ;_'at
3043 5775 3245 5842 contra
3256 5765 3386 5822 edit.
3401 5767 3737 5842 LScopulum
3763 5775 3870 5828 vita:

2279 5819 2438 5893 hujus
2466 5823 2653 5880 itinera
2689 5829 2848 5898 possit
2871 5819 3064 5903 ;'Vet.,
3093 5819 3868 5912 incedere'nﬁﬁfﬁggdgz
