  <div class='ocr_page' id='page_1' title='image "/cluster/home/n/w/nwhite01/storage/ocr_20150623/14/hvd.32044015471303/348.png"; bbox 0 0 4066 6360; ppageno 0'>
   <div class='ocr_carea' id='block_1_1' title="bbox 195 336 297 394">
    <p class='ocr_par' dir='ltr' id='par_1_1' title="bbox 195 336 297 394">
     <span class='ocr_line' id='line_1_1' title="bbox 195 336 297 394; baseline 0 -1"><span class='ocrx_word' id='word_1_1' title='bbox 195 336 297 394; x_wconf 74' lang='lat'><strong>635</strong></span> 
     </span>
    </p>
   </div>
   <div class='ocr_carea' id='block_1_2' title="bbox 906 340 2768 408">
    <p class='ocr_par' dir='ltr' id='par_1_2' title="bbox 906 340 2768 408">
     <span class='ocr_line' id='line_1_2' title="bbox 906 340 2768 408; baseline 0.001 -5"><span class='ocrx_word' id='word_1_2' title='bbox 906 341 998 404; x_wconf 87' lang='lat' dir='ltr'><strong>DE</strong></span> <span class='ocrx_word' id='word_1_3' title='bbox 1038 340 1652 404; x_wconf 82' lang='lat' dir='ltr'><strong>BENEDICTIONIBUS</strong></span> <span class='ocrx_word' id='word_1_4' title='bbox 1689 341 2282 405; x_wconf 80' lang='lat' dir='ltr'><strong>PATRIARCHARUM</strong></span> <span class='ocrx_word' id='word_1_5' title='bbox 2324 344 2525 405; x_wconf 74' lang='lat' dir='ltr'><strong>LIBER</strong></span> <span class='ocrx_word' id='word_1_6' title='bbox 2566 347 2768 408; x_wconf 84' lang='lat' dir='ltr'><strong>UNUS.</strong></span> 
     </span>
    </p>
   </div>
   <div class='ocr_carea' id='block_1_3' title="bbox 3385 349 3489 404">
    <p class='ocr_par' dir='ltr' id='par_1_3' title="bbox 3385 349 3489 404">
     <span class='ocr_line' id='line_1_3' title="bbox 3385 349 3489 404; baseline 0 0"><span class='ocrx_word' id='word_1_7' title='bbox 3385 349 3489 404; x_wconf 82' lang='lat'><strong>686</strong></span> 
     </span>
    </p>
   </div>
   <div class='ocr_carea' id='block_1_4' title="bbox 195 454 3485 534">
    <p class='ocr_par' dir='ltr' id='par_1_4' title="bbox 195 454 3485 534">
     <span class='ocr_line' id='line_1_4' title="bbox 195 454 3485 534; baseline 0.001 -21"><span class='ocrx_word' id='word_1_8' title='bbox 195 458 386 529; x_wconf 68' lang='lat' dir='ltr'><strong>(Ibid,</strong></span> <span class='ocrx_word' id='word_1_9' title='bbox 416 459 496 534; x_wconf 87' lang='lat'><strong>7).</strong></span> <span class='ocrx_word' id='word_1_10' title='bbox 558 459 614 518; x_wconf 89' lang='lat' dir='ltr'><strong>Si</strong></span> <span class='ocrx_word' id='word_1_11' title='bbox 643 460 868 518; x_wconf 87' lang='lat' dir='ltr'><strong>avaritia</strong></span> <span class='ocrx_word' id='word_1_12' title='bbox 913 470 1098 532; x_wconf 81' lang='lat' dir='ltr'><strong>pectus</strong></span> <span class='ocrx_word' id='word_1_13' title='bbox 1128 469 1273 515; x_wconf 89' lang='lat' dir='ltr'><strong>tuum</strong></span> <span class='ocrx_word' id='word_1_14' title='bbox 1307 457 1585 523; x_wconf 84' lang='lat' dir='ltr'><strong>vulneret,</strong></span> <span class='ocrx_word' id='word_1_15' title='bbox 1637 456 1682 513; x_wconf 97' lang='lat' dir='ltr'><strong>si</strong></span> <span class='ocrx_word' id='word_1_16' title='bbox 1721 455 1787 510; x_wconf 91' lang='lat' dir='ltr'><strong>li-</strong></span> <span class='ocrx_word' id='word_1_17' title='bbox 1813 454 2059 522; x_wconf 73' lang='lat' dir='ltr'><strong>AJacob</strong></span> <span class='ocrx_word' id='word_1_18' title='bbox 2106 457 2276 512; x_wconf 90' lang='lat' dir='ltr'><strong>sancti</strong></span> <span class='ocrx_word' id='word_1_19' title='bbox 2316 471 2440 514; x_wconf 83' lang='lat' dir='ltr'><strong>esse</strong></span> <span class='ocrx_word' id='word_1_20' title='bbox 2480 457 2548 514; x_wconf 91' lang='lat' dir='ltr'><strong>de</strong></span> <span class='ocrx_word' id='word_1_21' title='bbox 2579 457 2815 514; x_wconf 82' lang='lat' dir='ltr'><strong>Christo.</strong></span> <span class='ocrx_word' id='word_1_22' title='bbox 2874 455 2966 515; x_wconf 89' lang='lat' dir='ltr'><strong>Sic</strong></span> <span class='ocrx_word' id='word_1_23' title='bbox 2992 459 3135 514; x_wconf 88' lang='lat' dir='ltr'><strong>enim</strong></span> <span class='ocrx_word' id='word_1_24' title='bbox 3174 459 3284 516; x_wconf 91' lang='lat' dir='ltr'><strong>ait:</strong></span> <span class='ocrx_word' id='word_1_25' title='bbox 3322 460 3485 516; x_wconf 87' lang='lat' dir='ltr'><strong>Bene-</strong></span> 
     </span>
    </p>
   </div>
   <div class='ocr_carea' id='block_1_5' title="bbox 196 551 1785 626">
    <p class='ocr_par' dir='ltr' id='par_1_5' title="bbox 196 551 1785 626">
     <span class='ocr_line' id='line_1_5' title="bbox 196 551 1785 626; baseline -0.004 -18"><span class='ocrx_word' id='word_1_26' title='bbox 196 552 325 610; x_wconf 90' lang='lat' dir='ltr'><strong>bido</strong></span> <span class='ocrx_word' id='word_1_27' title='bbox 352 554 682 624; x_wconf 86' lang='lat' dir='ltr'><strong>inﬂammet,</strong></span> <span class='ocrx_word' id='word_1_28' title='bbox 714 553 914 611; x_wconf 90' lang='lat' dir='ltr'><strong>dormis</strong></span> <span class='ocrx_word' id='word_1_29' title='bbox 940 569 1127 626; x_wconf 93' lang='lat' dir='ltr'><strong>eques,</strong></span> <span class='ocrx_word' id='word_1_30' title='bbox 1155 563 1209 609; x_wconf 91' lang='lat' dir='ltr'><strong>et</strong></span> <span class='ocrx_word' id='word_1_31' title='bbox 1236 551 1357 608; x_wconf 91' lang='lat' dir='ltr'><strong>ideo</strong></span> <span class='ocrx_word' id='word_1_32' title='bbox 1385 565 1584 621; x_wconf 84' lang='lat' dir='ltr'><strong>corpus</strong></span> <span class='ocrx_word' id='word_1_33' title='bbox 1615 556 1785 614; x_wconf 91' lang='lat' dir='ltr'><strong>tuum,</strong></span> 
     </span>
    </p>
   </div>
   <div class='ocr_carea' id='block_1_6' title="bbox 200 640 1792 723">
    <p class='ocr_par' dir='ltr' id='par_1_6' title="bbox 200 640 1792 723">
     <span class='ocr_line' id='line_1_6' title="bbox 200 640 1792 723; baseline -0.003 -24"><span class='ocrx_word' id='word_1_34' title='bbox 200 645 304 702; x_wconf 89' lang='lat' dir='ltr'><strong>hoc</strong></span> <span class='ocrx_word' id='word_1_35' title='bbox 334 656 418 702; x_wconf 89' lang='lat' dir='ltr'><strong>est</strong></span> <span class='ocrx_word' id='word_1_36' title='bbox 445 689 482 723; x_wconf 60' lang='grc' dir='ltr'><strong>η</strong></span> <span class='ocrx_word' id='word_1_37' title='bbox 510 664 707 719; x_wconf 88' lang='lat' dir='ltr'><strong>equum</strong></span> <span class='ocrx_word' id='word_1_38' title='bbox 749 657 899 703; x_wconf 90' lang='lat' dir='ltr'><strong>tuum</strong></span> <span class='ocrx_word' id='word_1_39' title='bbox 940 662 1045 703; x_wconf 91' lang='lat' dir='ltr'><strong>non</strong></span> <span class='ocrx_word' id='word_1_40' title='bbox 1085 655 1236 718; x_wconf 90' lang='lat' dir='ltr'><strong>potes</strong></span> <span class='ocrx_word' id='word_1_41' title='bbox 1274 644 1574 700; x_wconf 83' lang='lat' dir='ltr'><strong>refrenare.</strong></span> <span class='ocrx_word' id='word_1_42' title='bbox 1620 640 1792 712; x_wconf 84' lang='lat' dir='ltr'><strong>Vigila</strong></span> 
     </span>
    </p>
   </div>
   <div class='ocr_carea' id='block_1_7' title="bbox 199 738 1793 810">
    <p class='ocr_par' dir='ltr' id='par_1_7' title="bbox 199 738 1793 810">
     <span class='ocr_line' id='line_1_7' title="bbox 199 738 1793 810; baseline -0.005 -15"><span class='ocrx_word' id='word_1_43' title='bbox 199 755 364 808; x_wconf 84' lang='lat' dir='ltr'><strong>ergo,</strong></span> <span class='ocrx_word' id='word_1_44' title='bbox 412 750 468 795; x_wconf 89' lang='lat' dir='ltr'><strong>ut</strong></span> <span class='ocrx_word' id='word_1_45' title='bbox 495 742 654 795; x_wconf 91' lang='lat' dir='ltr'><strong>etiam</strong></span> <span class='ocrx_word' id='word_1_46' title='bbox 686 741 730 796; x_wconf 90' lang='lat' dir='ltr'><strong>si</strong></span> <span class='ocrx_word' id='word_1_47' title='bbox 760 741 1001 810; x_wconf 87' lang='lat' dir='ltr'><strong>dejectns</strong></span> <span class='ocrx_word' id='word_1_48' title='bbox 1028 739 1192 796; x_wconf 88' lang='lat' dir='ltr'><strong>fueris</strong></span> <span class='ocrx_word' id='word_1_49' title='bbox 1213 780 1228 806; x_wconf 93' lang='lat'><strong>,</strong></span> <span class='ocrx_word' id='word_1_50' title='bbox 1274 738 1374 792; x_wconf 95' lang='lat' dir='ltr'><strong>hoc</strong></span> <span class='ocrx_word' id='word_1_51' title='bbox 1401 745 1513 799; x_wconf 89' lang='lat' dir='ltr'><strong>est,</strong></span> <span class='ocrx_word' id='word_1_52' title='bbox 1547 743 1793 790; x_wconf 86' lang='lat' dir='ltr'><strong>mortuus</strong></span> 
     </span>
    </p>
   </div>
   <div class='ocr_carea' id='block_1_8' title="bbox 201 829 1794 903">
    <p class='ocr_par' dir='ltr' id='par_1_8' title="bbox 201 829 1794 903">
     <span class='ocr_line' id='line_1_8' title="bbox 201 829 1794 903; baseline -0.006 -15"><span class='ocrx_word' id='word_1_53' title='bbox 201 833 368 888; x_wconf 89' lang='lat' dir='ltr'><strong>fueris</strong></span> <span class='ocrx_word' id='word_1_54' title='bbox 393 875 408 900; x_wconf 87' lang='lat'><strong>,</strong></span> <span class='ocrx_word' id='word_1_55' title='bbox 454 851 560 890; x_wconf 91' lang='lat' dir='ltr'><strong>non</strong></span> <span class='ocrx_word' id='word_1_56' title='bbox 589 834 917 889; x_wconf 83' lang='lat' dir='ltr'><strong>obdormias.</strong></span> <span class='ocrx_word' id='word_1_57' title='bbox 959 834 1062 903; x_wconf 86' lang='lat' dir='ltr'><strong>Qui</strong></span> <span class='ocrx_word' id='word_1_58' title='bbox 1091 833 1236 888; x_wconf 90' lang='lat' dir='ltr'><strong>enim</strong></span> <span class='ocrx_word' id='word_1_59' title='bbox 1267 829 1619 886; x_wconf 90' lang='lat' dir='ltr'><strong>obdormiunt</strong></span> <span class='ocrx_word' id='word_1_60' title='bbox 1645 842 1794 884; x_wconf 84' lang='lat' dir='ltr'><strong>sont-</strong></span> 
     </span>
    </p>
   </div>
   <div class='ocr_carea' id='block_1_9' title="bbox 203 925 1790 994">
    <p class='ocr_par' dir='ltr' id='par_1_9' title="bbox 203 925 1790 994">
     <span class='ocr_line' id='line_1_9' title="bbox 203 925 1790 994; baseline -0.004 -13"><span class='ocrx_word' id='word_1_61' title='bbox 203 944 331 981; x_wconf 88' lang='lat' dir='ltr'><strong>num</strong></span> <span class='ocrx_word' id='word_1_62' title='bbox 364 943 558 994; x_wconf 91' lang='lat' dir='ltr'><strong>suum,</strong></span> <span class='ocrx_word' id='word_1_63' title='bbox 597 927 728 982; x_wconf 85' lang='lat' dir='ltr'><strong>nihil</strong></span> <span class='ocrx_word' id='word_1_64' title='bbox 757 928 1056 984; x_wconf 89' lang='lat' dir='ltr'><strong>inveniunt.</strong></span> <span class='ocrx_word' id='word_1_65' title='bbox 1099 925 1181 981; x_wconf 88' lang='lat' dir='ltr'><strong>Tu</strong></span> <span class='ocrx_word' id='word_1_66' title='bbox 1208 936 1388 980; x_wconf 90' lang='lat' dir='ltr'><strong>autem</strong></span> <span class='ocrx_word' id='word_1_67' title='bbox 1416 932 1671 994; x_wconf 83' lang='lat' dir='ltr'><strong>exspecta</strong></span> <span class='ocrx_word' id='word_1_68' title='bbox 1705 935 1790 976; x_wconf 85' lang='lat' dir='ltr'><strong>sa-</strong></span> 
     </span>
    </p>
   </div>
   <div class='ocr_carea' id='block_1_10' title="bbox 203 1015 1794 1090">
    <p class='ocr_par' dir='ltr' id='par_1_10' title="bbox 203 1015 1794 1090">
     <span class='ocr_line' id='line_1_10' title="bbox 203 1015 1794 1090; baseline -0.004 -15"><span class='ocrx_word' id='word_1_69' title='bbox 203 1021 371 1076; x_wconf 83' lang='lat' dir='ltr'><strong>lutent</strong></span> <span class='ocrx_word' id='word_1_70' title='bbox 417 1037 448 1077; x_wconf 89' lang='lat' dir='ltr'><strong>a</strong></span> <span class='ocrx_word' id='word_1_71' title='bbox 499 1022 769 1089; x_wconf 85' lang='lat' dir='ltr'><strong>Domino,</strong></span> <span class='ocrx_word' id='word_1_72' title='bbox 821 1031 1101 1076; x_wconf 84' lang='lat' dir='ltr'><strong>venturam</strong></span> <span class='ocrx_word' id='word_1_73' title='bbox 1149 1018 1398 1090; x_wconf 75' lang='lat' dir='ltr'><strong>respice,</strong></span> <span class='ocrx_word' id='word_1_74' title='bbox 1466 1026 1526 1072; x_wconf 92' lang='lat' dir='ltr'><strong>ut</strong></span> <span class='ocrx_word' id='word_1_75' title='bbox 1566 1015 1794 1090; x_wconf 87' lang='lat' dir='ltr'><strong>gratiam</strong></span> 
     </span>
    </p>
   </div>
   <div class='ocr_carea' id='block_1_11' title="bbox 203 1107 1796 1179">
    <p class='ocr_par' dir='ltr' id='par_1_11' title="bbox 203 1107 1796 1179">
     <span class='ocr_line' id='line_1_11' title="bbox 203 1107 1796 1179; baseline -0.003 -12"><span class='ocrx_word' id='word_1_76' title='bbox 203 1113 619 1169; x_wconf 82' lang='lat' dir='ltr'><strong>resurrectionis</strong></span> <span class='ocrx_word' id='word_1_77' title='bbox 651 1114 914 1169; x_wconf 87' lang='lat' dir='ltr'><strong>invenias.</strong></span> <span class='ocrx_word' id='word_1_78' title='bbox 960 1112 1273 1167; x_wconf 90' lang='lat' dir='ltr'><strong>Dormiebat</strong></span> <span class='ocrx_word' id='word_1_79' title='bbox 1298 1110 1466 1166; x_wconf 76' lang='lat' dir='ltr'><strong>Iudas</strong></span> <span class='ocrx_word' id='word_1_80' title='bbox 1502 1128 1515 1164; x_wconf 91' lang='lat'><strong>:</strong></span> <span class='ocrx_word' id='word_1_81' title='bbox 1562 1107 1796 1179; x_wconf 88' lang='lat' dir='ltr'><strong>denique</strong></span> 
     </span>
    </p>
   </div>
   <div class='ocr_carea' id='block_1_12' title="bbox 205 1201 1797 1266">
    <p class='ocr_par' dir='ltr' id='par_1_12' title="bbox 205 1201 1797 1266">
     <span class='ocr_line' id='line_1_12' title="bbox 205 1201 1797 1266; baseline -0.003 -5"><span class='ocrx_word' id='word_1_82' title='bbox 205 1209 366 1264; x_wconf 89' lang='lat' dir='ltr'><strong>verba</strong></span> <span class='ocrx_word' id='word_1_83' title='bbox 407 1206 608 1262; x_wconf 83' lang='lat' dir='ltr'><strong>Christi</strong></span> <span class='ocrx_word' id='word_1_84' title='bbox 656 1223 762 1261; x_wconf 89' lang='lat' dir='ltr'><strong>non</strong></span> <span class='ocrx_word' id='word_1_85' title='bbox 811 1207 1084 1262; x_wconf 88' lang='lat' dir='ltr'><strong>audiebat.</strong></span> <span class='ocrx_word' id='word_1_86' title='bbox 1139 1205 1452 1260; x_wconf 85' lang='lat' dir='ltr'><strong>Dormiebat</strong></span> <span class='ocrx_word' id='word_1_87' title='bbox 1497 1201 1696 1266; x_wconf 85' lang='lat' dir='ltr'><strong>Judas,</strong></span> <span class='ocrx_word' id='word_1_88' title='bbox 1743 1209 1797 1258; x_wconf 91' lang='lat' dir='ltr'><strong>et</strong></span> 
     </span>
    </p>
   </div>
   <div class='ocr_carea' id='block_1_13' title="bbox 201 1294 1795 1371">
    <p class='ocr_par' dir='ltr' id='par_1_13' title="bbox 201 1294 1795 1371">
     <span class='ocr_line' id='line_1_13' title="bbox 201 1294 1795 1371; baseline -0.003 -18"><span class='ocrx_word' id='word_1_89' title='bbox 201 1299 420 1371; x_wconf 86' lang='lat' dir='ltr'><strong>quidem</strong></span> <span class='ocrx_word' id='word_1_90' title='bbox 453 1314 704 1353; x_wconf 87' lang='lat' dir='ltr'><strong>somnum</strong></span> <span class='ocrx_word' id='word_1_91' title='bbox 736 1298 1042 1354; x_wconf 83' lang='lat' dir='ltr'><strong>divitiarum</strong></span> <span class='ocrx_word' id='word_1_92' title='bbox 1069 1339 1083 1364; x_wconf 93' lang='lat'><strong>,</strong></span> <span class='ocrx_word' id='word_1_93' title='bbox 1114 1298 1203 1367; x_wconf 85' lang='lat' dir='ltr'><strong>qui</strong></span> <span class='ocrx_word' id='word_1_94' title='bbox 1237 1297 1545 1352; x_wconf 89' lang='lat' dir='ltr'><strong>mercedem</strong></span> <span class='ocrx_word' id='word_1_95' title='bbox 1571 1294 1640 1350; x_wconf 90' lang='lat' dir='ltr'><strong>de</strong></span> <span class='ocrx_word' id='word_1_96' title='bbox 1670 1309 1795 1364; x_wconf 85' lang='lat' dir='ltr'><strong>pro-</strong></span> 
     </span>
    </p>
   </div>
   <div class='ocr_carea' id='block_1_14' title="bbox 202 1387 1796 1465">
    <p class='ocr_par' dir='ltr' id='par_1_14' title="bbox 202 1387 1796 1465">
     <span class='ocr_line' id='line_1_14' title="bbox 202 1387 1796 1465; baseline -0.005 -16"><span class='ocrx_word' id='word_1_97' title='bbox 202 1393 408 1450; x_wconf 91' lang='lat' dir='ltr'><strong>ditione</strong></span> <span class='ocrx_word' id='word_1_98' title='bbox 435 1393 732 1465; x_wconf 70' lang='lat' dir='ltr'><strong>quzerebat.</strong></span> <span class='ocrx_word' id='word_1_99' title='bbox 778 1391 924 1448; x_wconf 78' lang='lat' dir='ltr'><strong>Vidit</strong></span> <span class='ocrx_word' id='word_1_100' title='bbox 959 1407 1082 1447; x_wconf 92' lang='lat' dir='ltr'><strong>eum</strong></span> <span class='ocrx_word' id='word_1_101' title='bbox 1123 1390 1481 1446; x_wconf 87' lang='lat' dir='ltr'><strong>dormientem</strong></span> <span class='ocrx_word' id='word_1_102' title='bbox 1524 1387 1796 1455; x_wconf 87' lang='lat' dir='ltr'><strong>diabolus,</strong></span> 
     </span>
    </p>
   </div>
   <div class='ocr_carea' id='block_1_15' title="bbox 201 1481 1799 1560">
    <p class='ocr_par' dir='ltr' id='par_1_15' title="bbox 201 1481 1799 1560">
     <span class='ocr_line' id='line_1_15' title="bbox 201 1481 1799 1560; baseline -0.006 -16"><span class='ocrx_word' id='word_1_103' title='bbox 201 1497 256 1545; x_wconf 91' lang='lat' dir='ltr'><strong>et</strong></span> <span class='ocrx_word' id='word_1_104' title='bbox 279 1502 600 1560; x_wconf 89' lang='lat' dir='ltr'><strong>oppressum</strong></span> <span class='ocrx_word' id='word_1_105' title='bbox 628 1487 872 1543; x_wconf 75' lang='lat' dir='ltr'><strong>avaritia:</strong></span> <span class='ocrx_word' id='word_1_106' title='bbox 901 1500 1094 1541; x_wconf 89' lang='lat' dir='ltr'><strong>somno</strong></span> <span class='ocrx_word' id='word_1_107' title='bbox 1118 1483 1268 1554; x_wconf 88' lang='lat' dir='ltr'><strong>gravi</strong></span> <span class='ocrx_word' id='word_1_108' title='bbox 1294 1502 1306 1538; x_wconf 88' lang='lat'><strong>:</strong></span> <span class='ocrx_word' id='word_1_109' title='bbox 1353 1482 1496 1538; x_wconf 87' lang='lat' dir='ltr'><strong>misit</strong></span> <span class='ocrx_word' id='word_1_110' title='bbox 1530 1497 1590 1537; x_wconf 89' lang='lat' dir='ltr'><strong>se</strong></span> <span class='ocrx_word' id='word_1_111' title='bbox 1621 1481 1672 1535; x_wconf 93' lang='lat' dir='ltr'><strong>in</strong></span> <span class='ocrx_word' id='word_1_112' title='bbox 1703 1495 1799 1536; x_wconf 90' lang='lat' dir='ltr'><strong>cor</strong></span> 
     </span>
    </p>
   </div>
   <div class='ocr_carea' id='block_1_16' title="bbox 200 1577 1800 1652">
    <p class='ocr_par' dir='ltr' id='par_1_16' title="bbox 200 1577 1800 1652">
     <span class='ocr_line' id='line_1_16' title="bbox 200 1577 1800 1652; baseline -0.004 -16"><span class='ocrx_word' id='word_1_113' title='bbox 200 1581 319 1652; x_wconf 87' lang='lat' dir='ltr'><strong>ejus</strong></span> <span class='ocrx_word' id='word_1_114' title='bbox 346 1624 360 1648; x_wconf 96' lang='lat'><strong>,</strong></span> <span class='ocrx_word' id='word_1_115' title='bbox 389 1581 691 1637; x_wconf 85' lang='lat' dir='ltr'><strong>vulneravit</strong></span> <span class='ocrx_word' id='word_1_116' title='bbox 717 1595 914 1652; x_wconf 91' lang='lat' dir='ltr'><strong>equum</strong></span> <span class='ocrx_word' id='word_1_117' title='bbox 941 1620 956 1646; x_wconf 96' lang='lat'><strong>,</strong></span> <span class='ocrx_word' id='word_1_118' title='bbox 988 1577 1187 1650; x_wconf 88' lang='lat' dir='ltr'><strong>dejecit</strong></span> <span class='ocrx_word' id='word_1_119' title='bbox 1211 1577 1448 1651; x_wconf 90' lang='lat' dir='ltr'><strong>equitem</strong></span> <span class='ocrx_word' id='word_1_120' title='bbox 1476 1618 1490 1643; x_wconf 94' lang='lat'><strong>,</strong></span> <span class='ocrx_word' id='word_1_121' title='bbox 1524 1590 1684 1650; x_wconf 91' lang='lat' dir='ltr'><strong>quem</strong></span> <span class='ocrx_word' id='word_1_122' title='bbox 1713 1588 1800 1630; x_wconf 88' lang='lat' dir='ltr'><strong>se-</strong></span> 
     </span>
    </p>
   </div>
   <div class='ocr_carea' id='block_1_17' title="bbox 201 1672 743 1744">
    <p class='ocr_par' dir='ltr' id='par_1_17' title="bbox 201 1672 743 1744">
     <span class='ocr_line' id='line_1_17' title="bbox 201 1672 743 1744; baseline 0 -16"><span class='ocrx_word' id='word_1_123' title='bbox 201 1675 410 1744; x_wconf 83' lang='lat' dir='ltr'><strong>paravit</strong></span> <span class='ocrx_word' id='word_1_124' title='bbox 441 1691 468 1729; x_wconf 86' lang='lat' dir='ltr'><strong>a</strong></span> <span class='ocrx_word' id='word_1_125' title='bbox 503 1672 743 1730; x_wconf 87' lang='lat' dir='ltr'><strong>Christo.</strong></span> 
     </span>
    </p>
   </div>
   <div class='ocr_carea' id='block_1_18' title="bbox 273 1760 1801 1836">
    <p class='ocr_par' dir='ltr' id='par_1_18' title="bbox 273 1760 1801 1836">
     <span class='ocr_line' id='line_1_18' title="bbox 273 1760 1801 1836; baseline -0.007 -12"><span class='ocrx_word' id='word_1_126' title='bbox 273 1769 364 1825; x_wconf 71' lang='lat'><strong>54.</strong></span> <span class='ocrx_word' id='word_1_127' title='bbox 411 1768 559 1824; x_wconf 85' lang='lat' dir='ltr'><strong>Hanc</strong></span> <span class='ocrx_word' id='word_1_128' title='bbox 588 1767 810 1824; x_wconf 87' lang='lat' dir='ltr'><strong>Tribum</strong></span> <span class='ocrx_word' id='word_1_129' title='bbox 843 1764 1122 1823; x_wconf 82' lang='lat' dir='ltr'><strong>benedixit</strong></span> <span class='ocrx_word' id='word_1_130' title='bbox 1149 1766 1366 1836; x_wconf 86' lang='lat' dir='ltr'><strong>Moyses</strong></span> <span class='ocrx_word' id='word_1_131' title='bbox 1395 1763 1585 1819; x_wconf 91' lang='lat' dir='ltr'><strong>dicens</strong></span> <span class='ocrx_word' id='word_1_132' title='bbox 1617 1780 1630 1818; x_wconf 90' lang='lat'>:</span> <span class='ocrx_word' id='word_1_133' title='bbox 1685 1760 1801 1814; x_wconf 87' lang='lat' dir='ltr'><strong>Dan</strong></span> 
     </span>
    </p>
   </div>
   <div class='ocr_carea' id='block_1_19' title="bbox 1895 546 3488 623">
    <p class='ocr_par' dir='ltr' id='par_1_19' title="bbox 1895 546 3488 623">
     <span class='ocr_line' id='line_1_19' title="bbox 1895 546 3488 623; baseline 0.006 -23"><span class='ocrx_word' id='word_1_134' title='bbox 1895 546 2062 602; x_wconf 87' lang='lat' dir='ltr'><strong>dictus</strong></span> <span class='ocrx_word' id='word_1_135' title='bbox 2095 550 2182 616; x_wconf 97' lang='lat' dir='ltr'><strong>qui</strong></span> <span class='ocrx_word' id='word_1_136' title='bbox 2219 550 2487 622; x_wconf 83' lang='lat' dir='ltr'><strong>ampliavit</strong></span> <span class='ocrx_word' id='word_1_137' title='bbox 2514 548 2648 606; x_wconf 81' lang='lat' dir='ltr'><strong>Gad.</strong></span> <span class='ocrx_word' id='word_1_138' title='bbox 2694 550 2840 605; x_wconf 79' lang='lat' dir='ltr'><strong>Sicut</strong></span> <span class='ocrx_word' id='word_1_139' title='bbox 2875 551 2951 606; x_wconf 84' lang='lat' dir='ltr'><strong>leo</strong></span> <span class='ocrx_word' id='word_1_140' title='bbox 2988 551 3229 623; x_wconf 81' lang='lat' dir='ltr'><strong>requievit</strong></span> <span class='ocrx_word' id='word_1_141' title='bbox 3258 553 3488 623; x_wconf 80' lang='lat' dir='ltr'><strong>confrin-</strong></span> 
     </span>
    </p>
   </div>
   <div class='ocr_carea' id='block_1_20' title="bbox 1893 640 3490 718">
    <p class='ocr_par' dir='ltr' id='par_1_20' title="bbox 1893 640 3490 718">
     <span class='ocr_line' id='line_1_20' title="bbox 1893 640 3490 718; baseline 0.004 -25"><span class='ocrx_word' id='word_1_142' title='bbox 1893 655 2015 712; x_wconf 85' lang='lat' dir='ltr'><strong>gens</strong></span> <span class='ocrx_word' id='word_1_143' title='bbox 2051 640 2261 694; x_wconf 86' lang='lat' dir='ltr'><strong>brachia</strong></span> <span class='ocrx_word' id='word_1_144' title='bbox 2290 650 2338 696; x_wconf 84' lang='lat' dir='ltr'><strong>et</strong></span> <span class='ocrx_word' id='word_1_145' title='bbox 2377 644 2636 712; x_wconf 80' lang='lat' dir='ltr'><strong>principes</strong></span> <span class='ocrx_word' id='word_1_146' title='bbox 2658 683 2674 711; x_wconf 93' lang='lat'><strong>,</strong></span> <span class='ocrx_word' id='word_1_147' title='bbox 2725 652 2770 697; x_wconf 91' lang='lat' dir='ltr'><strong>et</strong></span> <span class='ocrx_word' id='word_1_148' title='bbox 2813 643 2937 698; x_wconf 84' lang='lat' dir='ltr'><strong>vidit</strong></span> <span class='ocrx_word' id='word_1_149' title='bbox 2965 647 3028 699; x_wconf 89' lang='lat' dir='ltr'><strong>ab</strong></span> <span class='ocrx_word' id='word_1_150' title='bbox 3055 646 3202 699; x_wconf 89' lang='lat' dir='ltr'><strong>initio</strong></span> <span class='ocrx_word' id='word_1_151' title='bbox 3245 662 3338 701; x_wconf 87' lang='lat' dir='ltr'><strong>suo</strong></span> <span class='ocrx_word' id='word_1_152' title='bbox 3367 647 3490 718; x_wconf 84' lang='lat' dir='ltr'><strong>quia</strong></span> 
     </span>
    </p>
   </div>
   <div class='ocr_carea' id='block_1_21' title="bbox 1892 724 3489 809">
    <p class='ocr_par' dir='ltr' id='par_1_21' title="bbox 1892 724 3489 809">
     <span class='ocr_line' id='line_1_21' title="bbox 1892 724 3489 809; baseline 0.006 -26"><span class='ocrx_word' id='word_1_153' title='bbox 1892 730 1960 784; x_wconf 89' lang='lat' dir='ltr'><strong>ibi</strong></span> <span class='ocrx_word' id='word_1_154' title='bbox 1998 731 2163 785; x_wconf 89' lang='lat' dir='ltr'><strong>divisa</strong></span> <span class='ocrx_word' id='word_1_155' title='bbox 2199 742 2272 787; x_wconf 86' lang='lat' dir='ltr'><strong>est</strong></span> <span class='ocrx_word' id='word_1_156' title='bbox 2308 743 2445 788; x_wconf 88' lang='lat' dir='ltr'><strong>terra</strong></span> <span class='ocrx_word' id='word_1_157' title='bbox 2489 736 2781 809; x_wconf 77' lang='lat' dir='ltr'><strong>principum</strong></span> <span class='ocrx_word' id='word_1_158' title='bbox 2808 724 3138 792; x_wconf 85' lang='lat' dir='ltr'><strong>collectorum</strong></span> <span class='ocrx_word' id='word_1_159' title='bbox 3181 739 3336 793; x_wconf 84' lang='lat' dir='ltr'><strong>simul</strong></span> <span class='ocrx_word' id='word_1_160' title='bbox 3374 756 3489 794; x_wconf 89' lang='lat' dir='ltr'><strong>cum</strong></span> 
     </span>
    </p>
   </div>
   <div class='ocr_carea' id='block_1_22' title="bbox 1895 825 3490 904">
    <p class='ocr_par' dir='ltr' id='par_1_22' title="bbox 1895 825 3490 904">
     <span class='ocr_line' id='line_1_22' title="bbox 1895 825 3490 904; baseline 0.007 -28"><span class='ocrx_word' id='word_1_161' title='bbox 1895 825 2216 896; x_wconf 79' lang='lat' dir='ltr'><strong>principibus</strong></span> <span class='ocrx_word' id='word_1_162' title='bbox 2246 828 2578 900; x_wconf 87' lang='lat' dir='ltr'><strong>papulorum.</strong></span> <span class='ocrx_word' id='word_1_163' title='bbox 2623 827 2890 884; x_wconf 80' lang='lat' dir='ltr'><strong>Justitiam</strong></span> <span class='ocrx_word' id='word_1_164' title='bbox 2921 832 3040 904; x_wconf 83' lang='lat' dir='ltr'><strong>fecit</strong></span> <span class='ocrx_word' id='word_1_165' title='bbox 3067 829 3324 887; x_wconf 82' lang='lat' dir='ltr'><strong>Dominus</strong></span> <span class='ocrx_word' id='word_1_166' title='bbox 3344 875 3358 898; x_wconf 93' lang='lat'><strong>,</strong></span> <span class='ocrx_word' id='word_1_167' title='bbox 3393 835 3490 904; x_wconf 89' lang='lat' dir='ltr'><strong>ju-</strong></span> 
     </span>
    </p>
   </div>
   <div class='ocr_carea' id='block_1_23' title="bbox 1897 916 2988 992">
    <p class='ocr_par' dir='ltr' id='par_1_23' title="bbox 1897 916 2988 992">
     <span class='ocr_line' id='line_1_23' title="bbox 1897 916 2988 992; baseline 0.005 -21"><span class='ocrx_word' id='word_1_168' title='bbox 1897 917 2090 972; x_wconf 86' lang='lat' dir='ltr'><strong>dicium</strong></span> <span class='ocrx_word' id='word_1_169' title='bbox 2119 935 2234 972; x_wconf 89' lang='lat' dir='ltr'><strong>cum</strong></span> <span class='ocrx_word' id='word_1_170' title='bbox 2259 916 2426 974; x_wconf 79' lang='lat' dir='ltr'><strong>Israel</strong></span> <span class='ocrx_word' id='word_1_171' title='bbox 2450 920 2627 992; x_wconf 85' lang='lat' dir='ltr'><strong>(Deut.</strong></span> <span class='ocrx_word' id='word_1_172' title='bbox 2653 939 2846 989; x_wconf 69' lang='grc' dir='ltr'>χχχιιι,</span> <span class='ocrx_word' id='word_1_173' title='bbox 2873 924 2988 992; x_wconf 72' lang='lat'><strong>21).</strong></span> 
     </span>
    </p>
   </div>
   <div class='ocr_carea' id='block_1_24' title="bbox 1969 1013 3489 1088">
    <p class='ocr_par' dir='ltr' id='par_1_24' title="bbox 1969 1013 3489 1088">
     <span class='ocr_line' id='line_1_24' title="bbox 1969 1013 3489 1088; baseline 0.006 -20"><span class='ocrx_word' id='word_1_174' title='bbox 1969 1013 2059 1068; x_wconf 83' lang='lat'><strong>5‘1.</strong></span> <span class='ocrx_word' id='word_1_175' title='bbox 2101 1014 2458 1083; x_wconf 86' lang='lat' dir='ltr'><strong>Agnoscimus</strong></span> <span class='ocrx_word' id='word_1_176' title='bbox 2486 1016 2664 1086; x_wconf 91' lang='lat' dir='ltr'><strong>itaque</strong></span> <span class='ocrx_word' id='word_1_177' title='bbox 2693 1018 2815 1086; x_wconf 90' lang='lat' dir='ltr'><strong>quis</strong></span> <span class='ocrx_word' id='word_1_178' title='bbox 2847 1019 3173 1088; x_wconf 87' lang='lat' dir='ltr'><strong>requieverit</strong></span> <span class='ocrx_word' id='word_1_179' title='bbox 3203 1021 3345 1076; x_wconf 90' lang='lat' dir='ltr'><strong>sicut</strong></span> <span class='ocrx_word' id='word_1_180' title='bbox 3382 1021 3489 1088; x_wconf 89' lang='lat' dir='ltr'><strong>leo,</strong></span> 
     </span>
    </p>
   </div>
   <div class='ocr_carea' id='block_1_25' title="bbox 1897 1103 3494 1183">
    <p class='ocr_par' dir='ltr' id='par_1_25' title="bbox 1897 1103 3494 1183">
     <span class='ocr_line' id='line_1_25' title="bbox 1897 1103 3494 1183; baseline 0.009 -28"><span class='ocrx_word' id='word_1_181' title='bbox 1897 1104 2018 1174; x_wconf 90' lang='lat' dir='ltr'><strong>quis</strong></span> <span class='ocrx_word' id='word_1_182' title='bbox 2047 1103 2375 1175; x_wconf 82' lang='lat' dir='ltr'><strong>confregerit</strong></span> <span class='ocrx_word' id='word_1_183' title='bbox 2408 1105 2627 1160; x_wconf 86' lang='lat' dir='ltr'><strong>brachia</strong></span> <span class='ocrx_word' id='word_1_184' title='bbox 2660 1107 2983 1176; x_wconf 88' lang='lat' dir='ltr'><strong>potentium.</strong></span> <span class='ocrx_word' id='word_1_185' title='bbox 3012 1112 3133 1182; x_wconf 91' lang='lat' dir='ltr'><strong>quis</strong></span> <span class='ocrx_word' id='word_1_186' title='bbox 3162 1127 3191 1165; x_wconf 91' lang='lat' dir='ltr'><strong>a</strong></span> <span class='ocrx_word' id='word_1_187' title='bbox 3226 1113 3494 1183; x_wconf 89' lang='lat' dir='ltr'><strong>principio</strong></span> 
     </span>
    </p>
   </div>
   <div class='ocr_carea' id='block_1_26' title="bbox 1900 1194 3495 1272">
    <p class='ocr_par' dir='ltr' id='par_1_26' title="bbox 1900 1194 3495 1272">
     <span class='ocr_line' id='line_1_26' title="bbox 1900 1194 3495 1272; baseline 0.006 -22"><span class='ocrx_word' id='word_1_188' title='bbox 1900 1195 1926 1234; x_wconf 71' lang='grc' dir='ltr'>δ</span> <span class='ocrx_word' id='word_1_189' title='bbox 1955 1194 2248 1253; x_wconf 80' lang='lat' dir='ltr'><strong>divisiones</strong></span> <span class='ocrx_word' id='word_1_190' title='bbox 2283 1198 2606 1253; x_wconf 91' lang='lat' dir='ltr'><strong>tentantium</strong></span> <span class='ocrx_word' id='word_1_191' title='bbox 2636 1197 2790 1255; x_wconf 85' lang='lat' dir='ltr'><strong>vidit.</strong></span> <span class='ocrx_word' id='word_1_192' title='bbox 2853 1199 2929 1255; x_wconf 90' lang='lat' dir='ltr'><strong>lbi</strong></span> <span class='ocrx_word' id='word_1_193' title='bbox 2975 1201 3138 1272; x_wconf 80' lang='lat' dir='ltr'><strong>igitur</strong></span> <span class='ocrx_word' id='word_1_194' title='bbox 3183 1204 3363 1258; x_wconf 89' lang='lat' dir='ltr'><strong>hiatus</strong></span> <span class='ocrx_word' id='word_1_195' title='bbox 3409 1215 3495 1263; x_wconf 90' lang='lat' dir='ltr'><strong>est</strong></span> 
     </span>
    </p>
   </div>
   <div class='ocr_carea' id='block_1_27' title="bbox 1902 1291 3502 1377">
    <p class='ocr_par' dir='ltr' id='par_1_27' title="bbox 1902 1291 3502 1377">
     <span class='ocr_line' id='line_1_27' title="bbox 1902 1291 3502 1377; baseline 0.004 -31"><span class='ocrx_word' id='word_1_196' title='bbox 1902 1301 2076 1360; x_wconf 83' lang='lat' dir='ltr'><strong>terrae,</strong></span> <span class='ocrx_word' id='word_1_197' title='bbox 2112 1293 2201 1364; x_wconf 92' lang='lat' dir='ltr'><strong>qui</strong></span> <span class='ocrx_word' id='word_1_198' title='bbox 2232 1291 2523 1350; x_wconf 84' lang='lat' dir='ltr'><strong>ahsbrbeat</strong></span> <span class='ocrx_word' id='word_1_199' title='bbox 2551 1295 2968 1362; x_wconf 88' lang='lat' dir='ltr'><strong>calumniantes,</strong></span> <span class='ocrx_word' id='word_1_200' title='bbox 2997 1297 3087 1353; x_wconf 87' lang='lat' dir='ltr'><strong>ubi</strong></span> <span class='ocrx_word' id='word_1_201' title='bbox 3117 1299 3346 1356; x_wconf 89' lang='lat' dir='ltr'><strong>tentatio</strong></span> <span class='ocrx_word' id='word_1_202' title='bbox 3374 1314 3502 1377; x_wconf 72' lang='lat' dir='ltr'><strong>per-</strong></span> 
     </span>
    </p>
   </div>
   <div class='ocr_carea' id='block_1_28' title="bbox 1902 1386 2264 1445">
    <p class='ocr_par' dir='ltr' id='par_1_28' title="bbox 1902 1386 2264 1445">
     <span class='ocr_line' id='line_1_28' title="bbox 1902 1386 2264 1445; baseline 0.003 -4"><span class='ocrx_word' id='word_1_203' title='bbox 1902 1386 2130 1444; x_wconf 86' lang='lat' dir='ltr'><strong>fidorum</strong></span> <span class='ocrx_word' id='word_1_204' title='bbox 2161 1398 2264 1445; x_wconf 91' lang='lat' dir='ltr'><strong>est.</strong></span> 
     </span>
    </p>
   </div>
   <div class='ocr_carea' id='block_1_29' title="bbox 2523 1503 2888 1566">
    <p class='ocr_par' dir='ltr' id='par_1_29' title="bbox 2523 1503 2888 1566">
     <span class='ocr_line' id='line_1_29' title="bbox 2523 1503 2888 1566; baseline -0.011 -4"><span class='ocrx_word' id='word_1_205' title='bbox 2523 1503 2750 1566; x_wconf 79' lang='lat' dir='ltr'><strong>CAPUT</strong></span> <span class='ocrx_word' id='word_1_206' title='bbox 2794 1504 2888 1560; x_wconf 83' lang='lat' dir='ltr'><strong>IX.</strong></span> 
     </span>
    </p>
   </div>
   <div class='ocr_carea' id='block_1_30' title="bbox 1903 1611 3500 1692">
    <p class='ocr_par' dir='ltr' id='par_1_30' title="bbox 1903 1611 3500 1692">
     <span class='ocr_line' id='line_1_30' title="bbox 1903 1611 3500 1692; baseline 0.006 -25"><span class='ocrx_word' id='word_1_207' title='bbox 1903 1611 1982 1668; x_wconf 86' lang='lat' dir='ltr'><strong>De</strong></span> <span class='ocrx_word' id='word_1_208' title='bbox 2006 1613 2353 1673; x_wconf 78' lang='lat' dir='ltr'><strong>benedictione</strong></span> <span class='ocrx_word' id='word_1_209' title='bbox 2379 1617 2538 1685; x_wconf 83' lang='lat' dir='ltr'><strong>Aser,</strong></span> <span class='ocrx_word' id='word_1_210' title='bbox 2564 1636 2666 1692; x_wconf 82' lang='lat' dir='ltr'><strong>qua</strong></span> <span class='ocrx_word' id='word_1_211' title='bbox 2686 1617 2881 1674; x_wconf 74' lang='lat' dir='ltr'><strong>Christi</strong></span> <span class='ocrx_word' id='word_1_212' title='bbox 2910 1620 3152 1692; x_wconf 75' lang='lat' dir='ltr'><strong>pauperis</strong></span> <span class='ocrx_word' id='word_1_213' title='bbox 3180 1620 3376 1678; x_wconf 69' lang='lat' dir='ltr'><strong>divitiae</strong></span> <span class='ocrx_word' id='word_1_214' title='bbox 3395 1661 3410 1689; x_wconf 94' lang='lat'><strong>,</strong></span> <span class='ocrx_word' id='word_1_215' title='bbox 3438 1639 3500 1677; x_wconf 88' lang='lat' dir='ltr'><strong>ac</strong></span> 
     </span>
    </p>
   </div>
   <div class='ocr_carea' id='block_1_31' title="bbox 2081 1709 3355 1779">
    <p class='ocr_par' dir='ltr' id='par_1_31' title="bbox 2081 1709 3355 1779">
     <span class='ocr_line' id='line_1_31' title="bbox 2081 1709 3355 1779; baseline 0.004 -17"><span class='ocrx_word' id='word_1_216' title='bbox 2081 1709 2393 1779; x_wconf 77' lang='lat' dir='ltr'><strong>multiplicia</strong></span> <span class='ocrx_word' id='word_1_217' title='bbox 2433 1713 2488 1770; x_wconf 81' lang='lat' dir='ltr'><strong>in</strong></span> <span class='ocrx_word' id='word_1_218' title='bbox 2531 1713 2760 1770; x_wconf 65' lang='lat' dir='ltr'><strong>homines</strong></span> <span class='ocrx_word' id='word_1_219' title='bbox 2795 1713 2936 1771; x_wconf 81' lang='lat' dir='ltr'><strong>dona</strong></span> <span class='ocrx_word' id='word_1_220' title='bbox 2974 1714 3355 1779; x_wconf 69' lang='lat' dir='ltr'><strong>exprimuntur.</strong></span> 
     </span>
    </p>
   </div>
   <div class='ocr_carea' id='block_1_32' title="bbox 202 1845 1804 1932">
    <p class='ocr_par' dir='ltr' id='par_1_32' title="bbox 202 1852 1795 1932">
     <span class='ocr_line' id='line_1_32' title="bbox 202 1852 1795 1932; baseline -0.005 -16"><span class='ocrx_word' id='word_1_221' title='bbox 202 1861 405 1916; x_wconf 87' lang='lat' dir='ltr'><strong>catulus</strong></span> <span class='ocrx_word' id='word_1_222' title='bbox 437 1861 618 1927; x_wconf 84' lang='lat' dir='ltr'><strong>leonis,</strong></span> <span class='ocrx_word' id='word_1_223' title='bbox 653 1870 699 1915; x_wconf 87' lang='lat' dir='ltr'><strong>et</strong></span> <span class='ocrx_word' id='word_1_224' title='bbox 727 1860 935 1932; x_wconf 66' lang='lat' dir='ltr'><strong>e/fugiet</strong></span> <span class='ocrx_word' id='word_1_225' title='bbox 965 1876 1027 1915; x_wconf 75' lang='lat' dir='ltr'><strong>ea:</strong></span> <span class='ocrx_word' id='word_1_226' title='bbox 1051 1857 1224 1914; x_wconf 82' lang='lat' dir='ltr'><strong>Busan</strong></span> <span class='ocrx_word' id='word_1_227' title='bbox 1252 1857 1429 1932; x_wconf 83' lang='lat' dir='ltr'><strong>(Deut.</strong></span> <span class='ocrx_word' id='word_1_228' title='bbox 1465 1870 1644 1923; x_wconf 69' lang='grc' dir='ltr'>χχιιι,</span> <span class='ocrx_word' id='word_1_229' title='bbox 1678 1852 1795 1925; x_wconf 73' lang='lat'><strong>2‘2),</strong></span> 
     </span>
    </p>
   </div>
   <div class='ocr_carea' id='block_1_33' title="bbox 1914 1845 3503 1932">
    <p class='ocr_par' dir='ltr' id='par_1_33' title="bbox 1975 1845 3503 1925">
     <span class='ocr_line' id='line_1_33' title="bbox 1975 1845 3503 1925; baseline 0.005 -25"><span class='ocrx_word' id='word_1_230' title='bbox 1975 1846 2064 1900; x_wconf 78' lang='lat'><strong>58.</strong></span> <span class='ocrx_word' id='word_1_231' title='bbox 2098 1845 2227 1902; x_wconf 80' lang='lat' dir='ltr'><strong>Aser</strong></span> <span class='ocrx_word' id='word_1_232' title='bbox 2247 1847 2455 1920; x_wconf 84' lang='lat' dir='ltr'><strong>pinguis</strong></span> <span class='ocrx_word' id='word_1_233' title='bbox 2473 1851 2584 1921; x_wconf 86' lang='lat' dir='ltr'><strong>ejus</strong></span> <span class='ocrx_word' id='word_1_234' title='bbox 2605 1851 2774 1922; x_wconf 86' lang='lat' dir='ltr'><strong>panis,</strong></span> <span class='ocrx_word' id='word_1_235' title='bbox 2798 1861 2846 1904; x_wconf 90' lang='lat' dir='ltr'><strong>et</strong></span> <span class='ocrx_word' id='word_1_236' title='bbox 2861 1851 2973 1920; x_wconf 86' lang='lat' dir='ltr'><strong>ipse</strong></span> <span class='ocrx_word' id='word_1_237' title='bbox 2984 1850 3126 1905; x_wconf 84' lang='lat' dir='ltr'><strong>dabit</strong></span> <span class='ocrx_word' id='word_1_238' title='bbox 3157 1868 3326 1907; x_wconf 81' lang='lat' dir='ltr'><strong>escam</strong></span> <span class='ocrx_word' id='word_1_239' title='bbox 3354 1855 3503 1925; x_wconf 83' lang='lat' dir='ltr'><strong>priu-</strong></span> 
     </span>
    </p>
   </div>
   <div class='ocr_carea' id='block_1_34' title="bbox 201 1948 1800 2021">
    <p class='ocr_par' dir='ltr' id='par_1_34' title="bbox 201 1948 1800 2021">
     <span class='ocr_line' id='line_1_34' title="bbox 201 1948 1800 2021; baseline -0.005 -13"><span class='ocrx_word' id='word_1_240' title='bbox 201 1951 305 2008; x_wconf 87' lang='lat' dir='ltr'><strong>hoc</strong></span> <span class='ocrx_word' id='word_1_241' title='bbox 353 1961 470 2021; x_wconf 90' lang='lat' dir='ltr'><strong>est,</strong></span> <span class='ocrx_word' id='word_1_242' title='bbox 520 1968 585 2008; x_wconf 79' lang='lat' dir='ltr'><strong>ex</strong></span> <span class='ocrx_word' id='word_1_243' title='bbox 630 1952 969 2009; x_wconf 83' lang='lat' dir='ltr'><strong>confusione.</strong></span> <span class='ocrx_word' id='word_1_244' title='bbox 1022 1951 1175 2008; x_wconf 87' lang='lat' dir='ltr'><strong>Unde</strong></span> <span class='ocrx_word' id='word_1_245' title='bbox 1223 1949 1522 2006; x_wconf 90' lang='lat' dir='ltr'><strong>secundum</strong></span> <span class='ocrx_word' id='word_1_246' title='bbox 1549 1948 1800 2004; x_wconf 78' lang='lat' dir='ltr'><strong>Grzecum</strong></span> 
     </span>
    </p>
   </div>
   <div class='ocr_carea' id='block_1_35' title="bbox 203 2039 1797 2118">
    <p class='ocr_par' dir='ltr' id='par_1_35' title="bbox 203 2039 1797 2118">
     <span class='ocr_line' id='line_1_35' title="bbox 203 2039 1797 2118; baseline -0.004 -16"><span class='ocrx_word' id='word_1_247' title='bbox 203 2046 375 2118; x_wconf 87' lang='lat' dir='ltr'><strong>magis</strong></span> <span class='ocrx_word' id='word_1_248' title='bbox 407 2045 706 2116; x_wconf 81' lang='lat' dir='ltr'><strong>intelligere</strong></span> <span class='ocrx_word' id='word_1_249' title='bbox 731 2044 1016 2111; x_wconf 90' lang='lat' dir='ltr'><strong>debemus,</strong></span> <span class='ocrx_word' id='word_1_250' title='bbox 1050 2060 1113 2100; x_wconf 83' lang='lat' dir='ltr'><strong>ex</strong></span> <span class='ocrx_word' id='word_1_251' title='bbox 1137 2058 1245 2115; x_wconf 92' lang='lat' dir='ltr'><strong>quo</strong></span> <span class='ocrx_word' id='word_1_252' title='bbox 1267 2043 1486 2098; x_wconf 91' lang='lat' dir='ltr'><strong>Latinus</strong></span> <span class='ocrx_word' id='word_1_253' title='bbox 1504 2039 1797 2107; x_wconf 87' lang='lat' dir='ltr'><strong>transtulit,</strong></span> 
     </span>
    </p>
   </div>
   <div class='ocr_carea' id='block_1_36' title="bbox 203 2135 1800 2210">
    <p class='ocr_par' dir='ltr' id='par_1_36' title="bbox 203 2135 1800 2210">
     <span class='ocr_line' id='line_1_36' title="bbox 203 2135 1800 2210; baseline -0.003 -16"><span class='ocrx_word' id='word_1_254' title='bbox 203 2140 348 2210; x_wconf 89' lang='lat' dir='ltr'><strong>quod</strong></span> <span class='ocrx_word' id='word_1_255' title='bbox 388 2140 497 2193; x_wconf 78' lang='lat' dir='ltr'><strong>Dan</strong></span> <span class='ocrx_word' id='word_1_256' title='bbox 531 2140 644 2209; x_wconf 85' lang='lat' dir='ltr'><strong>ipse</strong></span> <span class='ocrx_word' id='word_1_257' title='bbox 671 2139 842 2192; x_wconf 89' lang='lat' dir='ltr'><strong>factus</strong></span> <span class='ocrx_word' id='word_1_258' title='bbox 874 2139 942 2193; x_wconf 89' lang='lat' dir='ltr'><strong>sit</strong></span> <span class='ocrx_word' id='word_1_259' title='bbox 971 2153 1197 2200; x_wconf 85' lang='lat' dir='ltr'><strong>serpens</strong></span> <span class='ocrx_word' id='word_1_260' title='bbox 1225 2138 1278 2192; x_wconf 93' lang='lat' dir='ltr'><strong>in</strong></span> <span class='ocrx_word' id='word_1_261' title='bbox 1310 2138 1394 2192; x_wconf 88' lang='lat' dir='ltr'><strong>via</strong></span> <span class='ocrx_word' id='word_1_262' title='bbox 1421 2138 1637 2192; x_wconf 91' lang='lat' dir='ltr'><strong>sedens.</strong></span> <span class='ocrx_word' id='word_1_263' title='bbox 1685 2135 1800 2190; x_wconf 89' lang='lat' dir='ltr'><strong>Dan</strong></span> 
     </span>
    </p>
   </div>
   <div class='ocr_carea' id='block_1_37' title="bbox 199 2227 1804 2302">
    <p class='ocr_par' dir='ltr' id='par_1_37' title="bbox 199 2227 1804 2302">
     <span class='ocr_line' id='line_1_37' title="bbox 199 2227 1804 2302; baseline -0.003 -16"><span class='ocrx_word' id='word_1_264' title='bbox 199 2231 464 2302; x_wconf 81' lang='lat' dir='ltr'><strong>judicium</strong></span> <span class='ocrx_word' id='word_1_265' title='bbox 513 2230 914 2300; x_wconf 86' lang='lat' dir='ltr'><strong>interpretatur.</strong></span> <span class='ocrx_word' id='word_1_266' title='bbox 964 2229 1032 2284; x_wconf 81' lang='lat' dir='ltr'><strong>Et</strong></span> <span class='ocrx_word' id='word_1_267' title='bbox 1071 2229 1189 2284; x_wconf 91' lang='lat' dir='ltr'><strong>ideo</strong></span> <span class='ocrx_word' id='word_1_268' title='bbox 1221 2245 1385 2300; x_wconf 86' lang='lat' dir='ltr'><strong>grave</strong></span> <span class='ocrx_word' id='word_1_269' title='bbox 1427 2227 1616 2299; x_wconf 77' lang='lat' dir='ltr'><strong>iudicii</strong></span> <span class='ocrx_word' id='word_1_270' title='bbox 1660 2227 1804 2298; x_wconf 89' lang='lat' dir='ltr'><strong>peri-</strong></span> 
     </span>
    </p>
   </div>
   <div class='ocr_carea' id='block_1_38' title="bbox 205 2320 1802 2392">
    <p class='ocr_par' dir='ltr' id='par_1_38' title="bbox 205 2320 1802 2392">
     <span class='ocr_line' id='line_1_38' title="bbox 205 2320 1802 2392; baseline -0.004 -14"><span class='ocrx_word' id='word_1_271' title='bbox 205 2324 386 2378; x_wconf 92' lang='lat' dir='ltr'><strong>culum</strong></span> <span class='ocrx_word' id='word_1_272' title='bbox 416 2322 613 2378; x_wconf 90' lang='lat' dir='ltr'><strong>&#39;l‘ribus</strong></span> <span class='ocrx_word' id='word_1_273' title='bbox 647 2323 743 2377; x_wconf 87' lang='lat' dir='ltr'><strong>ista</strong></span> <span class='ocrx_word' id='word_1_274' title='bbox 773 2321 965 2389; x_wconf 87' lang='lat' dir='ltr'><strong>subiit,</strong></span> <span class='ocrx_word' id='word_1_275' title='bbox 1007 2322 1090 2376; x_wconf 92' lang='lat' dir='ltr'><strong>cui</strong></span> <span class='ocrx_word' id='word_1_276' title='bbox 1121 2337 1349 2392; x_wconf 85' lang='lat' dir='ltr'><strong>serpens</strong></span> <span class='ocrx_word' id='word_1_277' title='bbox 1378 2320 1601 2390; x_wconf 90' lang='lat' dir='ltr'><strong>illapsus</strong></span> <span class='ocrx_word' id='word_1_278' title='bbox 1646 2320 1802 2374; x_wconf 86' lang='lat' dir='ltr'><strong>Anti-</strong></span> 
     </span>
    </p>
   </div>
   <div class='ocr_carea' id='block_1_39' title="bbox 205 2412 1797 2490">
    <p class='ocr_par' dir='ltr' id='par_1_39' title="bbox 205 2412 1797 2490">
     <span class='ocr_line' id='line_1_39' title="bbox 205 2412 1797 2490; baseline -0.006 -16"><span class='ocrx_word' id='word_1_279' title='bbox 205 2417 446 2474; x_wconf 89' lang='lat' dir='ltr'><strong>christus</strong></span> <span class='ocrx_word' id='word_1_280' title='bbox 471 2425 554 2471; x_wconf 90' lang='lat' dir='ltr'><strong>est</strong></span> <span class='ocrx_word' id='word_1_281' title='bbox 580 2457 594 2482; x_wconf 93' lang='lat'><strong>,</strong></span> <span class='ocrx_word' id='word_1_282' title='bbox 644 2417 733 2487; x_wconf 92' lang='lat' dir='ltr'><strong>qui</strong></span> <span class='ocrx_word' id='word_1_283' title='bbox 778 2425 1082 2472; x_wconf 89' lang='lat' dir='ltr'><strong>currentem</strong></span> <span class='ocrx_word' id='word_1_284' title='bbox 1110 2415 1223 2490; x_wconf 83' lang='lat' dir='ltr'><strong>suis</strong></span> <span class='ocrx_word' id='word_1_285' title='bbox 1253 2415 1526 2470; x_wconf 85' lang='lat' dir='ltr'><strong>sauciaret</strong></span> <span class='ocrx_word' id='word_1_286' title='bbox 1551 2412 1797 2469; x_wconf 88' lang='lat' dir='ltr'><strong>venenis.</strong></span> 
     </span>
    </p>
   </div>
   <div class='ocr_carea' id='block_1_40' title="bbox 206 2507 1801 2578">
    <p class='ocr_par' dir='ltr' id='par_1_40' title="bbox 206 2507 1801 2578">
     <span class='ocr_line' id='line_1_40' title="bbox 206 2507 1801 2578; baseline -0.004 -13"><span class='ocrx_word' id='word_1_287' title='bbox 206 2509 312 2565; x_wconf 82' lang='lat' dir='ltr'><strong>Sed</strong></span> <span class='ocrx_word' id='word_1_288' title='bbox 347 2517 524 2564; x_wconf 86' lang='lat' dir='ltr'><strong>tamen</strong></span> <span class='ocrx_word' id='word_1_289' title='bbox 555 2508 668 2578; x_wconf 87' lang='lat' dir='ltr'><strong>ipsa</strong></span> <span class='ocrx_word' id='word_1_290' title='bbox 695 2507 886 2564; x_wconf 82' lang='lat' dir='ltr'><strong>Tribus</strong></span> <span class='ocrx_word' id='word_1_291' title='bbox 911 2507 1228 2564; x_wconf 85' lang='lat' dir='ltr'><strong>liberabitur</strong></span> <span class='ocrx_word' id='word_1_292' title='bbox 1253 2523 1279 2559; x_wconf 89' lang='lat' dir='ltr'><strong>a</strong></span> <span class='ocrx_word' id='word_1_293' title='bbox 1309 2507 1646 2574; x_wconf 89' lang='lat' dir='ltr'><strong>confusione,</strong></span> <span class='ocrx_word' id='word_1_294' title='bbox 1678 2519 1801 2560; x_wconf 85' lang='lat' dir='ltr'><strong>cum</strong></span> 
     </span>
    </p>
   </div>
   <div class='ocr_carea' id='block_1_41' title="bbox 207 2597 1806 2674">
    <p class='ocr_par' dir='ltr' id='par_1_41' title="bbox 207 2597 1806 2674">
     <span class='ocr_line' id='line_1_41' title="bbox 207 2597 1806 2674; baseline -0.004 -16"><span class='ocrx_word' id='word_1_295' title='bbox 207 2602 370 2660; x_wconf 84' lang='lat' dir='ltr'><strong>fuerit</strong></span> <span class='ocrx_word' id='word_1_296' title='bbox 398 2605 645 2661; x_wconf 82' lang='lat' dir='ltr'><strong>confessa</strong></span> <span class='ocrx_word' id='word_1_297' title='bbox 677 2602 915 2674; x_wconf 87' lang='lat' dir='ltr'><strong>equitem</strong></span> <span class='ocrx_word' id='word_1_298' title='bbox 948 2612 1322 2672; x_wconf 79' lang='lat' dir='ltr'><strong>resurgentem</strong></span> <span class='ocrx_word' id='word_1_299' title='bbox 1350 2643 1364 2669; x_wconf 96' lang='lat'><strong>,</strong></span> <span class='ocrx_word' id='word_1_300' title='bbox 1413 2599 1503 2671; x_wconf 91' lang='lat' dir='ltr'><strong>qui</strong></span> <span class='ocrx_word' id='word_1_301' title='bbox 1532 2601 1606 2652; x_wconf 88' lang='lat' dir='ltr'><strong>ait</strong></span> <span class='ocrx_word' id='word_1_302' title='bbox 1638 2616 1651 2652; x_wconf 89' lang='lat'>:</span> <span class='ocrx_word' id='word_1_303' title='bbox 1702 2597 1806 2662; x_wconf 85' lang='lat' dir='ltr'><strong>Qui</strong></span> 
     </span>
    </p>
   </div>
   <div class='ocr_carea' id='block_1_42' title="bbox 209 2693 1802 2769">
    <p class='ocr_par' dir='ltr' id='par_1_42' title="bbox 209 2693 1802 2769">
     <span class='ocr_line' id='line_1_42' title="bbox 209 2693 1802 2769; baseline -0.004 -19"><span class='ocrx_word' id='word_1_304' title='bbox 209 2714 290 2752; x_wconf 87' lang='lat' dir='ltr'><strong>me</strong></span> <span class='ocrx_word' id='word_1_305' title='bbox 319 2703 583 2769; x_wconf 82' lang='lat' dir='ltr'><strong>confessus</strong></span> <span class='ocrx_word' id='word_1_306' title='bbox 615 2699 768 2767; x_wconf 76' lang='lat' dir='ltr'><strong>fuerit</strong></span> <span class='ocrx_word' id='word_1_307' title='bbox 795 2715 968 2752; x_wconf 89' lang='lat' dir='ltr'><strong>coram</strong></span> <span class='ocrx_word' id='word_1_308' title='bbox 994 2697 1306 2763; x_wconf 86' lang='lat' dir='ltr'><strong>hominibus,</strong></span> <span class='ocrx_word' id='word_1_309' title='bbox 1334 2693 1613 2763; x_wconf 81' lang='lat' dir='ltr'><strong>conﬁtebor</strong></span> <span class='ocrx_word' id='word_1_310' title='bbox 1638 2700 1682 2745; x_wconf 87' lang='lat' dir='ltr'><strong>et</strong></span> <span class='ocrx_word' id='word_1_311' title='bbox 1712 2709 1802 2765; x_wconf 81' lang='lat' dir='ltr'><strong>ego</strong></span> 
     </span>
    </p>
   </div>
   <div class='ocr_carea' id='block_1_43' title="bbox 211 2790 1807 2862">
    <p class='ocr_par' dir='ltr' id='par_1_43' title="bbox 211 2790 1807 2862">
     <span class='ocr_line' id='line_1_43' title="bbox 211 2790 1807 2862; baseline -0.003 -18"><span class='ocrx_word' id='word_1_312' title='bbox 211 2808 324 2844; x_wconf 90' lang='lat' dir='ltr'><strong>eum</strong></span> <span class='ocrx_word' id='word_1_313' title='bbox 349 2809 521 2846; x_wconf 87' lang='lat' dir='ltr'><strong>coram</strong></span> <span class='ocrx_word' id='word_1_314' title='bbox 555 2791 708 2846; x_wconf 84' lang='lat' dir='ltr'><strong>Patre</strong></span> <span class='ocrx_word' id='word_1_315' title='bbox 735 2810 844 2846; x_wconf 86' lang='lat' dir='ltr'><strong>mea</strong></span> <span class='ocrx_word' id='word_1_316' title='bbox 870 2794 956 2862; x_wconf 90' lang='lat' dir='ltr'><strong>qui</strong></span> <span class='ocrx_word' id='word_1_317' title='bbox 986 2802 1059 2846; x_wconf 92' lang='lat' dir='ltr'><strong>est</strong></span> <span class='ocrx_word' id='word_1_318' title='bbox 1088 2793 1142 2845; x_wconf 90' lang='lat' dir='ltr'><strong>in</strong></span> <span class='ocrx_word' id='word_1_319' title='bbox 1171 2791 1309 2846; x_wconf 74' lang='lat' dir='ltr'><strong>cwlis</strong></span> <span class='ocrx_word' id='word_1_320' title='bbox 1339 2807 1358 2844; x_wconf 90' lang='lat'><strong><em>:</em></strong></span> <span class='ocrx_word' id='word_1_321' title='bbox 1398 2790 1485 2856; x_wconf 88' lang='lat' dir='ltr'><strong>qui</strong></span> <span class='ocrx_word' id='word_1_322' title='bbox 1522 2799 1693 2843; x_wconf 84' lang='lat' dir='ltr'><strong>autent</strong></span> <span class='ocrx_word' id='word_1_323' title='bbox 1728 2804 1807 2840; x_wconf 86' lang='lat' dir='ltr'><strong>me</strong></span> 
     </span>
    </p>
   </div>
   <div class='ocr_carea' id='block_1_44' title="bbox 213 2881 1806 2954">
    <p class='ocr_par' dir='ltr' id='par_1_44' title="bbox 213 2881 1806 2954">
     <span class='ocr_line' id='line_1_44' title="bbox 213 2881 1806 2954; baseline -0.002 -19"><span class='ocrx_word' id='word_1_324' title='bbox 213 2887 463 2953; x_wconf 79' lang='lat' dir='ltr'><strong>confusus</strong></span> <span class='ocrx_word' id='word_1_325' title='bbox 504 2883 662 2953; x_wconf 79' lang='lat' dir='ltr'><strong>fuerit</strong></span> <span class='ocrx_word' id='word_1_326' title='bbox 704 2899 879 2938; x_wconf 87' lang='lat' dir='ltr'><strong>coram</strong></span> <span class='ocrx_word' id='word_1_327' title='bbox 911 2881 1233 2954; x_wconf 68' lang='lat' dir='ltr'><strong>hominibus,</strong></span> <span class='ocrx_word' id='word_1_328' title='bbox 1287 2881 1600 2953; x_wconf 79' lang='lat' dir='ltr'><strong>confundam</strong></span> <span class='ocrx_word' id='word_1_329' title='bbox 1639 2887 1686 2932; x_wconf 86' lang='lat' dir='ltr'><strong>et</strong></span> <span class='ocrx_word' id='word_1_330' title='bbox 1715 2895 1806 2949; x_wconf 86' lang='lat' dir='ltr'><strong>ego</strong></span> 
     </span>
    </p>
   </div>
   <div class='ocr_carea' id='block_1_45' title="bbox 211 2970 1807 3048">
    <p class='ocr_par' dir='ltr' id='par_1_45' title="bbox 211 2970 1807 3048">
     <span class='ocr_line' id='line_1_45' title="bbox 211 2970 1807 3048; baseline -0.003 -20"><span class='ocrx_word' id='word_1_331' title='bbox 211 2989 327 3028; x_wconf 89' lang='lat' dir='ltr'><strong>eum</strong></span> <span class='ocrx_word' id='word_1_332' title='bbox 354 2991 527 3029; x_wconf 89' lang='lat' dir='ltr'><strong>coram</strong></span> <span class='ocrx_word' id='word_1_333' title='bbox 556 2973 714 3030; x_wconf 87' lang='lat' dir='ltr'><strong>Patre</strong></span> <span class='ocrx_word' id='word_1_334' title='bbox 756 2992 865 3029; x_wconf 79' lang='lat' dir='ltr'><strong>utea</strong></span> <span class='ocrx_word' id='word_1_335' title='bbox 908 2976 996 3048; x_wconf 87' lang='lat' dir='ltr'><strong>qui</strong></span> <span class='ocrx_word' id='word_1_336' title='bbox 1034 2976 1086 3030; x_wconf 86' lang='lat' dir='ltr'><strong>in</strong></span> <span class='ocrx_word' id='word_1_337' title='bbox 1123 2975 1264 3030; x_wconf 78' lang='lat' dir='ltr'><strong>ctelis</strong></span> <span class='ocrx_word' id='word_1_338' title='bbox 1291 2983 1365 3030; x_wconf 90' lang='lat' dir='ltr'><strong>est</strong></span> <span class='ocrx_word' id='word_1_339' title='bbox 1398 2972 1614 3046; x_wconf 77' lang='lat' dir='ltr'><strong>(Matth.</strong></span> <span class='ocrx_word' id='word_1_340' title='bbox 1642 2989 1699 3042; x_wconf 71' lang='grc' dir='ltr'>ι,</span> <span class='ocrx_word' id='word_1_341' title='bbox 1737 2970 1807 3025; x_wconf 73' lang='grc'>52</span> 
     </span>
    </p>
   </div>
   <div class='ocr_carea' id='block_1_46' title="bbox 212 3068 404 3139">
    <p class='ocr_par' dir='ltr' id='par_1_46' title="bbox 212 3068 404 3139">
     <span class='ocr_line' id='line_1_46' title="bbox 212 3068 404 3139; baseline 0 -15"><span class='ocrx_word' id='word_1_342' title='bbox 212 3080 260 3124; x_wconf 90' lang='lat' dir='ltr'><strong>et</strong></span> <span class='ocrx_word' id='word_1_343' title='bbox 287 3068 404 3139; x_wconf 80' lang='lat'><strong>55).</strong></span> 
     </span>
    </p>
   </div>
   <div class='ocr_carea' id='block_1_47' title="bbox 717 3184 1327 3260">
    <p class='ocr_par' dir='ltr' id='par_1_47' title="bbox 717 3184 1327 3260">
     <span class='ocr_line' id='line_1_47' title="bbox 717 3184 1327 3260; baseline -0.007 -19"><span class='ocrx_word' id='word_1_344' title='bbox 717 3184 878 3260; x_wconf 64' lang='lat'><strong>521.</strong></span> <span class='ocrx_word' id='word_1_345' title='bbox 923 3185 1151 3242; x_wconf 81' lang='lat' dir='ltr'><strong>CAPUT</strong></span> <span class='ocrx_word' id='word_1_346' title='bbox 1193 3184 1327 3241; x_wconf 83' lang='lat' dir='ltr'><strong>Vill.</strong></span> 
     </span>
    </p>
   </div>
   <div class='ocr_carea' id='block_1_48' title="bbox 212 3299 1804 3366">
    <p class='ocr_par' dir='ltr' id='par_1_48' title="bbox 212 3299 1804 3366">
     <span class='ocr_line' id='line_1_48' title="bbox 212 3299 1804 3366; baseline -0.002 -10"><span class='ocrx_word' id='word_1_347' title='bbox 212 3299 573 3358; x_wconf 83' lang='lat' dir='ltr'><strong>Benedictioue</strong></span> <span class='ocrx_word' id='word_1_348' title='bbox 618 3301 732 3358; x_wconf 78' lang='lat' dir='ltr'><strong>Gad</strong></span> <span class='ocrx_word' id='word_1_349' title='bbox 796 3311 1075 3358; x_wconf 76' lang='lat' dir='ltr'><strong>tentaturus</strong></span> <span class='ocrx_word' id='word_1_350' title='bbox 1117 3301 1400 3356; x_wconf 86' lang='lat' dir='ltr'><strong>Dominum</strong></span> <span class='ocrx_word' id='word_1_351' title='bbox 1437 3299 1652 3354; x_wconf 81' lang='lat' dir='ltr'><strong>Judazos</strong></span> <span class='ocrx_word' id='word_1_352' title='bbox 1677 3339 1691 3366; x_wconf 92' lang='lat'><strong>,</strong></span> <span class='ocrx_word' id='word_1_353' title='bbox 1757 3307 1804 3354; x_wconf 89' lang='lat' dir='ltr'><strong>et</strong></span> 
     </span>
    </p>
   </div>
   <div class='ocr_carea' id='block_1_49' title="bbox 417 3395 1600 3463">
    <p class='ocr_par' dir='ltr' id='par_1_49' title="bbox 417 3395 1600 3463">
     <span class='ocr_line' id='line_1_49' title="bbox 417 3395 1600 3463; baseline -0.005 -11"><span class='ocrx_word' id='word_1_354' title='bbox 417 3398 640 3452; x_wconf 83' lang='lat' dir='ltr'><strong>vicissim</strong></span> <span class='ocrx_word' id='word_1_355' title='bbox 668 3398 940 3456; x_wconf 86' lang='lat' dir='ltr'><strong>tentandos</strong></span> <span class='ocrx_word' id='word_1_356' title='bbox 963 3397 1027 3451; x_wconf 88' lang='lat' dir='ltr'><strong>ab</strong></span> <span class='ocrx_word' id='word_1_357' title='bbox 1053 3397 1250 3463; x_wconf 88' lang='lat' dir='ltr'><strong>eodem,</strong></span> <span class='ocrx_word' id='word_1_358' title='bbox 1279 3395 1600 3450; x_wconf 82' lang='lat' dir='ltr'><strong>adumbrari.</strong></span> 
     </span>
    </p>
   </div>
   <div class='ocr_carea' id='block_1_50' title="bbox 283 3529 1810 3602">
    <p class='ocr_par' dir='ltr' id='par_1_50' title="bbox 283 3529 1810 3602">
     <span class='ocr_line' id='line_1_50' title="bbox 283 3529 1810 3602; baseline -0.003 -16"><span class='ocrx_word' id='word_1_359' title='bbox 283 3533 372 3588; x_wconf 80' lang='lat'><strong>55.</strong></span> <span class='ocrx_word' id='word_1_360' title='bbox 414 3531 531 3586; x_wconf 84' lang='lat' dir='ltr'><strong>Gud</strong></span> <span class='ocrx_word' id='word_1_361' title='bbox 561 3534 803 3597; x_wconf 90' lang='lat' dir='ltr'><strong>tentatio,</strong></span> <span class='ocrx_word' id='word_1_362' title='bbox 849 3534 1060 3587; x_wconf 87' lang='lat' dir='ltr'><strong>tentavit</strong></span> <span class='ocrx_word' id='word_1_363' title='bbox 1087 3549 1240 3598; x_wconf 88' lang='lat' dir='ltr'><strong>eum,</strong></span> <span class='ocrx_word' id='word_1_364' title='bbox 1275 3541 1324 3586; x_wconf 89' lang='lat' dir='ltr'><strong>et</strong></span> <span class='ocrx_word' id='word_1_365' title='bbox 1350 3533 1458 3602; x_wconf 83' lang='lat' dir='ltr'><strong>ipse</strong></span> <span class='ocrx_word' id='word_1_366' title='bbox 1483 3529 1694 3585; x_wconf 86' lang='lat' dir='ltr'><strong>tentavit</strong></span> <span class='ocrx_word' id='word_1_367' title='bbox 1726 3542 1810 3582; x_wconf 90' lang='lat' dir='ltr'><strong>eos</strong></span> 
     </span>
    </p>
   </div>
   <div class='ocr_carea' id='block_1_51' title="bbox 211 3621 1809 3699">
    <p class='ocr_par' dir='ltr' id='par_1_51' title="bbox 211 3621 1809 3699">
     <span class='ocr_line' id='line_1_51' title="bbox 211 3621 1809 3699; baseline -0.003 -19"><span class='ocrx_word' id='word_1_368' title='bbox 211 3641 357 3680; x_wconf 85' lang='lat' dir='ltr'><strong>secus</strong></span> <span class='ocrx_word' id='word_1_369' title='bbox 385 3625 537 3696; x_wconf 85' lang='lat' dir='ltr'><strong>pedes</strong></span> <span class='ocrx_word' id='word_1_370' title='bbox 554 3625 706 3699; x_wconf 83' lang='lat' dir='ltr'><strong>(Gen.</strong></span> <span class='ocrx_word' id='word_1_371' title='bbox 725 3642 870 3692; x_wconf 64' lang='grc' dir='ltr'>χιιι,</span> <span class='ocrx_word' id='word_1_372' title='bbox 891 3626 1002 3698; x_wconf 82' lang='grc'><strong>19).</strong></span> <span class='ocrx_word' id='word_1_373' title='bbox 1027 3625 1280 3680; x_wconf 87' lang='lat' dir='ltr'><strong>Tcntatio</strong></span> <span class='ocrx_word' id='word_1_374' title='bbox 1309 3634 1390 3681; x_wconf 90' lang='lat' dir='ltr'><strong>est</strong></span> <span class='ocrx_word' id='word_1_375' title='bbox 1420 3621 1809 3696; x_wconf 69' lang='lat' dir='ltr'><strong>alcongregatio</strong></span> 
     </span>
    </p>
   </div>
   <div class='ocr_carea' id='block_1_52' title="bbox 210 3716 1806 3788">
    <p class='ocr_par' dir='ltr' id='par_1_52' title="bbox 210 3716 1806 3788">
     <span class='ocr_line' id='line_1_52' title="bbox 210 3716 1806 3788; baseline -0.003 -16"><span class='ocrx_word' id='word_1_376' title='bbox 210 3728 266 3772; x_wconf 87' lang='lat' dir='ltr'><strong>et</strong></span> <span class='ocrx_word' id='word_1_377' title='bbox 313 3719 507 3773; x_wconf 85' lang='lat' dir='ltr'><strong>astutia</strong></span> <span class='ocrx_word' id='word_1_378' title='bbox 553 3719 852 3773; x_wconf 89' lang='lat' dir='ltr'><strong>scribarum</strong></span> <span class='ocrx_word' id='word_1_379' title='bbox 899 3728 952 3773; x_wconf 89' lang='lat' dir='ltr'><strong>et</strong></span> <span class='ocrx_word' id='word_1_380' title='bbox 999 3718 1338 3773; x_wconf 88' lang='lat' dir='ltr'><strong>sacerdotum</strong></span> <span class='ocrx_word' id='word_1_381' title='bbox 1385 3718 1473 3788; x_wconf 91' lang='lat' dir='ltr'><strong>qui</strong></span> <span class='ocrx_word' id='word_1_382' title='bbox 1516 3716 1806 3770; x_wconf 86' lang='lat' dir='ltr'><strong>Dominum</strong></span> 
     </span>
    </p>
   </div>
   <div class='ocr_carea' id='block_1_53' title="bbox 210 3808 1805 3877">
    <p class='ocr_par' dir='ltr' id='par_1_53' title="bbox 210 3808 1805 3877">
     <span class='ocr_line' id='line_1_53' title="bbox 210 3808 1805 3877; baseline -0.003 -13"><span class='ocrx_word' id='word_1_383' title='bbox 210 3808 396 3865; x_wconf 83' lang='lat' dir='ltr'><strong>Jesum</strong></span> <span class='ocrx_word' id='word_1_384' title='bbox 427 3809 494 3864; x_wconf 92' lang='lat' dir='ltr'><strong>de</strong></span> <span class='ocrx_word' id='word_1_385' title='bbox 522 3810 722 3864; x_wconf 88' lang='lat' dir='ltr'><strong>tributo</strong></span> <span class='ocrx_word' id='word_1_386' title='bbox 744 3810 996 3871; x_wconf 85' lang='lat' dir='ltr'><strong>Caesaris,</strong></span> <span class='ocrx_word' id='word_1_387' title='bbox 1031 3818 1085 3864; x_wconf 90' lang='lat' dir='ltr'><strong>et</strong></span> <span class='ocrx_word' id='word_1_388' title='bbox 1111 3809 1178 3864; x_wconf 88' lang='lat' dir='ltr'><strong>de</strong></span> <span class='ocrx_word' id='word_1_389' title='bbox 1204 3808 1429 3864; x_wconf 80' lang='lat' dir='ltr'><strong>Joannis</strong></span> <span class='ocrx_word' id='word_1_390' title='bbox 1463 3810 1805 3877; x_wconf 89' lang='lat' dir='ltr'><strong>baptismate,</strong></span> 
     </span>
    </p>
   </div>
   <div class='ocr_carea' id='block_1_54' title="bbox 211 3901 1807 3973">
    <p class='ocr_par' dir='ltr' id='par_1_54' title="bbox 211 3901 1807 3973">
     <span class='ocr_line' id='line_1_54' title="bbox 211 3901 1807 3973; baseline -0.003 -16"><span class='ocrx_word' id='word_1_391' title='bbox 211 3913 272 3958; x_wconf 89' lang='lat' dir='ltr'><strong>ut</strong></span> <span class='ocrx_word' id='word_1_392' title='bbox 318 3902 504 3958; x_wconf 84' lang='lat' dir='ltr'><strong>docuit</strong></span> <span class='ocrx_word' id='word_1_393' title='bbox 549 3903 826 3972; x_wconf 87' lang='lat' dir='ltr'><strong>Scriptura</strong></span> <span class='ocrx_word' id='word_1_394' title='bbox 872 3901 1090 3973; x_wconf 82' lang='lat' dir='ltr'><strong>(Matth.</strong></span> <span class='ocrx_word' id='word_1_395' title='bbox 1123 3917 1267 3963; x_wconf 67' lang='grc' dir='ltr'>χχιι,</span> <span class='ocrx_word' id='word_1_396' title='bbox 1318 3902 1440 3971; x_wconf 87' lang='lat'><strong>17),</strong></span> <span class='ocrx_word' id='word_1_397' title='bbox 1487 3901 1807 3966; x_wconf 86' lang='lat' dir='ltr'><strong>tentabant;</strong></span> 
     </span>
    </p>
   </div>
   <div class='ocr_carea' id='block_1_55' title="bbox 213 3993 1809 4071">
    <p class='ocr_par' dir='ltr' id='par_1_55' title="bbox 213 3993 1809 4071">
     <span class='ocr_line' id='line_1_55' title="bbox 213 3993 1809 4071; baseline -0.003 -21"><span class='ocrx_word' id='word_1_398' title='bbox 213 3994 412 4065; x_wconf 88' lang='lat' dir='ltr'><strong>quibus</strong></span> <span class='ocrx_word' id='word_1_399' title='bbox 452 3995 709 4049; x_wconf 88' lang='lat' dir='ltr'><strong>Dominus</strong></span> <span class='ocrx_word' id='word_1_400' title='bbox 732 3993 894 4071; x_wconf 71' lang='lat' dir='ltr'><strong>Iesus</strong></span> <span class='ocrx_word' id='word_1_401' title='bbox 933 3995 988 4049; x_wconf 89' lang='lat' dir='ltr'><strong>in</strong></span> <span class='ocrx_word' id='word_1_402' title='bbox 1028 4010 1124 4048; x_wconf 90' lang='lat' dir='ltr'><strong>sua</strong></span> <span class='ocrx_word' id='word_1_403' title='bbox 1165 3994 1362 4062; x_wconf 81' lang='lat' dir='ltr'><strong>iustitia</strong></span> <span class='ocrx_word' id='word_1_404' title='bbox 1417 4000 1809 4048; x_wconf 88' lang='lat' dir='ltr'><strong>tentamentum</strong></span> 
     </span>
    </p>
   </div>
   <div class='ocr_carea' id='block_1_56' title="bbox 212 4084 1806 4158">
    <p class='ocr_par' dir='ltr' id='par_1_56' title="bbox 212 4084 1806 4158">
     <span class='ocr_line' id='line_1_56' title="bbox 212 4084 1806 4158; baseline -0.002 -16"><span class='ocrx_word' id='word_1_405' title='bbox 212 4086 437 4145; x_wconf 80' lang='lat' dir='ltr'><strong>retorsit</strong></span> <span class='ocrx_word' id='word_1_406' title='bbox 464 4084 650 4158; x_wconf 87' lang='lat' dir='ltr'><strong>(Ibid.,</strong></span> <span class='ocrx_word' id='word_1_407' title='bbox 679 4084 769 4151; x_wconf 66' lang='grc'><strong>21,</strong></span> <span class='ocrx_word' id='word_1_408' title='bbox 794 4086 909 4158; x_wconf 77' lang='lat'><strong>‘25).</strong></span> <span class='ocrx_word' id='word_1_409' title='bbox 956 4087 1121 4142; x_wconf 85' lang='lat' dir='ltr'><strong>Secus</strong></span> <span class='ocrx_word' id='word_1_410' title='bbox 1150 4088 1323 4156; x_wconf 84' lang='lat' dir='ltr'><strong>pedes,</strong></span> <span class='ocrx_word' id='word_1_411' title='bbox 1357 4085 1459 4141; x_wconf 88' lang='lat' dir='ltr'><strong>hoc</strong></span> <span class='ocrx_word' id='word_1_412' title='bbox 1489 4095 1592 4151; x_wconf 91' lang='lat' dir='ltr'><strong>est,</strong></span> <span class='ocrx_word' id='word_1_413' title='bbox 1632 4087 1806 4140; x_wconf 88' lang='lat' dir='ltr'><strong>conti-</strong></span> 
     </span>
    </p>
   </div>
   <div class='ocr_carea' id='block_1_57' title="bbox 215 4180 1813 4252">
    <p class='ocr_par' dir='ltr' id='par_1_57' title="bbox 215 4180 1813 4252">
     <span class='ocr_line' id='line_1_57' title="bbox 215 4180 1813 4252; baseline 0 -16"><span class='ocrx_word' id='word_1_414' title='bbox 215 4197 328 4236; x_wconf 81' lang='lat' dir='ltr'><strong>nuo</strong></span> <span class='ocrx_word' id='word_1_415' title='bbox 357 4183 475 4236; x_wconf 83' lang='lat' dir='ltr'><strong>sine</strong></span> <span class='ocrx_word' id='word_1_416' title='bbox 504 4180 610 4235; x_wconf 90' lang='lat' dir='ltr'><strong>ulla</strong></span> <span class='ocrx_word' id='word_1_417' title='bbox 639 4181 1032 4236; x_wconf 85' lang='lat' dir='ltr'><strong>deliberatione</strong></span> <span class='ocrx_word' id='word_1_418' title='bbox 1071 4180 1346 4248; x_wconf 89' lang='lat' dir='ltr'><strong>referens,</strong></span> <span class='ocrx_word' id='word_1_419' title='bbox 1397 4195 1502 4252; x_wconf 91' lang='lat' dir='ltr'><strong>quo</strong></span> <span class='ocrx_word' id='word_1_420' title='bbox 1543 4189 1813 4236; x_wconf 85' lang='lat' dir='ltr'><strong>tentantes</strong></span> 
     </span>
    </p>
   </div>
   <div class='ocr_carea' id='block_1_58' title="bbox 211 4272 1811 4346">
    <p class='ocr_par' dir='ltr' id='par_1_58' title="bbox 211 4272 1811 4346">
     <span class='ocr_line' id='line_1_58' title="bbox 211 4272 1811 4346; baseline -0.003 -15"><span class='ocrx_word' id='word_1_421' title='bbox 211 4275 388 4346; x_wconf 81' lang='lat' dir='ltr'><strong>magis</strong></span> <span class='ocrx_word' id='word_1_422' title='bbox 437 4275 553 4344; x_wconf 88' lang='lat' dir='ltr'><strong>ipse</strong></span> <span class='ocrx_word' id='word_1_423' title='bbox 598 4275 982 4330; x_wconf 30' lang='lat' dir='ltr'><strong>concluderet;</strong></span> <span class='ocrx_word' id='word_1_424' title='bbox 1031 4275 1346 4330; x_wconf 89' lang='lat' dir='ltr'><strong>Dicentibns</strong></span> <span class='ocrx_word' id='word_1_425' title='bbox 1383 4276 1569 4330; x_wconf 87' lang='lat' dir='ltr'><strong>enim:</strong></span> <span class='ocrx_word' id='word_1_426' title='bbox 1618 4272 1682 4329; x_wconf 91' lang='lat' dir='ltr'><strong>In</strong></span> <span class='ocrx_word' id='word_1_427' title='bbox 1711 4291 1811 4343; x_wconf 88' lang='lat' dir='ltr'><strong>qua</strong></span> 
     </span>
    </p>
   </div>
   <div class='ocr_carea' id='block_1_59' title="bbox 213 4365 1809 4439">
    <p class='ocr_par' dir='ltr' id='par_1_59' title="bbox 213 4365 1809 4439">
     <span class='ocr_line' id='line_1_59' title="bbox 213 4365 1809 4439; baseline -0.001 -16"><span class='ocrx_word' id='word_1_428' title='bbox 213 4378 462 4438; x_wconf 80' lang='lat' dir='ltr'><strong>potestate</strong></span> <span class='ocrx_word' id='word_1_429' title='bbox 489 4367 599 4422; x_wconf 68' lang='lat' dir='ltr'><strong>haec</strong></span> <span class='ocrx_word' id='word_1_430' title='bbox 627 4369 759 4439; x_wconf 78' lang='lat' dir='ltr'><strong>facis</strong></span> <span class='ocrx_word' id='word_1_431' title='bbox 784 4369 809 4421; x_wconf 69' lang='grc' dir='ltr'><strong><em>Ρ</em></strong></span> <span class='ocrx_word' id='word_1_432' title='bbox 853 4383 960 4423; x_wconf 92' lang='lat' dir='ltr'><strong>non</strong></span> <span class='ocrx_word' id='word_1_433' title='bbox 993 4367 1062 4423; x_wconf 86' lang='lat' dir='ltr'><strong>ad</strong></span> <span class='ocrx_word' id='word_1_434' title='bbox 1091 4368 1314 4439; x_wconf 71' lang='lat' dir='ltr'><strong>quaesita</strong></span> <span class='ocrx_word' id='word_1_435' title='bbox 1349 4366 1629 4437; x_wconf 79' lang='lat' dir='ltr'><strong>respondit</strong></span> <span class='ocrx_word' id='word_1_436' title='bbox 1659 4384 1671 4431; x_wconf 93' lang='lat'><strong>;</strong></span> <span class='ocrx_word' id='word_1_437' title='bbox 1715 4365 1809 4422; x_wconf 92' lang='lat' dir='ltr'><strong>sed</strong></span> 
     </span>
    </p>
   </div>
   <div class='ocr_carea' id='block_1_60' title="bbox 215 4462 1811 4536">
    <p class='ocr_par' dir='ltr' id='par_1_60' title="bbox 215 4462 1811 4536">
     <span class='ocr_line' id='line_1_60' title="bbox 215 4462 1811 4536; baseline 0 -20"><span class='ocrx_word' id='word_1_438' title='bbox 215 4466 378 4517; x_wconf 89' lang='lat' dir='ltr'><strong>etiam</strong></span> <span class='ocrx_word' id='word_1_439' title='bbox 406 4463 519 4531; x_wconf 89' lang='lat' dir='ltr'><strong>ipse</strong></span> <span class='ocrx_word' id='word_1_440' title='bbox 549 4464 824 4532; x_wconf 86' lang='lat' dir='ltr'><strong>proposuit</strong></span> <span class='ocrx_word' id='word_1_441' title='bbox 856 4464 1043 4518; x_wconf 91' lang='lat' dir='ltr'><strong>dicens</strong></span> <span class='ocrx_word' id='word_1_442' title='bbox 1074 4481 1086 4519; x_wconf 92' lang='lat'><strong>:</strong></span> <span class='ocrx_word' id='word_1_443' title='bbox 1134 4462 1470 4535; x_wconf 87' lang='lat' dir='ltr'><strong>Interrogabo</strong></span> <span class='ocrx_word' id='word_1_444' title='bbox 1499 4473 1544 4517; x_wconf 89' lang='lat' dir='ltr'><strong>et</strong></span> <span class='ocrx_word' id='word_1_445' title='bbox 1591 4480 1682 4536; x_wconf 86' lang='lat' dir='ltr'><strong>ego</strong></span> <span class='ocrx_word' id='word_1_446' title='bbox 1724 4479 1811 4517; x_wconf 85' lang='lat' dir='ltr'><strong>vos</strong></span> 
     </span>
    </p>
   </div>
   <div class='ocr_carea' id='block_1_61' title="bbox 216 4555 1811 4629">
    <p class='ocr_par' dir='ltr' id='par_1_61' title="bbox 216 4555 1811 4629">
     <span class='ocr_line' id='line_1_61' title="bbox 216 4555 1811 4629; baseline 0.001 -20"><span class='ocrx_word' id='word_1_447' title='bbox 216 4571 380 4609; x_wconf 80' lang='lat' dir='ltr'><strong>unum</strong></span> <span class='ocrx_word' id='word_1_448' title='bbox 411 4555 612 4610; x_wconf 85' lang='lat' dir='ltr'><strong>verbum</strong></span> <span class='ocrx_word' id='word_1_449' title='bbox 636 4573 654 4610; x_wconf 89' lang='lat'><strong><em>:</em></strong></span> <span class='ocrx_word' id='word_1_450' title='bbox 693 4557 831 4628; x_wconf 82' lang='lat' dir='ltr'><strong>quod</strong></span> <span class='ocrx_word' id='word_1_451' title='bbox 871 4557 914 4611; x_wconf 86' lang='lat' dir='ltr'><strong>si</strong></span> <span class='ocrx_word' id='word_1_452' title='bbox 960 4557 1194 4611; x_wconf 73' lang='lat' dir='ltr'><strong>dixeritis</strong></span> <span class='ocrx_word' id='word_1_453' title='bbox 1241 4558 1396 4620; x_wconf 84' lang='lat' dir='ltr'><strong>mihi,</strong></span> <span class='ocrx_word' id='word_1_454' title='bbox 1453 4565 1498 4610; x_wconf 90' lang='lat' dir='ltr'><strong>et</strong></span> <span class='ocrx_word' id='word_1_455' title='bbox 1539 4573 1630 4629; x_wconf 86' lang='lat' dir='ltr'><strong>ego</strong></span> <span class='ocrx_word' id='word_1_456' title='bbox 1670 4557 1811 4612; x_wconf 83' lang='lat' dir='ltr'><strong>vobis</strong></span> 
     </span>
    </p>
   </div>
   <div class='ocr_carea' id='block_1_62' title="bbox 1907 1936 3505 2019">
    <p class='ocr_par' dir='ltr' id='par_1_62' title="bbox 1907 1936 3505 2019">
     <span class='ocr_line' id='line_1_62' title="bbox 1907 1936 3505 2019; baseline 0.009 -29"><span class='ocrx_word' id='word_1_457' title='bbox 1907 1936 2107 2008; x_wconf 87' lang='lat' dir='ltr'><strong>cipibus</strong></span> <span class='ocrx_word' id='word_1_458' title='bbox 2132 1937 2287 2012; x_wconf 79' lang='lat' dir='ltr'><strong>(Gen.</strong></span> <span class='ocrx_word' id='word_1_459' title='bbox 2314 1956 2460 2008; x_wconf 83' lang='lat' dir='ltr'><strong>xux,</strong></span> <span class='ocrx_word' id='word_1_460' title='bbox 2486 1940 2601 2013; x_wconf 60' lang='grc' dir='ltr'><strong>ευ).</strong></span> <span class='ocrx_word' id='word_1_461' title='bbox 2653 1945 2787 1999; x_wconf 87' lang='lat' dir='ltr'><strong>Aser</strong></span> <span class='ocrx_word' id='word_1_462' title='bbox 2836 1947 3284 2019; x_wconf 88' lang='lat' dir='ltr'><strong>interpretatione</strong></span> <span class='ocrx_word' id='word_1_463' title='bbox 3311 1949 3505 2005; x_wconf 85' lang='lat' dir='ltr'><strong>Latina</strong></span> 
     </span>
    </p>
   </div>
   <div class='ocr_carea' id='block_1_63' title="bbox 1905 2030 3502 2108">
    <p class='ocr_par' dir='ltr' id='par_1_63' title="bbox 1905 2030 3502 2108">
     <span class='ocr_line' id='line_1_63' title="bbox 1905 2030 3502 2108; baseline 0.008 -23"><span class='ocrx_word' id='word_1_464' title='bbox 1905 2030 2170 2102; x_wconf 86' lang='lat' dir='ltr'><strong>significat</strong></span> <span class='ocrx_word' id='word_1_465' title='bbox 2194 2032 2428 2090; x_wconf 84' lang='lat' dir='ltr'><strong>divitias.</strong></span> <span class='ocrx_word' id='word_1_466' title='bbox 2465 2035 2597 2101; x_wconf 82' lang='lat' dir='ltr'><strong>Quis</strong></span> <span class='ocrx_word' id='word_1_467' title='bbox 2629 2037 2784 2108; x_wconf 80' lang='lat' dir='ltr'><strong>igitur</strong></span> <span class='ocrx_word' id='word_1_468' title='bbox 2813 2039 2983 2108; x_wconf 84' lang='lat' dir='ltr'><strong>dives,</strong></span> <span class='ocrx_word' id='word_1_469' title='bbox 3012 2044 3115 2097; x_wconf 91' lang='lat' dir='ltr'><strong>nisi</strong></span> <span class='ocrx_word' id='word_1_470' title='bbox 3146 2045 3233 2098; x_wconf 92' lang='lat' dir='ltr'><strong>uhi</strong></span> <span class='ocrx_word' id='word_1_471' title='bbox 3269 2041 3502 2098; x_wconf 90' lang='lat' dir='ltr'><strong>altitudo</strong></span> 
     </span>
    </p>
   </div>
   <div class='ocr_carea' id='block_1_64' title="bbox 1905 2123 3502 2204">
    <p class='ocr_par' dir='ltr' id='par_1_64' title="bbox 1905 2123 3502 2204">
     <span class='ocr_line' id='line_1_64' title="bbox 1905 2123 3502 2204; baseline 0.008 -27"><span class='ocrx_word' id='word_1_472' title='bbox 1905 2123 2215 2180; x_wconf 87' lang='lat' dir='ltr'><strong>divitiarum</strong></span> <span class='ocrx_word' id='word_1_473' title='bbox 2245 2135 2327 2181; x_wconf 90' lang='lat' dir='ltr'><strong>est</strong></span> <span class='ocrx_word' id='word_1_474' title='bbox 2358 2129 2638 2198; x_wconf 62' lang='lat' dir='ltr'><strong>sapientiae</strong></span> <span class='ocrx_word' id='word_1_475' title='bbox 2668 2143 2720 2186; x_wconf 88' lang='lat' dir='ltr'><strong>et</strong></span> <span class='ocrx_word' id='word_1_476' title='bbox 2751 2132 2990 2188; x_wconf 67' lang='lat' dir='ltr'><strong>scientiae</strong></span> <span class='ocrx_word' id='word_1_477' title='bbox 3023 2135 3160 2191; x_wconf 83' lang='lat' dir='ltr'><strong>Dei?</strong></span> <span class='ocrx_word' id='word_1_478' title='bbox 3191 2136 3322 2204; x_wconf 88' lang='lat' dir='ltr'><strong>Quis</strong></span> <span class='ocrx_word' id='word_1_479' title='bbox 3345 2135 3502 2190; x_wconf 82' lang='lat' dir='ltr'><strong>dives</strong></span> 
     </span>
    </p>
   </div>
   <div class='ocr_carea' id='block_1_65' title="bbox 1908 2221 3509 2302">
    <p class='ocr_par' dir='ltr' id='par_1_65' title="bbox 1908 2221 3509 2302">
     <span class='ocr_line' id='line_1_65' title="bbox 1908 2221 3509 2302; baseline 0.005 -26"><span class='ocrx_word' id='word_1_480' title='bbox 1908 2221 2009 2276; x_wconf 81' lang='lat' dir='ltr'><strong>nisi</strong></span> <span class='ocrx_word' id='word_1_481' title='bbox 2038 2222 2299 2278; x_wconf 87' lang='lat' dir='ltr'><strong>Dominus</strong></span> <span class='ocrx_word' id='word_1_482' title='bbox 2331 2222 2490 2279; x_wconf 84' lang='lat' dir='ltr'><strong>Jesus</strong></span> <span class='ocrx_word' id='word_1_483' title='bbox 2517 2267 2532 2292; x_wconf 96' lang='lat'><strong>,</strong></span> <span class='ocrx_word' id='word_1_484' title='bbox 2581 2226 2672 2296; x_wconf 91' lang='lat' dir='ltr'><strong>qui</strong></span> <span class='ocrx_word' id='word_1_485' title='bbox 2701 2226 2938 2284; x_wconf 88' lang='lat' dir='ltr'><strong>abundat</strong></span> <span class='ocrx_word' id='word_1_486' title='bbox 2966 2244 3184 2302; x_wconf 89' lang='lat' dir='ltr'><strong>semper</strong></span> <span class='ocrx_word' id='word_1_487' title='bbox 3207 2273 3221 2298; x_wconf 95' lang='lat'><strong>,</strong></span> <span class='ocrx_word' id='word_1_488' title='bbox 3267 2239 3320 2284; x_wconf 85' lang='lat' dir='ltr'><strong>et</strong></span> <span class='ocrx_word' id='word_1_489' title='bbox 3351 2246 3509 2287; x_wconf 86' lang='lat' dir='ltr'><strong>num-</strong></span> 
     </span>
    </p>
   </div>
   <div class='ocr_carea' id='block_1_66' title="bbox 1906 2318 3510 2394">
    <p class='ocr_par' dir='ltr' id='par_1_66' title="bbox 1906 2318 3510 2394">
     <span class='ocr_line' id='line_1_66' title="bbox 1906 2318 3510 2394; baseline 0.006 -25"><span class='ocrx_word' id='word_1_490' title='bbox 1906 2333 2065 2388; x_wconf 89' lang='lat' dir='ltr'><strong>quam</strong></span> <span class='ocrx_word' id='word_1_491' title='bbox 2110 2318 2335 2374; x_wconf 87' lang='lat' dir='ltr'><strong>deficit?</strong></span> <span class='ocrx_word' id='word_1_492' title='bbox 2384 2319 2595 2392; x_wconf 79' lang='lat' dir='ltr'><strong>Pauper</strong></span> <span class='ocrx_word' id='word_1_493' title='bbox 2636 2324 2781 2378; x_wconf 87' lang='lat' dir='ltr'><strong>venit</strong></span> <span class='ocrx_word' id='word_1_494' title='bbox 2819 2325 2872 2379; x_wconf 91' lang='lat' dir='ltr'><strong>in</strong></span> <span class='ocrx_word' id='word_1_495' title='bbox 2925 2325 3066 2382; x_wconf 90' lang='lat' dir='ltr'><strong>hunc</strong></span> <span class='ocrx_word' id='word_1_496' title='bbox 3105 2326 3407 2394; x_wconf 85' lang='lat' dir='ltr'><strong>mundum,</strong></span> <span class='ocrx_word' id='word_1_497' title='bbox 3455 2334 3510 2380; x_wconf 90' lang='lat' dir='ltr'><strong>et</strong></span> 
     </span>
    </p>
   </div>
   <div class='ocr_carea' id='block_1_67' title="bbox 1905 2411 3507 2489">
    <p class='ocr_par' dir='ltr' id='par_1_67' title="bbox 1905 2411 3507 2489">
     <span class='ocr_line' id='line_1_67' title="bbox 1905 2411 3507 2489; baseline 0.006 -27"><span class='ocrx_word' id='word_1_498' title='bbox 1905 2411 2157 2467; x_wconf 87' lang='lat' dir='ltr'><strong>omnibus</strong></span> <span class='ocrx_word' id='word_1_499' title='bbox 2190 2413 2505 2482; x_wconf 85' lang='lat' dir='ltr'><strong>abundavit,</strong></span> <span class='ocrx_word' id='word_1_500' title='bbox 2541 2417 2824 2472; x_wconf 87' lang='lat' dir='ltr'><strong>universos</strong></span> <span class='ocrx_word' id='word_1_501' title='bbox 2851 2419 3102 2486; x_wconf 84' lang='lat' dir='ltr'><strong>replevit.</strong></span> <span class='ocrx_word' id='word_1_502' title='bbox 3153 2420 3396 2489; x_wconf 83' lang='lat' dir='ltr'><strong>Quantus</strong></span> <span class='ocrx_word' id='word_1_503' title='bbox 3422 2429 3507 2472; x_wconf 82' lang='lat' dir='ltr'><strong>est</strong></span> 
     </span>
    </p>
   </div>
   <div class='ocr_carea' id='block_1_68' title="bbox 1907 2502 3502 2578">
    <p class='ocr_par' dir='ltr' id='par_1_68' title="bbox 1907 2502 3502 2578">
     <span class='ocr_line' id='line_1_68' title="bbox 1907 2502 3502 2578; baseline 0.003 -22"><span class='ocrx_word' id='word_1_504' title='bbox 1907 2502 1959 2556; x_wconf 92' lang='lat' dir='ltr'><strong>in</strong></span> <span class='ocrx_word' id='word_1_505' title='bbox 1992 2502 2230 2570; x_wconf 87' lang='lat' dir='ltr'><strong>divitiis,</strong></span> <span class='ocrx_word' id='word_1_506' title='bbox 2280 2508 2369 2576; x_wconf 92' lang='lat' dir='ltr'><strong>qui</strong></span> <span class='ocrx_word' id='word_1_507' title='bbox 2419 2516 2734 2578; x_wconf 75' lang='lat' dir='ltr'><strong>paupertate</strong></span> <span class='ocrx_word' id='word_1_508' title='bbox 2761 2525 2858 2564; x_wconf 85' lang='lat' dir='ltr'><strong>soa</strong></span> <span class='ocrx_word' id='word_1_509' title='bbox 2889 2526 3077 2566; x_wconf 83' lang='lat' dir='ltr'><strong>omnes</strong></span> <span class='ocrx_word' id='word_1_510' title='bbox 3106 2511 3304 2566; x_wconf 84' lang='lat' dir='ltr'><strong>divites</strong></span> <span class='ocrx_word' id='word_1_511' title='bbox 3333 2509 3502 2566; x_wconf 85' lang='lat' dir='ltr'><strong>fecit!</strong></span> 
     </span>
    </p>
   </div>
   <div class='ocr_carea' id='block_1_69' title="bbox 1909 2595 3510 2672">
    <p class='ocr_par' dir='ltr' id='par_1_69' title="bbox 1909 2595 3510 2672">
     <span class='ocr_line' id='line_1_69' title="bbox 1909 2595 3510 2672; baseline 0.004 -21"><span class='ocrx_word' id='word_1_512' title='bbox 1909 2595 2014 2652; x_wconf 89' lang='lat' dir='ltr'><strong>Sed</strong></span> <span class='ocrx_word' id='word_1_513' title='bbox 2061 2613 2266 2669; x_wconf 91' lang='lat' dir='ltr'><strong>pauper</strong></span> <span class='ocrx_word' id='word_1_514' title='bbox 2297 2611 2520 2670; x_wconf 91' lang='lat' dir='ltr'><strong>propter</strong></span> <span class='ocrx_word' id='word_1_515' title='bbox 2551 2617 2680 2666; x_wconf 90' lang='lat' dir='ltr'><strong>nos,</strong></span> <span class='ocrx_word' id='word_1_516' title='bbox 2732 2601 2883 2656; x_wconf 81' lang='lat' dir='ltr'><strong>dives</strong></span> <span class='ocrx_word' id='word_1_517' title='bbox 2910 2617 3033 2657; x_wconf 92' lang='lat' dir='ltr'><strong>cum</strong></span> <span class='ocrx_word' id='word_1_518' title='bbox 3069 2602 3251 2659; x_wconf 83' lang='lat' dir='ltr'><strong>Patre.</strong></span> <span class='ocrx_word' id='word_1_519' title='bbox 3295 2603 3510 2672; x_wconf 85' lang='lat' dir='ltr'><strong>Pauper</strong></span> 
     </span>
    </p>
   </div>
   <div class='ocr_carea' id='block_1_70' title="bbox 1909 2689 3508 2766">
    <p class='ocr_par' dir='ltr' id='par_1_70' title="bbox 1909 2689 3508 2766">
     <span class='ocr_line' id='line_1_70' title="bbox 1909 2689 3508 2766; baseline 0.004 -25"><span class='ocrx_word' id='word_1_520' title='bbox 1909 2689 2036 2754; x_wconf 90' lang='lat' dir='ltr'><strong>ille,</strong></span> <span class='ocrx_word' id='word_1_521' title='bbox 2090 2700 2140 2744; x_wconf 91' lang='lat' dir='ltr'><strong>ut</strong></span> <span class='ocrx_word' id='word_1_522' title='bbox 2192 2707 2292 2746; x_wconf 89' lang='lat' dir='ltr'><strong>nos</strong></span> <span class='ocrx_word' id='word_1_523' title='bbox 2331 2691 2398 2746; x_wconf 87' lang='lat' dir='ltr'><strong>ah</strong></span> <span class='ocrx_word' id='word_1_524' title='bbox 2445 2693 2625 2764; x_wconf 90' lang='lat' dir='ltr'><strong>inopia</strong></span> <span class='ocrx_word' id='word_1_525' title='bbox 2653 2693 2994 2761; x_wconf 82' lang='lat' dir='ltr'><strong>vindicaret;</strong></span> <span class='ocrx_word' id='word_1_526' title='bbox 3049 2698 3187 2750; x_wconf 91' lang='lat' dir='ltr'><strong>sicut</strong></span> <span class='ocrx_word' id='word_1_527' title='bbox 3213 2696 3508 2766; x_wconf 85' lang='lat' dir='ltr'><strong>Apostolus</strong></span> 
     </span>
    </p>
   </div>
   <div class='ocr_carea' id='block_1_71' title="bbox 1909 2781 3504 2862">
    <p class='ocr_par' dir='ltr' id='par_1_71' title="bbox 1909 2781 3504 2862">
     <span class='ocr_line' id='line_1_71' title="bbox 1909 2781 3504 2862; baseline 0.004 -27"><span class='ocrx_word' id='word_1_528' title='bbox 1909 2781 2067 2837; x_wconf 81' lang='lat' dir='ltr'><strong>docet</strong></span> <span class='ocrx_word' id='word_1_529' title='bbox 2102 2782 2287 2838; x_wconf 87' lang='lat' dir='ltr'><strong>dicens</strong></span> <span class='ocrx_word' id='word_1_530' title='bbox 2323 2786 2520 2853; x_wconf 57' lang='lat' dir='ltr'><strong>:‘Quia</strong></span> <span class='ocrx_word' id='word_1_531' title='bbox 2566 2798 2778 2858; x_wconf 90' lang='lat' dir='ltr'><strong>propter</strong></span> <span class='ocrx_word' id='word_1_532' title='bbox 2826 2804 2913 2843; x_wconf 88' lang='lat' dir='ltr'><strong>vos</strong></span> <span class='ocrx_word' id='word_1_533' title='bbox 2961 2807 3160 2862; x_wconf 85' lang='lat' dir='ltr'><strong>pauper</strong></span> <span class='ocrx_word' id='word_1_534' title='bbox 3197 2799 3272 2842; x_wconf 87' lang='lat' dir='ltr'><strong>est</strong></span> <span class='ocrx_word' id='word_1_535' title='bbox 3311 2791 3504 2859; x_wconf 78' lang='lat' dir='ltr'><strong>factus,</strong></span> 
     </span>
    </p>
   </div>
   <div class='ocr_carea' id='block_1_72' title="bbox 1911 2878 3513 2962">
    <p class='ocr_par' dir='ltr' id='par_1_72' title="bbox 1911 2878 3513 2962">
     <span class='ocr_line' id='line_1_72' title="bbox 1911 2878 3513 2962; baseline 0.009 -35"><span class='ocrx_word' id='word_1_536' title='bbox 1911 2893 2025 2928; x_wconf 87' lang='lat' dir='ltr'><strong>cum</strong></span> <span class='ocrx_word' id='word_1_537' title='bbox 2066 2878 2203 2931; x_wconf 81' lang='lat' dir='ltr'><strong>dives</strong></span> <span class='ocrx_word' id='word_1_538' title='bbox 2244 2887 2414 2946; x_wconf 82' lang='lat' dir='ltr'><strong>esset;</strong></span> <span class='ocrx_word' id='word_1_539' title='bbox 2458 2889 2510 2932; x_wconf 89' lang='lat' dir='ltr'><strong>ut</strong></span> <span class='ocrx_word' id='word_1_540' title='bbox 2561 2882 2700 2936; x_wconf 89' lang='lat' dir='ltr'><strong>illius</strong></span> <span class='ocrx_word' id='word_1_541' title='bbox 2737 2883 2916 2954; x_wconf 82' lang='lat' dir='ltr'><strong>inapia</strong></span> <span class='ocrx_word' id='word_1_542' title='bbox 2959 2899 3047 2938; x_wconf 86' lang='lat' dir='ltr'><strong>vos</strong></span> <span class='ocrx_word' id='word_1_543' title='bbox 3089 2885 3387 2942; x_wconf 87' lang='lat' dir='ltr'><strong>ditaremini</strong></span> <span class='ocrx_word' id='word_1_544' title='bbox 3418 2889 3436 2962; x_wconf 91' lang='lat'><strong>(</strong></span> <span class='ocrx_word' id='word_1_545' title='bbox 3469 2887 3513 2942; x_wconf 92' lang='grc'><strong>11</strong></span> 
     </span>
    </p>
   </div>
   <div class='ocr_carea' id='block_1_73' title="bbox 1912 2965 3513 3046">
    <p class='ocr_par' dir='ltr' id='par_1_73' title="bbox 1912 2965 3513 3046">
     <span class='ocr_line' id='line_1_73' title="bbox 1912 2965 3513 3046; baseline 0.009 -28"><span class='ocrx_word' id='word_1_546' title='bbox 1912 2965 2032 3020; x_wconf 82' lang='lat' dir='ltr'><strong>Cor.</strong></span> <span class='ocrx_word' id='word_1_547' title='bbox 2067 2983 2178 3029; x_wconf 86' lang='lat' dir='ltr'><strong>vut,</strong></span> <span class='ocrx_word' id='word_1_548' title='bbox 2210 2968 2288 3039; x_wconf 90' lang='lat'><strong>9).</strong></span> <span class='ocrx_word' id='word_1_549' title='bbox 2336 2969 2501 3039; x_wconf 87' lang='lat' dir='ltr'><strong>Cujus</strong></span> <span class='ocrx_word' id='word_1_550' title='bbox 2532 2971 2708 3044; x_wconf 83' lang='lat' dir='ltr'><strong>inopia</strong></span> <span class='ocrx_word' id='word_1_551' title='bbox 2740 2973 2918 3040; x_wconf 90' lang='lat' dir='ltr'><strong>ditat,</strong></span> <span class='ocrx_word' id='word_1_552' title='bbox 2950 2983 3104 3029; x_wconf 89' lang='lat' dir='ltr'><strong>sanat</strong></span> <span class='ocrx_word' id='word_1_553' title='bbox 3134 2975 3347 3031; x_wconf 82' lang='lat' dir='ltr'><strong>ﬁmhria</strong></span> <span class='ocrx_word' id='word_1_554' title='bbox 3369 3022 3384 3046; x_wconf 86' lang='lat'><strong>,</strong></span> <span class='ocrx_word' id='word_1_555' title='bbox 3436 2979 3513 3032; x_wconf 92' lang='lat' dir='ltr'><strong>fa-</strong></span> 
     </span>
    </p>
   </div>
   <div class='ocr_carea' id='block_1_74' title="bbox 1913 3060 3512 3135">
    <p class='ocr_par' dir='ltr' id='par_1_74' title="bbox 1913 3060 3512 3135">
     <span class='ocr_line' id='line_1_74' title="bbox 1913 3060 3512 3135; baseline 0.009 -24"><span class='ocrx_word' id='word_1_556' title='bbox 1913 3073 2025 3112; x_wconf 84' lang='lat' dir='ltr'><strong>mes</strong></span> <span class='ocrx_word' id='word_1_557' title='bbox 2058 3060 2239 3125; x_wconf 86' lang='lat' dir='ltr'><strong>satiat,</strong></span> <span class='ocrx_word' id='word_1_558' title='bbox 2268 3077 2418 3116; x_wconf 91' lang='lat' dir='ltr'><strong>mors</strong></span> <span class='ocrx_word' id='word_1_559' title='bbox 2449 3062 2702 3129; x_wconf 84' lang='lat' dir='ltr'><strong>vivificat,</strong></span> <span class='ocrx_word' id='word_1_560' title='bbox 2737 3067 3010 3135; x_wconf 82' lang='lat' dir='ltr'><strong>sepultura</strong></span> <span class='ocrx_word' id='word_1_561' title='bbox 3053 3072 3360 3124; x_wconf 86' lang='lat' dir='ltr'><strong>resuscitat.</strong></span> <span class='ocrx_word' id='word_1_562' title='bbox 3411 3070 3512 3125; x_wconf 86' lang='lat' dir='ltr'><strong>llic</strong></span> 
     </span>
    </p>
   </div>
   <div class='ocr_carea' id='block_1_75' title="bbox 1912 3151 3513 3230">
    <p class='ocr_par' dir='ltr' id='par_1_75' title="bbox 1912 3151 3513 3230">
     <span class='ocr_line' id='line_1_75' title="bbox 1912 3151 3513 3230; baseline 0.007 -25"><span class='ocrx_word' id='word_1_563' title='bbox 1912 3167 2041 3222; x_wconf 86' lang='lat' dir='ltr'><strong>ergo</strong></span> <span class='ocrx_word' id='word_1_564' title='bbox 2067 3151 2218 3208; x_wconf 89' lang='lat' dir='ltr'><strong>dives</strong></span> <span class='ocrx_word' id='word_1_565' title='bbox 2249 3164 2332 3208; x_wconf 88' lang='lat' dir='ltr'><strong>est</strong></span> <span class='ocrx_word' id='word_1_566' title='bbox 2377 3153 2704 3222; x_wconf 84' lang='lat' dir='ltr'><strong>thesaurus,</strong></span> <span class='ocrx_word' id='word_1_567' title='bbox 2759 3158 2915 3227; x_wconf 92' lang='lat' dir='ltr'><strong>hujus</strong></span> <span class='ocrx_word' id='word_1_568' title='bbox 2965 3160 3176 3230; x_wconf 83' lang='lat' dir='ltr'><strong>pinguis</strong></span> <span class='ocrx_word' id='word_1_569' title='bbox 3221 3161 3393 3230; x_wconf 89' lang='lat' dir='ltr'><strong>panis.</strong></span> <span class='ocrx_word' id='word_1_570' title='bbox 3444 3163 3513 3217; x_wconf 86' lang='lat' dir='ltr'><strong>Et</strong></span> 
     </span>
    </p>
   </div>
   <div class='ocr_carea' id='block_1_76' title="bbox 1835 3243 3509 3318">
    <p class='ocr_par' dir='ltr' id='par_1_76' title="bbox 1835 3243 3509 3318">
     <span class='ocr_line' id='line_1_76' title="bbox 1835 3243 3509 3318; baseline 0.007 -21"><span class='ocrx_word' id='word_1_571' title='bbox 1835 3247 1879 3313; x_wconf 64' lang='grc' dir='ltr'><strong>(ζ</strong></span> <span class='ocrx_word' id='word_1_572' title='bbox 1915 3243 2052 3299; x_wconf 85' lang='lat' dir='ltr'><strong>bene</strong></span> <span class='ocrx_word' id='word_1_573' title='bbox 2083 3243 2294 3315; x_wconf 81' lang='lat' dir='ltr'><strong>pinguis</strong></span> <span class='ocrx_word' id='word_1_574' title='bbox 2321 3261 2478 3316; x_wconf 89' lang='lat' dir='ltr'><strong>quem</strong></span> <span class='ocrx_word' id='word_1_575' title='bbox 2521 3246 2610 3318; x_wconf 91' lang='lat' dir='ltr'><strong>qui</strong></span> <span class='ocrx_word' id='word_1_576' title='bbox 2659 3249 3097 3318; x_wconf 88' lang='lat' dir='ltr'><strong>manducaverit,</strong></span> <span class='ocrx_word' id='word_1_577' title='bbox 3145 3251 3357 3309; x_wconf 88' lang='lat' dir='ltr'><strong>esurire</strong></span> <span class='ocrx_word' id='word_1_578' title='bbox 3401 3270 3509 3308; x_wconf 92' lang='lat' dir='ltr'><strong>non</strong></span> 
     </span>
    </p>
   </div>
   <div class='ocr_carea' id='block_1_77' title="bbox 1911 3339 3512 3414">
    <p class='ocr_par' dir='ltr' id='par_1_77' title="bbox 1911 3339 3512 3414">
     <span class='ocr_line' id='line_1_77' title="bbox 1911 3339 3512 3414; baseline 0.009 -23"><span class='ocrx_word' id='word_1_579' title='bbox 1911 3340 2130 3408; x_wconf 84' lang='lat' dir='ltr'><strong>pOIerit.</strong></span> <span class='ocrx_word' id='word_1_580' title='bbox 2174 3339 2328 3394; x_wconf 88' lang='lat' dir='ltr'><strong>Hunc</strong></span> <span class='ocrx_word' id='word_1_581' title='bbox 2359 3356 2549 3411; x_wconf 89' lang='lat' dir='ltr'><strong>panem</strong></span> <span class='ocrx_word' id='word_1_582' title='bbox 2581 3342 2727 3398; x_wconf 89' lang='lat' dir='ltr'><strong>dedit</strong></span> <span class='ocrx_word' id='word_1_583' title='bbox 2770 3345 3062 3414; x_wconf 74' lang='lat' dir='ltr'><strong>aposxolis,</strong></span> <span class='ocrx_word' id='word_1_584' title='bbox 3107 3356 3165 3402; x_wconf 91' lang='lat' dir='ltr'><strong>ut</strong></span> <span class='ocrx_word' id='word_1_585' title='bbox 3205 3348 3512 3405; x_wconf 90' lang='lat' dir='ltr'><strong>dividerent</strong></span> 
     </span>
    </p>
   </div>
   <div class='ocr_carea' id='block_1_78' title="bbox 1912 3433 3510 3514">
    <p class='ocr_par' dir='ltr' id='par_1_78' title="bbox 1912 3433 3510 3514">
     <span class='ocr_line' id='line_1_78' title="bbox 1912 3433 3510 3514; baseline 0.009 -30"><span class='ocrx_word' id='word_1_586' title='bbox 1912 3433 2109 3502; x_wconf 88' lang='lat' dir='ltr'><strong>populo</strong></span> <span class='ocrx_word' id='word_1_587' title='bbox 2138 3433 2481 3489; x_wconf 82' lang='lat' dir='ltr'><strong>credentium</strong></span> <span class='ocrx_word' id='word_1_588' title='bbox 2507 3452 2521 3500; x_wconf 90' lang='lat'><strong>;</strong></span> <span class='ocrx_word' id='word_1_589' title='bbox 2569 3435 2838 3508; x_wconf 90' lang='lat' dir='ltr'><strong>hodieque</strong></span> <span class='ocrx_word' id='word_1_590' title='bbox 2865 3437 2957 3492; x_wconf 90' lang='lat' dir='ltr'><strong>dat</strong></span> <span class='ocrx_word' id='word_1_591' title='bbox 2985 3439 3141 3496; x_wconf 85' lang='lat' dir='ltr'><strong>nobis</strong></span> <span class='ocrx_word' id='word_1_592' title='bbox 3171 3458 3317 3508; x_wconf 90' lang='lat' dir='ltr'><strong>eum,</strong></span> <span class='ocrx_word' id='word_1_593' title='bbox 3349 3459 3510 3514; x_wconf 90' lang='lat' dir='ltr'><strong>quem</strong></span> 
     </span>
    </p>
   </div>
   <div class='ocr_carea' id='block_1_79' title="bbox 1912 3521 3516 3592">
    <p class='ocr_par' dir='ltr' id='par_1_79' title="bbox 1912 3521 3516 3592">
     <span class='ocr_line' id='line_1_79' title="bbox 1912 3521 3516 3592; baseline 0.01 -17"><span class='ocrx_word' id='word_1_594' title='bbox 1912 3521 2029 3592; x_wconf 87' lang='lat' dir='ltr'><strong>ipse</strong></span> <span class='ocrx_word' id='word_1_595' title='bbox 2072 3525 2317 3592; x_wconf 86' lang='lat' dir='ltr'><strong>quotidie</strong></span> <span class='ocrx_word' id='word_1_596' title='bbox 2369 3525 2628 3582; x_wconf 88' lang='lat' dir='ltr'><strong>sacerdos</strong></span> <span class='ocrx_word' id='word_1_597' title='bbox 2675 3539 2961 3586; x_wconf 88' lang='lat' dir='ltr'><strong>consecrat</strong></span> <span class='ocrx_word' id='word_1_598' title='bbox 3008 3533 3120 3588; x_wconf 92' lang='lat' dir='ltr'><strong>suis</strong></span> <span class='ocrx_word' id='word_1_599' title='bbox 3164 3533 3364 3590; x_wconf 82' lang='lat' dir='ltr'><strong>verbis.</strong></span> <span class='ocrx_word' id='word_1_600' title='bbox 3417 3535 3516 3591; x_wconf 90' lang='lat' dir='ltr'><strong>llic</strong></span> 
     </span>
    </p>
   </div>
   <div class='ocr_carea' id='block_1_80' title="bbox 1912 3621 3070 3690">
    <p class='ocr_par' dir='ltr' id='par_1_80' title="bbox 1912 3621 3070 3690">
     <span class='ocr_line' id='line_1_80' title="bbox 1912 3621 3070 3690; baseline 0.008 -17"><span class='ocrx_word' id='word_1_601' title='bbox 1912 3633 2041 3689; x_wconf 87' lang='lat' dir='ltr'><strong>ergo</strong></span> <span class='ocrx_word' id='word_1_602' title='bbox 2074 3623 2226 3690; x_wconf 87' lang='lat' dir='ltr'><strong>panis</strong></span> <span class='ocrx_word' id='word_1_603' title='bbox 2257 3621 2434 3679; x_wconf 85' lang='lat' dir='ltr'><strong>factus</strong></span> <span class='ocrx_word' id='word_1_604' title='bbox 2464 3633 2550 3679; x_wconf 87' lang='lat' dir='ltr'><strong>est.</strong></span> <span class='ocrx_word' id='word_1_605' title='bbox 2577 3640 2701 3679; x_wconf 87' lang='lat' dir='ltr'><strong>esca</strong></span> <span class='ocrx_word' id='word_1_606' title='bbox 2733 3637 3070 3684; x_wconf 88' lang='lat' dir='ltr'><strong>sanctorum.</strong></span> 
     </span>
    </p>
   </div>
   <div class='ocr_carea' id='block_1_81' title="bbox 1985 3713 3514 3796">
    <p class='ocr_par' dir='ltr' id='par_1_81' title="bbox 1985 3713 3514 3796">
     <span class='ocr_line' id='line_1_81' title="bbox 1985 3713 3514 3796; baseline 0.009 -29"><span class='ocrx_word' id='word_1_607' title='bbox 1985 3713 2072 3768; x_wconf 84' lang='lat'><strong>59.</strong></span> <span class='ocrx_word' id='word_1_608' title='bbox 2114 3714 2411 3772; x_wconf 88' lang='lat' dir='ltr'><strong>Possumus</strong></span> <span class='ocrx_word' id='word_1_609' title='bbox 2440 3726 2494 3772; x_wconf 92' lang='lat' dir='ltr'><strong>et</strong></span> <span class='ocrx_word' id='word_1_610' title='bbox 2541 3719 2715 3785; x_wconf 80' lang='lat' dir='ltr'><strong>ipsum</strong></span> <span class='ocrx_word' id='word_1_611' title='bbox 2751 3719 3037 3777; x_wconf 89' lang='lat' dir='ltr'><strong>Dominum</strong></span> <span class='ocrx_word' id='word_1_612' title='bbox 3085 3726 3372 3794; x_wconf 88' lang='lat' dir='ltr'><strong>accipere,</strong></span> <span class='ocrx_word' id='word_1_613' title='bbox 3421 3726 3514 3796; x_wconf 91' lang='lat' dir='ltr'><strong>qui</strong></span> 
     </span>
    </p>
   </div>
   <div class='ocr_carea' id='block_1_82' title="bbox 1914 3804 3514 3890">
    <p class='ocr_par' dir='ltr' id='par_1_82' title="bbox 1914 3804 3514 3890">
     <span class='ocr_line' id='line_1_82' title="bbox 1914 3804 3514 3890; baseline 0.008 -32"><span class='ocrx_word' id='word_1_614' title='bbox 1914 3804 2074 3878; x_wconf 76' lang='lat'><strong>525</strong></span> <span class='ocrx_word' id='word_1_615' title='bbox 2105 3823 2257 3862; x_wconf 78' lang='lat' dir='ltr'><strong>suam</strong></span> <span class='ocrx_word' id='word_1_616' title='bbox 2288 3825 2505 3864; x_wconf 86' lang='lat' dir='ltr'><strong>carnem</strong></span> <span class='ocrx_word' id='word_1_617' title='bbox 2542 3811 2697 3865; x_wconf 89' lang='lat' dir='ltr'><strong>nobis</strong></span> <span class='ocrx_word' id='word_1_618' title='bbox 2727 3812 2894 3876; x_wconf 89' lang='lat' dir='ltr'><strong>dedit,</strong></span> <span class='ocrx_word' id='word_1_619' title='bbox 2925 3816 3066 3868; x_wconf 90' lang='lat' dir='ltr'><strong>sicut</strong></span> <span class='ocrx_word' id='word_1_620' title='bbox 3097 3817 3213 3883; x_wconf 85' lang='lat' dir='ltr'><strong>ipse</strong></span> <span class='ocrx_word' id='word_1_621' title='bbox 3239 3817 3349 3871; x_wconf 90' lang='lat' dir='ltr'><strong>ait:</strong></span> <span class='ocrx_word' id='word_1_622' title='bbox 3399 3817 3514 3890; x_wconf 83' lang='lat' dir='ltr'><strong>Ego</strong></span> 
     </span>
    </p>
   </div>
   <div class='ocr_carea' id='block_1_83' title="bbox 1913 3900 3516 3967">
    <p class='ocr_par' dir='ltr' id='par_1_83' title="bbox 1913 3900 3516 3967">
     <span class='ocr_line' id='line_1_83' title="bbox 1913 3900 3516 3967; baseline 0.007 -15"><span class='ocrx_word' id='word_1_623' title='bbox 1913 3915 2025 3952; x_wconf 89' lang='lat' dir='ltr'><strong>sum</strong></span> <span class='ocrx_word' id='word_1_624' title='bbox 2055 3901 2206 3967; x_wconf 88' lang='lat' dir='ltr'><strong>panis</strong></span> <span class='ocrx_word' id='word_1_625' title='bbox 2237 3902 2374 3954; x_wconf 82' lang='lat' dir='ltr'><strong>vitw.</strong></span> <span class='ocrx_word' id='word_1_626' title='bbox 2430 3900 2617 3956; x_wconf 86' lang='lat' dir='ltr'><strong>Patres</strong></span> <span class='ocrx_word' id='word_1_627' title='bbox 2655 3905 2806 3956; x_wconf 87' lang='lat' dir='ltr'><strong>vestri</strong></span> <span class='ocrx_word' id='word_1_628' title='bbox 2845 3907 3289 3962; x_wconf 86' lang='lat' dir='ltr'><strong>manducaverunt</strong></span> <span class='ocrx_word' id='word_1_629' title='bbox 3325 3927 3516 3964; x_wconf 80' lang='lat' dir='ltr'><strong>ntanna</strong></span> 
     </span>
    </p>
   </div>
   <div class='ocr_carea' id='block_1_84' title="bbox 1915 3995 3518 4075">
    <p class='ocr_par' dir='ltr' id='par_1_84' title="bbox 1915 3995 3518 4075">
     <span class='ocr_line' id='line_1_84' title="bbox 1915 3995 3518 4075; baseline 0.007 -29"><span class='ocrx_word' id='word_1_630' title='bbox 1915 3995 1965 4046; x_wconf 89' lang='lat' dir='ltr'><strong>in</strong></span> <span class='ocrx_word' id='word_1_631' title='bbox 1999 3995 2199 4048; x_wconf 84' lang='lat' dir='ltr'><strong>deserto</strong></span> <span class='ocrx_word' id='word_1_632' title='bbox 2225 4035 2240 4058; x_wconf 88' lang='lat'><strong>,</strong></span> <span class='ocrx_word' id='word_1_633' title='bbox 2289 4005 2334 4048; x_wconf 88' lang='lat' dir='ltr'><strong>et</strong></span> <span class='ocrx_word' id='word_1_634' title='bbox 2375 3996 2580 4050; x_wconf 89' lang='lat' dir='ltr'><strong>mortui&#39;</strong></span> <span class='ocrx_word' id='word_1_635' title='bbox 2618 4008 2737 4053; x_wconf 85' lang='lat' dir='ltr'><strong>sunt</strong></span> <span class='ocrx_word' id='word_1_636' title='bbox 2761 4013 2778 4051; x_wconf 90' lang='grc'><strong>.·</strong></span> <span class='ocrx_word' id='word_1_637' title='bbox 2819 3999 2902 4051; x_wconf 84' lang='lat' dir='ltr'><strong>hic</strong></span> <span class='ocrx_word' id='word_1_638' title='bbox 2933 4010 3006 4054; x_wconf 90' lang='lat' dir='ltr'><strong>est</strong></span> <span class='ocrx_word' id='word_1_639' title='bbox 3034 4010 3203 4055; x_wconf 86' lang='lat' dir='ltr'><strong>autem</strong></span> <span class='ocrx_word' id='word_1_640' title='bbox 3240 4003 3392 4074; x_wconf 86' lang='lat' dir='ltr'><strong>panis</strong></span> <span class='ocrx_word' id='word_1_641' title='bbox 3429 4005 3518 4075; x_wconf 85' lang='lat' dir='ltr'><strong>qui</strong></span> 
     </span>
    </p>
   </div>
   <div class='ocr_carea' id='block_1_85' title="bbox 1915 4084 3518 4158">
    <p class='ocr_par' dir='ltr' id='par_1_85' title="bbox 1915 4084 3518 4158">
     <span class='ocr_line' id='line_1_85' title="bbox 1915 4084 3518 4158; baseline 0.009 -22"><span class='ocrx_word' id='word_1_642' title='bbox 1915 4084 1977 4137; x_wconf 90' lang='lat' dir='ltr'><strong>de</strong></span> <span class='ocrx_word' id='word_1_643' title='bbox 2003 4087 2125 4138; x_wconf 66' lang='lat' dir='ltr'><strong>caelo</strong></span> <span class='ocrx_word' id='word_1_644' title='bbox 2156 4086 2449 4152; x_wconf 86' lang='lat' dir='ltr'><strong>descendit,</strong></span> <span class='ocrx_word' id='word_1_645' title='bbox 2482 4096 2539 4141; x_wconf 87' lang='lat' dir='ltr'><strong>ut</strong></span> <span class='ocrx_word' id='word_1_646' title='bbox 2567 4089 2611 4142; x_wconf 87' lang='lat' dir='ltr'><strong>si</strong></span> <span class='ocrx_word' id='word_1_647' title='bbox 2649 4091 2761 4158; x_wconf 88' lang='lat' dir='ltr'><strong>quis</strong></span> <span class='ocrx_word' id='word_1_648' title='bbox 2782 4105 2843 4143; x_wconf 78' lang='lat' dir='ltr'><strong>ea:</strong></span> <span class='ocrx_word' id='word_1_649' title='bbox 2869 4106 2928 4146; x_wconf 88' lang='lat' dir='ltr'><strong>eo</strong></span> <span class='ocrx_word' id='word_1_650' title='bbox 2953 4093 3366 4158; x_wconf 85' lang='lat' dir='ltr'><strong>manducaverit,</strong></span> <span class='ocrx_word' id='word_1_651' title='bbox 3413 4111 3518 4150; x_wconf 87' lang='lat' dir='ltr'><strong>non</strong></span> 
     </span>
    </p>
   </div>
   <div class='ocr_carea' id='block_1_86' title="bbox 1917 4177 3517 4262">
    <p class='ocr_par' dir='ltr' id='par_1_86' title="bbox 1917 4177 3517 4262">
     <span class='ocr_line' id='line_1_86' title="bbox 1917 4177 3517 4262; baseline 0.009 -33"><span class='ocrx_word' id='word_1_652' title='bbox 1917 4179 2170 4232; x_wconf 85' lang='lat' dir='ltr'><strong>moriatur</strong></span> <span class='ocrx_word' id='word_1_653' title='bbox 2194 4177 2372 4250; x_wconf 82' lang='lat' dir='ltr'><strong>(Joau.</strong></span> <span class='ocrx_word' id='word_1_654' title='bbox 2402 4198 2473 4248; x_wconf 88' lang='lat' dir='ltr'><strong>vt,</strong></span> <span class='ocrx_word' id='word_1_655' title='bbox 2505 4182 2575 4237; x_wconf 68' lang='lat'><strong>48</strong></span> <span class='ocrx_word' id='word_1_656' title='bbox 2599 4193 2642 4236; x_wconf 87' lang='lat' dir='ltr'><strong>et</strong></span> <span class='ocrx_word' id='word_1_657' title='bbox 2666 4181 2779 4253; x_wconf 65' lang='lat'><strong>49).</strong></span> <span class='ocrx_word' id='word_1_658' title='bbox 2808 4183 2875 4239; x_wconf 86' lang='lat' dir='ltr'><strong>Et</strong></span> <span class='ocrx_word' id='word_1_659' title='bbox 2907 4201 2973 4240; x_wconf 89' lang='lat' dir='ltr'><strong>ne</strong></span> <span class='ocrx_word' id='word_1_660' title='bbox 2999 4188 3120 4256; x_wconf 86' lang='lat' dir='ltr'><strong>quis</strong></span> <span class='ocrx_word' id='word_1_661' title='bbox 3147 4198 3360 4258; x_wconf 89' lang='lat' dir='ltr'><strong>putaret</strong></span> <span class='ocrx_word' id='word_1_662' title='bbox 3389 4205 3517 4262; x_wconf 78' lang='lat' dir='ltr'><strong>quia</strong></span> 
     </span>
    </p>
   </div>
   <div class='ocr_carea' id='block_1_87' title="bbox 1915 4270 3518 4350">
    <p class='ocr_par' dir='ltr' id='par_1_87' title="bbox 1915 4270 3518 4350">
     <span class='ocr_line' id='line_1_87' title="bbox 1915 4270 3518 4350; baseline 0.009 -25"><span class='ocrx_word' id='word_1_663' title='bbox 1915 4270 1982 4326; x_wconf 90' lang='lat' dir='ltr'><strong>de</strong></span> <span class='ocrx_word' id='word_1_664' title='bbox 2009 4270 2108 4327; x_wconf 90' lang='lat' dir='ltr'><strong>hac</strong></span> <span class='ocrx_word' id='word_1_665' title='bbox 2137 4284 2310 4328; x_wconf 89' lang='lat' dir='ltr'><strong>morte</strong></span> <span class='ocrx_word' id='word_1_666' title='bbox 2338 4273 2471 4329; x_wconf 84' lang='lat' dir='ltr'><strong>dicit</strong></span> <span class='ocrx_word' id='word_1_667' title='bbox 2495 4291 2614 4344; x_wconf 76' lang='lat' dir='ltr'><strong>quze</strong></span> <span class='ocrx_word' id='word_1_668' title='bbox 2640 4291 2735 4346; x_wconf 90' lang='lat' dir='ltr'><strong>per</strong></span> <span class='ocrx_word' id='word_1_669' title='bbox 2764 4277 2957 4332; x_wconf 79' lang='lat' dir='ltr'><strong>unione</strong></span> <span class='ocrx_word' id='word_1_670' title='bbox 2984 4290 3036 4334; x_wconf 91' lang='lat' dir='ltr'><strong>et</strong></span> <span class='ocrx_word' id='word_1_671' title='bbox 3063 4282 3310 4350; x_wconf 90' lang='lat' dir='ltr'><strong>corporis</strong></span> <span class='ocrx_word' id='word_1_672' title='bbox 3337 4299 3518 4339; x_wconf 89' lang='lat' dir='ltr'><strong>seces-</strong></span> 
     </span>
    </p>
   </div>
   <div class='ocr_carea' id='block_1_88' title="bbox 1915 4364 3520 4437">
    <p class='ocr_par' dir='ltr' id='par_1_88' title="bbox 1915 4364 3520 4437">
     <span class='ocr_line' id='line_1_88' title="bbox 1915 4364 3520 4437; baseline 0.011 -22"><span class='ocrx_word' id='word_1_673' title='bbox 1915 4364 2123 4419; x_wconf 88' lang='lat' dir='ltr'><strong>sionem</strong></span> <span class='ocrx_word' id='word_1_674' title='bbox 2173 4366 2350 4430; x_wconf 90' lang='lat' dir='ltr'><strong>venit,</strong></span> <span class='ocrx_word' id='word_1_675' title='bbox 2406 4375 2458 4421; x_wconf 90' lang='lat' dir='ltr'><strong>et</strong></span> <span class='ocrx_word' id='word_1_676' title='bbox 2497 4367 2620 4436; x_wconf 89' lang='lat' dir='ltr'><strong>jure</strong></span> <span class='ocrx_word' id='word_1_677' title='bbox 2660 4367 2908 4437; x_wconf 86' lang='lat' dir='ltr'><strong>dubitet,</strong></span> <span class='ocrx_word' id='word_1_678' title='bbox 2954 4386 3076 4426; x_wconf 92' lang='lat' dir='ltr'><strong>cum</strong></span> <span class='ocrx_word' id='word_1_679' title='bbox 3125 4375 3260 4429; x_wconf 89' lang='lat' dir='ltr'><strong>sciat</strong></span> <span class='ocrx_word' id='word_1_680' title='bbox 3297 4386 3520 4433; x_wconf 86' lang='lat' dir='ltr'><strong>sanctos</strong></span> 
     </span>
    </p>
   </div>
   <div class='ocr_carea' id='block_1_89' title="bbox 1915 4456 3514 4541">
    <p class='ocr_par' dir='ltr' id='par_1_89' title="bbox 1915 4456 3514 4541">
     <span class='ocr_line' id='line_1_89' title="bbox 1915 4456 3514 4541; baseline 0.007 -31"><span class='ocrx_word' id='word_1_681' title='bbox 1915 4458 2191 4528; x_wconf 87' lang='lat' dir='ltr'><strong>apostolos</strong></span> <span class='ocrx_word' id='word_1_682' title='bbox 2232 4456 2331 4512; x_wconf 86' lang='lat' dir='ltr'><strong>hac</strong></span> <span class='ocrx_word' id='word_1_683' title='bbox 2366 4468 2538 4513; x_wconf 89' lang='lat' dir='ltr'><strong>morte</strong></span> <span class='ocrx_word' id='word_1_684' title='bbox 2576 4474 2699 4514; x_wconf 85' lang='lat' dir='ltr'><strong>esse</strong></span> <span class='ocrx_word' id='word_1_685' title='bbox 2745 4461 3060 4529; x_wconf 89' lang='lat' dir='ltr'><strong>defunctos,</strong></span> <span class='ocrx_word' id='word_1_686' title='bbox 3103 4465 3352 4520; x_wconf 89' lang='lat' dir='ltr'><strong>addidit:</strong></span> <span class='ocrx_word' id='word_1_687' title='bbox 3401 4466 3514 4541; x_wconf 84' lang='lat' dir='ltr'><strong>Ego</strong></span> 
     </span>
    </p>
   </div>
   <div class='ocr_carea' id='block_1_90' title="bbox 1915 4551 3520 4628">
    <p class='ocr_par' dir='ltr' id='par_1_90' title="bbox 1915 4551 3520 4628">
     <span class='ocr_line' id='line_1_90' title="bbox 1915 4551 3520 4628; baseline 0.007 -26"><span class='ocrx_word' id='word_1_688' title='bbox 1915 4565 2026 4602; x_wconf 88' lang='lat' dir='ltr'><strong>sum</strong></span> <span class='ocrx_word' id='word_1_689' title='bbox 2070 4551 2216 4619; x_wconf 86' lang='lat' dir='ltr'><strong>panis</strong></span> <span class='ocrx_word' id='word_1_690' title='bbox 2258 4552 2428 4616; x_wconf 86' lang='lat' dir='ltr'><strong>vivus,</strong></span> <span class='ocrx_word' id='word_1_691' title='bbox 2461 4553 2548 4622; x_wconf 89' lang='lat' dir='ltr'><strong>qui</strong></span> <span class='ocrx_word' id='word_1_692' title='bbox 2581 4551 2646 4606; x_wconf 90' lang='lat' dir='ltr'><strong>de</strong></span> <span class='ocrx_word' id='word_1_693' title='bbox 2669 4552 2798 4608; x_wconf 75' lang='lat' dir='ltr'><strong>caelo</strong></span> <span class='ocrx_word' id='word_1_694' title='bbox 2825 4555 3084 4610; x_wconf 78' lang='lat' dir='ltr'><strong>descendi.</strong></span> <span class='ocrx_word' id='word_1_695' title='bbox 3135 4559 3196 4613; x_wconf 90' lang='lat' dir='ltr'><strong>Si</strong></span> <span class='ocrx_word' id='word_1_696' title='bbox 3228 4561 3341 4628; x_wconf 89' lang='lat' dir='ltr'><strong>quis</strong></span> <span class='ocrx_word' id='word_1_697' title='bbox 3371 4577 3520 4614; x_wconf 90' lang='lat' dir='ltr'><strong>man-</strong></span> 
     </span>
    </p>
   </div>
   <div class='ocr_carea' id='block_1_91' title="bbox 216 4643 1804 4725">
    <p class='ocr_par' dir='ltr' id='par_1_91' title="bbox 216 4651 1804 4725">
     <span class='ocr_line' id='line_1_91' title="bbox 216 4651 1804 4725; baseline 0.003 -22"><span class='ocrx_word' id='word_1_698' title='bbox 216 4651 388 4704; x_wconf 85' lang='lat' dir='ltr'><strong>dicam</strong></span> <span class='ocrx_word' id='word_1_699' title='bbox 431 4652 483 4704; x_wconf 86' lang='lat' dir='ltr'><strong>in</strong></span> <span class='ocrx_word' id='word_1_700' title='bbox 517 4669 616 4721; x_wconf 86' lang='lat' dir='ltr'><strong>qua</strong></span> <span class='ocrx_word' id='word_1_701' title='bbox 644 4661 891 4724; x_wconf 86' lang='lat' dir='ltr'><strong>potestate</strong></span> <span class='ocrx_word' id='word_1_702' title='bbox 921 4651 1032 4707; x_wconf 65' lang='lat' dir='ltr'><strong>haec</strong></span> <span class='ocrx_word' id='word_1_703' title='bbox 1062 4653 1198 4724; x_wconf 77' lang='lat' dir='ltr'><strong>facio</strong></span> <span class='ocrx_word' id='word_1_704' title='bbox 1221 4651 1404 4725; x_wconf 77' lang='grc' dir='ltr'><strong>(1ὁίά.,</strong></span> <span class='ocrx_word' id='word_1_705' title='bbox 1437 4651 1555 4725; x_wconf 70' lang='grc'><strong>24).</strong></span> <span class='ocrx_word' id='word_1_706' title='bbox 1610 4653 1804 4708; x_wconf 87' lang='lat' dir='ltr'><strong>lterum</strong></span> 
     </span>
    </p>
   </div>
   <div class='ocr_carea' id='block_1_92' title="bbox 1914 4643 3515 4725">
    <p class='ocr_par' dir='ltr' id='par_1_92' title="bbox 1918 4643 3515 4724">
     <span class='ocr_line' id='line_1_92' title="bbox 1918 4643 3515 4724; baseline 0.006 -27"><span class='ocrx_word' id='word_1_707' title='bbox 1918 4643 2180 4698; x_wconf 85' lang='lat' dir='ltr'><strong>ducaverit</strong></span> <span class='ocrx_word' id='word_1_708' title='bbox 2212 4660 2273 4698; x_wconf 80' lang='lat' dir='ltr'><strong>ea:</strong></span> <span class='ocrx_word' id='word_1_709' title='bbox 2299 4644 2392 4697; x_wconf 83' lang='lat' dir='ltr'><strong>hoc</strong></span> <span class='ocrx_word' id='word_1_710' title='bbox 2411 4686 2424 4708; x_wconf 91' lang='lat'><strong>,</strong></span> <span class='ocrx_word' id='word_1_711' title='bbox 2460 4646 2585 4698; x_wconf 88' lang='lat' dir='ltr'><strong>vivet</strong></span> <span class='ocrx_word' id='word_1_712' title='bbox 2615 4645 2668 4698; x_wconf 87' lang='lat' dir='ltr'><strong>in</strong></span> <span class='ocrx_word' id='word_1_713' title='bbox 2695 4658 2942 4701; x_wconf 72' lang='lat' dir='ltr'><strong>retentum</strong></span> <span class='ocrx_word' id='word_1_714' title='bbox 2985 4647 3179 4720; x_wconf 87' lang='lat' dir='ltr'><strong>(lbid.,</strong></span> <span class='ocrx_word' id='word_1_715' title='bbox 3207 4651 3266 4707; x_wconf 88' lang='grc'><strong>51</strong></span> <span class='ocrx_word' id='word_1_716' title='bbox 3303 4662 3348 4704; x_wconf 93' lang='lat' dir='ltr'><strong>et</strong></span> <span class='ocrx_word' id='word_1_717' title='bbox 3378 4651 3472 4724; x_wconf 73' lang='lat'><strong>52)</strong></span> <span class='ocrx_word' id='word_1_718' title='bbox 3501 4670 3515 4706; x_wconf 90' lang='lat'><strong>:</strong></span> 
     </span>
    </p>
   </div>
   <div class='ocr_carea' id='block_1_93' title="bbox 213 4744 1810 4819">
    <p class='ocr_par' dir='ltr' id='par_1_93' title="bbox 213 4744 1810 4819">
     <span class='ocr_line' id='line_1_93' title="bbox 213 4744 1810 4819; baseline 0.002 -20"><span class='ocrx_word' id='word_1_719' title='bbox 213 4745 554 4801; x_wconf 81' lang='lat' dir='ltr'><strong>dicentibus:</strong></span> <span class='ocrx_word' id='word_1_720' title='bbox 577 4745 720 4800; x_wconf 86' lang='lat' dir='ltr'><strong>Licet</strong></span> <span class='ocrx_word' id='word_1_721' title='bbox 748 4747 994 4800; x_wconf 89' lang='lat' dir='ltr'><strong>tributum</strong></span> <span class='ocrx_word' id='word_1_722' title='bbox 1018 4747 1132 4800; x_wconf 74' lang='lat' dir='ltr'><strong>dari</strong></span> <span class='ocrx_word' id='word_1_723' title='bbox 1150 4744 1364 4812; x_wconf 65' lang='lat' dir='ltr'><strong>Caesari,</strong></span> <span class='ocrx_word' id='word_1_724' title='bbox 1389 4764 1454 4800; x_wconf 89' lang='lat' dir='ltr'><strong>au</strong></span> <span class='ocrx_word' id='word_1_725' title='bbox 1480 4745 1810 4819; x_wconf 54' lang='lat' dir='ltr'><strong>nouxMatth.</strong></span> 
     </span>
    </p>
   </div>
   <div class='ocr_carea' id='block_1_94' title="bbox 216 4838 1819 4911">
    <p class='ocr_par' dir='ltr' id='par_1_94' title="bbox 216 4838 1819 4911">
     <span class='ocr_line' id='line_1_94' title="bbox 216 4838 1819 4911; baseline 0.001 -18"><span class='ocrx_word' id='word_1_726' title='bbox 216 4855 347 4903; x_wconf 78' lang='lat' dir='ltr'><strong>xm,</strong></span> <span class='ocrx_word' id='word_1_727' title='bbox 386 4840 519 4909; x_wconf 87' lang='lat'><strong>17)?</strong></span> <span class='ocrx_word' id='word_1_728' title='bbox 548 4839 619 4894; x_wconf 89' lang='lat' dir='ltr'><strong>ait</strong></span> <span class='ocrx_word' id='word_1_729' title='bbox 642 4858 654 4892; x_wconf 93' lang='lat'>:</span> <span class='ocrx_word' id='word_1_730' title='bbox 679 4839 814 4907; x_wconf 84' lang='lat' dir='ltr'><strong>Quid</strong></span> <span class='ocrx_word' id='word_1_731' title='bbox 841 4858 920 4894; x_wconf 86' lang='lat' dir='ltr'><strong>me</strong></span> <span class='ocrx_word' id='word_1_732' title='bbox 944 4841 1167 4905; x_wconf 80' lang='lat' dir='ltr'><strong>tentatis,</strong></span> <span class='ocrx_word' id='word_1_733' title='bbox 1195 4839 1474 4911; x_wconf 75' lang='lat' dir='ltr'><strong>hypocrita:</strong></span> <span class='ocrx_word' id='word_1_734' title='bbox 1497 4840 1522 4892; x_wconf 70' lang='grc' dir='ltr'><strong><em>Ρ</em></strong></span> <span class='ocrx_word' id='word_1_735' title='bbox 1554 4838 1819 4895; x_wconf 85' lang='lat' dir='ltr'><strong>Ostendite</strong></span> 
     </span>
    </p>
   </div>
   <div class='ocr_carea' id='block_1_95' title="bbox 217 4934 1812 5008">
    <p class='ocr_par' dir='ltr' id='par_1_95' title="bbox 217 4934 1812 5008">
     <span class='ocr_line' id='line_1_95' title="bbox 217 4934 1812 5008; baseline 0.004 -23"><span class='ocrx_word' id='word_1_736' title='bbox 217 4935 347 4987; x_wconf 77' lang='lat' dir='ltr'><strong>mihi</strong></span> <span class='ocrx_word' id='word_1_737' title='bbox 367 4936 618 4989; x_wconf 76' lang='lat' dir='ltr'><strong>nomisma</strong></span> <span class='ocrx_word' id='word_1_738' title='bbox 640 4951 838 4989; x_wconf 87' lang='lat' dir='ltr'><strong>census.</strong></span> <span class='ocrx_word' id='word_1_739' title='bbox 857 4934 1222 4990; x_wconf 84' lang='lat' dir='ltr'><strong>Etoll&#39;erentes</strong></span> <span class='ocrx_word' id='word_1_740' title='bbox 1238 4937 1428 4990; x_wconf 91' lang='lat' dir='ltr'><strong>iterum</strong></span> <span class='ocrx_word' id='word_1_741' title='bbox 1444 4938 1812 5008; x_wconf 77' lang='lat' dir='ltr'><strong>interrogavit:</strong></span> 
     </span>
    </p>
   </div>
   <div class='ocr_carea' id='block_1_96' title="bbox 119 5025 1813 5110">
    <p class='ocr_par' dir='ltr' id='par_1_96' title="bbox 119 5025 1813 5110">
     <span class='ocr_line' id='line_1_96' title="bbox 119 5025 1813 5110; baseline 0.003 -33"><span class='ocrx_word' id='word_1_742' title='bbox 119 5107 124 5110; x_wconf 22' lang='grc' dir='ltr'><em>ι</em></span> <span class='ocrx_word' id='word_1_743' title='bbox 219 5025 384 5097; x_wconf 88' lang='lat' dir='ltr'><strong>Cujus</strong></span> <span class='ocrx_word' id='word_1_744' title='bbox 405 5037 477 5082; x_wconf 85' lang='lat' dir='ltr'><strong>est</strong></span> <span class='ocrx_word' id='word_1_745' title='bbox 504 5027 674 5096; x_wconf 83' lang='lat' dir='ltr'><strong>imago</strong></span> <span class='ocrx_word' id='word_1_746' title='bbox 695 5038 740 5082; x_wconf 90' lang='lat' dir='ltr'><strong>et</strong></span> <span class='ocrx_word' id='word_1_747' title='bbox 770 5027 1336 5100; x_wconf 71' lang='lat' dir='ltr'><strong>superscﬁptio(lbid.,</strong></span> <span class='ocrx_word' id='word_1_748' title='bbox 1357 5027 1480 5100; x_wconf 84' lang='lat'><strong>19)?</strong></span> <span class='ocrx_word' id='word_1_749' title='bbox 1513 5028 1706 5085; x_wconf 83' lang='lat' dir='ltr'><strong>Dicunt</strong></span> <span class='ocrx_word' id='word_1_750' title='bbox 1732 5029 1813 5085; x_wconf 88' lang='lat' dir='ltr'><strong>ei:</strong></span> 
     </span>
    </p>
   </div>
   <div class='ocr_carea' id='block_1_97' title="bbox 218 5117 1820 5192">
    <p class='ocr_par' dir='ltr' id='par_1_97' title="bbox 218 5117 1820 5192">
     <span class='ocr_line' id='line_1_97' title="bbox 218 5117 1820 5192; baseline 0.001 -18"><span class='ocrx_word' id='word_1_751' title='bbox 218 5117 539 5174; x_wconf 77' lang='lat' dir='ltr'><strong>Ctesarithi</strong></span> <span class='ocrx_word' id='word_1_752' title='bbox 559 5121 720 5190; x_wconf 81' lang='lat' dir='ltr'><strong>igitur</strong></span> <span class='ocrx_word' id='word_1_753' title='bbox 736 5137 829 5176; x_wconf 90' lang='lat' dir='ltr'><strong>eos</strong></span> <span class='ocrx_word' id='word_1_754' title='bbox 846 5122 1027 5192; x_wconf 88' lang='lat' dir='ltr'><strong>ligavit</strong></span> <span class='ocrx_word' id='word_1_755' title='bbox 1042 5123 1277 5190; x_wconf 91' lang='lat' dir='ltr'><strong>ipsorum</strong></span> <span class='ocrx_word' id='word_1_756' title='bbox 1293 5121 1654 5186; x_wconf 90' lang='lat' dir='ltr'><strong>sermonibus,</strong></span> <span class='ocrx_word' id='word_1_757' title='bbox 1677 5122 1820 5192; x_wconf 66' lang='lat' dir='ltr'><strong>ipso-</strong></span> 
     </span>
    </p>
   </div>
   <div class='ocr_carea' id='block_1_98' title="bbox 220 5212 1821 5284">
    <p class='ocr_par' dir='ltr' id='par_1_98' title="bbox 220 5212 1821 5284">
     <span class='ocr_line' id='line_1_98' title="bbox 220 5212 1821 5284; baseline -0.001 -14"><span class='ocrx_word' id='word_1_758' title='bbox 220 5231 340 5270; x_wconf 85' lang='lat' dir='ltr'><strong>rum</strong></span> <span class='ocrx_word' id='word_1_759' title='bbox 372 5215 705 5284; x_wconf 86' lang='lat' dir='ltr'><strong>obligatione</strong></span> <span class='ocrx_word' id='word_1_760' title='bbox 731 5216 1077 5270; x_wconf 80' lang='lat' dir='ltr'><strong>constrinxit.</strong></span> <span class='ocrx_word' id='word_1_761' title='bbox 1119 5213 1274 5270; x_wconf 81' lang='lat' dir='ltr'><strong>Tunc</strong></span> <span class='ocrx_word' id='word_1_762' title='bbox 1306 5215 1380 5270; x_wconf 90' lang='lat' dir='ltr'><strong>ait</strong></span> <span class='ocrx_word' id='word_1_763' title='bbox 1411 5213 1519 5268; x_wconf 92' lang='lat' dir='ltr'><strong>illis</strong></span> <span class='ocrx_word' id='word_1_764' title='bbox 1548 5231 1560 5267; x_wconf 90' lang='lat'><strong>:</strong></span> <span class='ocrx_word' id='word_1_765' title='bbox 1598 5212 1821 5269; x_wconf 84' lang='lat' dir='ltr'><strong>Reddite</strong></span> 
     </span>
    </p>
   </div>
   <div class='ocr_carea' id='block_1_99' title="bbox 223 5303 1819 5378">
    <p class='ocr_par' dir='ltr' id='par_1_99' title="bbox 223 5303 1819 5378">
     <span class='ocr_line' id='line_1_99' title="bbox 223 5303 1819 5378; baseline 0 -17"><span class='ocrx_word' id='word_1_766' title='bbox 223 5322 342 5378; x_wconf 87' lang='lat' dir='ltr'><strong>ergo</strong></span> <span class='ocrx_word' id='word_1_767' title='bbox 367 5324 479 5376; x_wconf 73' lang='lat' dir='ltr'><strong>quae</strong></span> <span class='ocrx_word' id='word_1_768' title='bbox 506 5317 620 5361; x_wconf 89' lang='lat' dir='ltr'><strong>sunt</strong></span> <span class='ocrx_word' id='word_1_769' title='bbox 650 5306 890 5372; x_wconf 81' lang='lat' dir='ltr'><strong>Cwsaris,</strong></span> <span class='ocrx_word' id='word_1_770' title='bbox 925 5305 1122 5361; x_wconf 66' lang='grc' dir='ltr'><strong>δαιδατὶ</strong></span> <span class='ocrx_word' id='word_1_771' title='bbox 1146 5323 1166 5368; x_wconf 86' lang='lat'><strong><em>;</em></strong></span> <span class='ocrx_word' id='word_1_772' title='bbox 1193 5317 1239 5361; x_wconf 90' lang='lat' dir='ltr'><strong>et</strong></span> <span class='ocrx_word' id='word_1_773' title='bbox 1266 5323 1380 5378; x_wconf 80' lang='lat' dir='ltr'><strong>qua:</strong></span> <span class='ocrx_word' id='word_1_774' title='bbox 1402 5317 1522 5361; x_wconf 88' lang='lat' dir='ltr'><strong>sunt</strong></span> <span class='ocrx_word' id='word_1_775' title='bbox 1549 5303 1670 5371; x_wconf 85' lang='lat' dir='ltr'><strong>Dei,</strong></span> <span class='ocrx_word' id='word_1_776' title='bbox 1711 5305 1819 5361; x_wconf 79' lang='lat' dir='ltr'><strong>Deo</strong></span> 
     </span>
    </p>
   </div>
   <div class='ocr_carea' id='block_1_100' title="bbox 227 5399 1816 5474">
    <p class='ocr_par' dir='ltr' id='par_1_100' title="bbox 227 5399 1816 5474">
     <span class='ocr_line' id='line_1_100' title="bbox 227 5399 1816 5474; baseline -0.001 -21"><span class='ocrx_word' id='word_1_777' title='bbox 227 5399 417 5474; x_wconf 68' lang='lat' dir='ltr'><strong>(Ibid,</strong></span> <span class='ocrx_word' id='word_1_778' title='bbox 440 5401 572 5470; x_wconf 65' lang='lat'><strong>“21),</strong></span> <span class='ocrx_word' id='word_1_779' title='bbox 606 5411 661 5454; x_wconf 90' lang='lat' dir='ltr'><strong>ut</strong></span> <span class='ocrx_word' id='word_1_780' title='bbox 689 5409 878 5454; x_wconf 88' lang='lat' dir='ltr'><strong>contra</strong></span> <span class='ocrx_word' id='word_1_781' title='bbox 905 5399 1065 5456; x_wconf 87' lang='lat' dir='ltr'><strong>verba</strong></span> <span class='ocrx_word' id='word_1_782' title='bbox 1093 5415 1193 5455; x_wconf 88' lang='lat' dir='ltr'><strong>sua</strong></span> <span class='ocrx_word' id='word_1_783' title='bbox 1223 5401 1410 5456; x_wconf 88' lang='lat' dir='ltr'><strong>venire</strong></span> <span class='ocrx_word' id='word_1_784' title='bbox 1436 5416 1544 5456; x_wconf 89' lang='lat' dir='ltr'><strong>non</strong></span> <span class='ocrx_word' id='word_1_785' title='bbox 1574 5408 1816 5470; x_wconf 86' lang='lat' dir='ltr'><strong>possent.</strong></span> 
     </span>
    </p>
   </div>
   <div class='ocr_carea' id='block_1_101' title="bbox 227 5491 1822 5562">
    <p class='ocr_par' dir='ltr' id='par_1_101' title="bbox 227 5491 1822 5562">
     <span class='ocr_line' id='line_1_101' title="bbox 227 5491 1822 5562; baseline -0.002 -14"><span class='ocrx_word' id='word_1_786' title='bbox 227 5492 469 5562; x_wconf 79' lang='lat' dir='ltr'><strong>Denique</strong></span> <span class='ocrx_word' id='word_1_787' title='bbox 499 5493 674 5548; x_wconf 87' lang='lat' dir='ltr'><strong>mirati</strong></span> <span class='ocrx_word' id='word_1_788' title='bbox 707 5491 956 5546; x_wconf 83' lang='lat' dir='ltr'><strong>abierunt</strong></span> <span class='ocrx_word' id='word_1_789' title='bbox 986 5492 1052 5546; x_wconf 89' lang='lat' dir='ltr'><strong>ah</strong></span> <span class='ocrx_word' id='word_1_790' title='bbox 1080 5507 1165 5548; x_wconf 91' lang='lat' dir='ltr'><strong>eo.</strong></span> <span class='ocrx_word' id='word_1_791' title='bbox 1224 5492 1329 5548; x_wconf 85' lang='lat' dir='ltr'><strong>Sed</strong></span> <span class='ocrx_word' id='word_1_792' title='bbox 1381 5508 1485 5547; x_wconf 86' lang='lat' dir='ltr'><strong>non</strong></span> <span class='ocrx_word' id='word_1_793' title='bbox 1514 5502 1599 5548; x_wconf 88' lang='lat' dir='ltr'><strong>est</strong></span> <span class='ocrx_word' id='word_1_794' title='bbox 1626 5493 1822 5547; x_wconf 89' lang='lat' dir='ltr'><strong>mirum</strong></span> 
     </span>
    </p>
   </div>
   <div class='ocr_carea' id='block_1_102' title="bbox 225 5584 1817 5656">
    <p class='ocr_par' dir='ltr' id='par_1_102' title="bbox 225 5584 1817 5656">
     <span class='ocr_line' id='line_1_102' title="bbox 225 5584 1817 5656; baseline -0.001 -16"><span class='ocrx_word' id='word_1_795' title='bbox 225 5587 270 5640; x_wconf 74' lang='lat' dir='ltr'><strong>si</strong></span> <span class='ocrx_word' id='word_1_796' title='bbox 297 5601 454 5640; x_wconf 79' lang='lat' dir='ltr'><strong>secus</strong></span> <span class='ocrx_word' id='word_1_797' title='bbox 485 5585 649 5655; x_wconf 83' lang='lat' dir='ltr'><strong>pedes</strong></span> <span class='ocrx_word' id='word_1_798' title='bbox 679 5584 1073 5653; x_wconf 83' lang='lat' dir='ltr'><strong>respondebat,</strong></span> <span class='ocrx_word' id='word_1_799' title='bbox 1107 5585 1199 5655; x_wconf 93' lang='lat' dir='ltr'><strong>qui</strong></span> <span class='ocrx_word' id='word_1_800' title='bbox 1228 5597 1352 5640; x_wconf 88' lang='lat' dir='ltr'><strong>ante</strong></span> <span class='ocrx_word' id='word_1_801' title='bbox 1385 5587 1551 5656; x_wconf 89' lang='lat' dir='ltr'><strong>pcdcs</strong></span> <span class='ocrx_word' id='word_1_802' title='bbox 1582 5585 1817 5642; x_wconf 90' lang='lat' dir='ltr'><strong>videbat.</strong></span> 
     </span>
    </p>
   </div>
   <div class='ocr_carea' id='block_1_103' title="bbox 299 5677 1818 5750">
    <p class='ocr_par' dir='ltr' id='par_1_103' title="bbox 299 5677 1818 5750">
     <span class='ocr_line' id='line_1_103' title="bbox 299 5677 1818 5750; baseline 0 -16"><span class='ocrx_word' id='word_1_803' title='bbox 299 5681 386 5734; x_wconf 79' lang='lat'><strong>56.</strong></span> <span class='ocrx_word' id='word_1_804' title='bbox 433 5678 698 5748; x_wconf 82' lang='lat' dir='ltr'><strong>Exposuit</strong></span> <span class='ocrx_word' id='word_1_805' title='bbox 727 5677 942 5749; x_wconf 82' lang='lat' dir='ltr'><strong>Moyses</strong></span> <span class='ocrx_word' id='word_1_806' title='bbox 985 5677 1264 5734; x_wconf 89' lang='lat' dir='ltr'><strong>evidenter</strong></span> <span class='ocrx_word' id='word_1_807' title='bbox 1293 5679 1431 5735; x_wconf 83' lang='lat' dir='ltr'><strong>hanc</strong></span> <span class='ocrx_word' id='word_1_808' title='bbox 1481 5679 1818 5750; x_wconf 78' lang='lat' dir='ltr'><strong>prophetiam</strong></span> 
     </span>
    </p>
   </div>
   <div class='ocr_carea' id='block_1_104' title="bbox 305 5793 1606 5866">
    <p class='ocr_par' dir='ltr' id='par_1_104' title="bbox 305 5793 1606 5866">
     <span class='ocr_line' id='line_1_104' title="bbox 305 5793 1606 5866; baseline 0.002 -17"><span class='ocrx_word' id='word_1_809' title='bbox 305 5794 486 5866; x_wconf 54' lang='lat' dir='ltr'><strong>FMss.</strong></span> <span class='ocrx_word' id='word_1_810' title='bbox 521 5793 786 5859; x_wconf 81' lang='lat' dir='ltr'><strong>nonnulli,</strong></span> <span class='ocrx_word' id='word_1_811' title='bbox 823 5795 1112 5866; x_wconf 85' lang='lat' dir='ltr'><strong>congressio</strong></span> <span class='ocrx_word' id='word_1_812' title='bbox 1157 5804 1203 5846; x_wconf 89' lang='lat' dir='ltr'><strong>et</strong></span> <span class='ocrx_word' id='word_1_813' title='bbox 1243 5797 1455 5862; x_wconf 86' lang='lat' dir='ltr'><strong>astutia,</strong></span> <span class='ocrx_word' id='word_1_814' title='bbox 1501 5805 1606 5851; x_wconf 90' lang='lat' dir='ltr'><strong>etc.</strong></span> 
     </span>
    </p>
   </div>
   <div class='ocr_carea' id='block_1_105' title="bbox 301 5865 1821 5935">
    <p class='ocr_par' dir='ltr' id='par_1_105' title="bbox 301 5865 1821 5935">
     <span class='ocr_line' id='line_1_105' title="bbox 301 5865 1821 5935; baseline 0.002 -15"><span class='ocrx_word' id='word_1_815' title='bbox 301 5865 329 5906; x_wconf 66' lang='grc' dir='ltr'>δ</span> <span class='ocrx_word' id='word_1_816' title='bbox 357 5867 498 5922; x_wconf 77' lang='lat' dir='ltr'><strong>Edit.</strong></span> <span class='ocrx_word' id='word_1_817' title='bbox 523 5877 574 5921; x_wconf 89' lang='lat' dir='ltr'><strong>et</strong></span> <span class='ocrx_word' id='word_1_818' title='bbox 596 5865 810 5935; x_wconf 81' lang='lat' dir='ltr'><strong>quidam</strong></span> <span class='ocrx_word' id='word_1_819' title='bbox 839 5865 992 5934; x_wconf 61' lang='lat' dir='ltr'><strong>mss,</strong></span> <span class='ocrx_word' id='word_1_820' title='bbox 1019 5865 1294 5921; x_wconf 81' lang='lat' dir='ltr'><strong>divisiones</strong></span> <span class='ocrx_word' id='word_1_821' title='bbox 1316 5868 1652 5922; x_wconf 87' lang='lat' dir='ltr'><strong>tentationum</strong></span> <span class='ocrx_word' id='word_1_822' title='bbox 1677 5867 1821 5923; x_wconf 86' lang='lat' dir='ltr'><strong>vidit.</strong></span> 
     </span>
    </p>
   </div>
   <div class='ocr_carea' id='block_1_106' title="bbox 1921 4738 3518 4815">
    <p class='ocr_par' dir='ltr' id='par_1_106' title="bbox 1921 4738 3518 4815">
     <span class='ocr_line' id='line_1_106' title="bbox 1921 4738 3518 4815; baseline 0.005 -23"><span class='ocrx_word' id='word_1_823' title='bbox 1921 4738 2024 4794; x_wconf 91' lang='lat' dir='ltr'><strong>hoc</strong></span> <span class='ocrx_word' id='word_1_824' title='bbox 2051 4748 2164 4802; x_wconf 87' lang='lat' dir='ltr'><strong>est,</strong></span> <span class='ocrx_word' id='word_1_825' title='bbox 2215 4755 2318 4791; x_wconf 85' lang='lat' dir='ltr'><strong>non</strong></span> <span class='ocrx_word' id='word_1_826' title='bbox 2347 4741 2415 4793; x_wconf 90' lang='lat' dir='ltr'><strong>de</strong></span> <span class='ocrx_word' id='word_1_827' title='bbox 2456 4741 2740 4808; x_wconf 75' lang='lat' dir='ltr'><strong>len&#39;tporali</strong></span> <span class='ocrx_word' id='word_1_828' title='bbox 2770 4743 2874 4795; x_wconf 90' lang='lat' dir='ltr'><strong>vita</strong></span> <span class='ocrx_word' id='word_1_829' title='bbox 2909 4743 3021 4798; x_wconf 69' lang='lat' dir='ltr'><strong>dixi</strong></span> <span class='ocrx_word' id='word_1_830' title='bbox 3063 4761 3255 4815; x_wconf 88' lang='lat' dir='ltr'><strong>supra,</strong></span> <span class='ocrx_word' id='word_1_831' title='bbox 3304 4760 3402 4799; x_wconf 90' lang='lat' dir='ltr'><strong>nec</strong></span> <span class='ocrx_word' id='word_1_832' title='bbox 3448 4746 3518 4800; x_wconf 91' lang='lat' dir='ltr'><strong>de</strong></span> 
     </span>
    </p>
   </div>
   <div class='ocr_carea' id='block_1_107' title="bbox 1921 4831 3517 4906">
    <p class='ocr_par' dir='ltr' id='par_1_107' title="bbox 1921 4831 3517 4906">
     <span class='ocr_line' id='line_1_107' title="bbox 1921 4831 3517 4906; baseline 0 -18"><span class='ocrx_word' id='word_1_833' title='bbox 1921 4842 2097 4889; x_wconf 90' lang='lat' dir='ltr'><strong>morte</strong></span> <span class='ocrx_word' id='word_1_834' title='bbox 2129 4835 2282 4887; x_wconf 90' lang='lat' dir='ltr'><strong>istius</strong></span> <span class='ocrx_word' id='word_1_835' title='bbox 2314 4831 2440 4887; x_wconf 84' lang='lat' dir='ltr'><strong>vitae</strong></span> <span class='ocrx_word' id='word_1_836' title='bbox 2464 4875 2477 4899; x_wconf 91' lang='lat'><strong>,</strong></span> <span class='ocrx_word' id='word_1_837' title='bbox 2510 4850 2614 4904; x_wconf 89' lang='lat' dir='ltr'><strong>qua</strong></span> <span class='ocrx_word' id='word_1_838' title='bbox 2642 4836 2806 4890; x_wconf 87' lang='lat' dir='ltr'><strong>etiam</strong></span> <span class='ocrx_word' id='word_1_839' title='bbox 2839 4837 2880 4890; x_wconf 93' lang='lat' dir='ltr'><strong>si</strong></span> <span class='ocrx_word' id='word_1_840' title='bbox 2914 4838 3034 4906; x_wconf 90' lang='lat' dir='ltr'><strong>quis</strong></span> <span class='ocrx_word' id='word_1_841' title='bbox 3062 4848 3306 4891; x_wconf 84' lang='lat' dir='ltr'><strong>mortuus</strong></span> <span class='ocrx_word' id='word_1_842' title='bbox 3334 4837 3517 4903; x_wconf 88' lang='lat' dir='ltr'><strong>fuerit,</strong></span> 
     </span>
    </p>
   </div>
   <div class='ocr_carea' id='block_1_108' title="bbox 1922 4925 3515 4998">
    <p class='ocr_par' dir='ltr' id='par_1_108' title="bbox 1922 4925 3515 4998">
     <span class='ocr_line' id='line_1_108' title="bbox 1922 4925 3515 4998; baseline 0.001 -18"><span class='ocrx_word' id='word_1_843' title='bbox 1922 4935 2100 4981; x_wconf 86' lang='lat' dir='ltr'><strong>tamen</strong></span> <span class='ocrx_word' id='word_1_844' title='bbox 2130 4925 2172 4978; x_wconf 88' lang='lat' dir='ltr'><strong>si</strong></span> <span class='ocrx_word' id='word_1_845' title='bbox 2207 4940 2399 4995; x_wconf 87' lang='lat' dir='ltr'><strong>panem</strong></span> <span class='ocrx_word' id='word_1_846' title='bbox 2433 4942 2613 4981; x_wconf 87' lang='lat' dir='ltr'><strong>meum</strong></span> <span class='ocrx_word' id='word_1_847' title='bbox 2643 4926 2936 4998; x_wconf 86' lang='lat' dir='ltr'><strong>acceperit,</strong></span> <span class='ocrx_word' id='word_1_848' title='bbox 2970 4928 3110 4982; x_wconf 88' lang='lat' dir='ltr'><strong>vivet</strong></span> <span class='ocrx_word' id='word_1_849' title='bbox 3142 4928 3194 4982; x_wconf 91' lang='lat' dir='ltr'><strong>in</strong></span> <span class='ocrx_word' id='word_1_850' title='bbox 3229 4938 3515 4982; x_wconf 64' lang='lat' dir='ltr'><strong>aeternum.</strong></span> 
     </span>
    </p>
   </div>
   <div class='ocr_carea' id='block_1_109' title="bbox 1921 5019 3516 5093">
    <p class='ocr_par' dir='ltr' id='par_1_109' title="bbox 1921 5019 3516 5093">
     <span class='ocr_line' id='line_1_109' title="bbox 1921 5019 3516 5093; baseline 0.001 -18"><span class='ocrx_word' id='word_1_851' title='bbox 1921 5020 2015 5076; x_wconf 87' lang='lat' dir='ltr'><strong>ille</strong></span> <span class='ocrx_word' id='word_1_852' title='bbox 2045 5020 2188 5076; x_wconf 89' lang='lat' dir='ltr'><strong>enim</strong></span> <span class='ocrx_word' id='word_1_853' title='bbox 2225 5019 2457 5090; x_wconf 89' lang='lat' dir='ltr'><strong>accipit,</strong></span> <span class='ocrx_word' id='word_1_854' title='bbox 2508 5021 2602 5089; x_wconf 90' lang='lat' dir='ltr'><strong>qui</strong></span> <span class='ocrx_word' id='word_1_855' title='bbox 2649 5023 2887 5092; x_wconf 90' lang='lat' dir='ltr'><strong>seipsum</strong></span> <span class='ocrx_word' id='word_1_856' title='bbox 2922 5022 3152 5092; x_wconf 90' lang='lat' dir='ltr'><strong>probat:</strong></span> <span class='ocrx_word' id='word_1_857' title='bbox 3200 5022 3291 5093; x_wconf 91' lang='lat' dir='ltr'><strong>qui</strong></span> <span class='ocrx_word' id='word_1_858' title='bbox 3338 5034 3516 5078; x_wconf 85' lang='lat' dir='ltr'><strong>autem</strong></span> 
     </span>
    </p>
   </div>
   <div class='ocr_carea' id='block_1_110' title="bbox 1921 5113 3522 5188">
    <p class='ocr_par' dir='ltr' id='par_1_110' title="bbox 1921 5113 3522 5188">
     <span class='ocr_line' id='line_1_110' title="bbox 1921 5113 3522 5188; baseline 0.004 -20"><span class='ocrx_word' id='word_1_859' title='bbox 1921 5113 2145 5183; x_wconf 87' lang='lat' dir='ltr'><strong>accipit,</strong></span> <span class='ocrx_word' id='word_1_860' title='bbox 2191 5129 2300 5168; x_wconf 92' lang='lat' dir='ltr'><strong>non</strong></span> <span class='ocrx_word' id='word_1_861' title='bbox 2334 5114 2595 5170; x_wconf 90' lang='lat' dir='ltr'><strong>morietur</strong></span> <span class='ocrx_word' id='word_1_862' title='bbox 2626 5116 2931 5185; x_wconf 88' lang='lat' dir='ltr'><strong>peccatoris</strong></span> <span class='ocrx_word' id='word_1_863' title='bbox 2963 5125 3172 5184; x_wconf 91' lang='lat' dir='ltr'><strong>morte,</strong></span> <span class='ocrx_word' id='word_1_864' title='bbox 3206 5117 3331 5188; x_wconf 89' lang='lat' dir='ltr'><strong>quia</strong></span> <span class='ocrx_word' id='word_1_865' title='bbox 3361 5118 3522 5188; x_wconf 86' lang='lat' dir='ltr'><strong>panis</strong></span> 
     </span>
    </p>
   </div>
   <div class='ocr_carea' id='block_1_111' title="bbox 1923 5203 3139 5280">
    <p class='ocr_par' dir='ltr' id='par_1_111' title="bbox 1923 5203 3139 5280">
     <span class='ocr_line' id='line_1_111' title="bbox 1923 5203 3139 5280; baseline 0.004 -18"><span class='ocrx_word' id='word_1_866' title='bbox 1923 5207 2009 5264; x_wconf 89' lang='lat' dir='ltr'><strong>hic</strong></span> <span class='ocrx_word' id='word_1_867' title='bbox 2040 5210 2290 5265; x_wconf 90' lang='lat' dir='ltr'><strong>remissio</strong></span> <span class='ocrx_word' id='word_1_868' title='bbox 2321 5221 2667 5280; x_wconf 88' lang='lat' dir='ltr'><strong>peccatorum</strong></span> <span class='ocrx_word' id='word_1_869' title='bbox 2697 5223 2801 5267; x_wconf 90' lang='lat' dir='ltr'><strong>est.</strong></span> <span class='ocrx_word' id='word_1_870' title='bbox 3135 5203 3139 5206; x_wconf 71' lang='grc'><em>’</em></span> 
     </span>
    </p>
   </div>
   <div class='ocr_carea' id='block_1_112' title="bbox 1990 5303 3525 5380">
    <p class='ocr_par' dir='ltr' id='par_1_112' title="bbox 1990 5303 3525 5380">
     <span class='ocr_line' id='line_1_112' title="bbox 1990 5303 3525 5380; baseline 0.007 -22"><span class='ocrx_word' id='word_1_871' title='bbox 1990 5303 2081 5360; x_wconf 70' lang='grc'><strong>40.</strong></span> <span class='ocrx_word' id='word_1_872' title='bbox 2113 5305 2324 5376; x_wconf 80' lang='lat' dir='ltr'><strong>Moyses</strong></span> <span class='ocrx_word' id='word_1_873' title='bbox 2351 5323 2566 5378; x_wconf 89' lang='lat' dir='ltr'><strong>quoque</strong></span> <span class='ocrx_word' id='word_1_874' title='bbox 2591 5307 2954 5378; x_wconf 87' lang='lat' dir='ltr'><strong>pulcherrime</strong></span> <span class='ocrx_word' id='word_1_875' title='bbox 2976 5303 3319 5380; x_wconf 83' lang='lat' dir='ltr'><strong>prophetavit</strong></span> <span class='ocrx_word' id='word_1_876' title='bbox 3348 5312 3401 5366; x_wconf 93' lang='lat' dir='ltr'><strong>in</strong></span> <span class='ocrx_word' id='word_1_877' title='bbox 3428 5312 3525 5368; x_wconf 85' lang='lat' dir='ltr'><strong>bc-</strong></span> 
     </span>
    </p>
   </div>
   <div class='ocr_carea' id='block_1_113' title="bbox 1925 5399 3526 5481">
    <p class='ocr_par' dir='ltr' id='par_1_113' title="bbox 1925 5399 3526 5481">
     <span class='ocr_line' id='line_1_113' title="bbox 1925 5399 3526 5481; baseline 0.005 -27"><span class='ocrx_word' id='word_1_878' title='bbox 1925 5399 2326 5456; x_wconf 88' lang='lat' dir='ltr'><strong>nedictionibus</strong></span> <span class='ocrx_word' id='word_1_879' title='bbox 2352 5403 2467 5457; x_wconf 89' lang='lat' dir='ltr'><strong>suis</strong></span> <span class='ocrx_word' id='word_1_880' title='bbox 2497 5403 2719 5481; x_wconf 75' lang='lat' dir='ltr'><strong>dicens:</strong></span> <span class='ocrx_word' id='word_1_881' title='bbox 2751 5401 3062 5457; x_wconf 82' lang='lat' dir='ltr'><strong>Benedictus</strong></span> <span class='ocrx_word' id='word_1_882' title='bbox 3090 5421 3124 5457; x_wconf 86' lang='lat' dir='ltr'><strong>a</strong></span> <span class='ocrx_word' id='word_1_883' title='bbox 3143 5405 3267 5475; x_wconf 77' lang='lat' dir='ltr'><strong>[iliis</strong></span> <span class='ocrx_word' id='word_1_884' title='bbox 3297 5406 3446 5472; x_wconf 83' lang='lat' dir='ltr'><strong>Aser,</strong></span> <span class='ocrx_word' id='word_1_885' title='bbox 3477 5416 3526 5462; x_wconf 90' lang='lat' dir='ltr'><strong>et</strong></span> 
     </span>
    </p>
   </div>
   <div class='ocr_carea' id='block_1_114' title="bbox 1925 5493 3522 5573">
    <p class='ocr_par' dir='ltr' id='par_1_114' title="bbox 1925 5493 3522 5573">
     <span class='ocr_line' id='line_1_114' title="bbox 1925 5493 3522 5573; baseline 0.006 -27"><span class='ocrx_word' id='word_1_886' title='bbox 1925 5493 2020 5547; x_wconf 89' lang='lat' dir='ltr'><strong>erit</strong></span> <span class='ocrx_word' id='word_1_887' title='bbox 2049 5503 2286 5562; x_wconf 82' lang='lat' dir='ltr'><strong>acceptus</strong></span> <span class='ocrx_word' id='word_1_888' title='bbox 2308 5513 2339 5548; x_wconf 90' lang='lat' dir='ltr'><strong>a</strong></span> <span class='ocrx_word' id='word_1_889' title='bbox 2360 5495 2608 5564; x_wconf 77' lang='lat' dir='ltr'><strong>fratribus</strong></span> <span class='ocrx_word' id='word_1_890' title='bbox 2636 5496 2782 5562; x_wconf 86' lang='lat' dir='ltr'><strong>suis;</strong></span> <span class='ocrx_word' id='word_1_891' title='bbox 2806 5507 2850 5549; x_wconf 90' lang='lat' dir='ltr'><strong>et</strong></span> <span class='ocrx_word' id='word_1_892' title='bbox 2878 5497 3094 5570; x_wconf 86' lang='lat' dir='ltr'><strong>iutinget</strong></span> <span class='ocrx_word' id='word_1_893' title='bbox 3123 5501 3175 5553; x_wconf 85' lang='lat' dir='ltr'><strong>in</strong></span> <span class='ocrx_word' id='word_1_894' title='bbox 3205 5502 3318 5554; x_wconf 86' lang='lat' dir='ltr'><strong>oleo</strong></span> <span class='ocrx_word' id='word_1_895' title='bbox 3342 5504 3522 5573; x_wconf 89' lang='lat' dir='ltr'><strong>pedem</strong></span> 
     </span>
    </p>
   </div>
   <div class='ocr_carea' id='block_1_115' title="bbox 1923 5592 3527 5665">
    <p class='ocr_par' dir='ltr' id='par_1_115' title="bbox 1923 5592 3527 5665">
     <span class='ocr_line' id='line_1_115' title="bbox 1923 5592 3527 5665; baseline 0.006 -23"><span class='ocrx_word' id='word_1_896' title='bbox 1923 5605 2094 5656; x_wconf 88' lang='lat' dir='ltr'><strong>suum,</strong></span> <span class='ocrx_word' id='word_1_897' title='bbox 2122 5599 2171 5646; x_wconf 88' lang='lat' dir='ltr'><strong>et</strong></span> <span class='ocrx_word' id='word_1_898' title='bbox 2187 5592 2401 5660; x_wconf 76' lang='lat' dir='ltr'><strong>ferrum,</strong></span> <span class='ocrx_word' id='word_1_899' title='bbox 2438 5599 2484 5644; x_wconf 90' lang='lat' dir='ltr'><strong>et</strong></span> <span class='ocrx_word' id='word_1_900' title='bbox 2513 5600 2935 5644; x_wconf 71' lang='lat' dir='ltr'><strong>wrameutumest</strong></span> <span class='ocrx_word' id='word_1_901' title='bbox 2958 5593 3364 5652; x_wconf 73' lang='lat' dir='ltr'><strong>calceamentqu</strong></span> <span class='ocrx_word' id='word_1_902' title='bbox 3390 5599 3527 5665; x_wconf 85' lang='lat' dir='ltr'><strong>ejus.</strong></span> 
     </span>
    </p>
   </div>
   <div class='ocr_carea' id='block_1_116' title="bbox 1925 5680 3534 5746">
    <p class='ocr_par' dir='ltr' id='par_1_116' title="bbox 1925 5680 3534 5746">
     <span class='ocr_line' id='line_1_116' title="bbox 1925 5680 3534 5746; baseline 0.004 -9"><span class='ocrx_word' id='word_1_903' title='bbox 1925 5680 1993 5746; x_wconf 77' lang='lat' dir='ltr'><strong>Et</strong></span> <span class='ocrx_word' id='word_1_904' title='bbox 2020 5683 2157 5744; x_wconf 77' lang='lat' dir='ltr'><strong>sicut</strong></span> <span class='ocrx_word' id='word_1_905' title='bbox 2181 5683 2289 5736; x_wconf 84' lang='lat' dir='ltr'><strong>dies</strong></span> <span class='ocrx_word' id='word_1_906' title='bbox 2315 5682 2392 5740; x_wconf 76' lang='lat' dir='ltr'><strong>tui</strong></span> <span class='ocrx_word' id='word_1_907' title='bbox 2417 5689 2558 5745; x_wconf 83' lang='lat' dir='ltr'><strong>sunt,</strong></span> <span class='ocrx_word' id='word_1_908' title='bbox 2587 5681 2661 5734; x_wconf 86' lang='lat' dir='ltr'><strong>sic</strong></span> <span class='ocrx_word' id='word_1_909' title='bbox 2691 5692 2713 5719; x_wconf 77' lang='grc' dir='ltr'><strong>ο</strong></span> <span class='ocrx_word' id='word_1_910' title='bbox 2746 5692 2896 5735; x_wconf 89' lang='lat' dir='ltr'><strong>erunt</strong></span> <span class='ocrx_word' id='word_1_911' title='bbox 2921 5683 3135 5740; x_wconf 76' lang='lat' dir='ltr'><strong>virtutes</strong></span> <span class='ocrx_word' id='word_1_912' title='bbox 3155 5697 3275 5743; x_wconf 65' lang='lat' dir='ltr'><strong>tum.</strong></span> <span class='ocrx_word' id='word_1_913' title='bbox 3305 5687 3431 5745; x_wconf 79' lang='lat' dir='ltr'><strong>Non</strong></span> <span class='ocrx_word' id='word_1_914' title='bbox 3459 5698 3534 5746; x_wconf 86' lang='lat' dir='ltr'><strong>est</strong></span> 
     </span>
    </p>
   </div>
   <div class='ocr_carea' id='block_1_117' title="bbox 2007 5777 3532 5881">
    <p class='ocr_par' dir='ltr' id='par_1_117' title="bbox 2007 5777 3532 5881">
     <span class='ocr_line' id='line_1_117' title="bbox 2007 5777 3532 5881; baseline 0.008 -30"><span class='ocrx_word' id='word_1_915' title='bbox 2007 5810 2031 5880; x_wconf 62' lang='grc' dir='ltr'><strong>τί</strong></span> <span class='ocrx_word' id='word_1_916' title='bbox 2061 5777 2223 5881; x_wconf 50' lang='lat' dir='ltr'><strong>Rom;</strong></span> <span class='ocrx_word' id='word_1_917' title='bbox 2267 5798 2426 5881; x_wconf 85' lang='lat' dir='ltr'><strong>cdit.,</strong></span> <span class='ocrx_word' id='word_1_918' title='bbox 2467 5797 2563 5851; x_wconf 87' lang='lat' dir='ltr'><strong>erit</strong></span> <span class='ocrx_word' id='word_1_919' title='bbox 2589 5797 2837 5868; x_wconf 71' lang='lat' dir='ltr'><strong>fortitudo</strong></span> <span class='ocrx_word' id='word_1_920' title='bbox 2865 5807 2973 5856; x_wconf 90' lang='lat' dir='ltr'><strong>tua.</strong></span> <span class='ocrx_word' id='word_1_921' title='bbox 3013 5842 3026 5855; x_wconf 95' lang='lat'><strong>.</strong></span> <span class='ocrx_word' id='word_1_922' title='bbox 3063 5839 3077 5856; x_wconf 91' lang='lat'><strong>.</strong></span> <span class='ocrx_word' id='word_1_923' title='bbox 3114 5844 3127 5858; x_wconf 96' lang='lat'><strong>.</strong></span> <span class='ocrx_word' id='word_1_924' title='bbox 3162 5814 3209 5866; x_wconf 78' lang='lat' dir='ltr'><strong>et</strong></span> <span class='ocrx_word' id='word_1_925' title='bbox 3235 5818 3462 5881; x_wconf 86' lang='lat' dir='ltr'><strong>proteget</strong></span> <span class='ocrx_word' id='word_1_926' title='bbox 3485 5819 3532 5863; x_wconf 88' lang='lat' dir='ltr'><strong>te</strong></span> 
     </span>
    </p>
   </div>
   <div class='ocr_carea' id='block_1_118' title="bbox 1934 5866 2397 5942">
    <p class='ocr_par' dir='ltr' id='par_1_118' title="bbox 1934 5866 2397 5942">
     <span class='ocr_line' id='line_1_118' title="bbox 1934 5866 2397 5942; baseline 0.004 -22"><span class='ocrx_word' id='word_1_927' title='bbox 1934 5866 2031 5924; x_wconf 88' lang='lat' dir='ltr'><strong>Dei</strong></span> <span class='ocrx_word' id='word_1_928' title='bbox 2058 5869 2397 5942; x_wconf 86' lang='lat' dir='ltr'><strong>principatus.</strong></span> 
     </span>
    </p>
   </div>
  </div>
