4066 6360
583 319 687 376 687

1903 305 2148 365 SANCTl
2185 304 2512 367 AMBROSII

3784 311 3868 370 688

579 436 851 506 quisquam
881 431 1014 487 sicut
1043 437 1117 484 est
1139 426 1282 482 Deus
1309 434 1425 480 tuus
1448 425 1501 479 in
1529 425 1677 489 caelo,
1719 424 1931 498 adjutor
1959 435 2099 488 tuus,
2132 434 2178 478 et
2206 443 2257 504 Α
2283 442 2388 496 que
2414 439 2649 495 sponsus
2678 424 2746 480 dc
2774 437 2835 479 ea
2863 423 3028 480 dicit:
3065 423 3313 490 Quantam
3329 433 3413 478 est
3447 423 3563 478 here
3586 424 3870 494 prospiciens

581 543 799 596 magnus
842 523 1097 577 Dominus
1129 521 1442 589 ﬁrmamenti
1470 535 1488 572 :
1534 527 1581 572 et
1628 526 1898 588 protegens
1948 526 1994 571 te
2043 515 2184 570 Deus

578 619 735 683 initii,
760 627 805 671 et
838 632 927 684 per
949 615 1078 669 vires
1105 611 1436 666 brachiorum
1477 612 1766 680 potentium
1801 610 1949 682 ejecit
1991 625 2020 659 a
2049 609 2185 680 {acie

581 719 670 764 tua
699 709 962 763 inimicum
991 716 1155 773 tuum,
1188 706 1402 759 dicens:
1433 702 1642 758 Pereat.
1672 701 1739 756 Et
1768 702 2074 756 inhabitabit
2105 701 2187 756 Is-

576 801 687 855 rael
717 799 884 870 ﬁdens
914 798 1060 854 solus
1091 813 1250 867 super
1289 806 1482 850 terram
1509 812 1528 850 :
1559 792 1724 849 Iacob
1751 795 1806 848 in
1844 798 2102 864 frumento
2137 802 2188 847 et

573 894 729 960 vino;
759 903 805 948 et
830 893 1014 949 caelum
1038 892 1128 946 tibi
1150 907 1266 946 cum
1291 891 1479 946 nebula
1502 891 1637 946 roris
1657 890 1752 944 erit
1779 885 1959 960 (Deut.
1994 903 2185 955 xum,

577 989 650 1045 24
673 998 722 1044 et
743 987 903 1061 seq.).

1210 1078 1442 1137 CAPUT
1481 1077 1556 1135 Χ.

573 1174 986 1234 Benedictionem
1009 1172 1374 1246 Nephthalim,
1406 1173 1641 1242 ﬁdelium
1665 1170 1894 1234 Christo,
1927 1178 2188 1240 tamquam

647 1269 738 1324 viti
767 1269 1026 1341 palmites,
1061 1266 1394 1333 haerentium,
1413 1274 1463 1321 et
1491 1267 1669 1319 mortis
1684 1263 1902 1319 vinculis
1927 1263 2190 1318 exsoluto-

570 1377 572 1380 '
644 1379 761 1418 rum
787 1364 1067 1436 imaginem
1095 1379 1226 1416 esse.

645 1457 738 1511 Η.
781 1455 1128 1525 Nephthalim
1166 1454 1283 1507 uitis
1307 1453 1546 1517 remissa,
1581 1453 1847 1522 porrigens
1887 1451 1940 1504 in
1963 1448 2189 1522 germine

575 1549 811 1604 decorem
838 1546 994 1620 (Gen.
1029 1563 1178 1611 xux,
1209 1547 1323 1617 2|).
1362 1545 1710 1601 Sarmentum
1741 1544 1866 1598 vitis
1898 1542 2042 1597 aliud
2074 1557 2191 1596 am-

575 1651 824 1711 putatur,
855 1637 1001 1708 quod
1050 1639 1268 1692 videtur
1316 1637 1528 1704 inutile,
1565 1645 1591 1673 α
1622 1651 1689 1691 ne
1718 1651 1869 1690 cassa
1901 1635 2028 1688 vitis
2067 1649 2187 1687 sar-

575 1743 889 1786 mentorum
931 1728 1297 1786 exsultatione
1339 1729 1616 1783 luxuriet:
1653 1736 1708 1782 et
1735 1726 1880 1781 aliud
1913 1727 2191 1797 paulisper

573 1824 849 1881 recidetur
877 1838 941 1879 ac
967 1820 1302 1888 remittetur,
1333 1830 1391 1876 ut
1417 1819 1649 1875 fructum
1675 1820 1888 1886 alferat,
1916 1818 2072 1888 cujus
2094 1817 2191 1872 de-

581 1934 680 1975 cus
709 1918 764 1972 in
795 1917 1148 1987 generatione
1179 1916 1509 1986 porrigitur;
1539 1913 1663 1983 quia
1693 1913 1820 1968 dum
1852 1913 1917 1967 ad
1952 1927 2187 1982 superna

574 2029 638 2069 se
667 2013 916 2083 subrigit,
947 2010 1113 2066 vitem
1141 2010 1508 2080 amplectitur,
1536 2018 1588 2064 et
1613 2008 1679 2063 ad
1703 2009 1967 2062 verticem
1993 2020 2189 2060 ascen-

577 2105 735 2172 dens,
782 2104 896 2176 iugi
946 2105 1193 2174 quaedam
1240 2104 1378 2159 colla
1430 2102 1620 2156 vitium
1676 2101 1899 2172 pretiOsi
1950 2099 2190 2169 palmitis

572 2199 740 2256 vestit
773 2199 984 2254 monili.
1019 2198 1116 2253 Est
1154 2207 1209 2254 et
1239 2198 1328 2252 ille
1365 2196 1531 2252 decus
1571 2197 1624 2250 in
1653 2194 2037 2264 generatione,
2065 2193 2192 2263 quia

576 2292 755 2366 plenis
783 2292 1096 2364 palmitibus
1127 2292 1327 2347 multos
1351 2291 1559 2345 fructus
1591 2289 1850 2345 exundet.

644 2386 735 2442 42.
769 2387 1033 2442 Decorum
1065 2386 1189 2452 hoc,
1223 2385 1318 2440 sed
1360 2385 1529 2439 multo
1553 2383 1684 2439 illud
1714 2382 2020 2454 pulchrius,
2049 2379 2194 2452 quod

577 2483 876 2539 haerentem
907 2481 1183 2550 palmitem
1206 2480 1306 2534 viti
1329 2477 1596 2549 signiﬁcat
1623 2476 2050 2547 spiritali.cujus
2097 2489 2197 2529 nos

577 2583 915 2630 sarmentum
943 2587 1152 2638 sumus,
1183 2579 1239 2625 et
1275 2571 1510 2624 fructum
1553 2568 1752 2624 afferre
1779 2583 2094 2640 possumus,
2151 2565 2198 2621 si

595 2647 914 2721 maneamus
943 2664 996 2717 in
1024 2665 1132 2718 vite
1157 2680 1171 2717 :
1201 2661 1286 2716 sin
1315 2670 1518 2725 autem,
1543 2660 1912 2731 praecidimur.

656 2758 749 2813 45.
781 2755 1016 2813 Sanctus
1061 2755 1369 2825 patriarcha
1423 2753 1770 2823 Nephthalim
1817 2762 1936 2808 erat
1987 2751 2199 2824 palmes

590 2849 898 2906 abundans.
941 2847 1097 2904 Unde
1136 2847 1350 2920 Moyses
1395 2845 1561 2901 dicit:
1607 2844 1947 2915 Nephthalim
1992 2845 2200 2899 satietas

591 2943 979 3013 accipientium,
1013 2941 1292 3013 replebitur
1326 2940 1678 2995 benedictione
1718 2956 1751 2992 a
1777 2937 2024 3004 Domino,
2061 2954 2202 2992 mare

589 3047 640 3095 et
671 3039 908 3110 Africum
934 3034 1214 3106 possidebit
1231 3031 1407 3105 (Deut.
1434 3031 1764 3103 xxxtnﬁb),
1790 3045 2074 3100 exponens
2100 3029 2204 3085 hoc

589 3132 736 3206 quod
781 3130 950 3187 Iacob
979 3130 1217 3194 dixerat,
1250 3126 1379 3196 quid
1406 3125 1478 3182 sit
1507 3127 1632 3180 vitis
1661 3124 1912 3188 remissa,
1957 3123 2062 3178 hoc
2095 3131 2201 3189 est,

591 3244 690 3300 per
722 3226 844 3282 ﬁdei
880 3225 1109 3296 gratiam
1145 3221 1378 3276 vinculis
1418 3221 1611 3275 mortis
1639 3229 1875 3274 exutus:
1911 3217 1962 3272 in
1994 3232 2102 3287 quo
2132 3217 2205 3271 si-

592 3322 876 3394 gniﬁcatur
898 3317 1128 3388 populus
1159 3316 1252 3371 Dei
1284 3314 1350 3369 ad
1380 3313 1689 3368 libertatem
1735 3311 1882 3377 ﬁdei,
1913 3319 1969 3366 et
1989 3309 2205 3365 uberta-

592 3424 706 3471 tem
754 3418 978 3466 vocatus
1010 3409 1197 3480 gratia:
1245 3415 1359 3461 toto
1407 3405 1545 3460 orbe
1592 3401 1839 3469 diffusus,
1891 3401 1981 3473 qui
2020 3402 2206 3473 jugum

598 3504 804 3562 Christi
835 3504 978 3557 bono
1005 3499 1182 3554 fructu
1211 3498 1431 3562 vestiat,
1466 3506 1520 3551 et
1542 3495 1682 3566 ligna
1709 3509 1853 3550 verte
1887 3494 2034 3548 illius
2061 3494 2211 3559 vitis,-

600 3601 707 3655 hoc
745 3606 850 3665 est,
884 3596 1141 3666 mysteria
1187 3591 1486 3647 Dominicae
1526 3589 1707 3646 crucis
1747 3588 1973 3654 ambiat,
2018 3603 2119 3643 nec
2149 3587 2214 3642 ti-

602 3699 750 3750 meat
792 3686 1152 3746 confessionis
1194 3685 1313 3756 ejus
1356 3685 1676 3756 periculum,
1714 3683 1808 3739 sed
1849 3683 2019 3754 magis
2049 3683 2212 3738 etiam

601 3790 660 3842 in
683 3779 1150 3858 persecutionibus
1179 3779 1385 3850 positus
1414 3778 1574 3850 526
1593 3775 1797 3833 Christi
1849 3776 2071 3833 nomine
2101 3775 2215 3847 gle-

602 3882 798 3937 rietur.

679 3972 771 4030 44.
803 3970 902 4028 llic
934 3977 1019 4027 est
1048 3983 1175 4026 vere
1232 3965 1496 4024 remissus
1541 3980 1570 4020 a
1620 3965 1874 4033 vinculis,
1931 3964 2023 4036 qui
2072 3965 2222 4021 nullo

603 4085 748 4127 nexu
788 4064 1090 4123 formidinis
1143 4061 1418 4134 alligetur.
1448 4059 1602 4118 Unde
1648 4069 1704 4116 et
1753 4059 2016 4131 propheta
2049 4060 2216 4116 dicit:

612 4161 840 4217 Exibunt
870 4201 886 4226 ,
929 4168 975 4213 et
1005 4155 1357 4228 tripudiabunt
1387 4155 1520 4208 sicut
1548 4153 1694 4208 vituli
1742 4154 1956 4209 resoluti
2002 4153 2220 4207 vinculis

611 4255 832 4330 (Malae.
859 4268 932 4316 tv,
953 4251 1034 4319 2).
1057 4248 1295 4318 Ideoque
1323 4249 1380 4303 in
1407 4247 1652 4317 germine
1679 4261 1778 4300 suo
1808 4245 2064 4302 decorem
2089 4261 2220 4316 por-

615 4348 762 4418 rigit,
791 4346 920 4416 quia
941 4343 994 4396 in
1017 4343 1136 4398 loco
1162 4355 1382 4412 pascua;
1407 4339 1736 4406 collocatus,
1758 4346 1814 4395 et
1838 4354 2003 4409 super
2023 4354 2220 4410 aquam

616 4435 931 4496 refectionis
961 4434 1250 4498 educatus,
1282 4446 1379 4502 per
1409 4439 1748 4486 sacramenta
1791 4430 2222 4501 regenerationis

619 4549 733 4591 suae
760 4529 1028 4602 germinat
1057 4527 1259 4581 bonum
1284 4525 1436 4580 verbi
1464 4524 1738 4589 decorem,
1771 4533 1826 4579 et
1852 4525 2145 4579 assumitur
2165 4523 2219 4578 in

2289 530 2548 587 tamquam
2571 519 3049 585 diluculum,electa
3065 519 3302 582 sicutsol,
3327 520 3576 590 speciosa
3601 519 3724 573 sicut
3748 520 3868 588 luna,

2288 612 2315 651 ιι
2339 615 2647 670 miraculum
2669 615 2800 669 sicut
2827 623 3039 669 ornatus
3071 611 3250 683 (Cant.
3287 627 3364 680 γι,
3402 610 3486 683 9).

2906 749 3136 807 CAPUT
3177 749 3266 806 XI.

2289 871 2359 926 In
2393 869 2737 926 benedicendo
2775 865 2972 936 Ioseph
3018 867 3301 939 longiorem
3348 867 3528 938 fuisse
3572 865 3764 920 beatum
3799 865 3872 922 Ja-

2365 965 2475 1028 cob,
2511 964 2631 1033 quia
2658 963 2996 1034 praeﬁgurata
3016 962 3070 1014 in
3095 977 3153 1014 eo
3177 959 3372 1015 Christi
3399 959 3612 1014 videbat
3642 961 3870 1030 mysteria.

2364 1055 2464 1111 His
2485 1072 2640 1127 porro
2662 1055 2891 1128 ejusdem
2917 1052 3282 1109 benedictionis
3295 1056 3476 1123 partes
3498 1052 3718 1124 singulae
3730 1053 3870 1123 appli-

2364 1160 2566 1204 cantur.

2363 1264 2452 1320 46.
2478 1263 2631 1319 Nunc
2651 1273 2709 1318 ut
2732 1272 3003 1335 tamquam
3021 1263 3235 1334 epilogo
3254 1261 3501 1334 quodam
3521 1260 3871 1318 concludamus

2294 1356 2608 1418 historiam,
2639 1355 2778 1410 sicut
2805 1365 2860 1409 et
2900 1355 3176 1424 Scriptura
3221 1353 3522 1419 conclusit,
3570 1354 3872 1423 prophetiam

2293 1453 2465 1508 sancti
2517 1453 2684 1508 Iacob
2733 1452 2802 1508 de
2842 1453 3012 1508 sancti
3053 1451 3255 1522 Ioseph
3300 1453 3531 1506 nomine
3561 1450 3868 1521 digeramus:

2295 1546 2466 1601 Filius
2519 1546 2850 1616 ampliandus
2901 1562 3067 1609 meus,
3114 1543 3308 1613 Ioseph
3365 1545 3523 1614 ﬁlius
3583 1542 3872 1612 ampliandas

2295 1657 2460 1705 meus,
2488 1638 2736 1693 zelandus
2768 1637 2910 1707 [ilius
2937 1654 3078 1691 meus
3119 1636 3511 1691 adolescentior
3539 1635 3611 1690 ad
3638 1651 3710 1688 me
3741 1650 3872 1688 rever-

2297 1742 2417 1786 tere.
2452 1729 2518 1784 In
2561 1748 2709 1800 quem
2735 1730 3008 1796 consilium
3052 1729 3374 1798 conferentes
3403 1728 3806 1788 maledicebant,
3837 1734 3872 1779 et

2219 1852 2269 1912 B
2293 1826 2625 1881 intendebant
2653 1826 2708 1879 in
2735 1841 2851 1878 eum
2879 1823 3091 1877 Domini
3115 1839 3315 1882 arcunt.
3345 1833 3394 1876 et
3422 1821 3644 1876 contriti
3660 1830 3768 1874 sunt
3787 1836 3871 1872 cum

2297 1919 2526 1989 potentia
2547 1935 2698 1972 arcus
2722 1934 2918 1983 eorum,
2939 1927 2985 1971 et
3007 1917 3241 1970 dissoluti
3262 1926 3382 1971 sunt
3411 1917 3564 1971 nervi
3590 1913 3871 1970 brachiorum

2298 2029 2546 2066 manuum
2585 2027 2761 2065 eorum
2790 2027 2879 2080 per
2908 2027 3116 2064 manum
3144 2011 3366 2080 potentis
3407 2007 3622 2075 Iacob;
3650 2019 3670 2046 ε
3701 2007 3871 2075 indeque

2299 2105 2569 2174 prwvaluit
2607 2101 2775 2157 Israel
2817 2120 2846 2155 a
2879 2099 2989 2156 Deo
3020 2103 3182 2174 patris
3213 2102 3310 2155 tui.
3355 2100 3427 2155 Et
3455 2098 3661 2174 adjuvit
3686 2107 3729 2152 te
3762 2095 3867 2150 Deus

2298 2215 2460 2260 meus.
2491 2208 2537 2251 et
2565 2197 2825 2251 benedixit
2855 2206 2902 2250 te
2929 2195 3278 2249 benedictione
3301 2195 3420 2249 ειειὶ
3451 2212 3485 2247 a
3516 2209 3728 2259 summa,
3749 2201 3787 2244 et
3807 2189 3870 2243 be-

2299 2291 2589 2346 nedictione
2608 2299 2758 2344 terra:
2777 2288 3012 2342 habentis
3037 2289 3233 2342 omnia.
3265 2287 3498 2359 PrOpter
3519 2286 3869 2342 benedictionem

2301 2383 2512 2438 uberum
2549 2383 2783 2436 et‘rulva:
2826 2381 3202 2436 benedictiones
3233 2383 3397 2451 patris
3435 2382 3514 2433 tui
3541 2390 3588 2434 et
3613 2379 3775 2433 matris
3796 2389 3869 2429 tua

2302 2477 2680 2549 pra'valuerunt
2709 2493 2864 2547 super
2881 2475 3254 2530 benedictiones
3281 2475 3544 2530 montium
3571 2473 3867 2530 manentium;

2305 2583 2351 2625 et
2377 2571 2634 2626 desideria
2660 2572 2873 2625 collium
2900 2581 3210 2625 teternorum
3238 2580 3388 2625 erunt
3430 2587 3592 2642 super
3625 2578 3765 2641 caput
3797 2564 3866 2618 Jo-

2303 2663 2452 2734 seph,
2485 2675 2531 2718 et
2554 2680 2709 2736 super
2732 2664 2974 2718 verticem
2995 2681 3170 2719 eorum
3196 2663 3382 2735 quibus
3414 2665 3660 2736 prwfuit,
3691 2665 3865 2733 fratrum

2307 2755 2462 2829 (Gen.
2494 2773 2644 2822 XLIX,
2667 2757 2739 2810 ‘22
2771 2768 2817 2811 et
2845 2757 3003 2830 seq.).
3277 2761 3284 2769 ’

2379 2852 2472 2906 47.
2493 2852 2623 2919 Qua:
2638 2867 2801 2906 causa
2823 2863 2906 2907 est
2919 2851 3063 2924 quod
3077 2867 3236 2924 super
3249 2867 3442 2910 omnes
3458 2844 3808 2918 ﬁliosJosepb
3822 2845 3864 2898 li-

2305 2945 2436 3000 lium
2468 2943 2694 3000 uberius
2720 2954 3038 3014 prosccutus
3069 2954 3152 3001 est
3180 2959 3354 3016 pater,
3393 2947 3502 3013 nisi
3525 2945 3648 3016 quia
3676 2939 3702 2979 ἀ
3727 2934 3864 3012 νηῆ-

2306 3048 2495 3110 gurata
2544 3038 2594 3091 in
2639 3053 2706 3094 eo
2748 3039 2856 3108 jam
2903 3037 3111 3094 Christi
3153 3039 3369 3095 videbat
3416 3036 3714 3113 mysteria?
3751 3030 3864 3089 Unde
3909 3030 3915 3042 '

2308 3131 2637 3188 benedicens
2695 3131 2848 3186 illum
2908 3132 3078 3204 magis
3130 3134 3222 3200 qui
3275 3132 3710 3204 exspectabatur,
3745 3136 3862 3194 quam

2234 3252 2279 3315 Ο
2311 3226 2463 3282 illum
2492 3227 2582 3295 qui
2614 3225 2921 3290 videbatur,
2952 3226 3027 3280 ait
3060 3243 3074 3279 :
3110 3225 3281 3280 Filius
3310 3243 3459 3282 meus
3477 3213 3860 3297 ampliandusJo-

2313 3320 2460 3392 seph.
2493 3320 2628 3389 Quis
2654 3331 2736 3376 est
2768 3321 3129 3392 ampliandus,
3160 3321 3266 3378 nisi
3287 3321 3544 3376 Christus
3568 3362 3583 3387 ,
3614 3319 3752 3386 cujus
3771 3325 3861 3384 gra-

2313 3415 2384 3469 tia
2426 3429 2643 3484 semper
2675 3423 2933 3484 augetur,
2963 3422 3018 3468 et
3049 3413 3211 3471 ﬁnem
3232 3418 3534 3485 processus
3575 3411 3652 3467 sui
3683 3421 3772 3478 nou
3795 3403 3859 3455 ha:

2315 3506 2410 3562 bet
2451 3507 2658 3578 gloria?
2686 3507 2760 3562 De
2789 3523 2896 3578 quo
2941 3518 2993 3564 et
3030 3506 3271 3564 Ioannes
3311 3508 3486 3564 dicit:
3533 3506 3686 3562 Illum
3713 3501 3861 3570 oportet

2315 3615 2558 3663 crescere,
2589 3616 2668 3655 me
2700 3610 2873 3654 autem
2898 3601 3149 3655 minorari
3175 3599 3357 3673 (Ioan.
3390 3618 3473 3668 tu,
3511 3598 3637 3667 30);
3669 3595 3771 3665 (Ιυῖῖί
3793 3601 3859 3659 iler

2317 3692 2490 3764 ipsius
2521 3693 2652 3748 illud
2693 3693 2933 3750 salutare
2971 3694 3378 3766 perfectumque
3415 3709 3616 3751 nomen
3645 3684 3860 3745 cumulata

2317 3794 2403 3841 est
2443 3789 2494 3841 in
2528 3787 2630 3843 hoc
2662 3787 2865 3843 mundo
2897 3799 2953 3844 et
2990 3788 3286 3844 abundavit
3325 3791 3522 3860 gratia.
3558 3785 3724 3858 Filius
3759 3788 3858 3830 mw

2319 3880 2681 3950 ampliandus;
2710 3890 2764 3937 et
2794 3881 2918 3938 ideo
2943 3882 3066 3952 quia
3091 3883 3352 3939 videbant
3376 3900 3503 3940 eum
3534 3889 3759 3939 crescere
3786 3869 3860 3924 fﬂ-

2320 3983 2454 4039 tres,
2478 3984 2532 4030 et
2553 3974 2794 4032 invidere
2813 3986 3116 4048 coeperunt.
3139 3975 3500 4048 lntelligibilis
3522 3984 3690 4030 autem
3708 3959 3856 4028 Ιοδίξι111

2322 4078 2378 4124 et
2424 4068 2600 4123 zelum
2633 4069 2823 4124 incidit
2855 4071 2923 4125 ab
2954 4069 3022 4126 iis
3047 4087 3184 4141 quos
3213 4072 3383 4142 magis
3412 4070 3640 4128 fovebat.
3674 4059 3859 4126 θεηῑιιυε

2321 4159 2574 4217 dicebat:
2603 4160 2729 4218 Non
2757 4164 2870 4218 veni
2897 4165 2997 4218 nisi
3035 4164 3108 4218 ad
3135 4180 3250 4219 oves
3283 4165 3514 4236 perditas
3541 4163 3709 4217 domus
3734 4144 3856 4207 Ιπαιλ

2323 4251 2539 4325 (Matth.
2575 4268 2646 4308 xv
2675 4296 2691 4323 ,
2746 4253 2862 4328 24).
2911 4257 2974 4310 Ει
3014 4255 3094 4310 illi
3132 4256 3424 4313 dicebant:
3469 4254 3729 4312 Nescimus
3760 4242 3858 4297 απάι

2322 4343 2387 4398 sit
2417 4341 2595 4415 (Ioan.
2637 4361 2714 4415 ix,
2745 4346 2860 4418 29).
2903 4346 3002 4404 Ille
3030 4349 3257 4406 curabat
3296 4364 3414 4416 eos,
3447 4359 3502 4407 et
3543 4345 3620 4403 illi
3648 4337 3858 4412 negabam

2325 4449 2470 4490 eum.

2398 4530 2489 4585 48.
2559 4528 2753 4599 Filius,
2807 4531 3000 4602 inquit,
3051 4551 3191 4590 meus
3258 4533 3646 4592 adolescentior.
3699 4525 3858 4580 liererl

615 4627 764 4682 illam
798 4619 1218 4693 pulcherrimam
1248 4615 1454 4672 Christi
1499 4617 1750 4692 gratiam,
1778 4616 1872 4688 qui
1907 4627 2088 4689 potest
2124 4632 2214 4674 ve-
2243 4644 2298 4706 Β
2327 4623 2487 4697 527
2518 4623 2941 4692 adolescentior,
2970 4627 3061 4695 qui
3092 4637 3212 4683 erat
3241 4645 3378 4700 pene
3401 4629 3616 4684 ultimus
3637 4626 3764 4678 natu.
3788 4611 3860 4665 υθ-

621 4726 892 4776 nustatem
919 4713 992 4768 ttti
1021 4712 1235 4768 decoris
1257 4726 1479 4782 augere.

687 4812 781 4870 45.
815 4809 1058 4879 Denique
1083 4819 1247 4876 super
1271 4819 1462 4861 omnes
1491 4803 1737 4870 decorus,
1770 4804 1912 4875 quod
1936 4804 2101 4861 habet
2121 4805 2218 4861 do-

618 4917 740 4975 nat;
771 4905 894 4975 quia
925 4915 1088 4957 nemo
1114 4907 1292 4970 potest
1320 4898 1526 4952 donare
1552 4898 1694 4966 quod
1723 4914 1829 4954 non
1855 4899 2035 4954 habet.
2065 4898 2219 4955 Ideo-

617 5019 723 5074 que
749 5000 957 5056 dictum
998 5003 1124 5051 est:
1170 4991 1425 5046 Dominus
1473 4992 1726 5060 regnabit,
1774 4994 2006 5048 decorent
2050 4993 2218 5048 induit

618 5095 789 5168 (Psal.
820 5107 929 5150 xcn
957 5134 970 5157 ,
1005 5089 1080 5161 l).
1115 5085 1292 5143 Induit
1336 5083 1482 5140 enim
1510 5083 1762 5140 decorem
1796 5087 2056 5143 Ecclesia:
2093 5103 2217 5158 gra-

615 5188 710 5248 tia.
744 5203 866 5259 quae
894 5185 945 5238 in
968 5182 1063 5237 illo
1095 5180 1312 5235 lavacro
1338 5177 1620 5248 deponens
1644 5177 1944 5235 foeditatem
1972 5181 2234 5238 omnium.

613 5280 959 5344 delictorum,
986 5273 1278 5345 splendore
1304 5270 1496 5342 gratiae
1526 5270 1767 5326 caelestis
1811 5273 2027 5328 enituit.
2062 5274 2218 5330 Ideo-

690 5429 716 5457 ει
740 5421 872 5476 Mss.
900 5417 1128 5486 aliquot,
1160 5428 1222 5486 ne
1251 5426 1374 5486 casu
1390 5409 1509 5486 uitis
1529 5417 1923 5486 sarmentgrum,
1948 5418 2054 5486 etc.

683 5491 712 5530 δ
738 5492 876 5546 Edit.
905 5479 1040 5552 vet'.,
1059 5479 1330 5547 mirabilis,
1357 5479 1938 5552 sicutornatusaﬂomq
1967 5482 2218 5536 mirabilis

613 5562 742 5616 sicut
772 5560 1044 5614 ordinatio.
1085 5555 1299 5626 Mssaut
1330 5568 1426 5608 nos
1453 5551 1508 5606 in
1540 5559 1707 5626 textu.
1739 5551 1883 5605 LXX
1909 5568 2060 5626 vero,
2091 5555 2216 5626 θάμ-

619 5635 728 5703 ϐος,
757 5637 824 5692 ὡς
847 5631 1164 5703 τεταγμέναι.
1209 5625 1416 5703 Pavor,_
1446 5633 1502 5677 ut
1524 5624 1795 5703 ordinatae,
1824 5623 2030 5703 supple
2058 5623 2213 5678 acies.

617 5702 770 5758 Unde
821 5696 1186 5772 Symtt't'aclttts
1214 5700 1288 5752 ita
1332 5696 1828 5772 ΙιζψεὲιμεῌᾷῖτίᾳδοϐοςΔ
1859 5699 1926 5756 ὡς
1971 5698 2216 5772 τ-ᾁγματα

617 5766 980 5848 παρεμϐοἷῶη
1003 5781 1059 5826 et
1082 5768 1336 5838 Vulgata,
1371 5766 1637 5821 Terribilis
1665 5766 1718 5820 ut
1748 5768 1883 5821 acies
1913 5766 2175 5821 vrdinata.

690 5857 710 5882 ε
747 5847 800 5898 In
832 5845 937 5898 hoc
964 5842 1082 5896 loco
1125 5854 1259 5894 mss.
1299 5846 1356 5894 et
1395 5846 1504 5894 ant.
1537 5838 1670 5895 edit.
1695 5836 1869 5895 ferme
1911 5853 2019 5896 non
2054 5838 2175 5898 diﬂ'e

690 5857 710 5882 ε
747 5849 800 5898 In
832 5849 937 5898 hoc
964 5849 1082 5896 loco
1125 5854 1259 5894 mss.
1299 5849 1356 5894 et
1395 5849 1504 5894 ant.
1537 5849 1670 5895 edtt.
1695 5849 1869 5895 terme
1911 5853 2019 5896 non
2054 5849 2214 5898 αισθ-

2321 4717 2487 4786 nique
2507 4729 2557 4770 et
2585 4717 2863 4787 Scriptura
2891 4718 3052 4774 dicit:
3068 4712 3284 4777 Amabat
3304 4741 3421 4779 eum
3437 4720 3614 4783 Iacob.
3635 4713 3738 4788 quia
3755 4704 3858 4776 iw”

2320 4808 2590 4863 senectutis
2629 4819 2741 4863 erat
2784 4810 2864 4864 illi
2907 4808 3063 4884 (Gen.
3103 4829 3312 4882 xxxvii,
3340 4817 3417 4886 5).
3461 4811 3610 4886 Quod
3638 4806 3775 4864 etiam
3811 4789 3859 4848 ad

2319 4900 2592 4956 Christum
2620 4901 2874 4958 refertur.
2929 4903 3252 4961 Senescenti
3291 4909 3435 4962 enim
3473 4903 3664 4962 mundo
3700 4907 3744 4952 el
3775 4891 3856 4960 iam

2325 4993 2592 5049 occidenti
2613 4995 2935 5052 illucescens
2956 4998 3045 5052 Dei
3071 4999 3238 5054 Filius
3261 5016 3354 5069 per
3369 5001 3548 5056 Maria:
3565 4990 3759 5064 virginis
3769 4993 3858 5052 Pa"

2328 5100 2458 5155 tum,
2482 5105 2636 5145 serus
2665 5091 2906 5157 advenit,
2939 5092 3096 5161 quasi
3125 5092 3266 5148 ﬁlius
3291 5093 3580 5149 senectutis
3613 5075 3853 5141 secundum

2330 5191 2352 5218 ο
2379 5187 2774 5239 sacramentum
2799 5187 3040 5256 suscepit
3061 5201 3280 5259 corpus,
3303 5188 3396 5259 qui
3419 5199 3535 5245 erat
3561 5191 3682 5240 ante
3702 5164 3856 5232 secula

2325 5290 2541 5347 semper
2570 5278 2712 5348 apud
2741 5279 2978 5337 Patrem.

2326 5414 2602 5494 ﬂint,-nisl
2623 5416 2772 5494 quod
2787 5417 2892 5494 ubi
2919 5418 2972 5474 in
3005 5419 3090 5476 his
3117 5421 3336 5492 legitur,
3367 5422 3468 5479 Ille
3481 5422 3567 5494 qui
3588 5403 3857 5494 ναυαγῷ-(ξ

2326 5482 2436 5565 _De_o
2465 5482 2797 5565 Israfl'patri
2827 5499 2961 5565 tuo:
2993 5505 3046 5547 et
3092 5495 3145 5548 in
3171 5482 3349 5550 VRont'.
3381 5537 3392 5549 .
3428 5535 3441 5549 .
3574 5482 3703 5565 pater
3733 5482 3856 5565 tuus:

2323 5554 2527 5639 habent
2570 5541 2782 5639 illorum
3381 5541 3855 5639 Indequ'ehprwvaltt“

2323 5625 2495 5698 Israel
2516 5645 2546 5680 a
2567 5625 2681 5681 Deo
2711 5625 2874 5698 patris
2899 5625 2993 5690 tui.

2394 5696 2423 5786 (ξ
2455 5699 2600 5786 lliss.
2620 5696 2888 5786 nonnulli,
2922 5707 3063 5786 ineo
3093 5701 3798 5786 prce/igurentia‘Christinte-lc;

2401 5771 2526 5854 cita
2557 5783 2686 5824 mss.
2717 5759 2915 5842 praeter
2941 5759 3064 5835 vati.
3654 5759 3855 5854 edidit

2321 5840 2473 5911 bent,
2506 5834 2882 5903 sacramentum
2902 5834 3604 5927 suscepti—corporis.’l’orro
3623 5834 3851 5903 διουπάκω
