4066 6360
265 368 384 426 689

979 367 1069 426 DE
1107 367 1725 428 BENEDICTIONIBUS
1761 369 2365 429 PATRIARCHARUM
2403 369 2610 428 LIBER
2653 370 2852 429 UNUS.

3479 371 3585 430 690

349 483 440 540 £9.
473 482 630 542 Unde
675 483 809 541 dicit
836 484 905 540 ad
951 500 1076 542 eum
1128 484 1326 540 Pater:
1355 484 1437 538 Ad
1480 501 1561 539 me
1602 493 1875 551 revertere,
1904 488 1959 552 Α
1983 485 2148 558 528
2175 499 2299 541 cum
2339 501 2507 542 unum
2547 500 2657 541 non
2699 483 2978 552 delinitur,
3007 492 3064 543 et
3098 501 3262 542 unum
3293 487 3477 542 omnia
3504 502 3590 543 so-

264 591 480 633 vocans
508 592 630 633 eum
660 579 728 633 ad
757 578 955 634 caelum
979 578 1048 634 de
1077 579 1234 634 terris
1257 619 1272 644 ,
1301 591 1460 648 quem
1489 586 1711 647 propter
1746 590 1872 632 nos-

266 678 420 727 tram
473 671 704 728 salutem
758 674 1000 729 miserat.
1047 672 1230 744 Itaque
1297 671 1628 726 resuscitans
1677 669 1871 725 Filium

267 781 436 821 suum
478 767 836 838 unigenitum,
885 768 1166 823 evacnavit
1207 765 1497 822 consilium
1544 765 1873 821 maledicen-

268 859 438 914 tium.
473 860 628 916 Unde
671 869 723 916 et
754 860 943 915 Esaias
969 860 1138 915 dicit:
1175 858 1379 914 Vanum
1416 860 1690 914 concilium
1720 860 1875 929 spiri-

265 960 360 1006 tus
381 954 532 1007 vestri
552 953 724 1022 (Esai.
750 969 860 1016 xix,
894 953 1004 1024 ll).
1033 952 1099 1007 Et
1127 955 1371 1008 convicta
1402 969 1521 1022 quae
1547 953 1698 1024 quasi
1724 952 1876 1021 jacu—

265 1044 456 1102 lantcs
497 1047 717 1118 sagittas
751 1045 1090 1117 dirigebant,
1141 1046 1304 1102 solvit
1352 1047 1572 1102 omnia:
1621 1045 1876 1101 contrivit

264 1155 464 1196 eorum
498 1141 811 1210 potentiam,
856 1142 949 1211 qui
992 1142 1045 1196 in
1091 1143 1203 1197 suis
1247 1142 1566 1206 virtutibus,
1602 1150 1657 1197 et
1686 1157 1794 1196 non
1822 1144 1874 1198 in

199 1259 201 1262 ⁴
262 1232 388 1287 Ι)εο
418 1233 752 1292 confidentes
784 1243 958 1288 erant.
992 1232 1146 1299 Inde,
1183 1235 1382 1305 inquit,
1414 1235 1683 1306 prccvaluit
1712 1232 1879 1288 Israel

260 1339 301 1376 α
328 1323 436 1378 Deo
461 1325 622 1394 patris
647 1324 742 1391 tui,
778 1335 826 1379 et
860 1327 1059 1398 adjuvit
1089 1334 1138 1380 te
1157 1323 1298 1380 Deus
1318 1343 1481 1381 meus.
1512 1326 1644 1393 Quis
1670 1335 1753 1380 est
1788 1323 1877 1395 qui

266 1417 604 1471 eonfortavit
622 1416 815 1483 lsrael,
829 1426 884 1472 et
903 1417 1104 1488 adjuvit
1124 1418 1430 1483 lilium,nisi
1460 1418 1609 1472 solus
1625 1417 1768 1472 Deus
1784 1432 1880 1488 pa-

261 1516 361 1564 ter
375 1510 466 1580 qui
494 1509 668 1564 dixit:
701 1507 866 1566 Jacob
897 1527 1022 1581 puer
1047 1512 1511 1582 meus,suscipiam
1533 1528 1646 1565 eum
1670 1530 1684 1566 :
1710 1511 1880 1566 Israel

262 1604 463 1659 electus
488 1622 648 1667 meus.
669 1607 918 1676 suscipiat
940 1623 1052 1661 eum
1079 1607 1252 1660 anima
1274 1622 1389 1660 mea
1416 1604 1587 1676 (Esai.
1617 1623 1727 1662 XLII
1753 1651 1766 1675 ,
1799 1606 1874 1678 1).

347 1702 438 1758 50.
475 1702 544 1756 Et
589 1702 848 1758 benedixit
881 1720 995 1757 eum
1034 1702 1388 1757 benedictione
1415 1704 1528 1756 caeli
1555 1701 1791 1775 desuper,
1833 1712 1880 1758 et

261 1794 625 1851 benedictione
647 1805 795 1851 terra:
814 1795 1052 1850 habentis
1085 1794 1277 1848 omnia.
1302 1793 1492 1849 Omnia
1521 1796 1664 1850 enim
1692 1795 1876 1864 subje-

1979 584 2132 642 nant,
2173 577 2417 647 spiritale
2457 578 2629 648 magis
2665 578 2978 649 mysterium
3011 577 3378 650 generationis
3407 589 3590 650 pater-

1979 682 2095 732 nae,
2148 683 2309 738 quam
2359 670 2667 726 membrum
2709 669 2928 742 aliquod
2965 672 3249 743 corporale
3294 673 3585 743 signiﬁcat.

1979 759 2088 818 Sed
2113 762 2253 817 sicut
2279 763 2424 818 illam
2457 779 2523 820 ex
2555 764 2718 820 Patre
2747 766 3154 835 generationem
3187 766 3536 837 intelligimus
3569 784 3583 819 :

1980 853 2053 909 ita
2099 855 2261 910 etiam
2311 857 2378 912 ad
2431 858 2956 914 consummationem
3003 858 3124 914 lidei
3173 859 3586 930 generationem

1981 948 2164 1003 Maria:
2188 949 2575 1020 intelligamus,
2598 950 2814 1019 quando
2835 949 3175 1007 benedicitur
3194 954 3350 1005 vulva
3375 951 3586 1017 matris,

1981 1042 2070 1097 illa
2099 1045 2282 1112 utique
2308 1043 2494 1098 Maria:
2532 1043 2810 1114 virginalis
2829 1088 2845 1112 ,
2876 1059 2998 1116 qua:
3025 1044 3181 1100 nobis
3208 1043 3376 1100 edidit
3403 1043 3588 1099 Domi-

1982 1151 2110 1190 num
2126 1133 2449 1190 Jcsum.bDe
2466 1151 2568 1206 qua
2584 1137 2884 1194 Patcrdicit
2898 1155 2991 1209 per
3007 1139 3335 1194 Hieremiam
3352 1139 3586 1209 prophe-

1983 1238 2090 1283 tam
2116 1247 2129 1283 :
2151 1229 2462 1299 Priusquam
2476 1239 2524 1282 te
2545 1233 2820 1299 formarem
2838 1233 2894 1285 in
2917 1242 3085 1299 utero,
3111 1235 3229 1286 noui
3254 1243 3393 1298 te;et
3416 1234 3588 1304 prius-

1983 1340 2133 1393 quant
2147 1324 2314 1377 cxires
2335 1323 2398 1376 tle
2417 1324 2566 1376 vulva
2597 1325 2799 1390 matris,
2839 1327 3159 1395 sancti/icavi
3191 1336 3240 1380 te
3263 1325 3396 1393 (Jer.
3431 1342 3470 1390 ι,
3501 1325 3586 1398 5).

1983 1413 2266 1470 Geminam
2287 1414 2449 1484 igitur
2469 1417 2728 1486 propheta
2763 1417 2816 1470 in
2845 1415 3064 1471 Christo
3105 1417 3460 1473 substantiam
3493 1418 3590 1473 de-

1983 1507 2231 1572 claravit,
2257 1506 2556 1562 divinitatis
2588 1516 2643 1562 et
2664 1508 2846 1562 earnis
2891 1527 2902 1560 :
2950 1509 3177 1563 alteram
3202 1525 3267 1564 ex
3293 1509 3452 1565 Patre
3472 1551 3485 1572 ,
3510 1509 3590 1563 al-

1983 1610 2153 1655 teram
2195 1614 2263 1655 ex
2297 1598 2556 1670 Virgine;
2584 1599 2659 1655 ita
2691 1610 2873 1655 tamen
2901 1609 2960 1654 ut
2999 1616 3107 1656 non
3145 1618 3334 1657 exsors
3360 1619 3472 1657 suae
3501 1618 3590 1659 es-

1983 1691 2401 1760 setdivinitatis,
2426 1707 2552 1747 cum
2576 1708 2647 1748 ex
2676 1692 2899 1764 Virgine
2922 1705 3262 1762 nasceretur,
3291 1705 3346 1751 et
3368 1705 3514 1751 esset
3534 1695 3587 1750 in

1984 1803 2234 1857 corpore.

258 1891 346 1943 cit
378 1889 452 1957 ei,
481 1889 724 1944 caelestia
753 1889 895 1944 sicut
926 1889 1362 1945 benedictionem
1408 1888 1553 1953 coeli,
1581 1897 1633 1942 et
1654 1896 1874 1943 terrena
1904 1891 1954 1951 B
2050 1886 2141 1941 52.
2179 1885 2331 1943 Unde
2353 1895 2409 1943 et
2435 1887 2697 1943 convaluit
2724 1904 2880 1959 super
2906 1904 3080 1942 omnes
3108 1897 3331 1954 montes,
3357 1896 3404 1940 et
3452 1886 3590 1941 desi-

259 1981 415 2038 sicut
447 1981 878 2039 benedictionem
931 1992 1111 2050 terra},
1143 1990 1204 2038 ut
1245 1989 1299 2038 et
1343 1981 1655 2039 hominibus
1685 1992 1739 2039 et
1779 1998 1877 2038 an-

261 2076 412 2147 gelis
435 2074 830 2133 dominaretur.

344 2169 439 2224 51.
483 2171 666 2241 Itaque
710 2171 764 2225 in
811 2170 906 2225 illo
956 2171 1104 2226 velut
1151 2170 1547 2240 contemptibili
1602 2185 1872 2241 corpore:

262 2261 633 2330 Prtevaluisti,
667 2265 870 2335 inquit,
903 2276 1114 2334 promer
1151 2266 1550 2320 benedictionem
1587 2265 1805 2320 uberum
1829 2274 1878 2320 et

259 2357 459 2424 malure,
484 2357 856 2413 benedictiones
881 2360 1042 2430 patris
1067 2360 1142 2411 tui
1162 2367 1208 2412 et
1230 2358 1424 2414 matris.
1451 2357 1630 2415 Ubera
1653 2359 1740 2414 vel
1769 2359 1877 2414 duo

261 2449 623 2506 Testamenta
672 2451 828 2519 dixit,
879 2468 1109 2522 quorum
1158 2452 1331 2507 altero
1375 2453 1725 2513 annuntiatus
1769 2460 1874 2520 est,

260 2543 450 2599 altero
473 2544 898 2600 demonstratus.
944 2545 1014 2600 Et
1042 2546 1180 2601 bene
1212 2545 1404 2614 ubera,
1435 2546 1690 2617 quoniam
1725 2544 1877 2601 velut

261 2636 508 2706 quodam
560 2651 660 2691 nos
706 2637 939 2706 spiritali
992 2638 1130 2694 lacte
1171 2639 1403 2693 nutritos
1449 2638 1718 2705 educavit,
1753 2647 1780 2676 ει
1824 2647 1878 2695 et

263 2729 476 2785 obtulit
503 2729 615 2784 Deo
641 2728 814 2785 Filius
841 2748 854 2782 :
887 2731 972 2785 vel
1004 2730 1185 2785 Mariae
1209 2731 1344 2786 dicit
1383 2731 1567 2797 ubera,
1599 2747 1719 2802 quae
1750 2746 1878 2787 vere

262 2820 561 2876 benedicta
591 2832 771 2887 erant,
803 2823 998 2892 quibus
1027 2833 1218 2878 sancta
1243 2823 1403 2893 Virgo
1435 2825 1635 2892 populo
1662 2823 1876 2877 Domini

266 2923 464 2984 potum
498 2915 650 2970 lactis
677 2915 956 2969 immulsit.
997 2914 1149 2970 Unde
1179 2924 1234 2972 et
1265 2915 1353 2970 illa
1389 2917 1585 2970 mulier
1617 2916 1668 2969 in
1701 2916 1879 2970 Evan-

267 3007 424 3079 gelio
454 3007 564 3062 ait:
597 3006 788 3063 Beatus
818 3018 989 3063 venter
1015 3009 1101 3079 qui
1141 3017 1188 3062 te
1225 3009 1471 3078 portavit,
1504 3017 1553 3063 et
1583 3007 1739 3062 ubera
1765 3025 1879 3080 qua:

265 3101 461 3156 succisti
489 3099 646 3173 (Luc.
690 3117 770 3168 Il,
800 3101 929 3172 27)!
967 3101 1122 3167 Quod
1152 3111 1333 3158 autem
1366 3103 1478 3156 ait:
1514 3101 1694 3156 Vulva:
1735 3100 1881 3154 bene-

267 3193 555 3246 dictionem
584 3195 748 3261 patris
775 3195 850 3247 ιιιὶ
872 3201 918 3248 et
942 3194 1144 3259 matris,
1172 3195 1216 3248 si
1250 3194 1461 3248 vulvam
1492 3194 1664 3248 solam
1696 3192 1879 3248 Mari-sc

1979 1981 2124 2035 deria
2148 1983 2359 2037 collium
2379 1992 2706 2038 ceternorum.
2739 1985 2917 2052 Super
2940 1999 3129 2038 omnes
3158 1983 3302 2038 enim
3334 1983 3460 2039 illos
3492 1984 3586 2037 s‘u-

1980 2074 2163 2130 blimis
2192 2078 2371 2130 meriti
2397 2076 2544 2131 viros
2579 2075 2916 2144 patriarchas
2942 2086 2995 2130 et
3023 2075 3319 2146 prophetas
3347 2084 3403 2132 et
3431 2091 3592 2146 apos-

1979 2165 2161 2231 tolos;
2214 2165 2309 2220 sed
2351 2167 2512 2221 etiam
2552 2167 2695 2220 ultra
2736 2167 2930 2234 solem,
2965 2167 3178 2231 lunam,
3209 2167 3591 2237 archangelos,

1980 2269 2256 2330 tamquam
2272 2260 2606 2316 cmlilumen
2638 2259 3043 2325 emicuit,sicut
3063 2260 3183 2331 ipse
3222 2260 3336 2316 ait:
3369 2257 3493 2314 Non
3516 2269 3592 2314 est

1979 2355 2262 2427 discipulus
2309 2371 2463 2420 super
2485 2355 2808 2425 magistrum,
2837 2370 2930 2407 nec
2950 2370 3125 2408 servus
3148 2370 3300 2426 super
3322 2353 3591 2408 dominum

1951 2446 2194 2518 ,(Mattlt.
2222 2463 2256 2501 χ
2279 2487 2294 2512 ,
2327 2445 2445 2517 24).
2479 2445 2612 2514 Quis
2637 2445 2782 2501 enim
2816 2445 3035 2501 illorum
3067 2446 3203 2512 fuit,
3228 2447 3313 2501 cui
3346 2446 3592 2514 subjecta

1979 2551 2164 2598 essent
2185 2542 2390 2609 omnia,
2415 2540 2609 2611 quibus
2636 2540 2754 2610 ipse
2774 2540 2996 2596 donavit
3015 2540 3160 2608 quod
3186 2539 3376 2595 erant?
3403 2538 3458 2594 ln
3484 2553 3592 2609 quo

1980 2635 2374 2692 benedicuntur
2405 2647 2594 2690 omnes
2623 2634 2798 2689 sancti
2827 2635 2969 2704 ejus,
3003 2633 3127 2701 quia
3158 2633 3274 2703 ipse
3302 2640 3388 2687 est
3425 2645 3591 2702 super

1980 2731 2156 2800 capita
2194 2729 2436 2784 omnium
2468 2737 2631 2797 caput
2668 2729 2938 2782 omnium.
2967 2727 3142 2798 Caput
3173 2725 3323 2782 enim
3348 2724 3590 2779 mulieris

1979 2823 2093 2888 vir,
2135 2821 2425 2891 caput;viri
2455 2821 2724 2876 Christus.
2759 2821 2828 2875 Et
2869 2837 3028 2892 super
3067 2821 3279 2875 uertices
3315 2819 3586 2882 montium,

1979 2919 2100 2989 quia
2133 2917 2249 2987 ipse
2278 2928 2360 2973 est
2382 2918 2800 2988 supereminens
2827 2926 3020 2973 vertex
3047 2918 3422 2973 universorum
3449 2933 3461 2969 :
3489 2915 3590 2972 sed

1974 3013 2245 3084 justorum
2277 3021 2363 3067 est
2391 3023 2580 3067 vertex
2628 3011 2954 3066 altissimus.
2998 3011 3146 3078 Quos
3177 3001 3374 3066 fratres
3403 3019 3588 3076 vocat,

1981 3103 2276 3174 acquisitos
2311 3119 2410 3175 per
2449 3102 2703 3172 gratiam,
2741 3111 2798 3158 et
2841 3103 3111 3173 quoddam
3160 3103 3591 3172 regenerationis

1981 3199 2343 3252 consortium.
2380 3195 2538 3252 Unde
2569 3205 2624 3252 et
2644 3197 2712 3251 de
2744 3195 3002 3252 fratribus
3033 3195 3234 3266 Joseph
3267 3197 3390 3250 illos
3420 3196 3593 3266 magis

266 3285 508 3341 velimus
563 3286 891 3357 intelligere,
944 3301 1042 3342 cur
1098 3295 1384 3356 utramque
1437 3285 1875 3341 benedictionem
1906 3279 1951 3342 C
1984 3289 2182 3345 fratres
2210 3291 2582 3360 intelligimus.
2613 3291 2680 3346 de
2701 3290 2898 3361 quibus
2921 3289 3056 3344 dicit
3087 3291 3138 3343 in
3164 3290 3415 3360 psalmo:
3451 3288 3595 3344 Nar-

265 3381 640 3452 conjunxerit,
672 3382 856 3437 latebit
879 3396 1061 3437 causa.
1092 3381 1276 3436 Potuit
1303 3381 1447 3435 enim
1479 3381 1664 3438 dicere
1693 3381 1763 3436 de
1788 3396 1877 3435 so-

267 3475 321 3530 la
353 3474 518 3528 vulva
541 3476 748 3529 matris.
783 3474 889 3530 Sed
915 3475 1192 3542 pulchrius
1213 3475 1467 3541 arbitror,
1503 3483 1560 3529 nt
1580 3475 1877 3530 secundmn

267 3568 518 3639 Spiritale
559 3567 879 3640 mysterium
924 3567 1289 3638 intelligamus
1329 3577 1610 3637 utramque
1650 3581 1880 3636 genera-

269 3659 480 3714 tionem
508 3658 716 3714 Domini
744 3659 893 3728 Jesu,
927 3669 982 3716 et
1006 3661 1302 3716 secundum
1325 3660 1691 3726 divinitatem,
1717 3671 1770 3715 et
1793 3674 1880 3715 se-

267 3751 512 3806 cundum
543 3766 794 3812 carnem:
827 3754 952 3822 quia
994 3763 1120 3808 ante
1148 3754 1343 3808 sazcula
1384 3762 1467 3808 est
1491 3764 1780 3824 genetatus
1811 3768 1877 3807 ex

267 3842 456 3898 Patre.
491 3843 645 3900 Unde
671 3854 724 3899 et
755 3845 914 3899 Pater
937 3845 1044 3899 ait:
1079 3846 1347 3900 Eructavit
1373 3863 1462 3900 cor
1482 3863 1652 3900 meum
1674 3846 1880 3900 verbum

267 3933 453 4006 (Psal.
485 3951 631 4000 κων,
659 3935 752 4006 2);
781 3951 848 3992 eo
877 3937 1019 4006 quod
1041 3952 1108 3992 ex
1141 3938 1229 3991 illa
1257 3937 1443 3992 intima
1475 3948 1530 3992 et
1574 3937 1880 4006 incompre-

269 4027 535 4082 bensiliili
553 4028 730 4082 Patris
750 4030 1014 4097 proces$it
1029 4031 1407 4093 sulistantia,et
1427 4031 1478 4084 in
1501 4031 1617 4098 ipso
1635 4040 1720 4085 est
1739 4047 1880 4085 sem-

271 4137 394 4193 per.
421 4120 574 4177 Unde
588 4121 983 4193 cteVangelista
1003 4123 1076 4176 ait
1094 4141 1105 4176 :
1124 4121 1289 4177 Deum
1306 4139 1453 4176 nemo
1467 4123 1593 4176 vidit
1614 4140 1879 4194 umquam,

271 4215 384 4270 nisi
403 4215 691 4286 unigenitus
721 4214 898 4270 Filius
921 4218 1008 4283 qui
1037 4225 1113 4270 est
1140 4219 1192 4271 in
1216 4219 1332 4270 sinu
1363 4216 1559 4281 Patris,
1591 4218 1700 4289 ipse
1734 4236 1883 4272 enar-

269 4312 408 4364 ravit
442 4309 621 4378 (Joan.
654 4327 692 4376 ι,
731 4311 840 4380 18).
877 4311 1022 4367 Sicut
1054 4327 1183 4381 ergo
1210 4313 1362 4367 sinus
1405 4313 1580 4367 Patris
1621 4313 1883 4382 spiritalis

272 4402 600 4473 intelligitur
626 4404 874 4458 intimum
906 4404 1178 4475 quoddam
1208 4414 1448 4474 paterna:
1479 4405 1758 4462 charitatis
1788 4422 1884 4461 na-

271 4504 522 4565 turarque
591 4508 882 4564 secretum,
930 4498 980 4550 in
1031 4512 1140 4568 quo
1183 4512 1399 4567 semper
1441 4508 1523 4554 est
1565 4498 1773 4555 Filius:
1807 4499 1877 4554 ita

271 4591 440 4645 etiam
471 4590 646 4646 Patris
674 4591 930 4662 spiritalis
962 4600 1046 4647 est
1074 4591 1255 4659 vulva,
1291 4592 1565 4647 interimis
1593 4609 1876 4660 arcanum,

1982 3384 2103 3437 rabo
2125 3399 2308 3437 nomen
2332 3394 2475 3436 tuum
2493 3384 2742 3454 fratribus
2766 3383 2912 3448 meis,
2930 3383 2985 3436 in
3011 3383 3182 3437 medio
3205 3381 3447 3438 Ecclesia:
3467 3401 3594 3439 can-

1983 3481 2100 3531 tabo
2127 3479 2217 3531 tibi
2248 3476 2371 3551 (Ps.
2398 3493 2510 3542 nu,
2542 3478 2656 3548 23).

2053 3573 2141 3627 55.
2198 3572 2441 3642 Denique
2491 3581 2546 3626 et
2591 3571 2806 3643 Moyses
2838 3571 3213 3641 completurns
3258 3572 3384 3627 vita:
3432 3572 3594 3628 istius

1983 3679 2201 3719 cursum
2236 3681 2355 3718 cum
2393 3664 2740 3720 benediceret
2769 3665 2993 3720 Tribum
3022 3665 3246 3737 Joscph,
3287 3683 3393 3721 non
3439 3667 3588 3721 illum

1984 3757 2168 3828 utique
2191 3757 2306 3827 jam
2338 3757 2644 3812 defunctum
2674 3757 2898 3828 Ioseph,
2924 3759 3020 3815 sed
3054 3760 3332 3815 Christum
3368 3762 3590 3817 benedi-

1984 3849 2162 3908 cebat.
2188 3849 2328 3903 sicut
2356 3849 2522 3904 habes
2546 3864 2620 3903 SCl
2639 3851 2807 3917 iptnm
2841 3851 2908 3905 de
2935 3851 3134 3920 Josepb
3167 3871 3181 3906 :
3218 3864 3240 3890 ο
3275 3856 3320 3906 Α
3349 3853 3589 3907 benedic-

1985 3941 2122 3994 tione
2154 3937 2364 3992 Domini
2399 3949 2536 3994 terra
2562 3943 2693 4011 ejus,
2724 3937 2751 3976 ά
2780 3958 2811 3992 a
2834 3943 3024 4009 ﬁnibus
3051 3944 3184 4008 coeli,
3215 3954 3262 3998 et
3292 3961 3324 3996 a
3359 3961 3496 4007 rore,
3541 3955 3590 4000 et

1986 4032 2048 4086 ab
2078 4033 2274 4103 abyssis
2311 4034 2527 4104 fontium
2558 4032 2822 4096 deorsum,
2869 4043 2916 4086 et
2947 4035 3225 4089 secundum
3258 4036 3439 4091 horam
3473 4041 3591 4108 fac-

1988 4135 2096 4178 tmn
2131 4125 2253 4178 solis
2294 4141 2534 4190 cursum,
2566 4135 2611 4177 et
2645 4141 2676 4176 a
2709 4126 3119 4180 conuenientibus
3159 4128 3439 4193 mensibus,
3476 4138 3526 4183 et
3560 4145 3594 4182 a

1987 4217 2173 4270 vertice
2193 4216 2462 4280 montium,
2497 4217 2559 4269 ab
2583 4215 2752 4278 initio,
2779 4225 2826 4269 et
2857 4233 2888 4268 a
2916 4218 3102 4271 uertice
3131 4218 3342 4272 collium
3370 4230 3592 4275 esterno-

1987 4325 2120 4372 rum,
2147 4318 2195 4362 et
2222 4308 2290 4361 ad
2314 4309 2492 4362 horam
2515 4319 2665 4364 terra:
2690 4309 3049 4377 plenitudinis,
3083 4324 3126 4364 et
3153 4311 3214 4365 ab
3245 4329 3301 4367 eo
3326 4313 3415 4383 qui
3453 4315 3595 4370 visus

1989 4410 2058 4454 est
2079 4401 2134 4454 in
2154 4401 2476 4462 rubo.veniat
2498 4418 2650 4472 super
2671 4412 2824 4472 caput
2847 4401 3039 4474 Joseph
3055 4404 3355 4470 benedictio,
3382 4416 3592 4478 etsuper

1986 4495 2222 4548 uerticem
2247 4495 2433 4564 ipsius.
2462 4494 2802 4564 Ilonoriﬁcus
2831 4496 2896 4549 sit
2919 4498 3049 4551 inter
3079 4501 3283 4568 fratres.
3319 4497 3593 4574 Primoye-

1987 4591 2126 4646 nitus
2158 4591 2296 4644 tauri
2325 4591 2479 4644 decus
2510 4591 2644 4661 ejus,
2678 4606 2872 4644 cornua
2894 4593 3192 4646 unicornui.
3224 4593 3291 4647 In
3320 4596 3446 4667 ipsis
3467 4613 3594 4665 gen-

269 4687 342 4742 de
378 4702 480 4757 qua
521 4697 792 4758 tamquam
834 4703 901 4742 ex
940 4687 1164 4758 genitali
1213 4688 1334 4742 alvo
1375 4688 1643 4757 processit
1684 4687 1874 4743 Filius.
1902 4667 1957 4730 Ῑ)
1988 4692 2060 4738 tes
2088 4683 2348 4737 ventilabit
2390 4683 2546 4735 simul
2574 4699 2735 4749 usque
2764 4683 2831 4736 ad
2859 4694 3141 4738 extremum
3180 4697 3350 4740 terraz.
3405 4697 3428 4723 ο
3474 4686 3598 4759 Ipse

276 4783 519 4853 Denique
548 4782 763 4839 diverse
803 4783 1032 4852 legimus
1069 4797 1214 4837 nunc
1249 4784 1464 4836 vulvam
1503 4782 1702 4848 Patris,
1734 4799 1880 4840 nunc

275 4890 373 4936 cor
411 4873 527 4944 ejus
561 4890 668 4945 quo
694 4875 917 4930 verbum
945 4874 1230 4936 ernetavit,
1260 4891 1404 4930 nunc
1441 4891 1504 4930 os
1532 4877 1652 4946 ejus
1682 4893 1747 4931 ex
1771 4893 1879 4947 quo

271 4968 484 5038 justitia
509 4969 794 5036 processit,
824 4985 890 5024 ex
917 4984 1024 5039 quo
1057 4966 1291 5037 prodivit
1317 4968 1602 5036 sapientia,
1634 4969 1772 5023 sicut
1802 4969 1881 5037 ip-

277 5077 337 5116 se
358 5064 436 5117 ait
462 5081 475 5116 :
502 5061 586 5116 Ex
611 5079 698 5118 ore
722 5063 976 5117 Altissimi
1018 5061 1240 5132 prodicit
1270 5058 1459 5132 (Eccli.
1494 5076 1642 5128 xxxv,
1689 5062 1768 5130 5).
1801 5061 1878 5118 Ita

276 5216 655 5261 sacramentum
694 5204 782 5258 hic
822 5203 962 5258 idem
993 5211 1097 5270 est,
1138 5216 1201 5256 ac
1237 5199 1536 5257 secundum
1567 5200 1882 5270 mysterium

282 5279 334 5331 in
366 5276 572 5344 Joseph
605 5275 1023 5346 prmiignratum.

356 5358 382 5385 ιι
427 5343 553 5403 Edit
593 5343 806 5411 omnes,
855 5345 1038 5399 obtulit
1091 5343 1202 5398 Deo
1244 5343 1400 5412 ﬁlios.
1445 5343 1648 5398 Contra
1693 5357 1882 5400 omnes

283 5436 416 5474 mss.
451 5461 462 5474 .
495 5457 509 5471 .
544 5462 555 5473 .
591 5417 782 5472 Filius.

359 5490 384 5528 ι)
416 5491 561 5545 Edit.
586 5504 778 5544 omnes
805 5503 925 5542 cum
974 5486 1099 5542 Vat.
1143 5485 1289 5549 cod.,
1335 5485 1412 5539 De
1452 5502 1552 5555 quo
1581 5494 1733 5556 partu
1762 5485 1884 5540 dicit

291 5560 580 5628 Dominus;
612 5575 741 5615 mss.
776 5570 952 5612 autem
987 5573 1184 5627 magno
1211 5572 1501 5624 consensu,
1537 5557 1610 5609 De
1635 5573 1732 5625 qua
1759 5557 1890 5628 (vul-

289 5650 353 5688 ινα
381 5633 660 5700 nimirum)
687 5629 845 5684 Pater
871 5630 1018 5693 dicit,
1043 5642 1150 5684 etc.

369 5717 390 5741 ε
420 5704 534 5758 Non
569 5717 734 5773 pauca
764 5701 853 5754 hic
877 5702 1007 5756 edit.
1037 5700 1194 5754 Rom.
1221 5700 1600 5755 immutaverat
1630 5715 1748 5769 qua:
1770 5715 1892 5756 cum

295 5775 360 5830 ad
392 5776 554 5831 verba
586 5775 764 5845 potius
787 5787 948 5842 quam
989 5773 1052 5827 ad
1082 5786 1300 5827 sensum
1334 5781 1600 5845 spectent,
1630 5783 1893 5845 annotare

297 5842 739 5916 supersedemus.
772 5846 880 5900 Nos
919 5845 988 5916 ita
1033 5859 1096 5898 ex
1134 5855 1248 5916 ant.
1287 5842 1416 5898 edit.
1465 5843 1892 5909 emendavimus,

302 5914 450 5973 inest
477 5934 607 5972 mss.
643 5931 735 5972 cas
761 5916 923 5973 etiam
952 5915 1002 5970 in
1031 5914 1308 5971 nonnullis
1330 5916 1737 5983 castigaremns.

1987 4779 2244 4851 myriades
2276 4776 2543 4847 Epitra’m,
2573 4786 2618 4832 et
2648 4779 2756 4849 ipse
2784 4779 3036 4834 cltiliades
3092 4778 3362 4835 Manasses
3411 4780 3594 4852 (Deut.

1987 4891 2177 4936 χχχιιι,
2214 4875 2282 4928 15
2307 4882 2353 4927 et
2380 4872 2534 4944 seq.).

2057 4968 2147 5024 54.
2196 4966 2511 5022 Benedictio
2548 4966 2737 5022 eadem
2784 4978 2888 5034 est,
2922 4983 3040 5037 qure
3079 4981 3301 5022 omnem
3344 4965 3504 5022 habet
3543 4985 3603 5043 et

1984 5061 2282 5119 caelestium
2308 5069 2363 5115 et
2390 5061 2726 5116 terrestrium
2767 5060 3178 5131 plenitudinem,
3204 5069 3260 5115 et
3294 5061 3588 5130 specialem

2065 5199 2092 5236 ά
2115 5199 2274 5271 Rom.
2299 5198 2455 5264 edit.,
2483 5215 2514 5252 a
2537 5199 2801 5271 fructibus
2831 5199 2966 5271 caeli,
2996 5206 3040 5250 et
3069 5207 3280 5271 rore,7et
3302 5197 3607 5271 abyssorunt

1993 5269 2221 5344 fontibus
2251 5272 2508 5337 deorsum,
2538 5269 2588 5324 et
2615 5271 2902 5325 secundum
2935 5270 3116 5323 horam
3142 5288 3173 5323 a
3199 5269 3449 5338 fructibus
3471 5269 3604 5331 solis

1991 5361 2196 5404 cursus.
2227 5353 2334 5397 etc.

2066 5425 2089 5452 θ
2121 5414 2244 5469 Edit
2281 5414 2430 5480 Am.,
2455 5414 2581 5468 Era.
2612 5421 2667 5468 et
2689 5412 2811 5468 cod.
2835 5411 3064 5478 Theod.,
3100 5421 3247 5467 terra:
3282 5413 3393 5477 ipse
3417 5419 3603 5481 mysteo

1989 5487 2133 5541 riade
2145 5503 2197 5540 se
2209 5491 2407 5553 fremet,
2435 5495 2479 5539 et
2501 5487 2516 5538 i
2523 5501 2632 5553 pse,
2655 5494 2763 5538 etc.
2779 5484 2916 5539 Aliae
2929 5483 3080 5542 edit..
3103 5483 3238 5547 Ipsm
3264 5483 3326 5553 de
3344 5483 3602 5552 myriades

1994 5557 2242 5627 Ephrem,
2279 5558 2361 5611 vel
2400 5552 2676 5625 Ephruim,
2706 5566 2754 5609 et
2797 5557 2928 5624 ἔρδω
2967 5554 3213 5627 ςὴλὶιραᾀεε
3244 5552 3603 5627 Μαηίιδξεε,οει

1992 5623 2185 5699 quibus
2209 5645 2315 5682 non
2342 5623 2500 5699 longe
2528 5629 2728 5680 absunt
2765 5640 2907 5699 mss.
2940 5623 3037 5676 nisi
3068 5625 3117 5676 in
3149 5625 3270 5699 hoc,
3295 5624 3454 5699 quod
3483 5640 3603 5679 om-

1996 5693 2093 5754 nes
2114 5699 2396 5763 exhibent,
2422 5693 2564 5768 Ipse.
2607 5738 2618 5750 .
2656 5735 2670 5749 .
2707 5738 2719 5750 .
2757 5698 2870 5762 ipse
2895 5712 2912 5759 ;
2938 5703 3165 5768 excepto
3187 5693 3390 5768 Albin”
3417 5697 3480 5768 in_
3498 5712 3606 5765 quo

2467 5769 2591 5835 ipsi,
2619 5769 2759 5821 forte
2784 5783 2888 5820 non
2913 5770 3070 5820 male.
3098 5765 3232 5819 Cod.
3259 5765 3421 5820 etiam
3444 5766 3609 5828 Colb.

1996 5772 2162 5841 legas,
2196 5769 2326 5840 Ipsi.
2357 5810 2370 5823 .
2401 5811 2414 5823 .

2941 5877 2954 5891 .
2988 5836 3248 5895 cltiliadis.
3282 5840 3414 5903 Qua:
3443 5835 3608 5889 lectiti

1996 5839 2068 5908 et—
2092 5839 2236 5896 Ger.
2267 5841 2490 5906 habent,
2538 5839 2810 5908 tityriudis.
2843 5869 2857 5889 δ
2889 5876 2901 5890 .

1998 5906 2103 5967 non
2139 5914 2296 5979 plane
2322 5906 2684 5981 asiiernan'da.
