4066 6360
527 295 631 352 691

1851 286 2098 346 SANC'I‘I
2141 285 2462 345 AHDROSII

3741 288 3864 344 692

527 403 730 462 Christi
771 402 1038 475 gratiam:
1081 400 1170 470 qui
1215 398 1358 454 visus
1403 397 1456 451 in
1505 397 1642 452 rubo
1679 395 1816 452 dixit
1843 396 1912 452 ad
1949 397 2124 470 ipsum
2153 401 2206 460 Α
2231 396 2422 454 cornui
2441 395 2570 452 dicti
2591 395 2786 452 suntin
2815 395 3008 466 psalmi
3031 397 3332 452 versiculo:
3359 395 3426 452 Et
3453 397 3670 453 dilectus
3707 408 3860 453 tan:-

537 499 758 570 Moysen
789 513 802 550 :
837 493 990 549 Solve
1020 491 1416 546 calceamentum
1447 491 1634 560 pedum
1675 499 1884 546 tuorum
1930 483 2128 562 (Exod.

529 609 610 656 tu,
643 590 738 662 5):
783 588 873 660 qui
915 596 998 642 est
1025 603 1188 656 super
1215 599 1404 642 omnes
1435 593 1460 622 ⁸
1490 583 1666 651 Deus;
1716 585 1840 656 quia
1887 583 2004 654 ipse
2049 591 2135 640 est

529 695 690 756 caput
717 682 960 754 corporis
983 679 1282 736 Ecclesize:
1320 680 1410 750 qui
1451 689 1534 734 est
1577 680 1898 750 principium
1929 679 2131 750 primo-

527 780 740 852 genitus
769 793 836 832 ex
867 776 1114 841 mortuis,
1141 784 1198 830 ut
1225 773 1318 830 liat
1339 775 1393 830 in
1421 775 1672 832 omnibus
1697 775 1813 845 ipse
1842 773 2132 845 primatum

527 879 758 938 tenens;
789 868 1044 941 quoniam
1069 869 1120 924 in
1151 869 1268 938 ipso
1299 867 1630 938 complacuit
1651 881 1870 922 onmem
1897 865 2132 938 plenitu-

531 965 712 1022 dinem
762 946 1088 1020 inhabitare.
1144 963 1210 1018 Et
1253 961 1376 1017 ideo
1405 962 1506 1016 soli
1551 961 1946 1016 benedictionis
1975 959 2134 1031 hujus

528 1059 888 1132 praerogativa
919 1057 1182 1122 defertur,
1212 1073 1242 1112 a
1269 1055 1580 1112 summitate
1619 1053 1782 1126 539
1820 1053 1942 1110 cceli
1967 1067 2134 1124 usque

529 1155 596 1208 ad
625 1163 934 1210 extremum
966 1161 1150 1206 terrm.
1184 1149 1306 1221 Ipse
1341 1149 1490 1205 enim
1533 1161 1616 1204 εει
1653 1159 1780 1204 ante
1824 1161 2036 1210 omnes,
2079 1147 2132 1202 in

528 1261 637 1316 quo
657 1253 912 1300 constant
937 1245 1156 1299 omnia:
1189 1242 1466 1314 quietiam
1489 1256 1588 1312 per
1609 1239 1926 1311 sanguinem
1957 1240 2135 1296 crucis

523 1354 640 1394 suae
673 1338 975 1410 paciﬁcavit
996 1335 1200 1402 omnia,
1229 1335 1346 1394 sive
1372 1348 1492 1406 qua:
1523 1333 1574 1388 in
1599 1333 1756 1398 coelo,
1786 1333 1904 1388 sive
1933 1346 2054 1402 qua:
2079 1331 2134 1386 in

525 1433 690 1490 terris
738 1442 885 1488 sunt.
922 1431 1092 1500 Cujus
1141 1439 1324 1500 typum
1357 1428 1651 1500 prmferens
1695 1427 1920 1498 pulchre
1965 1427 2134 1482 bene-

527 1525 728 1582 dicitur
768 1533 989 1580 sanctus
1023 1521 1264 1594 Joseph,
1307 1531 1364 1576 ut
1403 1519 1794 1576 honorificetur
1839 1519 1983 1574 inter
2023 1517 2136 1574 fra-

531 1629 666 1674 tres.

603 1709 693 1764 55.
739 1707 1126 1778 Primogenitus
1149 1707 1284 1761 tauri
1328 1705 1480 1760 decus
1501 1705 1652 1772 eius,
1698 1703 1892 1758 habens
1942 1719 2139 1758 cornua

2233 508 2390 562 quam
2399 491 2540 560 [ilius
2553 494 2970 561 unicornuoruui(
2979 489 3350 548 Psalm.xxvtn
3361 491 3438 564 ,6)
3449 491 3690 548 .Etenim
3707 493 3862 547 sicut

2234 586 2434 642 animal
2465 586 2794 656 lmjusmodi,
2825 602 2948 642 cum
2977 589 3024 642 ei
3055 591 3302 642 oriuntur
3331 602 3540 642 cornua
3571 627 3588 652 ,
3617 601 3862 655 procesp

2237 697 2358 736 sum
2385 681 2650 752 significat
2679 681 2938 750 plenioris
2963 683 3138 738 aetatis
3162 701 3176 738 :
3209 683 3282 736 ita
3311 697 3484 738 cume
3503 683 3688 752 capite
3713 697 3861 752 quo-

2237 772 2360 828 dam
2387 783 2590 828 nostra:
2615 774 2810 828 anima:
2835 790 3038 830 cornua
3075 775 3340 844 pullulare
3369 775 3644 846 eruperint
3669 816 3690 838 ,
3727 789 3862 844 pro-

2236 881 2449 922 cessum
2481 863 2732 920 videntur
2777 863 3118 935 perfectioris
3143 865 3452 936 signiﬁcare
3497 867 3726 921 virtutis
3751 907 3770 930 ,
3805 875 3862 922 et

2239 956 2442 1012 tamdiu
2470 965 2766 1025 crescunt,
2797 957 3054 1028 quamdiu
3085 957 3489 1029 compleantur.
3523 959 3642 1014 lloc
3669 973 3858 1014 cornu

2241 1051 2500 1106 Dominus
2531 1051 2690 1108 .lcsus
2716 1051 3030 1108 comminuit
3061 1062 3275 1123 gentes,
3309 1065 3366 1108 ut
3387 1053 3856 1124 superstitionem

2237 1145 2538 1214 obtereret,
2569 1145 2804 1200 salutem
2829 1145 3122 1212 redderet,
3165 1147 3304 1202 sicut
3331 1147 3450 1216 ipse
3477 1146 3588 1201 ait:
3646 1146 3858 1202 Percu-

2237 1239 2384 1302 tiam,
2415 1247 2460 1294 et
2484 1237 3398 1310 sanabo(Deut.xxxn,59).ldeoque
3416 1249 3700 1310 tamquam
3727 1241 3854 1296 imi-

2239 1335 2382 1388 tator
2411 1331 2552 1386 tauri
2581 1329 2742 1401 hujus
2769 1330 3040 1400 Propheta
3065 1331 3236 1388 dicit:
3269 1329 3336 1386 In
3367 1341 3416 1386 te
3455 1331 3704 1386 inimicos
3733 1349 3854 1387 nos-

2241 1431 2344 1478 tros
2399 1423 2756 1478 uentilabimus
2785 1439 2944 1478 cornu
2972 1421 3142 1494 (Psal.
3175 1439 3301 1480 xun
3321 1463 3336 1488 .
3367 1425 3426 1495 6)
3450 1467 3464 1492 ,
3497 1424 3552 1478 id
3581 1435 3668 1480 est
3689 1465 3706 1490 ,
3733 1425 3852 1481 alti-

2243 1517 2482 1574 tudinem
2511 1533 2728 1574 onmem
2748 1517 3048 1574 elevantem
3067 1532 3126 1574 se
3151 1519 3414 1574 adversus
3443 1520 3538 1576 Dei
3555 1521 3850 1576 scientiam

2241 1607 2680 1666 destruentes.Et
2707 1610 2826 1666 ideo
2849 1611 3004 1682 juxta
3033 1611 3400 1686 530Legem
3423 1611 3630 1668 munda
3645 1615 3854 1668 anima-

2241 1703 2310 1757 lia
2331 1719 2532 1760 cornua
2565 1704 2783 1774 habent(
2793 1703 2944 1760 Deut.
2959 1721 3069 1770 xiv,
3089 1707 3180 1762 iet
3201 1706 3280 1778 5):
3295 1704 3406 1762 Lex
3423 1707 3570 1762 enim
3583 1707 3850 1778 spiritalis

531 1801 834 1864 nnicornni,
868 1801 920 1853 in
948 1799 1128 1870 quibus
1157 1808 1328 1868 gentes
1351 1796 1637 1852 ventilabit.
1670 1795 1738 1850 Et
1757 1797 1930 1852 bonus
1955 1807 2141 1851 taurus
2170 1809 2221 1870 Β
2247 1805 2350 1850 est.
2384 1795 2484 1866 Qui
2507 1797 2652 1852 enim
2685 1809 2912 1868 possunt
2941 1799 3126 1854 sreculi
3161 1799 3318 1870 hujus
3365 1800 3662 1856 illecebras
3687 1803 3854 1858 verbo

535 1894 690 1964 quasi
723 1891 896 1946 hostia
929 1907 1026 1962 pro
1054 1891 1298 1957 delictis,
1323 1899 1376 1945 et
1407 1891 1572 1944 totius
1593 1888 1786 1944 mundi
1813 1888 2058 1955 victima,
2083 1897 2142 1943 ut

533 1985 844 2058 pacificaret
873 1987 1075 2040 omnia.
1109 1983 1274 2054 Cujus
1305 1983 1470 2039 decus
1498 1993 1745 2038 sanctum
1769 1998 1784 2048 ;
1811 1997 1972 2036 omne
1997 1981 2142 2036 enim

533 2091 779 2136 sanctum
818 2079 1238 2150 primogenitum
1263 2120 1276 2140 ,
1305 2077 1448 2132 sicut
1487 2075 1616 2130 alibi
1649 2073 2146 2130 demonstravimus

535 2175 676 2250 (Lib.
719 2190 758 2228 ιι
783 2216 797 2242 ,
831 2175 894 2228 de
919 2172 1052 2228 Abel
1091 2181 1139 2226 et
1169 2170 1300 2225 Cain
1321 2211 1336 2235 ,
1390 2186 1436 2224 c.
1468 2170 1502 2222 2
1524 2212 1540 2236 ,
1577 2185 1631 2222 n.
1659 2169 1692 2222 3
1713 2209 1727 2232 ,
1763 2167 1870 2240 12).
1905 2164 2062 2224 Unde
2090 2175 2146 2222 et

531 2270 664 2326 Levi
697 2285 804 2324 non
835 2269 1009 2324 aetatis
1039 2266 1264 2332 ordine,
1298 2264 1395 2320 sed
1423 2277 1590 2318 sacrae
1614 2263 1976 2318 successionis
2007 2277 2146 2332 pra:-

427 2358 434 2364 ’
532 2363 778 2434 rogativa
797 2361 1190 2432 primogenitus
1209 2357 1412 2412 meruit
1426 2355 1746 2426 niincupari.
1765 2355 1832 2410 Et
1851 2370 1978 2409 vere
1991 2369 2148 2408 sanc-

533 2467 648 2511 tum
693 2456 862 2510 decus
890 2455 1037 2522 ejus,
1089 2452 1156 2508 de
1187 2467 1294 2522 quo
1339 2450 1602 2520 scriptum
1653 2457 1736 2504 est
1787 2457 2144 2518 resurgente:

537 2551 820 2622 Speciosus
841 2553 1007 2618 forma
1022 2561 1131 2618 pra:
1149 2546 1273 2615 ﬁliis
1287 2541 1731 2614 Itominum(Psal.
1761 2558 1910 2610 XLIV,
1929 2543 1981 2614 '5)
1995 2560 2010 2608 ;
2026 2543 2150 2614 quia

539 2643 664 2712 ipse
706 2649 792 2696 est
841 2637 1234 2710 primogenitus
1282 2651 1350 2692 ex
1393 2639 1655 2706 mortuis,
1695 2638 1901 2693 habens
1945 2651 2148 2691 cornua

547 2738 861 2792 nnicornni.
892 2733 997 2792 Sed
1029 2749 1154 2790 cum
1185 2733 1384 2791 dixerit
1405 2748 1630 2802 cornua,
1657 2731 1930 2804 quomodo
1961 2745 2155 2802 posue-

549 2839 622 2894 rit
655 2836 935 2892 unicornni
961 2835 1350 2906 requirendum
1378 2850 1392 2900 ;
1417 2849 1540 2888 cum
1571 2834 1746 2904 ipsum
1787 2832 2150 2888 unicornuum

545 2932 688 2988 inter
717 2931 1108 3001 generationes
1147 2928 1425 2994 ferarum,
1479 2939 1538 2982 ut
1575 2929 1732 3000 pertti
1761 2929 1912 2984 aiunt
1939 2971 1954 2996 ,
1981 2927 2010 2966 ι)
2043 2943 2152 2984 non

547 3027 892 3082 inveniatur?
917 3025 986 3080 Et
1015 3023 1137 3081 ideo
1173 3023 1406 3078 Verbum
1431 3021 1652 3078 unicum
1685 3023 1856 3092 magis
1879 3021 2152 3078 mstimare

549 3121 834 3185 debemus,
878 3121 1006 3192 quia
1040 3119 1442 3176 substantivnm
1473 3116 1706 3172 Verbum
1741 3117 1834 3170 Dei
1863 3132 2029 3172 unum
2047 3125 2153 3181 est,

2249 1889 2368 1954 Dei,
2393 1898 2450 1946 et
2470 1891 2684 1946 virtutis
2710 1893 3058 1946 observantia
3091 1892 3434 1963 propulsare,
3465 1895 3734 1950 cornibus
3765 1911 3850 1950 ve-

2247 1986 2326 2040 lut
2355 1985 2676 2056 quibusdam
2721 1987 2917 2057 capitis
2941 1987 3020 2041 sui
3051 1989 3214 2042 armis
3240 1989 3492 2044 videntur
3519 2004 3650 2046 esse
3675 1989 3851 2044 muni-

2249 2081 2310 2134 ti.
2341 2079 2640 2150 Meritoque
2679 2089 2736 2134 et
2791 2081 2914 2136 tuba
2945 2097 3142 2138 cornea
3169 2081 3342 2154 (Psal.
3375 2098 3542 2152 xcvn,
3569 2083 3628 2154 6)
3657 2084 3854 2139 dicitur

2249 2173 2426 2228 virtus
2451 2173 2722 2228 sermonis
2747 2173 3042 2242 mirabilis,
3081 2191 3202 2245 qua:
3229 2177 3402 2232 bonos
3425 2177 3628 2233 Christi
3657 2177 3852 2234 milites

2249 2265 2502 2322 accendit
2529 2267 2596 2321 ad
2627 2265 2898 2338 praelium,
2933 2277 2992 2322 ut
3019 2267 3089 2324 de
3115 2267 3274 2324 hoste
3319 2269 3543 2324 diabolo
3571 2270 3852 2326 manubias

2256 2369 2620 2432 reportamus.
2651 2359 2708 2416 In
2741 2362 2858 2416 acie
2882 2361 3044 2432 igitur
3065 2378 3273 2430 sumus,
3303 2373 3358 2418 ct
3379 2363 3646 2434 plurimos
3665 2379 3734 2420 ex
3761 2379 3852 2419 no-

2251 2453 2338 2510 bis
2363 2454 2608 2510 videmus
2635 2455 2687 2508 in
2737 2453 3039 2510 adversarii
3077 2458 3270 2510 castris
3319 2469 3442 2512 esse
3481 2457 3734 2526 captivos
3761 2475 3776 2512 :
3803 2457 3851 2512 lii

2257 2549 2414 2606 nobis
2433 2548 2564 2620 jugo
2591 2546 2910 2621 gravissimo
2931 2549 3208 2604 servitutis
3235 2549 3472 2605 exuendi
3505 2560 3656 2605 sunt.

2859 2643 3092 2702 CAPUT
3143 2643 3260 2700 XII.

2255 2715 2336 2774 De
2367 2717 2716 2774 benedictione
2763 2713 3038 2791 Benjamth
3069 2757 3083 2784 ,
3122 2735 3222 2789 qna
3252 2717 3464 2789 mystice
3493 2715 3650 2772 Pauli
3677 2717 3848 2772 adrer-

2339 2829 2426 2866 sus
2451 2809 2736 2866 Ecclesium
2777 2812 3058 2882 persecutio
3083 2851 3099 2876 ,
3131 2827 3223 2866 nec
3252 2827 3353 2866 non
3384 2810 3614 2882 ejusdem
3641 2827 3846 2865 conver-

2327 2908 2404 2963 sio
2431 2917 2585 2978 atque
2611 2908 2910 2980 praedicatio
2937 2908 3316 2978 signiﬁcantur.

2330 3025 2420 3078 b7.
2454 3023 2726 3080 Plurimos
2757 3023 2914 3094 lupos
2933 3023 3096 3080 habet
3119 3023 3390 3088 diabolus,
3417 3037 3556 3093 quos
3574 3021 3638 3076 ad
3655 3020 3846 3077 Christi

2259 3131 2392 3174 oves
2413 3117 2594 3189 dirigit
2621 3135 2636 3184 ;
2669 3125 2724 3172 et
2740 3118 2860 3172 ideo
2879 3117 3240 3188 intelligihilis
3266 3115 3494 3187 loseph,
3517 3127 3576 3172 ut
3594 3131 3724 3170 oves
3743 3129 3846 3169 ser-

549 3231 658 3270 non
689 3215 858 3269 multa
888 3213 1077 3268 verba.
1115 3212 1268 3268 Unde
1297 3223 1350 3266 et
1379 3210 1532 3266 Anna
1567 3210 1676 3264 ait:
1714 3207 1968 3264 Dominus
2013 3209 2163 3280 judi—
2191 3211 2236 3276 C
2271 3219 2421 3266 varet
2443 3225 2602 3278 suas,
2651 3211 2828 3282 ipsum
2855 3211 3130 3266 inimicum
3161 3211 3466 3266 venientem
3511 3209 3577 3266 ad
3602 3209 3844 3279 diripien-

541 3317 628 3362 cat
649 3309 776 3377 ﬁnes
800 3317 966 3368 teme,
993 3317 1042 3360 et
1063 3305 1204 3360 dabit
1230 3305 1462 3358 virtutem
1495 3303 1623 3372 regi,
1657 3311 1702 3356 et
1725 3301 1966 3356 exaltabit
1981 3317 2152 3354 cornu

545 3401 738 3453 Christi
765 3401 842 3452 sui
873 3399 914 3470 (l
947 3397 1076 3467 Reg.
1103 3413 1164 3462 ll,
1195 3393 1302 3467 10).
1339 3397 1404 3448 Et
1435 3393 1624 3447 Esaias
1655 3395 1761 3446 ait:
1807 3392 1964 3446 Vinea
2012 3395 2151 3463 facta

543 3503 618 3546 est
645 3492 831 3545 dilecto
859 3491 912 3544 in
949 3507 1108 3544 cornu
1133 3531 1148 3557 ,
1202 3489 1256 3542 in
1308 3489 1418 3542 loco
1443 3487 1584 3542 uberi
1609 3485 1778 3554 (Esai.
1807 3503 1859 3552 v,
1897 3488 1984 3556 l);
2019 3502 2152 3558 quo-

545 3586 691 3640 niam
721 3583 814 3638 Dei
845 3582 984 3638 Filio
1014 3582 1292 3650 nnigcnito
1313 3579 1474 3634 ﬂoret
1496 3578 1758 3644 Ecclesia,
1815 3589 2004 3634 tenens
2033 3580 2153 3634 uui—

546 3693 670 3732 cnm
716 3676 810 3731 Dei
844 3675 1080 3730 Verbum
1107 3715 1122 3740 ,
1171 3674 1226 3728 in
1255 3689 1362 3744 quo
1393 3682 1478 3728 cst
1502 3673 1712 3728 virtutis
1753 3681 1914 3744 atque
1938 3675 2152 3744 sapien-

545 3771 636 3824 tite
665 3769 968 3840 plenitudo,
1017 3767 1170 3840 cujus
1215 3767 1459 3824 ubertate
1485 3780 1640 3838 seges
1693 3765 1820 3822 lidei
1853 3767 2148 3837 pullulavit.
2181 3849 2188 3856 ‘

545 3862 696 3934 Quod
728 3863 968 3920 Verbum
1016 3871 1320 3933 sequuntur
1359 3860 1554 3915 sancti.

615 3955 706 4012 56.
731 3953 921 4012 Decem
945 3954 1132 4024 millia,
1157 3953 1354 4024 inquit,
1387 3951 1654 4022 Ephrwm,
1678 3962 1724 4008 et
1751 3952 1914 4007 millia
1939 3951 2154 4008 Manas—

541 4067 622 4106 ses
653 4049 832 4123 (Dent.
867 4067 1064 4118 χχχιιι,
1087 4051 1198 4122 17),
1227 4050 1280 4104 id
1303 4058 1408 4112 est,
1428 4058 1481 4102 et
1507 4047 1819 4104 JUdiBOI'UliI
1839 4058 1890 4100 et
1909 4050 2149 4118 gentium

545 4143 879 4210 dominetur,
911 4153 966 4198 et
992 4157 1058 4198 ex
1089 4151 1318 4212 utroque
1335 4140 1538 4211 p0pulo
1563 4141 1809 4212 acquirat
1829 4140 1930 4196 sibi
1960 4141 2149 4196 Eccle-

545 4236 644 4290 sia:
697 4223 1112 4304 pletiitudinem.
1167 4234 1406 4305 ideoque
1449 4236 1728 4290 dexteram
1777 4250 1928 4290 suam
1985 4249 2153 4304 super

547 4328 808 4400 Ephrtem
839 4331 1018 4400 posuit
1047 4337 1269 4384 sanctus
1296 4327 1504 4394 lacob;
1534 4344 1598 4382 eo
1625 4327 1768 4398 quod
1801 4327 2042 4397 legamus
2069 4329 2154 4382 di-

552 4435 768 4480 centem
811 4423 960 4480 illam
991 4424 1042 4478 in
1076 4422 1317 4480 Canticis
1345 4423 1716 4478 canticorum:
1769 4419 1961 4478 Frater
2009 4438 2152 4478 meus

551 4516 806 4574 candidus
832 4527 878 4572 et
903 4518 1090 4572 rubens
1113 4555 1128 4582 ,
1179 4517 1368 4571 electus
1395 4531 1459 4570 ea;
1495 4515 1672 4570 decem
1719 4515 1948 4570 millibus
1971 4513 2146 4590 (Cant.

548 4625 618 4680 v,
675 4612 786 4679 10).

547 4707 826 4754 auctorem
849 4739 864 4765 ,
897 4712 962 4754 ex
989 4697 1144 4768 cujus
1196 4696 1544 4752 successione
1584 4696 1830 4752 Christus
1857 4707 1942 4752 est
1991 4706 2149 4752 natus

547 4807 649 4862 per
671 4790 909 4861 Virginis
930 4799 1165 4862 partum,
1193 4792 1244 4843 in
1273 4788 1460 4844 decem
1485 4788 1722 4844 millibus
1747 4788 2110 4859 praedicabant
2135 4807 2147 4843 :

547 4885 678 4942 Sani
706 4895 888 4940 autem
921 4885 973 4939 in
1005 4884 1268 4950 millibus,
1297 4897 1418 4938 cum
1449 4884 1769 4940 reverentia:
1795 4883 1974 4956 gratia
2003 4884 2149 4940 circa

547 4991 732 5050 regem
783 4977 952 5048 magis
1005 4976 1428 5050 praeponderare
1472 4977 1814 5034 debuissent.
1865 4978 1970 5045 Qui
2022 4993 2150 5050 ergo

548 5085 718 5126 cornu
749 5070 951 5125 Christi
982 5069 1307 5125 exaltaverit
1333 5069 1614 5127 confessus
1643 5071 1762 5141 ejus
1781 5071 2036 5142 gloriam,
2071 5073 2151 5142 ip-

545 5169 608 5218 se
651 5169 870 5234 qucque
911 5161 1138 5232 accipiet
1187 5167 1414 5216 cernua.
1447 5155 1605 5219 Unde
1632 5165 1794 5219 etiam
1824 5165 1996 5220 sancti
2029 5167 2152 5220 uni-

553 5381 556 5384 ,
618 5337 643 5362 υ
674 5323 897 5396 Cuncta:
937 5321 1095 5388 cdit.,
1146 5339 1300 5396 super
1333 5340 1509 5396 om_nes
1555 5322 1728 5389 Deos;
1776 5338 1910 5380 mss.
1957 5334 2144 5380 contra

547 5401 662 5454 fere
691 5395 755 5449 ad
786 5408 970 5456 unum,
1005 5407 1159 5454 super
1187 5392 1360 5448 omnes
1392 5392 1557 5448 Deus.

621 5467 650 5505 δ
691 5465 792 5532 Qui
839 5463 1019 5516 varias
1047 5473 1329 5518 auctorum
1362 5465 1432 5533 de
1463 5473 1814 5520 monocerote
1865 5466 2148 5533 opiniones

550 5529 882 5608 cognoscere
914 5533 1165 5608 voluerit,
1200 5533 1361 5588 adeat
1379 5529 1558 5608 _C_0nr.
1592 5537 1819 5608 Gesner.
1847 5529 1982 5608 Ιὶιὶνι
2009 5537 2144 5591 Hist.

553 5601 884 5666 Aulim-alium
908 5643 926 5675 _,
960 5617 1078 5674 pag.
1113 5601 1238 5672 781,
1269 5615 1326 5660 et
1379 5603 1626 5675 Ulyssem
1652 5605 2056 5660 Aldrovandum
2083 5609 2149 5663 de

557 5675 834 5748 Quadrnp.
869 5671 1111 5748 bisulcis,
1145 5671 1239 5730 lib.
1271 5691 1321 5741 ι,
1352 5671 1473 5745 θῦμ’.
1501 5677 1590 5742 55,
1643 5677 1710 5732 de
1740 5675 2108 5734 Rhinoccrotc
2131 5721 2146 5746 ,

554 5739 678 5820 ﬂag.
703 5745 812 5820 _878
845 5755 898 5798 et
926 5739 1072 5820 _83t‘S_._.

624 5814 654 5865 ὅ
687 5814 1006 5884 Jnvenculte,
1027 5815 1080 5870 id
1104 5825 1208 5882 est,
1240 5815 1348 5872 illa:
1375 5818 1632 5876 mulieres
1663 5833 1782 5892 qua:
1819 5815 2019 5878 choros
2044 5821 2145 5878 dus

2255 3304 2356 3360 das
2379 3319 2508 3360 oves
2541 3307 2722 3376 rapuit
2749 3306 2936 3374 lupum
2965 3305 3226 3370 Paulum,
3263 3304 3471 3360 faciens
3503 3321 3568 3361 ex
3607 3319 3842 3374 persecu-

2259 3407 2374 3452 tore
2393 3397 2694 3456 doctorem.
2709 3397 2786 3452 De
2801 3414 2912 3468 quo
2937 3399 3068 3454 dicit
3097 3399 3284 3464 Jacob,
3305 3400 3445 3455 sicut
3467 3399 3728 3468 scriptum
3751 3407 3837 3452 est:

2255 3487 2532 3561 Benjamin
2560 3491 2712 3560 lupus
2734 3508 2918 3560 rapax,
2944 3507 3094 3548 mane
3117 3491 3344 3548 comedet
3371 3493 3563 3562 adhuc,
3591 3503 3638 3548 et
3655 3497 3722 3548 ad
3745 3509 3842 3548 ecs-

2257 3599 2435 3652 peram
2463 3582 2654 3636 dividet
2678 3601 2844 3646 escam
2873 3583 3380 3656 principibus.(Gen.
3408 3601 3556 3652 χιιι,
3577 3585 3720 3656 9η.
3745 3585 3838 3639 Lu-

2257 3691 2358 3744 pus
2381 3683 2502 3731 erat
2529 3690 2650 3729 cum
2669 3673 3009 3745 dispergeret
3030 3685 3084 3731 et
3107 3675 3394 3731 devoraret
3415 3691 3549 3730 oves
3571 3675 3834 3731 Ecclesia'.

2255 3765 2362 3822 Sed
2394 3767 2484 3836 qui
2511 3767 2674 3836 lupus
2693 3775 2940 3836 venerat,
2973 3777 3155 3836 pastor
3181 3777 3270 3823 est
3305 3766 3502 3822 factus.
3529 3768 3710 3837 Lupus
3739 3777 3838 3823 erat

2255 3873 2378 3916 cum
2401 3859 2595 3914 Saulus
2651 3871 2766 3914 erat
2786 3901 2801 3928 ,
2851 3859 3070 3930 quando
3101 3861 3334 3916 intrabat
3363 3860 3418 3914 in
3449 3861 3665 3926 domos,
3695 3871 3747 3916 et
3773 3861 3840 3914 vi-

2255 3967 2347 4006 ros
2397 3967 2462 4008 ac
2509 3952 2766 4010 mulieres
2815 3953 3067 4010 trahebat
3097 3957 3150 4010 in
3187 3968 3487 4010 carcerem.
3529 3953 3710 4025 Lupus
3739 3963 3838 4008 erat

2256 4046 2475 4116 quando
2541 4047 2756 4117 spirans
2818 4049 2994 4104 minas
3055 4058 3110 4104 et
3163 4048 3452 4104 homicidia
3509 4049 3567 4104 in
3621 4049 3838 4118 discipu-

2253 4137 2338 4193 los
2393 4138 2611 4194 Domini
2645 4181 2662 4208 ,
2729 4139 2949 4210 petebat
2990 4141 3252 4211 epistolas
3301 4155 3329 4194 a
3382 4141 3716 4213 principibus
3757 4157 3834 4196 sa-

2256 4231 2572 4296 cerdotum,
2601 4243 2658 4288 ut
2689 4233 2976 4290 invaderet
3018 4249 3206 4290 servos
3234 4231 3458 4288 Christi.
3501 4232 3670 4300 Quem
3717 4245 3836 4288 tam-

2255 4339 2418 4395 quam
2458 4323 2642 4394 lupum
2688 4326 2974 4381 nocturnis
3023 4325 3264 4382 tenebris
3309 4327 3658 4382 oberrantem
3686 4327 3832 4382 effusa

2253 4415 2413 4472 Jesus
2443 4415 2565 4472 luce
2595 4416 2842 4472 catcavit.
2873 4417 3006 4474 Ideo
3037 4416 3238 4472 Rachel
3267 4431 3388 4472 cum
3417 4431 3632 4487 pareret
3662 4418 3832 4488 Benja-

2257 4511 2393 4576 min,
2430 4511 2646 4566 vocavit
2689 4525 2887 4566 nomen
2931 4511 3049 4582 ejus
3115 4509 3290 4568 Filius
3325 4513 3522 4582 doloris
3551 4514 3648 4567 mei
3679 4511 3829 4584 (Gen.

867 4609 1116 4681 Denique
1146 4611 1308 4666 etiam
1337 4609 1506 4664 David
1545 4619 1567 4647 ο
1615 4608 1922 4680 juvenculte
1967 4610 2152 4666 Mariae
2179 4611 2229 4672 D
2256 4619 2422 4670 xxxv,
2459 4603 2572 4672 18),
2596 4605 2834 4659 futurum
2865 4605 3194 4674 prophetans
3225 4623 3291 4660 ex
3313 4621 3374 4662 ea
3395 4607 3562 4662 Tribn
3589 4607 3828 4670 Paulum,

2258 4699 2348 4770 qui
2375 4695 2640 4769 afﬂigeret
2671 4697 2813 4752 ﬁlios
2837 4695 3516 4780 Ecclesimpersecutionis
3559 4716 3672 4755 sua:
3713 4711 3829 4755 tem-

2261 4807 2416 4862 pore,
2445 4801 2500 4848 et
2547 4791 2698 4863 gravi
2729 4801 2956 4848 matrem
2987 4792 3185 4850 dolore
3227 4805 3469 4852 vexaret.
3525 4796 3632 4852 Sed
3669 4805 3826 4852 tamen

2257 4887 2400 4944 idem
2450 4897 2640 4959 postea
2705 4886 3042 4957 principibus
3081 4903 3264 4944 escam
3322 4891 3623 4960 posteriore
3672 4891 3828 4946 divisit

2258 4989 2505 5052 tempore
2525 5019 2540 5048 ,
2565 4983 2942 5054 evangelizans
2967 4982 3218 5054 gentibus
3242 4983 3336 5040 Dei
3362 4985 3588 5042 verbum
3615 5027 3628 5052 ,
3655 4997 3704 5042 et
3729 4987 3826 5055 pitt-

2253 5075 2422 5130 rimos
2451 5075 2518 5131 ad
2552 5075 2714 5131 fidem
2765 5090 3103 5146 provocans;
3139 5072 3166 5112 ἀ
3197 5091 3302 5145 quo
3325 5076 3640 5147 disputante
3664 5120 3678 5146 ,
3707 5079 3826 5134 sicut

2255 5167 2508 5238 legimus,
2535 5163 2734 5221 Paulus
2765 5163 3086 5234 proconsul,
3120 5171 3175 5218 et
3201 5161 3422 5219 Publius
3451 5167 3717 5237 princeps,
3739 5165 3823 5220 lio-

2256 5337 2442 5382 centes
2467 5325 2630 5379 David
2643 5341 2708 5378 ex
2740 5319 2886 5378 bello
2909 5331 3030 5392 post
3054 5321 3292 5378 occisum
3318 5321 3532 5378 Coliath
3558 5329 3820 5382 revertenti

2253 5405 2633 5460 occurrerunt,
2668 5403 2725 5450 nt
2755 5395 2981 5450 habetur
3013 5395 3032 5449 Ι
3064 5394 3198 5465 Reg.
3231 5410 3382 5465 xvln,
3407 5393 3440 5449 6
3471 5403 3528 5449 et
3551 5395 3601 5448 7.

2326 5465 2350 5504 (ἲ
2380 5467 2472 5523 Sic
2499 5467 2630 5521 edit.
2665 5465 2822 5520 Rom.
2855 5475 2909 5520 et
2931 5464 3162 5534 quatuor
3188 5481 3319 5520 mss.
3359 5464 3428 5520 At
3474 5467 3605 5521 edit.
3647 5477 3741 5522 vet.
3775 5478 3819 5524 et

2255 5539 2342 5610 alii
2360 5556 2487 5592 mss.
2506 5537 2746 5590 melioris
2767 5548 2929 5610 noue,
2959 5538 3046 5610 qui
3076 5554 3132 5590 eo
3155 5539 3474 5606 dtsputante,
3499 5540 3629 5594 sicut
3655 5537 3820 5610 legatus

2257 5608 2421 5680 Pauli
2439 5609 2782 5680 proconsulis,
2807 5617 2852 5660 et
2888 5607 3104 5661 Publius
3159 5611 3418 5678 princeps,
3451 5619 3556 5664 etc.
3604 5607 3718 5680 Quae
3755 5622 3818 5665 ta-

2257 5696 2380 5735 men
2402 5679 2570 5752 lectio
2601 5683 2642 5730 si
2670 5693 2792 5732 vera
2818 5687 3242 5752 esse_t,sanctum
3270 5681 3550 5734 [luetorem
3576 5685 3818 5752 exempla-

2255 5753 2301 5806 ri
2339 5767 2368 5804 a
2399 5749 2587 5804 Bibliis
2614 5762 2666 5804 et
2694 5749 3030 5804 versionibns
3058 5751 3310 5804 omnibus
3337 5767 3454 5818 quin
3485 5769 3624 5807 nunc
3650 5749 3817 5810 haben-

2257 5831 2345 5878 tur
2373 5863 2388 5890 ,
2429 5821 2773 5894 discrepante
2795 5836 2950 5881 usum
2999 5835 3121 5878 esse
3148 5832 3445 5900 oporteret.
3475 5821 3610 5880 Nam
3651 5825 3812 5898 ubique
