4066 6360
229 381 341 440 693
1114 377 1179 432 IN
1221 374 1480 433 LIBRUM
1517 372 1608 430 DE
1649 373 1809 432 ELIA
1848 372 1936 430 ET
1975 373 2250 432 JEJUNIO
2289 372 2686 431 ADMONITIO.
3409 378 3516 437 69b

225 493 366 552 mini
408 492 636 566 gratiam
678 499 1004 563 receperunt
1053 490 1193 564 (Act.
1228 503 1357 555 xm,
1389 489 1486 554 ﬂ;
1532 503 1718 553 xxvm,
1743 487 1819 558 8).
1850 489 1906 550 Α
1928 488 2165 558 quiante
2184 489 2322 544 sicut
2343 490 2503 559 lupus
2519 489 2799 546 errabatin
2825 490 3169 567 silvis.531
3185 491 3249 548 Et
3272 492 3413 549 Deus
3437 495 3534 550 ob—

307 587 396 643 58.
421 579 656 642 Pulchre
681 593 861 641 autem
887 584 1050 641 etiam
1074 583 1288 654 Moyses
1318 595 1442 638 cum
1476 579 1827 636 bcnediceret
1926 579 2198 635 umbravit
2225 597 2386 652 super
2411 598 2556 651 eum,
2573 583 2788 654 quando
2801 583 2947 641 visus
2973 594 3057 640 est
3076 583 3406 642 eiChristus.
3431 587 3532 657 Qui

224 681 512 752 Benjamin
537 680 784 744 Tribum,
805 679 976 734 dixit:
1020 675 1249 731 Dilectus
1278 691 1308 728 a
1333 673 1556 729 Domino
1579 672 1827 727 habitabit
1928 673 2056 730 licet
2085 675 2288 746 apertis
2317 677 2491 733 oculis
2516 676 2728 733 videret
2754 678 2913 744 nihil,
2946 689 3126 734 tamen
3151 677 3427 737 Christum
3456 683 3532 737 vi-

225 775 417 846 ﬁdens,
446 783 494 828 et
521 771 658 828 Deus
690 770 1014 827 obumbrabit
1042 785 1194 842 super
1220 783 1335 822 eum
1363 766 1597 822 omnibus
1621 765 1820 830 diebus,
1927 765 2112 822 debat.
2167 767 2237 824 Et
2292 768 2488 824 merito
2516 769 2735 825 videbat
2781 780 3106 840 prasscntem
3135 815 3149 840 ,
3181 788 3340 844 quem
3373 775 3534 830 etiam

226 876 278 922 et
305 869 436 923 inter
465 869 703 922 humeros
747 867 1019 938 requiescet
1074 864 1289 918 dilectus
1328 880 1358 916 a
1390 862 1613 916 Domino
1645 859 1823 931 (Deut.
1929 862 2180 918 audiebat
2230 863 2561 933 loquentem.
2611 863 2730 920 Non
2762 865 3021 921 cascitatis
3049 875 3135 922 est
3185 867 3531 924 obumbratio

230 975 424 1024 xxxtn.
455 961 569 1029 12),
593 961 683 1032 qui
709 964 869 1018 etiam
889 974 982 1014 vas
1005 958 1289 1014 electionis
1315 966 1397 1012 est
1419 957 1612 1012 iactus.
1643 956 1828 1028 Neque
1930 955 2031 1012 ista
2061 996 2076 1022 ,
2099 955 2196 1011 sed
2240 959 2449 1026 gratim.
2499 957 2742 1027 Denique
2790 958 2978 1014 Mariae
3017 959 3215 1016 dicitur
3241 980 3253 1014 :
3305 961 3538 1028 Spiritus

225 1056 373 1107 enim
407 1053 563 1108 aliter
615 1053 716 1107 nisi
769 1051 980 1107 Domini
1019 1059 1102 1105 est
1156 1049 1505 1104 miseratione
1532 1059 1587 1104 et
1638 1065 1824 1104 amore
1931 1057 2138 1103 sanctus
2167 1050 2483 1118 superveniet
2514 1050 2566 1103 in
2597 1059 2661 1114 te,
2704 1060 2750 1103 et
2789 1051 2950 1107 virtus
2977 1051 3233 1108 Altissimi
3261 1054 3536 1109 obumbra-

225 1157 550 1200 conversus.
583 1143 738 1200 [inde
785 1154 840 1198 et
879 1145 995 1214 ipse
1022 1143 1155 1198 nihil
1185 1141 1378 1198 merito
1401 1141 1648 1200 tribuens
1678 1157 1777 1196 suo
1802 1181 1818 1210 ,
1930 1140 2000 1194 bit
2030 1139 2118 1193 tibi
2141 1141 2294 1208 (Luc.
2325 1157 2363 1208 ι,
2395 1140 2513 1214 35).

223 1231 324 1291 sed
339 1244 506 1289 totum
529 1235 783 1292 deferens
794 1235 1012 1291 Christo
1027 1235 1102 1290 ait
1123 1255 1135 1288 :
1155 1233 1270 1307 Ego
1288 1235 1423 1290 enim
1450 1252 1562 1289 sum
1578 1235 1822 1291 minimus
2000 1232 2161 1304 532
2175 1233 2262 1288 59.
2279 1231 2345 1286 Ει
2357 1233 2486 1287 inter
2497 1234 2731 1287 humeros
2744 1235 3150 1304 requiescet,hoc
3163 1246 3266 1302 est,
3283 1238 3423 1293 inter
3440 1238 3536 1293 bo-

221 1328 578 1400 apostolorunt
631 1330 718 1399 qui
774 1345 878 1384 non
913 1343 1026 1382 sunt
1075 1329 1262 1400 dignus
1313 1328 1484 1397 vocari
1512 1329 1776 1398 apostolus
1806 1365 1822 1394 ,
1927 1339 2025 1380 nos
2045 1334 2220 1393 actus,
2235 1335 2288 1380 et
2308 1340 2469 1396 opera
2497 1325 2900 1395 pretiosa.Nam
2932 1335 2986 1381 et
3015 1341 3176 1399 supra
3193 1327 3360 1384 babes
3391 1329 3537 1398 quod

220 1423 468 1492 quoniam
499 1431 793 1493 persecutus
816 1439 927 1477 sum
955 1421 1237 1476 Ecclesium
1276 1419 1393 1475 Dei.
1441 1419 1623 1474 Gratia
1655 1430 1826 1474 autem
1927 1415 2177 1471 lssachar
2201 1417 2484 1487 supposuit
2505 1416 2789 1472 humerum
2820 1431 2979 1472 suum
3026 1422 3093 1473 ad
3135 1419 3490 1476 laborandum
3520 1460 3539 1489 ,

223 1514 326 1569 Dei
353 1530 466 1570 sum
492 1515 550 1569 id
578 1515 716 1586 quod
743 1532 856 1571 sum
887 1557 901 1582 ,
931 1524 979 1570 et
1007 1515 1173 1587 gratia
1197 1516 1310 1586 ejus
1336 1529 1496 1586 egena
1523 1515 1575 1568 in
1606 1529 1685 1568 me
1724 1527 1827 1567 non
1931 1522 1987 1568 et
2024 1511 2201 1568 iactus
2247 1521 2332 1568 est
2375 1512 2462 1567 vir
2509 1513 2766 1583 agricola.
2810 1514 2985 1581 Quem
3016 1513 3221 1569 Paulus
3253 1515 3490 1570 imitatus
3516 1557 3530 1579 ,

224 1610 328 1681 fuit
379 1609 433 1682 (I
486 1607 602 1664 Cor.
626 1621 730 1678 xv,
776 1610 812 1667 9
836 1619 884 1664 et
912 1610 1023 1680 10).
1069 1609 1345 1664 Habitahit
1372 1607 1545 1664 ﬁdens
1580 1607 1634 1662 in
1666 1607 1829 1662 domo
1935 1609 2118 1676 posuit
2147 1606 2273 1662 iidei
2305 1606 2524 1661 novella
2557 1605 2852 1676 plantaria,
2881 1606 3111 1678 ideoque
3161 1609 3315 1678 quasi
3361 1609 3538 1664 bonus

222 1714 391 1770 quam
422 1711 548 1756 ante
570 1701 838 1769 vastabat,
865 1700 1131 1756 habitabit
1150 1700 1204 1754 in
1224 1699 1584 1754 tabernaculis
1604 1697 1830 1765 Christi,
1935 1699 2172 1771 agricola
2185 1699 2354 1754 dixit:
2377 1697 2490 1770 Ego
2514 1697 3534 1772 plantavi,Apollorigavit(lCor.111,6).

224 1873 338 1912 non
363 1857 891 1937 Pauli-proconsulis
937 1859 1181 1937 legatus,
1202 1857 1307 1937 sed
1331 1859 1448 1937 ipse
1477 1859 1828 1937 P_a_ulus_pro-
1857 1864 1904 1925 B
1937 1861 2036 1937 Qui
2060 1861 2078 1933 (
2105 1876 2300 1931 nempe
2325 1861 2533 1937 Elimas
2555 1868 2804 1937 magus)
2856 1875 2966 1918 erat
2994 1865 3137 1935 apud
3179 1864 3540 1937 Sergiumtri-

220 1929 419 1983 consul
459 1937 713 2004 narratur
749 1929 1044 2004 conversus
1091 1930 1157 2004 ab
1187 1930 1479 2004 Apostolo.
1506 1929 1830 2004 _Excipiinus
1939 1929 2129 1986 bunum
2156 1929 2271 1986 cum
2316 1931 2487 1987 Paulo
2518 1932 2625 1986 viro
2668 1929 2940 2004 prudente.
2960 1929 3112 2002 Quod
3154 1929 3535 1992 sanevlectioni

223 2011 409 2074 tamen
438 2001 757 2074 versionem,
783 1999 1095 2074 Arabieam.
1125 2001 1181 2055 in
1218 2005 1316 2054 hac
1343 1999 1610 2072 siquidem
1642 1999 1832 2074 aperte
1943 2005 2243 2074 priscarum
2270 2005 2565 2059 editionum
2598 1999 2780 2060 favere
2805 1999 3020 2074 potest}
3048 2008 3093 2062 si
3136 2007 3376 2062 dicamus
3410 2008 3540 2061 Ser-

220 2072 617 2146 dutepersonai
645 2085 710 2126 ex
741 2073 929 2146 sergio
966 2071 1137 2126 Paulo
1169 2074 1594 2138 constituuntur,
1622 2073 1710 2128 ubi
1749 2089 1810 2128 se
1942 2071 2087 2146 giunt
2109 2075 2259 2130 illum
2283 2091 2350 2130 ex
2394 2077 2644 2139 versione
2667 2071 2894 2132 Arabica
2923 2071 3196 2133 tribunum
3219 2081 3287 2135 ab
3307 2080 3538 2136 Ambro—

221 2145 463 2199 cundum
487 2144 738 2200 Latinam
762 2145 882 2216 eius
903 2144 1412 2215 interpretationem
1455 2146 1526 2200 ita
1558 2146 1788 2216 legimus
1818 2165 1832 2200 :
1946 2144 2026 2203 sio
2055 2147 2287 2218 legatum
2320 2147 2468 2203 Pauli
2495 2150 2840 2219 proconsulis
2864 2149 3070 2205 dictum
3093 2151 3281 2206 fuisse.

246 2285 1852 2339 Μ

609 2332 1852 2345 _.__——______.__—____

2237 2287 2246 2332 ἓ
2501 2289 2506 2296 .
2765 2293 2768 2296 .
2947 2287 3110 2346 HI,

479 2449 604 2537 IN
677 2452 1138 2539 LIBRUM
1213 2455 1372 2540 DE
1448 2407 1716 2541 E'LIA
1793 2450 1949 2544 ET
2023 2457 2520 2543 JEJUNIO
2596 2458 3314 2565 ADMONITIO,

231 2659 331 2722 [ibi
365 2665 619 2724 nonnulla
649 2667 717 2724 de
758 2667 967 2740 jejunio
1014 2667 1476 2740 Quadragesimali
1521 2669 1941 2728 Mediolanensis
1969 2665 2259 2737 Ecclesiae,
2293 2683 2354 2725 ac
2381 2668 2448 2726 de
2471 2665 2734 2726 conviviis
2762 2684 2928 2742 super
2954 2671 3202 2742 sepulcra
3235 2677 3532 2742 martyrum

631 2780 636 2782 '
1552 2761 1844 2818 celebratis
1874 2761 2202 2818 inferuntur.

295 2946 509 3022 Legenti
522 2945 657 3002 hunc
671 2946 858 3001 librum
871 2945 1012 3001 haud
1025 2943 1239 3015 difﬁcile
1253 2946 1408 3020 fuerit
1425 2955 1523 3002 tres
1539 2946 1591 2998 in
1605 2960 1663 2998 eo
1678 2951 1845 3013 partes
1858 2943 2278 2996 animadvertere.
2298 2936 2361 2994 In
2380 2943 2567 3011 prima,
2583 2957 2739 3011 eaque
2752 2942 3034 3012 pratcipua,
3053 2943 3115 2998 de
3118 2944 3328 3016 jejunio
3339 2946 3534 3016 agitur,

222 3053 271 3098 et
301 3044 622 3114 potissimum
649 3043 712 3097 de
745 3042 1196 3117 Quadragesimali
1226 3046 1362 3111 quod
1392 3046 1520 3115 festa
1549 3036 1814 3109 paschalia
1835 3035 2105 3090 antecedit.
2139 3034 2318 3088 Primo
2350 3035 2518 3106 itaque
2562 3035 2697 3089 illud
2728 3035 3028 3089 Ambrosius
3078 3037 3261 3091 asserit
3291 3035 3442 3108 (Cap.
3474 3036 3529 3111 1)

215 3140 494 3207 quamdam
545 3157 653 3195 esse
673 3159 932 3213 pugnam,
985 3147 1134 3218 cujus
1177 3141 1420 3212 beneﬁcio
1473 3136 1739 3192 victoriam
1780 3133 1980 3197 crucis,
2029 3143 2073 3186 et
2116 3129 2400 3186 Dominicce
2446 3131 2833 3185 resurrectionis
2882 3137 3137 3199 trapcvum
3170 3135 3528 3200 reportamus;

212 3229 270 3282 in
311 3230 406 3284 hoc
443 3241 611 3284 autem
643 3233 824 3304 pretio
862 3233 1033 3304 ipsum
1076 3233 1348 3286 Dominum
1380 3275 1391 3294 ,
1418 3240 1473 3283 ut
1503 3228 1646 3282 nobis
1673 3225 1892 3280 traderet
1921 3223 2184 3294 pugnandi
2214 3233 2394 3290 artem,
2428 3232 2473 3276 et
2504 3223 2732 3276 vincendi
2787 3225 3006 3292 gratiam
3035 3223 3318 3289 impertiret
3345 3265 3359 3288 ,
3390 3231 3525 3292 prce-

217 3335 426 3375 currere
451 3321 689 3377 voluisse.
717 3321 906 3379 Postea
936 3335 1127 3396 quanta
1145 3324 1337 3400 jejunii
1361 3323 1524 3376 virtus
1552 3320 1640 3383 sit,
1658 3316 1791 3371 brevi
1812 3313 2221 3368 dinumeratione
2247 3315 2608 3386 prodigiorum
2636 3330 2750 3385 qua?
2778 3316 2941 3387 ipsius
2969 3333 3062 3388 ope
3093 3315 3155 3370 ab
3189 3313 3304 3370 Elia
3325 3323 3532 3384 patrata

216 3425 592 3480 memorantur,
623 3416 787 3487 aperit
817 3415 966 3486 (Cap.
995 3418 1029 3471 2
1055 3417 1208 3490 ειηὸ).
1241 3416 1606 3472 Verumtamen
1637 3428 1751 3464 cum
1783 3409 1889 3474 iam
1911 3406 2099 3462 multos
2127 3406 2282 3461 libras
2303 3406 2370 3464 de
2403 3408 2535 3463 Elite
2556 3407 2721 3479 gestis
2742 3409 3052 3480 scripsisset,
3082 3409 3317 3480 pluribus
3347 3409 3410 3464 de
3441 3405 3538 3467 illo

214 3523 272 3562 se
292 3507 674 3577 disputaturum
703 3520 854 3584 negat
877 3508 1026 3582 (Cap.
1060 3511 1114 3577 ὅ,
1137 3526 1277 3564 num.
1305 3506 1386 3578 5),
1414 3516 1678 3561 contentus
1710 3499 1854 3556 nobis
1887 3500 2106 3555 suasisse
2134 3509 2184 3552 ut
2211 3498 2443 3553 eumdem
2472 3499 2524 3553 in
2548 3515 2696 3554 sacro
2721 3499 3062 3572 quadraginta
3095 3501 3293 3556 dierum
3326 3497 3534 3574 jejunio

215 3597 497 3654 imitemur.

291 3687 383 3743 Sic
411 3690 557 3760 quasi
583 3690 831 3760 prwfatus
860 3691 923 3745 de
939 3691 1146 3765 jejunio
1176 3691 1390 3761 prapius
1437 3689 1505 3744 ad
1521 3697 1891 3777 .arguntentum
1913 3702 2060 3740 suunt
2090 3683 2303 3742 accedit.
2341 3683 2575 3741 Ostendit
2601 3685 2756 3760 (Cap.
2788 3683 2846 3756 4)
2875 3685 3105 3741 eamdem
3129 3701 3238 3741 esse
3259 3689 3455 3760 jejunii
3475 3703 3536 3744 ac

216 3779 398 3832 mundi
423 3781 777 3852 antiquitatem
801 3799 818 3835 :
842 3782 1003 3855 legem
1025 3781 1342 3836 abstinentia:
1365 3790 1482 3834 ante
1510 3775 1718 3833 crateras
1741 3795 1770 3830 a
1794 3775 1905 3832 Deo
1934 3775 2090 3830 latam
2110 3819 2123 3840 ,
2148 3794 2248 3845 qua
2270 3775 2458 3832 violata
2482 3777 2710 3833 Adamus
2741 3777 3024 3834 nuditatem
3047 3779 3340 3851 cognoverit
3360 3793 3531 3835 suam:

216 3869 445 3926 declarat
486 3871 636 3946 (Cap.
670 3871 726 3944 5)
760 3870 965 3925 Noachi
991 3874 1222 3942 exemplo
1253 3871 1484 3941 ignotum
1530 3870 1600 3922 ad
1630 3870 1682 3923 id
1712 3869 1954 3940 temporis
1986 3868 2150 3939 fuisse
2192 3869 2295 3922 vini
2339 3884 2533 3923 usum:
2579 3870 2836 3923 Abraham
2866 3873 2917 3924 in
2945 3869 3172 3924 convivio
3201 3887 3293 3925 suo
3323 3869 3534 3943 Angelis

215 3961 422 4032 ipsique
449 3965 577 4017 adeo
599 3962 778 4017 mundi
810 3964 962 4017 totius
993 3962 1212 4018 Domino
1235 3964 1408 4018 vinum
1435 3979 1537 4016 non
1565 3963 1885 4032 ministrasse
1911 3979 1922 4014 :
1957 3960 2171 4032 Moysen
2198 3962 2411 4033 denique
2439 3962 2631 4033 papula
2660 3963 2824 4015 solam
2852 3979 3040 4032 aquam
3090 3979 3179 4033 per
3217 3965 3532 4020 miraculum

216 4057 573 4125 suppeditasse
601 4055 654 4110 in
684 4057 902 4111 deserto.
939 4055 1016 4110 Ad
1039 4057 1148 4109 hwc
1178 4055 1321 4110 nobis
1351 4055 1582 4109 eumdem
1607 4053 1753 4107 illunt
1787 4052 2024 4124 Moysen,
2062 4053 2331 4117 Elisazum,
2367 4051 2630 4106 Danielent
2656 4093 2670 4117 ,
2702 4053 2932 4123 aliosque
2973 4056 3422 4125 prwstatitissintos
3459 4055 3540 4112 vi-

216 4161 303 4200 ros
333 4148 421 4218 qui
448 4156 652 4219 propter
668 4149 932 4222 jejunium
961 4147 1199 4202 celebrati
1224 4157 1342 4201 sunt
1367 4189 1381 4214 ,
1410 4147 1644 4218 proponit
1673 4143 1821 4218 (Cap.
1845 4146 1878 4201 6
1900 4155 1945 4200 et
1977 4141 2056 4216 7).
2094 4143 2233 4198 Hinc
2264 4145 2462 4198 venitur
2491 4143 2634 4216 (Cap.
2677 4145 2730 4211 8,
2764 4145 2798 4200 9
2828 4155 2871 4199 et
2895 4147 3027 4216 seq.)
3079 4147 3148 4200 ad
3166 4149 3360 4221 jejunli
3389 4148 3533 4204 utili-

219 4245 348 4290 tates
366 4280 381 4306 ,
413 4239 582 4310 eisque
609 4257 791 4310 magno
817 4255 1029 4294 numero
1079 4235 1340 4292 recensitis
1371 4238 1773 4307 intemperantia:
1799 4253 1859 4290 ac
1886 4237 2043 4290 luxus
2070 4236 2394 4290 incommoda
2411 4278 2424 4302 ,
2449 4235 2638 4300 turbis,
2665 4235 2941 4308 dispendia
2963 4251 3316 4311 apponuntur.
3348 4240 3536 4314 Neque

219 4347 336 4386 vero
367 4332 497 4386 illud
524 4335 931 4402 praetermittitur
955 4332 1110 4408 (Cap.
1142 4333 1231 4399 10,
1262 4350 1406 4387 num.
1442 4331 1509 4389 54
1537 4343 1584 4388 et
1619 4329 1751 4404 seq.)
1774 4373 1788 4397 ,
1810 4331 2007 4405 jejunii
2040 4345 2198 4401 opera
2219 4346 2310 4384 nos
2330 4327 2398 4382 ad
2426 4331 2652 4400 mystica:
2682 4345 2899 4398 mensas,
2926 4331 3022 4385 hoc
3051 4341 3124 4386 est
3146 4376 3161 4400 ,
3206 4335 3536 4392 eucharistice

219 4423 515 4476 societatem
546 4422 765 4477 admitti.
804 4421 928 4478 Ηωε
957 4434 1164 4479 sanctus
1195 4425 1420 4479 Antistes
1446 4423 1787 4496 praecipiendo
1813 4439 1914 4493 qua
1943 4421 2143 4476 ratione
2169 4435 2258 4476 nos
2271 4423 2518 4495 jejunare
2547 4433 2778 4489 oporteat
2807 4424 3066 4479 concludit
3090 4423 3243 4497 (Cap.
3281 4426 3392 4500 {0).

292 4514 534 4571 Secunda
564 4527 707 4586 parte
728 4516 1027 4572 Ambrosius
1052 4519 1102 4570 in
1123 4518 1201 4572 sui
1230 4518 1470 4589 temporis
1503 4515 2016 4586 intentperantissima
2046 4513 2275 4568 convivia
2297 4513 2573 4568 invehitur.
2607 4513 2858 4567 Describit
2890 4513 3043 4586 (Cap.
3077 4514 3172 4585 12)
3199 4520 3368 4587 primo
3410 4520 3532 4575 vul-

218 4606 424 4678 garium
458 4616 510 4663 ct
535 4607 914 4662 vilissimorum
949 4607 1224 4662 hominum
1267 4609 1666 4676 compotationes
1690 4618 1842 4678 atque
1862 4606 2146 4660 ebrietates.
2178 4604 2371 4659 Deinde
2398 4607 2467 4659 ad
2496 4606 2674 4676 epulas
2712 4607 3010 4676 potentium
3038 4615 3091 4662 et
3110 4606 3532 4668 fortissimorum

220 4699 638 4756 adolescentium
688 4703 872 4756 transit
929 4701 1098 4774 (Cap.
1155 4703 1226 4758 15
1273 4711 1318 4756 et
1366 4718 1472 4773 seq.
1514 4701 1556 4773 ).
1586 4699 1655 4754 Et
1708 4716 1808 4772 quo
1867 4715 2044 4753 eorum
2095 4699 2443 4752 temulentiam
2493 4699 2655 4769 magis
2711 4699 2945 4752 odiosam
2986 4701 3214 4768 reddat,
3263 4708 3536 4771 expressas

220 4808 279 4844 ac
302 4792 435 4846 velut
465 4793 716 4865 spirantes
745 4794 972 4862 ipsorum
1000 4795 1246 4866 inmgines
1267 4793 1328 4848 ob
1355 4797 1528 4849 oculos
1554 4794 1715 4864 ponit.
1740 4791 2048 4864 Perstringit
2073 4790 2222 4863 (Cap.
2253 4791 2340 4859 17,
2370 4807 2510 4844 num.
2558 4791 2652 4862 64)
2683 4793 2834 4845 etiam
2858 4793 3036 4847 modos
3057 4795 3306 4862 quosdam
3332 4797 3533 4851 bibendi

219 4881 350 4937 adeo
377 4883 678 4954 stupendos,
711 4894 764 4938 ut
795 4885 896 4939 nisi
918 4885 1023 4938 illis
1055 4894 1243 4940 nostra:
1271 4887 1437 4940 celatis
1464 4901 1717 4955 ganeones
1758 4886 1962 4940 insania
1989 4903 2083 4940 sua
2139 4883 2293 4954 ﬁdem
2325 4887 2550 4956 facerent
2579 4927 2592 4949 ,
2627 4888 2788 4955 ferme
2835 4887 3127 4939 viderentur
3182 4888 3526 4943 incredibiles.

223 4973 488 5032 Postremo
518 4981 824 5049 feminarum
845 4996 1045 5052 quoque
1073 4982 1314 5053 objurgat
1343 4979 1494 5053 (Cap.
1533 4982 1619 5048 i8,
1651 4998 1792 5036 num.
1823 4981 1915 5051 66)
1946 4983 2276 5036 vinolentiam
2303 5023 2316 5048 ,
2349 4998 2449 5052 qua
2480 4982 2584 5036 illa:
2629 4983 2840 5051 percita:
2874 4983 3192 5036 Baccharum
3227 4983 3392 5038 instar
3443 4991 3536 5052 per

221 5072 363 5127 urbis
389 5075 608 5145 compita
638 5061 1202 5145 discurrebantpeaque
1240 5073 1617 5147 perpetrabant,
1652 5091 1767 5146 qua:
1796 5092 1895 5130 non
1925 5076 2050 5146 ipsis
2079 5075 2260 5144 magis,
2293 5090 2445 5144 quam
2469 5076 2850 5143 spectatoribus
2878 5083 3042 5129 essent
3074 5073 3380 5144 perniciosa.

292 5161 358 5218 In
386 5163 534 5218 tertia
565 5175 710 5235 parte
736 5165 1166 5236 Opportunitatem
1222 5165 1491 5219 verborum
1546 5163 1702 5220 Isaite
1727 5208 1740 5231 ,
1772 5181 1886 5234 qua:
1915 5168 1968 5220 in
1998 5164 2248 5220 Ecclesia:
2276 5166 2452 5219 eodem
2497 5165 2580 5220 die
2610 5165 2740 5219 lecta
2773 5171 2981 5236 [uerunt
3005 5209 3018 5232 ,
3079 5167 3335 5232 arripiens
3387 5166 3538 5220 docet

223 5255 374 5327 (Cap.
414 5258 499 5327 l9)
526 5257 660 5310 hanc
699 5272 888 5311 mensa:
909 5258 1168 5311 licentiam
1200 5256 1441 5310 vitiorum
1468 5257 1712 5323 omnium,
1735 5266 1783 5311 et
1812 5258 1974 5329 ipsius
2005 5273 2204 5327 quoque
2224 5257 2457 5310 avaritia:
2476 5267 2576 5326 qua
2605 5267 2696 5326 per
2725 5259 2804 5325 fas
2831 5264 2880 5307 et
2907 5261 3050 5325 nefas
3067 5266 3300 5325 sumptus
3317 5249 3539 5310 luxurias

223 5350 592 5419 corraduntur,
616 5351 948 5406 seminarium
976 5367 1035 5404 ac
1075 5363 1287 5406 matrem
1325 5369 1450 5406 esse.
1482 5349 1721 5407 Attamen
1748 5368 1809 5408 ex
1844 5353 2163 5423 sequentibus
2195 5349 2352 5406 Isaice
2381 5351 2542 5406 verbis
2568 5351 2745 5420 probat
2783 5348 2933 5421 (Cap.
2971 5343 3066 5423 ‘20)
3089 5349 3540 5405 clementissimum

215 5442 369 5513 juxta
393 5460 455 5496 ac
481 5444 844 5516 peritissimum
862 5442 1118 5497 medicum
1149 5460 1256 5499 esse
1286 5442 1474 5510 Deum,
1505 5447 1593 5514 qui
1618 5447 1834 5500 salutem
1855 5445 1925 5500 ad
1953 5461 2101 5516 opem
2130 5459 2277 5500 suam
2308 5443 2718 5514 perfugientibus
2744 5442 2996 5496 restituet.
3034 5443 3102 5496 Et
3141 5459 3240 5514 quo
3273 5441 3538 5497 vehemen-

225 5536 322 5588 tius
365 5535 434 5588 ad
461 5535 514 5589 id
544 5536 773 5607 impellat
793 5535 1076 5602 auditores,
1111 5547 1390 5591 extremum
1412 5539 1693 5612 judicium,
1723 5543 1872 5613 cujus
1902 5541 2206 5613 mentionem
2234 5540 2285 5593 in
2315 5538 2612 5611 prophetica
2638 5538 2852 5591 lectione
2880 5537 3172 5603 audierant,
3203 5537 3309 5592 illis
3337 5539 3394 5591 in
3432 5541 3544 5590 rne-

226 5628 437 5681 moriam
468 5637 667 5682 revocat
698 5627 850 5698 (Cap.
876 5625 968 5693 21,
999 5643 1138 5681 num.
1176 5629 1290 5699 7'7).
1329 5627 1446 5684 Huc
1469 5628 1613 5684 addit
1645 5627 1830 5700 (Ibid.,
1857 5645 1998 5686 num.
2029 5627 2118 5703 79)
2148 5629 2368 5684 athletas
2399 5645 2492 5682 nos
2539 5642 2645 5681 esse
2690 5628 2869 5697 quibus
2898 5629 2952 5682 in
2987 5627 3170 5681 ultimo
3197 5627 3293 5682 illo
3340 5627 3425 5682 die
3455 5635 3544 5680 eoa

226 5737 352 5774 rana
370 5721 605 5792 neganda
633 5722 720 5786 sit,
736 5721 835 5775 nisi
852 5734 1098 5792 generoso
1115 5722 1287 5775 animo
1306 5725 1682 5776 certaverimus.
1703 5721 1746 5776 Τ
1753 5741 1834 5777 um
1859 5739 2128 5778 conversus
2153 5717 2222 5777 ad
2243 5720 2631 5776 catechumenos
2647 5718 2779 5772 viam
2801 5720 2928 5788 ipsis
2943 5719 3014 5773 ad
3041 5719 3404 5792 perpurganda
3417 5717 3545 5773 vitia

229 5811 510 5877 planiorem
537 5810 943 5882 securioremque
966 5818 1234 5879 suppetere
1263 5811 1576 5866 demonstrat
1599 5812 1750 5883 (Cap.
1777 5812 1869 5879 2'2,
1902 5831 2041 5867 num.
2075 5811 2190 5882 85),
2222 5813 2532 5884 baptismum
2555 5807 2785 5864 videlicet
2811 5827 2910 5881 quo
2935 5821 3189 5883 tamquam
3219 5827 3367 5867 sacro
3405 5827 3538 5882 quo-

232 5897 349 5955 dam
377 5901 493 5972 igne
523 5900 781 5990 universa
811 5903 988 5958 sordes
1013 5913 1405 5960 consumuntur.
1449 5901 1634 5961 Verum
1659 5921 1775 5962 cum
1804 5905 2014 5962 minime
2036 5907 2282 5976 deessent,
2313 5906 2400 5978 qui
2428 5912 2482 5960 ut
2506 5903 2692 5978 majori
2721 5899 2926 5961 licentia
2950 5903 3002 5964 in
3038 5907 3256 5979 ﬂagitiis
3286 5906 3396 5964 suis
3422 5919 3540 5979 per-3
