4066 6360
567 383 675 440 οθδ
757 357 763 364 ’
1913 366 2164 426 suum!

2265 362 2526 421 KBROSII
2698 413 2710 428 ,
3773 359 3871 418 096

561 510 872 568 severarent,
893 506 1268 555 sacramentum
1290 496 1420 551 illud
1433 495 1488 550 in
1505 496 1693 550 exitum
1714 494 1831 548 vita,
1851 489 2178 558 diﬁ‘erebant,
2193 486 2380 543 acriter
2407 500 2491 539 eos
2504 483 2826 554 reprehendit
2841 481 2984 554 (cap.
2999 481 3093 542 22.
3107 496 3252 536 num.
3272 479 3394 550 84),
3417 485 3736 568 mortemque
3754 476 3862 529 dum

562 595 1008 666 procrastinantur
1029 635 1043 656 ,
1091 592 1327 662 ingruere
1365 588 1859 658 commonefaciens,
1914 584 2117 640 eosdem
2165 600 2229 638 ne
2267 578 2804 650 comperendinatione
2832 592 2927 632 sua
2953 575 3173 631 Cainum
3201 574 3376 646 potius
3406 586 3566 642 quam
3597 567 3797 624 Abelcat
3818 569 3864 624 in

559 688 816 753 sacriﬁcio
843 685 1104 752 offerendo
1128 684 1448 746 aemulentur,
1468 684 1711 736 absterret
1744 679 1931 752 (Ibid,
1963 697 2102 733 num.
2135 678 2252 747 85').

633 776 852 830 Tametsi
881 776 1040 829 tribus
1065 773 1314 846 partibus,
1350 785 1402 826 ut
1433 791 1593 844 supra
1612 774 1934 826 declaratum
1957 782 2051 835 est,
2079 778 2271 824 constet
2300 769 2380 823 hic
2402 768 2530 823 liber
2553 785 2572 834 ;
2605 777 2775 821 tamen
2799 765 2920 831 quia
2950 765 3161 819 illarum
3189 764 3462 834 potissima
3504 770 3582 816 est
3613 776 3671 814 ea
3697 760 3750 813 in
3775 777 3862 830 qua

553 867 725 937 agitur
747 866 810 919 de
831 866 1060 939 jejunio,
1085 864 1222 935 quod
1255 876 1612 935 argumentum
1645 861 1820 917 Eliani
1837 863 2029 935 jeiunii
2051 862 2318 916 occasione
2346 870 2636 925 susceptum
2665 859 2783 930 fuit.
2813 858 2927 912 ideo
2950 857 3019 912 de
3049 857 3165 912 Elia
3192 867 3248 912 et
3289 854 3506 926 jejunio
3556 853 3861 908 inscribitur.

552 959 709 1015 Hunc
739 961 938 1014 titulum
963 975 1136 1012 omnes
1165 976 1284 1012 mss.
1321 974 1430 1027 prie
1459 974 1514 1012 se
1542 960 1734 1028 ferunt,
1766 963 1975 1023 excepto
2002 954 2138 1025 quod
2163 953 2324 1024 aliqui
2344 953 2478 1007 Elia:
2504 967 2687 1006 nomen
2717 950 3154 1021 praetermittentes
3179 947 3416 1004 exhibent
3439 955 3663 1011 tantum,
3686 943 3862 1000 Sermo

551 1057 722 1105 sancti
755 1049 1022 1104 Ambrosii
1053 1048 1119 1102 de
1148 1049 1387 1116 Jejunio.

621 1139 740 1193 Divi
769 1137 952 1192 Basilii
979 1137 1248 1193 Itomiliam
1272 1156 1374 1210 qua
1397 1138 1644 1210 populum
1672 1155 1822 1192 suum
1845 1137 1913 1191 ad
1930 1136 2193 1211 jejunium
2211 1135 2634 1208 Quadragesima:
2653 1136 2898 1190 alacriter
2919 1134 3303 1204 suscipiendum
3321 1130 3857 1203 adhortatur(Homil.

547 1230 613 1284 de
630 1229 882 1302 jejunio).
915 1229 1144 1296 quisquis
1171 1246 1288 1281 cum
1315 1230 1411 1282 hoc
1437 1230 1774 1283 Ambrosiano
1807 1238 2027 1283 tractatu
2048 1230 2338 1294 contulerit,
2366 1229 2486 1282 inde
2513 1245 2630 1281 cum
2660 1229 2814 1296 plura
2841 1229 2895 1282 in
2935 1226 3072 1280 hunc
3097 1243 3205 1281 esse
3222 1227 3479 1282 translata
3502 1227 3659 1295 facile
3682 1225 3859 1280 intelli-

543 1328 651 1392 get.
693 1318 1056 1373 Verumtamen
1087 1318 1170 1372 Itt'c
1191 1335 1390 1387 quoque
1429 1337 1619 1374 morem
1647 1336 1795 1373 suum
1818 1322 1997 1374 retinet
2024 1319 2086 1374 S.
2119 1316 2334 1386 Doctor,
2367 1320 2608 1373 nimirum
2635 1320 2786 1374 modo
2808 1319 2975 1387 addit,
3007 1321 3161 1374 modo
3188 1330 3404 1384 resecat,
3430 1319 3856 1391 qutedam'trons-

552 1410 720 1479 ponit.
745 1409 853 1462 alia
885 1424 999 1461 cum
1026 1425 1106 1462 res
1133 1408 1186 1460 id
1216 1425 1424 1473 poscere
1447 1410 1665 1474 videtur,
1698 1410 1999 1477 ampliﬁcat.

617 1502 874 1557 Similiter
900 1501 1308 1556 animadvertere
1329 1513 1402 1556 est
1427 1503 1742 1557 Ambrosium
1774 1505 1826 1557 in
1841 1505 2036 1558 ultimis
2053 1504 2252 1559 duabus
2278 1506 2491 1579 hujusce
2518 1506 2890 1561 lucubrationis
2915 1507 3148 1578 partibus
3165 1507 3416 1562 nonnulla
3433 1523 3554 1577 qua:
3576 1506 3740 1578 plebis
3764 1523 3854 1561 sine

540 1592 771 1646 moribus
797 1594 1218 1657 accommodarit,
1251 1604 1537 1647 mutuatum
1551 1611 1660 1648 esse
1674 1612 1737 1649 ea:
1749 1596 1945 1650 duabus
1961 1597 2079 1650 aliis
2092 1595 2274 1651 Basilii
2289 1597 2464 1669 Magni
2481 1597 2728 1666 homiliis,
2752 1617 2971 1670 quarum
2997 1601 3162 1656 altera
3181 1600 3500 1672 quwlcontra
3529 1603 3853 1666 intemperan-

541 1685 669 1738 tiam
695 1685 806 1754 ipso
839 1685 970 1738 sacri
1018 1684 1286 1740 Paschatis
1304 1686 1387 1740 die
1410 1687 1658 1741 committi
1688 1689 1891 1742 solitam
1906 1689 2100 1758 scripta
2123 1689 2420 1744 inscribitur
2457 1691 2508 1745 in
2548 1690 2863 1747 ebrietatem
2900 1701 2957 1747 et
2991 1691 3197 1760 luxum,
3219 1693 3382 1748 altera
3429 1692 3496 1748 ad
3541 1693 3847 1763 baptismum

540 1779 850 1836 exhortatio
882 1788 985 1834 est.

614 1873 680 1928 In
705 1875 800 1928 hoc
830 1875 998 1944 itaque
1024 1873 1153 1929 libro
1184 1892 1284 1930 non
1308 1892 1472 1946 pauca
1499 1875 1747 1945 reperias,
1777 1891 1892 1946 qua:
1913 1875 1982 1929 ad
2013 1873 2418 1929 Mediolanensis
2451 1875 2702 1931 Ecclesiae
2729 1876 3124 1932 consuetudines
3141 1876 3448 1946 pertineant.
3481 1873 3608 1930 Haec
3629 1875 3760 1928 inter
3779 1878 3848 1928 ob-

538 1966 824 2019 servatione
853 1965 1116 2034 prtecipua
1142 1966 1353 2036 dignunt
1377 1967 1577 2021 videtur
1598 1967 1738 2036 quod
1769 1977 2080 2030 memoratur
2107 1965 2171 2020 de
2189 1967 2397 2040 jejunio
2425 1966 2866 2038 Quadragesinue.
2890 1969 3336 2039 Quadragesima,
3354 1968 3522 2038 inquit
3549 1969 3846 2032 virsanctus,

539 2057 670 2112 totis
698 2066 891 2120 praeter
920 2057 1201 2112 sabbatum
1231 2066 1286 2112 et
1311 2058 1638 2114 dominicum
1667 2058 1943 2128 jejunatnr
1969 2058 2181 2114 diebus.
2217 2057 2377 2112 Docet
2400 2059 2605 2128 quidem
2659 2059 2977 2131 Augustinus
3012 2060 3210 2131 (Epist.
3240 2060 3330 2117 56.
3367 2060 3436 2114 ad
3468 2061 3648 2115 Casul.
3679 2103 3693 2126 ,
3723 2077 3845 2115 nam.

534 2146 608 2203 52
623 2164 643 2213 ,'
673 2159 720 2202 et
747 2149 875 2217 epist
897 2146 989 2213 54,
1018 2148 1085 2201 ad
1099 2145 1348 2215 Jonuar.,
1374 2166 1517 2202 num.
1555 2147 1611 2221 ὅ)
1630 2148 1825 2202 sabbati
1842 2149 1950 2203 dies
1957 2150 2194 2222 jejunari
2219 2165 2319 2203 non
2361 2150 2542 2204 solitos
2570 2147 2873 2216 Mediolani,
2895 2151 3330 2222 quemadmodum
3355 2150 3846 2225 Romwjejunaban-

536 2247 621 2293 tur
643 2258 662 2307 ;
694 2240 782 2293 sed
812 2241 923 2310 ejus
950 2241 1297 2294 testimonium
1322 2240 1564 2310 generale
1589 2251 1682 2293 est.
1703 2238 1769 2293 At
1791 2256 1911 2294 vero
1938 2239 2024 2293 hic
2053 2240 2307 2294 Ambrosii
2333 2241 2474 2295 locus
2502 2251 2675 2312 aperte
2708 2242 2879 2312 prodit
2907 2260 2969 2298 ne
2991 2243 3418 2316 Quadragesima:
3447 2247 3658 2316 quidem
3684 2245 3847 2299 sabba~

535 2333 602 2388 tis
626 2334 736 2387 illic
765 2335 926 2404 fuisse
947 2337 1263 2407 jejunatum.
1290 2332 1652 2388 Verumtamen
1674 2333 1938 2386 sabbatum
1964 2343 2200 2384 sanctum
2219 2333 2322 2386 sive
2352 2330 2629 2386 Patr/tatis
2654 2333 2883 2403 vigiliam
2917 2334 3037 2388 inde
3065 2336 3387 2404 excipimus;
3419 2336 3501 2389 hic
3530 2336 3668 2389 enim
3698 2337 3772 2390 sic
3789 2336 3844 2389 ab

534 2427 808 2493 omnibus,
841 2437 894 2480 ut
919 2430 1189 2498 loquamur
1219 2443 1336 2481 cum
1358 2424 1862 2498 Augustino(Epist.
1891 2427 1982 2492 56,
2002 2442 2146 2479 num.
2178 2424 2294 2498 51),
2317 2425 2615 2495 jejunatur,
2641 2436 2699 2480 ut
2720 2429 2883 2482 etiam
2916 2426 2997 2482 illi
3025 2427 3233 2482 sabbati
3251 2428 3521 2498 jejunium
3561 2427 3842 2482 devotissi-

535 2535 626 2574 me
655 2519 953 2581 celebrent.
988 2522 1076 2590 qui
1108 2524 1322 2574 caeteris
1353 2535 1447 2589 per
1473 2529 1644 2574 totum
1673 2533 1870 2573 annum
1901 2519 2140 2572 sabbatis
2170 2517 2452 2588 prandent.
2483 2517 2610 2584 Quae
2638 2534 2756 2572 cum
2785 2519 2857 2572 ita
2886 2519 3008 2584 sint,
3035 2517 3448 2575 Mediolanenses
3495 2529 3696 2572 tantum
3737 2534 3844 2573 mi

542 2612 993 2685 diesjejunabant,
1017 2629 1134 2666 cum
1163 2613 1419 2684 jejunium
1433 2630 1585 2667 suum
1607 2629 1708 2665 non
1729 2612 1829 2666 nisi
1857 2612 1988 2682 feria
2015 2612 2236 2665 secunda
2257 2619 2374 2682 post
2396 2611 2616 2681 primum
2641 2612 2954 2665 dominicam
2975 2611 3026 2664 in
3051 2611 3460 2683 Quadragesima
3485 2612 3844 2666 exordirentar.

543 2707 728 2779 Neque
755 2711 887 2763 enim
911 2719 981 2763 est
1008 2712 1144 2780 quod
1174 2727 1274 2765 vox
1303 2711 1724 2779 Quadragesimte
1746 2724 2047 2780 quemquam
2072 2716 2302 2770 moveat;
2331 2702 2579 2775 siquidem
2606 2707 2660 2760 in
2682 2706 2799 2759 aliis
2846 2722 3050 2775 quoque
3079 2705 3328 2760 bcclesiis
3348 2748 3364 2773 ,
3398 2705 3484 2759 ubi
3502 2707 3713 2779 jejunio
3759 2722 3843 2759 non

543 2802 800 2854 maturius
856 2801 1190 2871 incipiebant,
1224 2818 1325 2856 non
1365 2801 1588 2874 amplius
1619 2816 1784 2856 “ut
1807 2799 1982 2852 diebus
2027 2796 2410 2871 jejunubatur;
2441 2811 2598 2866 quos,
2643 2806 2697 2850 ut
2734 2797 2805 2850 ait
2833 2794 3110 2867 Gregorius
3142 2794 3366 2866 Magnus
3416 2795 3644 2869 (Homil.
3687 2798 3753 2853 16
3797 2803 3839 2851 in

537 2889 793 2962 Evang.).
823 2901 869 2947 et
901 2904 1014 2963 post
1039 2910 1151 2947 eum
1176 2893 1266 2946 alii
1307 2893 1456 2946 multi
1481 2935 1496 2958 ,
1525 2893 1676 2962 quasi
1717 2893 1843 2947 anni
1876 2890 2050 2944 nostri
2084 2887 2325 2942 decimas
2358 2887 2466 2940 Deo
2497 2887 2709 2940 damus.
2743 2885 2882 2952 Quin
2912 2888 3065 2941 etiam
3094 2891 3281 2942 recenti
3310 2891 3559 2942 memoria
3609 2891 3673 2946 S.
3699 2890 3840 2946 Caro-

538 2985 624 3039 lus
651 2985 701 3038 in
729 2984 895 3054 prima
916 3000 1012 3037 sua
1041 2985 1238 3054 synodo
1259 2985 1438 3038 statuit
1465 2981 1563 3038 hoc
1583 2984 1846 3057 jejunium
1873 2998 1975 3034 non
2013 2981 2160 3052 prius
2180 2977 2532 3049 incipiendum
2562 2976 2870 3045 Mediolani,
2899 2980 3060 3050 iisque
3083 2980 3312 3036 diwcesis
3337 2982 3480 3038 illius
3506 2985 3754 3056 partibus,
3769 2985 3842 3041 ubi

536 3091 606 3132 ex
641 3079 702 3131 D.
736 3079 1003 3134 Ambrmii
1037 3080 1280 3133 inStitnto
1311 3078 1491 3133 divina
1528 3077 1706 3130 oilicia
1735 3075 2102 3130 celebrantur.

610 3169 724 3225 Hoc
743 3172 797 3225 in
827 3187 982 3238 apere
1011 3171 1141 3226 nihil
1165 3171 1418 3225 contineri
1439 3178 1626 3242 prwter
1647 3185 1910 3223 sermones
1935 3183 2060 3238 quos
2089 3165 2394 3219 Ambrosius
2429 3163 2499 3218 ad
2521 3165 2716 3232 plebem
2739 3180 2908 3226 suam,
2936 3166 3122 3236 partim
3147 3181 3174 3220 e
3195 3167 3599 3237 catechumenis,
3620 3173 3800 3242 partim
3825 3189 3844 3225 e

535 3260 807 3333 baptizatis
835 3263 1174 3331 compositam
1202 3261 1404 3326 habuit,
1447 3270 1593 3313 extra
1621 3259 2028 3315 controversiam
2054 3266 2150 3312 est.
2184 3253 2423 3311 Dubitari
2444 3267 2617 3310 autem
2649 3265 2814 3326 potest
2839 3256 3027 3312 illosne
3060 3259 3266 3313 ineunte
3293 3278 3360 3314 an
3383 3273 3602 3317 exeunte
3629 3263 3844 3331 Quadra-

535 3356 732 3426 gesima
751 3355 1002 3410 habuerit.
1030 3353 1187 3408 Enim
1218 3370 1335 3407 vero
1361 3352 1499 3418 quod
1529 3353 1654 3406 dicit
1680 3368 1698 3406 :
1722 3352 1784 3406 Et
1821 3363 1876 3406 tu
1905 3351 2100 3406 dedisti
2126 3363 2321 3404 nomen
2351 3359 2500 3403 tuum
2526 3348 2591 3402 ad
2620 3362 2844 3418 agonem
2873 3346 3097 3417 Christi,
3138 3351 3508 3422 subscripsisti
3539 3354 3608 3409 ad
3645 3370 3841 3426 compe-

538 3445 790 3500 titionem
834 3461 1054 3501 coronze
1084 3445 1255 3517 (Cap.
1301 3444 1392 3506 21,
1428 3461 1574 3497 num.
1607 3444 1675 3499 79
1701 3443 1753 3517 );
1806 3444 1860 3496 id
1905 3442 2108 3514 quidem
2138 3442 2436 3516 signiﬁcare
2462 3440 2661 3494 videtur
2689 3440 2838 3495 verba
2867 3441 2984 3510 ﬁeri
3025 3443 3095 3496 ad
3139 3441 3502 3512 Competeutes
3533 3450 3627 3517 qui
3651 3453 3762 3521 jam
3786 3449 3838 3502 ad

537 3535 813 3606 baptisma,
858 3536 927 3589 ad
959 3537 1096 3607 quod
1127 3551 1228 3589 non
1263 3535 1362 3588 nisi
1391 3536 1488 3589 sub
1517 3535 1709 3588 exitum
1752 3534 2174 3604 Quadragesima’
2203 3533 2634 3600 inscribebantur,
2667 3547 2851 3586 nomen
2887 3534 3171 3589 dedissent.
3205 3537 3272 3590 At
3302 3554 3328 3590 e
3365 3542 3632 3595 contrario
3661 3542 3840 3597 eosdem

536 3643 798 3682 sermones
820 3641 941 3683 ante
969 3631 1152 3685 initum
1181 3646 1386 3684 sacrum
1418 3631 1512 3683 hoc
1544 3640 1745 3700 tempus
1776 3631 2134 3699 pronuntiator
2165 3645 2277 3684 esse
2304 3629 2538 3698 apertius
2569 3636 2825 3681 testantur
2850 3628 2944 3682 illa
2973 3631 3127 3700 primi
3153 3633 3339 3702 capitis
3370 3633 3522 3688 verba
3547 3651 3568 3688 .°
3595 3637 3838 3691 Canatnus

529 3724 666 3795 tuba
700 3733 971 3795 tamquam
1002 3725 1052 3778 in
1081 3725 1324 3793 proelium
1359 3724 1841 3796 progredientes...
1874 3733 2156 3778 certamen
2189 3723 2504 3778 imminet...
2537 3733 2814 3777 certamen
2846 3731 3090 3776 nostrum
3116 3723 3384 3793 jejunium
3411 3735 3497 3781 est
3523 3726 3544 3798 (
3569 3726 3732 3782 Num.
3757 3731 3776 3785 Ι
3804 3733 3835 3799 ).

540 3813 677 3870 Tum
705 3828 954 3885 praeterea
985 3799 1180 3872 Christi
1207 3818 1494 3888 exemplum
1529 3817 1717 3871 ibidem
1749 3815 2096 3886 prapositum,
2140 3816 2344 3886 aliaque
2386 3813 3001 3886 sequentibus-capitibus
3031 3814 3262 3885 subjecta
3300 3819 3426 3870 satis
3465 3821 3773 3891 conﬁrmant
3795 3822 3838 3876 id

535 3921 716 3966 sancto
753 3910 978 3968 Pra-suli
1007 3913 1214 3968 consilii
1245 3914 1424 3984 fuisse,
1453 3913 1631 3981 ﬁdeles
1659 3895 2137 3981 ad'suscipiendum
2167 3912 2298 3966 illud
2309 3911 2574 3984 jejunium
2593 3927 2907 3980 prteparare.
2940 3910 3091 3977 Quod
3114 3913 3275 3982 igitur
3299 3914 3364 3967 de
3383 3915 3764 3988 subscriptione
3786 3920 3837 3972 tul

537 4007 951 4074 competitionem
983 4024 1187 4062 corona:
1214 4007 1424 4069 dicitur,
1453 4007 1510 4060 id
1535 4006 1784 4078 explicari
1813 4016 1980 4077 potest
2012 4007 2076 4059 de
2114 4004 2353 4060 omnibus
2387 4007 2441 4059 in
2470 4007 2764 4060 universum
2789 4004 3123 4073 Christianis,
3171 4009 3357 4079 quibus
3378 4016 3497 4086 jam
3530 4016 3655 4071 inde
3683 4035 3715 4071 a
3742 4016 3838 4070 libri

534 4101 752 4154 exordio
782 4102 1047 4156 victoriam
1101 4111 1256 4171 atque
1289 4111 1543 4168 trapetum
1572 4109 1682 4154 erat
1703 4100 1990 4168 pollicitus.
2031 4098 2140 4152 Sed
2167 4099 2299 4168 forte
2331 4099 2499 4154 licebit
2522 4101 2675 4154 etiam
2703 4113 2976 4174 utramque
3001 4105 3298 4174 opinionem
3332 4112 3636 4179 conciliare,
3667 4116 3710 4167 si
3732 4130 3836 4184 opus

533 4186 672 4242 illud
712 4191 876 4244 tribus
918 4191 1248 4245 concionibus
1294 4202 1528 4244 constare
1566 4191 1868 4253 dixerimus,
1913 4206 1940 4243 e
1967 4189 2154 4255 quibus
2182 4188 2566 4245 Basilianarum
2615 4194 2782 4248 instar
2810 4197 3011 4251 diverso
3054 4207 3279 4272 tempore
3321 4203 3513 4259 habitis
3557 4205 3836 4261 Ambrosius

535 4293 713 4349 postea
741 4284 929 4338 librum
953 4287 1231 4354 confecerit
1259 4286 1432 4352 :quod
1461 4302 1573 4339 eum
1599 4287 1753 4341 etiam
1777 4285 1900 4339 alibi
1920 4301 2025 4339 non
2046 4286 2205 4341 semel
2227 4287 2491 4357 factitasse
2509 4288 2811 4345 videbimus.
3381 4287 3386 4292 ’

615 4374 804 4429 Verum
833 4377 993 4430 multo
1019 4377 1234 4450 majoris
1265 4377 1582 4446 difﬁcultatis
1616 4392 1698 4430 res
1720 4385 1792 4430 est
1826 4387 2056 4431 statuere
2080 4386 2236 4447 quoto
2269 4395 2406 4431 anno
2428 4378 2618 4433 ewdem
2654 4380 2760 4434 illa:
2787 4383 3060 4439 conciones
3095 4386 3428 4456 assignanda:
3449 4390 3597 4457 sint;
3625 4401 3674 4446 et
3701 4400 3752 4447 ut
3771 4394 3836 4446 lo-

533 4489 754 4544 quamur
773 4474 1014 4542 ingenue,
1037 4475 1124 4529 via:
1148 4475 1427 4544 quidquam
1459 4476 1582 4528 certi
1604 4474 1744 4536 quod
1767 4475 1836 4528 ad
1859 4474 1994 4529 hanc
2022 4477 2361 4548 c0gnitionem
2387 4477 2660 4541 conducat,
2700 4494 2727 4532 e
2756 4479 2972 4533 lectione
2998 4480 3145 4534 istius
3173 4482 3291 4535 libri
3320 4484 3433 4537 erui
3455 4496 3644 4555 potest.
3672 4487 3830 4542 Nihil.

535 4565 740 4622 ominus
771 4575 939 4621 tamen
977 4569 1020 4622 si
1066 4567 1190 4637 quid
1223 4567 1395 4632 petitis
1433 4582 1496 4620 ea:
1522 4567 1635 4635 ipso
1662 4567 1974 4639 conjecturis
2013 4566 2175 4636 ﬁdere
2211 4569 2560 4640 permittatur,
2609 4570 2964 4640 cognoscimus
2998 4576 3117 4641 jam
3148 4581 3254 4625 tum
3297 4573 3457 4628 libros
3491 4578 3743 4645 plurimos
3777 4579 3835 4634 de

532 4655 668 4712 Elite
697 4657 866 4727 gestis
889 4659 1157 4728 scripsisse
1183 4657 1510 4712 Ambrosium
1535 4659 1554 4731 (
1578 4656 1790 4725 Cap..5,
1816 4675 1962 4712 num.
1985 4657 2018 4711 5
2043 4661 2060 4727 )
2083 4677 2102 4713 :
2131 4661 2447 4729 proindeque
2473 4664 2641 4732 ipsum
2677 4671 2800 4716 tunc
2837 4665 3082 4732 temporis
3112 4682 3216 4720 non
3244 4684 3439 4736 paucos
3462 4671 3520 4725 in
3559 4675 3836 4745 episcopatu

530 4767 694 4805 annos
724 4751 978 4824 peregisse
1014 4768 1216 4806 necesse
1243 4760 1336 4806 est.
1375 4751 1651 4824 Quousque
1677 4763 1850 4808 autem
1881 4754 2202 4823 producendi
2228 4755 2352 4807 anui
2381 4754 2461 4809 illi
2489 4755 2612 4820 sint,
2658 4771 2761 4808 non
2795 4755 3007 4810 aliunde
3037 4757 3218 4810 melius
3245 4757 3492 4830 colligere
3519 4780 3672 4834 posse
3700 4764 3829 4818 nobis

526 4844 784 4912 videmur,
815 4861 968 4915 quam
995 4862 1058 4900 etc
1082 4846 1339 4900 mentione
1363 4844 1678 4917 psalmorum
1707 4857 1860 4917 atque
1889 4847 2234 4918 hymnorum,
2276 4863 2494 4916 quorum
2537 4858 2745 4902 cantum
2786 4848 2850 4902 ab
2885 4849 2999 4920 ipso
3033 4866 3124 4916 per
3159 4849 3384 4904 Iustina:
3421 4857 3833 4924 persecutionem,

526 4935 624 4992 hoc
649 4948 743 5001 est,
777 4955 914 4994 anno
939 4940 1063 5004 586,
1113 4941 1165 4993 in
1195 4937 1578 4994 Mediolanensi
1621 4939 1863 4997 Ecclesia
1898 4947 2195 4998 institutum
2223 4952 2422 4997 constat
2461 4941 2481 5013 (
2509 4941 2637 5013 Cap.
2673 4944 2766 5007 15,
2811 4960 2956 4997 num.
3003 4942 3073 4998 55
3097 4944 3146 5014 ).
3180 4943 3366 5013 Itaque
3405 4947 3700 5005 dicendum.
3726 4961 3838 5007 esset

524 5024 665 5081 hunc
689 5027 876 5082 librum
900 5030 1149 5099 scriptum
1175 5046 1278 5086 non
1302 5031 1465 5101 fuisse
1492 5042 1614 5087 ante
1636 5033 1860 5088 reditum
1897 5035 2246 5089 Valentiniani
2265 5036 2498 5110 junioris
2530 5035 2909 5101 Mediolanum,
2948 5054 3099 5107 quam
3131 5041 3184 5092 in
3207 5039 3381 5094 urbem
3410 5057 3516 5096 una
3543 5059 3658 5097 cum
3686 5043 3836 5099 Theo-

524 5120 673 5178 dosio
700 5132 813 5193 post
842 5126 1157 5178 exstinctum
1176 5122 1466 5178 Maximum
1491 5135 1792 5196 tyrannum,
1820 5127 1874 5180 id
1894 5139 2148 5193 est,anno
2170 5128 2308 5196 589,
2339 5145 2573 5184 reversus
2601 5141 2698 5185 est.
2728 5130 2841 5186 Nec
2867 5133 2972 5186 alia
2998 5133 3134 5202 forte
3155 5136 3218 5189 de
3237 5151 3398 5191 causa
3425 5125 3726 5200 referuntur
3752 5139 3836 5193 nti-

523 5213 701 5270 litares
732 5218 830 5272 viri
854 5219 960 5272 suis
983 5219 1040 5272 in
1063 5219 1516 5287 propinationibus
1541 5222 1783 5277 dictitare
1804 5240 1823 5278 :
1847 5225 1986 5293 Opto
2015 5225 2244 5279 salutem
2280 5226 2671 5295 imperatorum
2699 5226 2854 5300 (Cap.
2886 5229 2973 5294 1⁵³1,
3004 5246 3150 5284 num.
3179 5229 3250 5284 62
3277 5229 3319 5300 ).

595 5307 772 5364 Unum
800 5323 873 5363 est
893 5310 1035 5379 quod
1065 5311 1214 5365 nobis
1242 5329 1501 5366 remoram
1534 5315 1696 5380 possit
1723 5315 1956 5388 injicere,
1990 5317 2186 5370 scilicet
2209 5319 2565 5373 conviviorum
2594 5337 2711 5391 quw
2737 5319 3018 5376 Christiani
3044 5322 3168 5376 olim
3188 5339 3343 5394 super
3368 5334 3658 5397 martyrum
3679 5330 3838 5400 sepqu

519 5399 624 5452 cris
661 5399 1018 5465 celebrabant,
1071 5402 1211 5471 facta
1250 5404 1439 5456 mentio
1473 5401 1650 5470 (Ibid.
1760 5404 1964 5459 Etenim
1993 5424 2054 5459 ea
2089 5411 2404 5465 consuetudo
2449 5426 2569 5466 ante
2610 5431 2802 5468 annum
2833 5433 2866 5469 a
2896 5417 3044 5471 nobis
3085 5419 3413 5488 designatum
3452 5422 3656 5476 videtur
3681 5399 3836 5477 studio

516 5491 682 5588 sancti
706 5492 966 5588 Antistitis
995 5490 1156 5560 fuisse
1175 5494 1487 5588 antiquata;
1522 5495 1935 5588 quandoquidem
1967 5498 2029 5550 ab
2062 5501 2350 5570 Augustino
2389 5503 2640 5557 traditum
2665 5516 2737 5560 est
2771 5505 2790 5577 (
2818 5504 2933 5561 Lib.
2988 5525 3039 5564 vr
3064 5507 3325 5577 Confess..
3357 5528 3474 5581 cap.
3503 5513 3559 5578 Ξ,
3590 5531 3734 5569 num.
3761 5516 3834 5588 Ξ)

517 5577 720 5681 beatam
752 5580 1036 5647 Manicam,
1072 5598 1191 5635 cum
1219 5581 1578 5638 Mediolanum
1628 5601 1765 5639 anno
1792 5587 1896 5642 38$
1921 5590 2160 5653 venisset,
2192 5593 2418 5647 sobrium
2450 5598 2729 5661 prandium
2760 5613 2902 5652 more
2939 5617 3032 5654 suo
3063 5617 3218 5670 super
3247 5577 3429 5658 sacros
3455 5577 3682 5662 tumulos
3713 5577 3836 5681 ferri

513 5665 754 5730 voluisse,
785 5682 836 5722 at
860 5671 1020 5741 fuisse
1042 5687 1153 5724 eam
1182 5670 1242 5723 ab
1270 5673 1485 5727 ostiario
1511 5690 1660 5740 quem
1690 5676 1882 5730 idcirco
1908 5679 1978 5732 ibi
2000 5683 2334 5738 constituerat
2362 5685 2684 5748 Ambrosius,
2717 5690 3045 5761 prohibitam.
3082 5665 3232 5748 Unde
3267 5696 3547 5752 admodum
3574 5665 3837 5762 verisimile

513 5763 587 5863 est
619 5761 1044 5863 consuetudinem
1072 5763 1308 5863 hanc‘ad
1333 5781 1488 5863 quam
1514 5767 1819 5863 abolendam
1850 5774 1980 5826 tanti
2005 5777 2238 5854 episcOpi
2261 5796 2385 5833 cura
2412 5767 2679 5851 vigilabat,
2711 5800 2812 5837 non
2843 5786 2932 5857 diu
2955 5797 3069 5858 post
3098 5789 3194 5860 illa
3212 5793 3455 5863 viguisse.
3484 5797 3569 5850 Ad
3591 5799 3702 5853 haec
3729 5761 3834 5855 dis;

509 5848 676 5906 cintus
699 5860 764 5900 ea:
786 5848 983 5904 duabus
1008 5855 1177 5907 sancti
1200 5853 1480 5922 Augustini
1522 5857 1759 5925 epistolis
1783 5860 1801 5924 (
1833 5861 2006 5933 Epist.
2034 5867 2128 5935 ‘22,
2157 5848 2303 5927 num.
2327 5875 2383 5937 4,
2411 5848 2639 5944 et-epist.
2663 5848 2759 5935 99.
2792 5848 3092 5950 nttirt.'10),
3135 5848 3354 5950 quorum
3381 5848 3832 5949 altern—5111,35;
