4066 6360
173 366 289 422 697
1158 417 1162 421 ,
1232 359 1322 415 DE
1359 356 1518 416 ΕΗΔ
1556 355 1648 414 ΕΤ
1683 354 1958 414 JEJUNIO
1995 355 2202 414 LIBER
2243 356 2445 416 UNUS.
3376 357 3482 414 698

170 480 404 536 editione
428 479 656 550 primum
681 479 738 534 in
769 477 932 533 lucem
961 475 1180 546 prodiit,
1210 490 1362 529 usum
1390 473 1540 529 illum
1572 481 1662 526 aut
1692 473 1864 529 verius
1898 473 2116 529 abusum
2149 491 2288 530 anno
2317 477 2530 533 circiter
2564 475 2662 534 59l
2692 476 2965 548 vigilantia
2989 475 3243 531 bonorum
3277 480 3480 549 episco-

171 591 389 645 porum,
416 577 551 631 inter
568 591 697 646 quos
718 572 855 628 haud
887 571 1044 626 dubie
1068 586 1173 624 non
1199 579 1453 641 postremo
1481 567 1595 622 loco
1619 567 1972 622 numerandus
2002 578 2078 623 est
2112 570 2442 638 Ambrosius,
2477 589 2567 643 per
2597 573 2888 628 universam
2914 571 3075 643 ferme
3099 569 3311 626 Italiam
3343 575 3485 629 exci-

169 685 295 724 sum
320 671 752 742 proﬂigatumque
777 669 956 739 fuisse.
993 663 1358 718 Verumtamen
1386 663 1494 717 lucc
1534 663 1768 732 opinioni
1809 672 1998 718 nostra:
2025 679 2212 731 parum
2254 665 2506 735 officiunt;
2536 667 2581 721 si
2605 669 2742 722 enim
2777 669 2962 737 quibus
2991 669 3154 722 verbis
3177 667 3482 726 Ambrosius

171 773 384 831 utatur,
415 763 818 826 consideremus,
852 759 996 814 nullo
1027 757 1224 828 negotio
1254 755 1694 825 deprehendamus
1721 756 1872 811 illum
1910 773 2013 810 non
2041 773 2100 811 ea
2127 759 2444 813 vehementia
2487 761 2674 821 dicere.
2716 779 2817 830 qua
2841 772 3020 817 contra
3049 763 3228 816 vitium
3257 780 3484 834 praesens

171 876 244 914 ac
273 862 446 931 vigens
466 861 796 927 disputasset,
826 872 986 926 neque
1011 853 1104 910 sibi
1133 863 1534 920 temperaturum
1566 851 1744 914 fuisse,
1780 863 1834 905 ut
1865 851 1990 905 dum
2015 850 2124 904 alia
2157 851 2570 919 intemperantia:
2604 870 2793 926 genera
2827 866 2932 910 lam
2957 855 3145 911 acriter
3171 857 3482 925 debellabat,

169 953 321 1009 illud
343 971 501 1009 unum
535 966 637 1009 tam
658 954 755 1008 levi
775 951 984 1005 brachio
1014 955 1362 1018 oppugnaret.
1392 945 1719 1016 Quapropter
1745 962 1776 998 a
1798 944 1902 1013 ﬁde
1924 944 2225 1021 neutiquam
2251 943 2524 1000 abhorreat
2545 947 2592 1001 si
2614 946 2902 1004 dixerimus
2927 958 3161 1003 sanctum
3196 947 3484 1004 Prtesulem

173 1044 347 1100 obiter
365 1047 463 1100 ista
484 1044 863 1114 perstrinxisse.
886 1040 1024 1108 quod
1045 1036 1361 1106 imprudenti
1387 1037 1500 1090 zelo
1529 1036 1716 1108 privati
1735 1037 1968 1106 quipiam
1997 1035 2230 1089 convivia
2255 1035 2554 1108 hujusmodi
2580 1039 2961 1108 frequentarent
2984 1058 3003 1096 :
3030 1051 3120 1096 aut
3150 1044 3285 1114 forte
3311 1043 3485 1110 ipsum

169 1135 410 1194 indicare
433 1138 656 1192 voluisse
698 1134 985 1189 Romanam
1024 1119 1331 1198 Ecclesium,
1370 1130 1458 1186 ubi
1487 1129 1665 1185 eadem
1692 1129 2008 1186 consuetudo
2035 1129 2317 1184 etiamnum
2348 1141 2405 1184 ut
2434 1133 2754 1188 memorabili
2783 1133 3091 1191 Pammachi
3117 1138 3355 1207 exemplo
3393 1138 3483 1194 de-

167 1242 519 1297 monstratur,
549 1231 650 1285 vim
674 1229 950 1284 obtinebat.

247 1322 331 1375 Ad
356 1331 641 1376 extremum
667 1321 749 1376 hic
775 1321 901 1376 addi
929 1320 1207 1392 potesl'via:
1232 1321 1400 1375 ullum
1431 1335 1494 1374 ea:
1523 1319 1878 1375 Ambrosianis
1901 1322 2140 1393 Operibus
2177 1323 2234 1376 in
2261 1323 2572 1380 editionibus
2599 1325 2693 1380 hoc
2712 1334 2934 1381 tractatu
2962 1329 3125 1400 magis
3151 1331 3484 1402 depravatum

163 1421 378 1468 exstare
407 1430 426 1468 .'
447 1412 536 1468 sed
571 1429 685 1466 eum
705 1431 737 1467 a
757 1413 900 1467 nobis
925 1413 1121 1484 magna
1140 1430 1267 1468 cura
1291 1412 1359 1465 ad
1387 1429 1508 1466 mss.
1539 1412 1742 1490 codices
1769 1413 1916 1468 bona:
1944 1423 2100 1480 nolle,
2131 1424 2282 1484 atque
2306 1417 2360 1471 in
2389 1417 2572 1490 primis
2607 1419 2675 1473 ad
2696 1417 3049 1477 Colbertinum
3076 1423 3163 1495 qui
3192 1435 3314 1480 ante
3337 1425 3485 1482 mille

161 1523 340 1562 annos
361 1507 560 1560 videtur
584 1515 844 1570 exaratus,
873 1515 1106 1561 exactum
1131 1507 1538 1577 castigatumque
1569 1508 1746 1577 fuisse.

545 1688 1566 1857 SANCTI
1774 1694 3142 1865 AMBROSII

1362 1927 1945 2015 MEDIOLANENSIS
2003 1932 2345 2018 EPISCOPI

770 2091 1041 2234 DE
1140 2090 1604 2237 ELIA
1699 2099 1944 2242 ET
2039 2099 2875 2246 JEJUNIO

1442 2324 1782 2396 LIBER
1837 2324 2124 2398 UNUS
2157 2353 2218 2398 ιι.

1264 2455 2410 2496 W

563 2551 724 2625 535
773 2549 1002 2608 CAPUT
1041 2548 1329 2607 PRIMUM.

159 2667 321 2722 Sicut
351 2667 473 2721 olim
504 2665 714 2734 Patres,
750 2682 867 2720 cum
891 2665 1318 2736 progrederemur
1346 2664 1414 2717 ad
1442 2665 1661 2728 bellum,
1688 2673 1769 2716 at-

236 2777 340 2832 que
367 2761 418 2814 in
465 2760 746 2814 neomeniis
789 2758 1064 2825 diebusque
1093 2759 1285 2812 (tetitite
1325 2758 1444 2811 tuba
1481 2757 1770 2818 canebant;

237 2856 319 2908 ita
347 2864 394 2907 et
425 2853 572 2907 nobis
606 2852 782 2906 diebus
807 2851 1024 2925 jejunii,
1067 2851 1402 2922 paschalique
1426 2853 1554 2923 festo
1577 2864 1770 2922 appro-

240 2947 614 3022 pinquantibus
642 2947 764 3001 tuba
788 2946 1098 3000 canendum.

243 3065 301 3120 1.
337 3063 582 3119 Divinum
609 3063 675 3118 ad
703 3070 886 3133 patres
914 3059 1202 3116 resultavit
1226 3057 1531 3124 oraculum,
1564 3066 1624 3113 ut
1649 3071 1774 3112 cum

161 3157 570 3233 egrederentur
598 3155 664 3211 ad
699 3155 922 3219 bellum,
957 3152 984 3192 ι)
1019 3154 1144 3211 tuba
1186 3162 1445 3224 canerent
1473 3153 1490 3225 (
1523 3151 1687 3206 Nunt.
1715 3167 1774 3217 κ,

161 3251 199 3308 9
225 3251 275 3322 ),
303 3251 460 3321 cujus
484 3250 663 3304 sonitu
695 3249 955 3305 Dominus
987 3248 1429 3304 reminisceretur
1459 3247 1640 3318 populi
1666 3247 1773 3313 sui,

159 3359 278 3416 quo
327 3345 553 3414 petitum
599 3344 874 3400 conferret
911 3343 1170 3398 auxilium
1222 3344 1344 3413 plus
1391 3358 1511 3413 quia
1559 3343 1776 3398 miseri-

160 3437 374 3494 cordiae
401 3451 512 3492 suae
543 3437 812 3492 incentiva
849 3451 1215 3507 cognoscens;
1249 3445 1302 3491 et
1330 3437 1381 3490 in
1408 3435 1601 3490 diebus
1635 3436 1775 3490 laeti-

163 3532 259 3587 tia:
301 3546 448 3597 suae,
503 3531 556 3585 in
605 3530 906 3586 neomeniis
960 3531 1073 3586 suis
1121 3530 1476 3585 concinerent
1526 3528 1776 3584 tubarum

167 3639 331 3680 sono.
388 3621 543 3678 Unde
581 3632 636 3678 et
665 3623 835 3677 David
881 3623 1011 3678 dicit
1043 3641 1054 3676 :
1091 3621 1272 3677 Canite
1309 3623 1364 3676 in
1405 3621 1558 3676 initio
1589 3621 1780 3676 mensis

164 3716 295 3771 tuba
326 3726 348 3753 ο
375 3716 428 3770 in
451 3717 534 3770 die
558 3717 812 3788 frequenti
837 3715 1175 3770 solemnitatis
1202 3725 1384 3770 vestrm
1408 3713 1588 3787 (Psal.
1615 3728 1776 3777 Lxxx,

164 3807 260 3881 4).
300 3807 492 3864 Veniet
519 3809 680 3878 igitur
708 3809 864 3863 nobis
889 3809 1008 3864 dies
1037 3809 1422 3876 solemnitatis,
1457 3817 1511 3864 et
1534 3808 1646 3878 jam
1680 3822 1778 3876 ap-

1803 2553 1857 2614 Α
1880 2551 2104 2622 laqueos
2137 2557 2457 2624 tentatoris,
2507 2566 2565 2613 ut
2602 2560 2816 2616 vincula
2848 2561 3192 2620 dissolveret.
3241 2564 3489 2638 Denique

1872 2644 1951 2700 sic
2001 2644 2168 2702 habes
2212 2648 2473 2718 scriptum
2512 2669 2526 2707 :
2562 2652 2683 2707 Non
2721 2657 2778 2708 in
2825 2657 2938 2709 solo
2975 2673 3108 2728 pane
3149 2659 3270 2713 vivit
3308 2662 3485 2728 homo,

1873 2736 1963 2789 sed
1986 2737 2041 2790 in
2071 2739 2209 2791 omni
2238 2741 2386 2794 verbo
2423 2740 2519 2796 Dei
2555 2743 2575 2814 (
2606 2743 2771 2808 lbid.,
2805 2747 2840 2801 4
2862 2744 2906 2812 ).
2938 2746 3039 2802 Illo
3080 2749 3276 2821 laqueo
3315 2752 3487 2808 Adam

1875 2827 2047 2882 fuerat
2087 2829 2250 2904 536
2289 2835 2680 2904 strangulatus,
2707 2837 2807 2894 hac
2825 2840 3168 2899 absolutione
3199 2843 3486 2904 diabolica:

1876 2921 2193 2991 quaestionis
2223 2926 2400 2982 omnis
2428 2926 2592 2983 homo
2612 2939 2697 2986 est
2728 2932 3006 2990 liberatus.
3087 2950 3096 2960 '

2505 3040 2734 3100 CAPUT
2785 3044 2848 3100 Il.

1883 3147 2050 3216 Quam
2095 3167 2282 3224 magna
2323 3153 2482 3209 virtus
2522 3157 2586 3209 sit
2616 3158 2844 3229 jejunii,
2877 3175 3128 3231 quamque
3165 3165 3398 3231 speciosa
3425 3179 3489 3219 ac

1951 3245 2124 3300 valida
2148 3248 2260 3318 ejus
2280 3246 2490 3316 militia,
2515 3251 2750 3323 exemplo
2781 3249 2975 3309 Christi
2999 3263 3152 3325 atque
3176 3257 3338 3311 sancti
3354 3254 3491 3312 Elia:

1952 3339 2334 3410 comprobatur.

1951 3429 2008 3485 2.
2051 3430 2238 3500 Magna
2267 3432 2436 3488 virtus
2471 3442 2554 3488 est
2579 3433 2793 3504 jejunii.
2828 3437 3073 3508 Denique
3102 3447 3209 3494 tam
3243 3441 3490 3510 speciosa

1881 3523 2002 3594 ejus
2039 3523 2231 3580 militia
2260 3536 2366 3592 est,
2399 3535 2456 3580 ut
2480 3526 2731 3597 jejunare
2774 3527 3072 3585 delectaret
3095 3541 3150 3586 et
3170 3529 3444 3588 Chrismm
3474 3552 3487 3588 :

1884 3627 1992 3673 tam
2021 3619 2217 3683 valida.
2240 3632 2296 3675 ut
2327 3619 2394 3675 ad
2420 3622 2618 3677 coelum
2645 3621 2894 3679 homines
2920 3624 3180 3696 erigeret.
3212 3624 3282 3680 Et
3310 3635 3368 3681 ut
3387 3625 3490 3682 hu-

1884 3712 2058 3768 manis
2113 3712 2282 3782 magis
2335 3728 2496 3782 quam
2548 3712 2746 3769 divinis
2803 3723 3020 3770 utamur
3068 3717 3366 3788 exemplis.
3419 3718 3490 3775 de

1887 3805 2020 3866 Elia;
2041 3806 2231 3877 jejuno
2263 3821 2361 3862 ore
2390 3823 2490 3860 vox
2521 3807 2720 3862 emissa
2752 3808 2953 3862 caelum
2985 3809 3180 3864 clausit
3217 3811 3490 3882 sacrilego
3547 3814 3562 3824 ’

165 3903 525 3972 propinquat.
552 3898 823 3956 Canamus
856 3901 980 3955 tuba
1005 3909 1278 3971 tamquam
1311 3900 1364 3954 in
1390 3899 1633 3970 prmlium
1657 3912 1782 3969 pro-
1811 3958 1857 3972 ﬁ
1887 3900 2086 3970 populo
2113 3899 2422 3954 Iudaeorum
2458 3900 2566 3972 (lll
2598 3899 2726 3970 Reg.
2760 3917 2899 3967 xvn,
2925 3901 3032 3972 1.).
3068 3902 3278 3958 Etenim
3307 3918 3430 3959 cum
3459 3921 3488 3959 a

166 3995 509 4067 gredientes.
541 3992 809 4048 Canamus
832 3993 982 4058 tuba,
1017 4003 1074 4048 nt
1104 3994 1490 4048 annuntiemus
1519 3992 1778 4047 solemni-

170 4088 299 4142 tatis
322 4085 501 4153 diem,
535 4086 698 4140 simul
727 4086 882 4141 nobis
903 4094 956 4141 et
975 4096 1251 4142 certamen
1279 4085 1548 4152 imminet,
1579 4095 1633 4139 et
1663 4083 1777 4138 vic-

168 4180 312 4235 toria
338 4179 755 4249 repromittitur.
781 4177 1020 4234 Vieloria
1047 4191 1253 4241 nostra,
1282 4193 1414 4233 crux
1439 4177 1637 4233 Christi
1662 4185 1775 4232 est:

167 4285 442 4346 tropaeum
472 4282 742 4338 nostrum,
777 4274 973 4345 pascha
999 4283 1082 4330 est
1111 4274 1323 4328 Domini
1351 4272 1504 4328 Jesu.
1547 4269 1655 4326 Sed
1688 4269 1780 4324 ille

167 4380 298 4426 ante
319 4379 406 4426 est
433 4370 725 4440 praeliatus,
760 4378 817 4424 ut
847 4370 1111 4435 vinceret,
1149 4384 1254 4422 non
1281 4367 1423 4435 quod
1455 4366 1570 4436 ipse
1598 4372 1782 4435 egeret

166 4463 508 4528 certamine;
560 4464 654 4519 sed
689 4472 746 4519 ut
775 4461 931 4517 nobis
959 4462 1189 4518 lormam
1221 4460 1460 4516 bellandi
1487 4471 1615 4515 ante
1642 4473 1780 4528 pra:-

168 4560 459 4626 scriheret,
502 4568 556 4614 et
580 4568 766 4628 postea
795 4557 950 4613 daret
972 4558 1198 4628 gratiam
1229 4553 1615 4624 triumphandi.
1648 4552 1780 4608 Cer-

169 4663 355 4710 tamen
409 4660 694 4718 nostrum,
749 4652 1017 4723 jejunium
1064 4660 1167 4706 est.
1222 4651 1466 4720 Denique
1511 4647 1781 4720 jejunavit

170 4745 446 4811 Salvator,
466 4755 520 4800 et
543 4747 622 4801 sic
654 4755 888 4801 tentator
915 4744 980 4799 ad
1012 4759 1136 4799 eum
1167 4746 1416 4799 accessit.
1448 4743 1513 4796 Et
1543 4743 1776 4812 primum

167 4841 314 4912 gula:
341 4840 546 4896 direxit
575 4840 844 4910 spiculum
882 4839 1067 4894 dicens
1103 4857 1116 4892 :
1150 4837 1210 4893 Si
1253 4836 1426 4893 Filius
1455 4837 1553 4892 Dei
1582 4854 1655 4904 es,
1697 4838 1781 4892 dic

170 4935 336 5003 lapidi
363 4935 510 5000 huic,
541 4942 595 4986 ut
617 4933 767 5002 panis
795 4932 888 5003 ﬁat
917 4931 1092 5004 (Luc.
1125 4947 1198 4993 tv,
1234 4932 1268 4986 3
1293 4929 1331 5001 ).
1356 4931 1453 4987 Ille
1482 4932 1659 4986 cibum
1689 4945 1780 4986 ve-

171 5026 251 5082 lut
279 5043 463 5084 escam
495 5026 672 5098 laquei
705 5026 1013 5096 praetendit.
1066 5033 1124 5078 ut
1153 5023 1230 5079 sic
1260 5023 1576 5091 illaquearet
1615 5038 1782 5094 appe-

173 5121 400 5178 tentiam
424 5121 767 5190 corporalem
799 5135 812 5172 :
844 5119 1107 5174 Dominus
1125 5117 1395 5188 jejunium
1428 5116 1687 5186 praetulit,
1723 5125 1782 5170 nt

248 5244 273 5271 τι
299 5234 549 5301 Scriptus
579 5233 716 5287 forte
743 5247 888 5286 anno
927 5232 1054 5292 590.

244 5303 273 5342 ι)
307 5307 381 5361 Ita
416 5321 547 5360 mss.
575 5318 766 5359 omnes
786 5304 925 5376 rubi
954 5313 1073 5372 post
1100 5303 1382 5370 incentiva,
1414 5305 1775 5376 subintellige,

173 5386 314 5431 sunt.
359 5377 407 5431 Α
437 5392 569 5432 mss.
600 5385 710 5430 vet.
741 5374 871 5429 edit.
917 5377 1018 5448 hoc
1047 5385 1251 5448 tantum
1278 5377 1606 5444 discrepant,
1637 5374 1780 5448 quod

175 5448 458 5516 legunt....
506 5451 721 5517 plusque
758 5447 1125 5519 misericordiw
1153 5465 1262 5519 sum
1288 5451 1544 5503 incentiva
1583 5447 1778 5519 cogno-

177 5528 372 5573 scentes
401 5521 455 5574 in
492 5519 690 5582 diebus,
734 5530 839 5573 etc.
883 5518 1080 5573 Verum
1110 5518 1346 5576 editores
1378 5521 1607 5575 Romani
1649 5518 1780 5574 con-

173 5589 404 5660 je'cturis
433 5591 546 5644 suis
578 5591 715 5644 l'orte
739 5588 958 5644 liberius
987 5589 1348 5655 indulgentes,
1382 5594 1460 5645 sic
1489 5593 1662 5646 locum
1693 5607 1780 5648 re-

178 5663 416 5718 formare
463 5663 798 5734 conatisnnt
831 5679 844 5714 :
874 5661 993 5734 tuba
1036 5672 1319 5729 canerent;
1367 5664 1505 5734 quod
1543 5668 1674 5734 foret
1711 5664 1782 5716 si-

181 5749 360 5802 gnum,
412 5745 462 5787 ut
491 5732 906 5806 reminisceretur
937 5732 1188 5806 Dominus
1224 5732 1406 5806 populi
1435 5732 1612 5798 sui,'et
1645 5735 1779 5806 peti-

183 5811 291 5877 tum
332 5808 588 5877 conferret
618 5805 912 5877 auxilium;
946 5804 1242 5877 insuperel
1275 5818 1328 5860 ut
1361 5804 1661 5876 provocarat
1686 5823 1780 5877 po-

183 5875 338 5940 pulas
358 5874 608 5932 incentiva
637 5875 1034 5943 misericordia’;
1068 5877 1120 5930 in
1146 5874 1322 5932 diebus
1348 5874 1542 5933 (milia?
1565 5874 1696 5948 sunt,
1727 5877 1780 5933 in

1811 3958 1859 4018 B

1887 4007 2013 4063 rege
2056 3991 2242 4046 Achab
2272 3992 2442 4046 altare
2478 4002 2625 4046 esset
2652 3992 2800 4047 idolo
2828 3993 3185 4048 consumtum
3206 4035 3220 4059 ,
3252 3995 3319 4049 ad
3359 4011 3487 4051 vero

1886 4087 2016 4143 hum
2040 4087 2316 4156 proliheta:
2351 4088 2522 4142 tribus
2547 4085 2705 4142 annis
2732 4098 2786 4142 et
2814 4102 2913 4141 sex
2941 4088 3219 4144 mensibus
3248 4103 3340 4144 ros
3371 4089 3491 4160 plu-

1887 4181 1989 4233 via:
2022 4194 2130 4234 non
2161 4179 2356 4234 cecidit
2385 4195 2549 4251 super
2590 4189 2811 4235 terram.
2845 4180 3012 4251 Digna
3053 4196 3210 4250 paena
3248 4197 3370 4252 qua:
3408 4183 3492 4238 in-

1888 4274 2304 4338 temperantiam
2347 4287 2588 4343 congrue
2628 4283 2945 4338 coerceret;
2981 4282 3039 4327 ut
3068 4272 3265 4328 caelum
3305 4273 3491 4344 impiis

1885 4365 2252 4427 clauderetur,
2285 4365 2377 4436 qui
2412 4376 2628 4421 terrena
2673 4366 2996 4436 polluerant.
3041 4365 3269 4438 Dignum
3300 4366 3486 4434 etiam,

1886 4470 1949 4514 ut
1988 4459 2056 4514 ad
2087 4460 2597 4516 condemnationem
2641 4461 2782 4530 regis
2819 4463 3069 4534 sacrilegi
3115 4463 3376 4534 propheta
3421 4465 3488 4521 ad

1887 4553 2102 4608 viduam
2140 4553 2193 4607 in
2235 4552 2517 4624 Sareptam
2559 4553 2797 4608 Sidoniae
2838 4557 3166 4620 mitteretur,
3200 4571 3320 4625 qua:
3357 4571 3493 4627 quo-

1887 4645 2032 4702 niam
2061 4646 2409 4702 dcvotionem
2447 4647 2570 4701 cibo
2602 4647 2872 4717 praetulit,
2911 4649 3108 4704 meruit
3140 4660 3194 4703 ut
3224 4648 3493 4706 ariditatis

1886 4741 2114 4812 publicae
2141 4741 2258 4795 sola
2298 4757 2404 4796 non
2434 4741 2660 4796 sentiret
2689 4757 3007 4796 aerumnam.
3043 4741 3230 4813 Itaque
3260 4757 3367 4798 non
3398 4742 3493 4799 de-

1885 4837 2013 4892 fecit
2033 4833 2061 4873 ἀ
2087 4835 2283 4908 hydria
2312 4835 2570 4907 polentae,
2611 4852 2732 4892 cum
2766 4837 3023 4893 torrentis
3063 4837 3264 4892 ﬂuenta
3295 4836 3494 4893 delice-

1885 4937 2026 4984 rent.

1956 5022 2009 5076 5.
2053 5020 2189 5089 Quid
2221 5021 2340 5091 ejus
2365 5019 2570 5090 reliqua
2602 5024 2933 5078 contexam?
2963 5022 3190 5092 Jejunus
3216 5019 3384 5076 lilium
3412 5021 3494 5077 vi-

1885 5117 2007 5172 dua:
2039 5117 2107 5170 ab
2142 5114 2330 5171 inferis
2371 5117 2714 5172 resuscitavit
2736 5135 2748 5170 :
2770 5117 2993 5189 jejunus
3024 5116 3231 5187 pluvias
3265 5129 3362 5171 ore
3394 5115 3491 5172 de-

1891 5232 2215 5300 Neomeniis,
2244 5243 2291 5288 et
2315 5235 2460 5305 festis
2491 5235 2669 5289 diebus
2699 5235 3068 5305 concinerent,
3087 5241 3192 5288 etc.

1963 5308 1986 5390 f
2019 5307 2164 5360 Edit.
2186 5347 2201 5370 ,
2239 5303 2404 5360 indie
2432 5307 2719 5376 frequenti;
2747 5306 2932 5374 scripti
2974 5304 3118 5369 cod.,
3169 5305 3221 5358 in
3255 5303 3338 5359 die
3364 5304 3492 5360 insi-

1888 5395 2236 5505 gnszunctte
2261 5449 2416 5516 edit.,
2448 5449 2633 5520 hydria
2663 5449 2870 5518 fariua'.
2902 5445 3095 5503 Cuncti
3123 5463 3280 5508 mss.,
3300 5446 3490 5518 hydria

1888 5525 2140 5591 polentae;
2192 5523 2329 5575 duos
2377 5519 2554 5576 tamen
2597 5521 2926 5591 excipimus,
2982 5521 3033 5573 in
3075 5519 3267 5585 quilms
3304 5520 3491 5590 hydria

1887 5590 2076 5666 farina:
2125 5594 2362 5666 polentae.
2411 5590 2864 5666 Sedverisiniile
2912 5601 2996 5645 est
3045 5606 3258 5666 vocem,
3307 5591 3493 5661 [aliine

1889 5663 2064 5736 primo
2109 5666 2160 5720 in
2201 5665 2380 5732 glossa
2427 5664 2795 5736 positatn.’ac
2839 5673 3020 5736 postea
3070 5663 3121 5716 in
3165 5671 3371 5736 textum
3408 5679 3493 5718 re-

1885 5733 2382 5808 ceptaimdemum
2417 5736 2540 5808 inde
2570 5733 2864 5808 legitimam
2895 5734 3148 5804 ejectam.
3182 5735 3278 5790 Est
3306 5748 3490 5790 autem

1885 5805 2104 5880 polenta
2137 5807 2312 5864 farina
2348 5805 2534 5864 hordei
2563 5805 2733 5861 πίω.
