4138 6366
566 331 672 388 699

1917 323 2164 387 SANCTI
2202 327 2522 386 AMBROSII

3771 330 3886 388 700

569 444 752 516 posuit
781 462 796 500 :
821 443 1036 516 jejunus
1057 443 1210 514 ignes
1236 443 1304 500 de
1328 444 1468 500 caelo
1499 444 1688 502 eduxit
1716 461 1730 501 :
1750 445 1972 518 jejunus
1997 460 2166 502 curru
2193 448 2244 507 Α
2341 455 2454 500 tuta
2496 446 2596 515 fuit
2637 462 2655 511 ;
2707 444 2846 514 quod
2893 446 3100 502 tandem
3145 463 3274 519 quos
3318 447 3446 522 gula
3493 448 3838 504 denudat-erit
3865 490 3882 514 ,

570 547 758 609 raptus
786 546 870 593 est
895 536 960 591 ad
989 537 1187 594 omium
1221 555 1234 591 :
1264 546 1318 592 ct
1351 537 1706 609 quadraginta
1733 538 1944 594 dierum
1964 539 2172 611 jejunio

574 630 814 686 divinam
855 630 1142 702 acquisivit
1181 631 1549 701 przcsentiam.
1594 632 1748 689 Tunc
1781 632 2016 704 denique
2055 635 2176 704 plus

2347 549 2530 610 operst.
3773 589 3784 610 .

2348 558 2378 594 0
2415 558 2530 594 ωτι.
3773 589 3784 610 ι

2348 558 2414 688 6,:
2456 632 2642 702 Itaque
2671 648 2740 690 ne
2770 641 3042 690 terrenum
3075 634 3198 705 quis
3219 671 3236 699 ,
3281 643 3378 690 aut
3418 634 3690 690 novellum
3725 642 3890 704 putet

577 725 794 790 meruit,
828 721 1042 792 quando
1083 723 1201 793 plus
1237 724 1521 795 jejunavit.
1572 724 1766 797 Jejuno
1791 735 1816 764 ει
1841 741 1938 783 ore
1986 728 2179 793 statuit
2276 740 2401 784 esse
2447 725 2744 797 jejunium,
2789 727 2994 797 primus
3023 741 3153 783 usus
3183 727 3368 784 mundi
3392 743 3421 782 a
3450 727 3656 798 jejunio
3683 727 3886 797 etrapit,

576 815 776 871 ﬂuenta
822 815 1099 882 Jordanis,
1150 827 1204 874 et
1246 819 1635 877 redundantem
1686 823 1921 877 ﬂuminis
1965 823 2174 880 alveum

577 921 802 980 repente
848 912 1106 968 siccatum
1160 912 1536 983 pulverulento
1591 916 1885 972 transmisit
1930 919 2180 988 vestigio.

579 1006 770 1062 Merito
800 1007 946 1062 illum
977 1007 1195 1079 dignum
1228 1011 1368 1065 caelo
1389 1010 1570 1066 divina
1596 1010 1856 1082 judicavit
1883 1014 2178 1079 sententia,

579 1111 640 1156 ut
669 1117 790 1156 cum
837 1101 954 1173 ipso
983 1113 1262 1174 raperetur
1291 1119 1550 1175 corpore;
1601 1107 1856 1176 quoniam
1901 1107 2180 1164 caelestem

586 1197 754 1251 vitam
816 1197 1031 1252 vivebat
1062 1197 1224 1270 537
1255 1198 1310 1253 in
1341 1214 1569 1270 corpore
1592 1215 1687 1268 ,ac
1740 1217 1989 1273 superna:
2024 1209 2180 1260 usum

583 1303 686 1344 con
699 1287 1030 1345 versationis
1053 1291 1354 1347 exhibebat
1377 1291 1430 1346 in
1455 1295 1638 1350 terris.

1213 1427 1443 1486 CAPUT
1482 1429 1572 1487 Ill.

583 1543 787 1618 chunii
818 1545 1240 1600 commendatio:
1270 1546 1431 1616 deque
1456 1548 1660 1622 jejunio
1712 1551 1878 1604 sancti
1919 1549 2184 1620 Joannis;

855 1647 904 1691 et
935 1639 1105 1712 qualis
1133 1655 1248 1693 esca
1277 1655 1308 1692 a
1338 1642 1484 1696 nobis
1513 1642 1793 1712 quwrenda
1825 1643 1910 1700 sit.

661 1753 716 1806 4.
755 1752 894 1820 Quid
925 1763 1008 1809 est
1033 1754 1178 1810 enim
1222 1755 1486 1827 jejunium
1509 1799 1524 1825 ,
1569 1757 1597 1797 1³
1632 1759 1734 1815 nisi
1767 1759 2097 1828 substantia,
2132 1771 2188 1818 et

2279 819 2497 890 quando
2528 821 2618 875 lux
2648 819 2791 875 clara
2823 820 3156 891 resplenduit
3184 820 3341 892 (Gen.
3370 837 3411 886 ι,
3441 821 3476 876 5
3503 830 3556 876 et
3578 821 3742 893 seq.).
3785 820 3892 876 Se-

2281 913 2488 969 cundus
2516 912 2634 969 dies
2659 913 2713 968 in
2752 913 2962 985 jejunio
2983 951 2998 981 ,
3043 914 3261 986 quando
3289 915 3410 970 (ιωιί
3442 915 3640 970 factum
3666 924 3756 971 est
3789 915 3888 970 fir-

2283 1017 2639 1062 mamentum.
2691 1007 2878 1064 Tertio
2908 1007 2997 1064 die
3035 1008 3288 1077 pabulum
3335 1018 3478 1064 terra
3524 1009 3892 1080 germinavit,

2284 1111 2471 1156 natura
2500 1101 2814 1172 obsequium
2845 1102 3112 1174 praebuitj,
3136 1102 3398 1174 jejunium
3433 1112 3612 1160 tamen
3637 1103 3894 1160 celestis

2285 1194 2570 1263 disciplina
2603 1195 2874 1250 servabat.
2919 1195 3124 1263 Quarto
3150 1195 3239 1252 die
3269 1197 3552 1252 luminaria
3585 1195 3733 1252 facta
3761 1205 3900 1252 sunt

2285 1287 2418 1342 solis
2443 1297 2496 1342 et
2529 1287 2699 1352 lunae,
2751 1297 2806 1343 et
2848 1287 3028 1344 adhuc
3068 1289 3362 1360 jejunium.
3406 1289 3606 1358 Quinto
3637 1289 3730 1346 die
3761 1299 3898 1360 pia-

2285 1380 2558 1438 duxerunt
2598 1397 2754 1453 aqua
2803 1384 3051 1454 tepentia
3093 1386 3398 1440 aniarum
3439 1385 3742 1441 viventium
3773 1427 3790 1451 ,
3834 1395 3900 1440 et

2287 1476 2525 1534 volatilia
2556 1477 2790 1533 volantia
2817 1491 2981 1551 super
3013 1487 3212 1536 terram
3245 1479 3540 1536 secundum
3571 1479 3904 1536 ﬁrmamen.

2289 1579 2401 1625 tum
2432 1571 2555 1626 cmli
2583 1586 2596 1627 :
2647 1580 2700 1626 et
2726 1571 2859 1627 vidit
2887 1572 3030 1628 Deus
3055 1573 3181 1643 quia
3212 1572 3374 1639 bona,
3407 1581 3462 1628 et
3489 1572 3777 1628 benedixit
3804 1585 3895 1638 ea,

2287 1667 2513 1722 dicens:
2562 1666 2789 1721 Crescite
2813 1677 2864 1722 et
2903 1669 3370 1740 multiplicamini,
3411 1677 3459 1722 et
3503 1669 3696 1740 replete
3733 1685 3903 1737 aquas

2289 1774 2404 1830 qua:
2448 1767 2568 1813 sunt
2614 1763 2667 1813 in
2695 1757 2861 1832 538
2888 1761 3019 1814 mari
3054 1775 3073 1830 ς
3121 1771 3166 1816 et
3193 1760 3428 1816 volatilia
3475 1762 3905 1831 multiplicemur

592 1847 770 1918 imago
819 1849 1109 1904 caelestis?
1159 1848 1432 1922 Jejunium
1483 1851 1709 1907 refectio
1757 1853 1955 1908 animae
1979 1895 1992 1920 ,
2034 1853 2187 1910 cibus
2218 1852 2267 1913 B
2293 1868 2446 1923 super
2477 1862 2664 1907 terram
2691 1851 2878 1926 (Ιὺὶάη
2908 1852 3020 1925 2⁸2).
3073 1855 3139 1908 Et
3163 1853 3340 1910 adhuc
3373 1853 3665 1925 jejunium.
3725 1857 3904 1910 θεοῖο

593 1943 793 1996 mentis
821 1951 904 1997 est
945 1942 1242 2012 jejunium,
1278 1943 1386 1998 vita
1418 1953 1500 1998 est
1545 1945 1862 2016 angelorum
1898 1945 2189 2016 jejunium,

593 2035 769 2104 culpa:
802 2051 948 2091 mors
970 2078 984 2103 ,
1016 2036 1284 2092 excidium
1315 2037 1672 2107 delictorum,
1715 2038 2014 2095 remedium
2047 2040 2193 2096 salu-

595 2127 667 2183 tis
694 2169 708 2192 ,
751 2127 906 2182 radix
933 2129 1123 2198 gratia:
1149 2171 1163 2194 ,
1198 2127 1606 2186 fundamentum
1637 2141 1721 2187 est
1746 2132 2036 2186 castitatis.
2082 2133 2196 2188 Iloc

596 2221 664 2275 ad
700 2221 870 2276 Deum
899 2222 1068 2292 gradu
1097 2222 1260 2279 citius
1292 2225 1606 2295 pervenitur
1638 2242 1651 2278 :
1711 2224 1813 2280 hoc
1852 2225 2021 2296 gradu
2049 2225 2194 2282 Elias

597 2313 880 2378 ascendit,
937 2325 1227 2386 antequam
1258 2331 1442 2371 curru.
1507 2317 1657 2373 Hanc
1701 2317 2078 2374 haereditatem
2108 2332 2196 2374 so-

599 2407 849 2463 brietatis
878 2419 932 2464 et
957 2410 1237 2465 abstemia:
1267 2409 1334 2465 ad
1363 2411 1559 2466 coelum
1591 2410 1781 2468 abiens
1807 2411 2077 2483 discipulo
2103 2412 2198 2469 de-

599 2499 837 2568 reliquit.
873 2498 930 2554 In
955 2501 1054 2555 hac
1080 2502 1278 2556 virtute
1307 2511 1362 2557 et
1391 2503 1582 2572 spiritu
1607 2503 1740 2558 Elia:
1769 2503 1916 2559 venit
1935 2504 2192 2564 Joannes.

603 2589 848 2663 Denique
897 2592 951 2646 in
999 2593 1218 2650 deserto
1253 2603 1310 2650 et
1357 2595 1446 2652 ille
1493 2598 1718 2653 vacabat
1761 2599 2000 2670 jejuniis.
2058 2602 2196 2658 Esca

603 2691 789 2738 autem
821 2684 938 2754 ejus
964 2694 1082 2741 erat
1109 2687 1320 2742 locusta
1349 2730 1363 2755 ,
1411 2699 1463 2745 et
1508 2691 1616 2748 mel
1661 2693 1932 2750 silvestre.
1979 2694 2048 2750 Et
2075 2695 2198 2751 ideo

602 2775 727 2846 quia
756 2779 877 2832 vitae
907 2777 1156 2836 humanae
1185 2779 1603 2852 possibilitatem
1632 2789 1963 2844 continentia
2008 2803 2200 2860 super-

606 2885 830 2942 gressus
861 2870 1037 2929 fuerat
1064 2917 1078 2942 ,
1135 2891 1240 2931 non
1271 2875 1470 2945 homo,
1520 2878 1615 2935 sed
1643 2882 1869 2952 angelus
1898 2883 2200 2941 aestimatus

603 2974 708 3019 est.
745 2965 818 3021 De
851 2966 970 3037 ipso
1000 2967 1258 3039 legimus:
1284 2967 1462 3024 Etiam
1494 2972 1768 3042 plusquam
1797 2973 2071 3047 propheta.
2099 2975 2200 3030 Hic

603 3059 766 3112 estde
807 3075 907 3130 quo
936 3061 1193 3130 scriptum
1216 3071 1332 3117 est:
1381 3062 1517 3116 Ecce
1565 3065 1710 3118 mitto
1749 3067 1990 3138 angelum
2030 3084 2201 3122 meum

604 3158 723 3205 ante
746 3153 944 3221 jfaciem
980 3161 1124 3208 tuam
1147 3196 1160 3221 ,
1190 3155 1280 3225 qui
1317 3159 1634 3227 prwparabit
1671 3159 1804 3211 viam
1835 3168 1979 3212 tuam
2005 3152 2125 3214 ante
2154 3169 2202 3214 te

2292 1957 2396 2014 que
2425 1943 2706 1999 benedixit
2733 1960 2816 2009 ea,
2847 1944 2990 2000 sicut
3017 1947 3280 2017 scriptum
3307 1957 3413 2013 est,
3445 1957 3501 2001 et
3529 1947 3704 2003 dixit:
3754 1947 3904 2002 Cre—

2292 2036 2448 2100 scite,
2494 2046 2548 2091 et
2583 2051 2688 2090 non
2720 2036 2892 2092 dixit:
2938 2037 3094 2092 Edite
3119 2046 3175 2092 et
3207 2038 3553 2094 manducate.
3601 2039 3780 2094 Sexto
3805 2039 3900 2094 die

2293 2129 2481 2183 bestia:
2513 2138 2640 2183 sunt
2667 2141 2862 2185 creata:
2890 2127 3053 2203 (Dist.
3085 2130 3176 2197 55,
3205 2148 3252 2184 c.
3287 2131 3449 2187 Sexto
3476 2131 3611 2203 die),
3661 2142 3715 2186 et
3762 2145 3890 2186 cum

2297 2217 2486 2275 bestiis
2523 2230 2642 2275 orta
2680 2222 2879 2277 edendi
2929 2232 3168 2292 potestas
3205 2232 3328 2290 est,
3373 2232 3430 2280 et
3459 2238 3588 2279 usus
3617 2239 3904 2280 escarum.

2296 2310 2399 2370 Ubi
2431 2311 2586 2368 cibus
2615 2315 2801 2382 erepit,
2830 2314 2906 2370 ibi
2934 2314 3058 2370 linis
3084 2315 3256 2371 factus
3284 2327 3370 2372 est
3397 2303 3600 2372 mundi.
3653 2316 3759 2373 Ubi
3793 2334 3909 2374 cte-

2298 2406 2378 2476 pit
2427 2420 2524 2462 sua
2574 2406 2908 2462 incrementa
2957 2408 3199 2476 nescire,
3256 2409 3326 2464 ibi
3378 2418 3664 2480 cmperunt
3713 2409 3910 2465 divina

2298 2497 2442 2552 circa
2474 2513 2596 2553 eum
2625 2514 2790 2568 opera
2822 2499 3026 2555 feriari.
3069 2500 3190 2568 Quo
3217 2501 3418 2557 indicio
3447 2501 3794 2558 declaratum
3823 2514 3911 2559 est

2301 2589 2441 2662 quod
2478 2607 2573 2662 per
2599 2591 2751 2646 cibos
2779 2603 2799 2630 ο
2831 2591 3064 2647 mundus
3095 2591 3318 2648 haberet
3344 2593 3612 2660 imminui,
3643 2610 3740 2665 per
3769 2611 3912 2666 quos

2300 2683 2462 2739 desiit
2491 2685 2697 2756 augeri.
2740 2683 2913 2740 Nemo
2940 2684 3198 2742 delictum
3227 2687 3450 2754 sciebat,
3489 2703 3650 2744 nemo
3681 2705 3906 2760 pinnam

2302 2776 2547 2845 timebat,
2582 2793 2742 2834 nemo
2771 2788 2996 2835 noverat
3023 2787 3274 2835 mortem.

2375 2871 2427 2927 7.
2473 2870 2740 2926 Plantavit
2773 2870 3032 2926 Dominus
3065 2873 3375 2942 paradisum
3407 2871 3474 2929 ad
3503 2872 3734 2945 gratiam
3779 2873 3908 2930 bea-

2304 2973 2478 3019 torum
2509 3005 2522 3030 ,
2571 2965 2753 3034 posuit
2796 2963 2871 3020 ibi
2918 2963 3198 3020 hominem
3227 2966 3482 3036 Operari,
3535 2975 3590 3022 et
3620 2967 3911 3023 custodire

2302 3073 2447 3114 eum.
2497 3057 2567 3113 Et
2595 3067 2651 3112 ut
2680 3058 2916 3114 sciamus
2950 3058 3113 3130 (Dia.
3145 3069 3189 3113 et
3222 3076 3341 3130 cap.
3373 3060 3560 3115 iisdem
3583 3102 3596 3126 ,
3652 3060 3683 3133 ς
3733 3059 3810 3114 Et
3860 3073 3913 3114 ut

2301 3151 2546 3221 sciamus)
2578 3165 2684 3206 non
2717 3166 2840 3208 esse
2868 3152 3141 3208 novellum
3181 3152 3444 3223 jejunium
3466 3194 3483 3220 ,
3524 3155 3758 3223 primam
3795 3153 3914 3209 illic

602 3242 819 3314 (Matth.
850 3261 934 3313 st,
981 3247 1016 3302 9
1066 3258 1116 3302 et
1152 3248 1266 3319 10).
1326 3249 1460 3318 Quis
1509 3252 1738 3305 hmnana
1787 3250 1987 3308 virtute
2031 3269 2193 3323 equos

2306 3242 2477 3313 legem
2507 3242 2790 3297 constituit
2814 3242 2883 3298 de
2909 3243 3138 3315 jejunio.
3181 3243 3399 3300 Sciebat
3439 3244 3584 3299 enirn
3623 3245 3774 3316 quod
3817 3261 3916 3314 per

603 3337 792 3406 igneos
819 3380 834 3405 ,
888 3353 1082 3394 currus
1115 3341 1300 3410 igneos
1333 3343 1599 3410 potuisset
1627 3343 1954 3411 ascendere,
2007 3359 2201 3417 regere

603 3445 799 3487 currus
844 3447 1038 3489 aereos
1064 3475 1078 3500 ,
1132 3436 1234 3490 nisi
1273 3437 1363 3506 qui
1401 3449 1647 3493 naturam
1680 3439 1899 3495 humani
1929 3442 2197 3513 corporis,

602 3522 1031 3594 incorruptibilis
1073 3527 1260 3598 jejunii
1292 3530 1489 3586 virtute
1517 3533 1826 3587 mutasset?

672 3617 726 3671 5.
760 3615 866 3673 Sed
891 3618 958 3674 de
981 3619 1112 3675 Elia:
1133 3622 1298 3692 gestis
1327 3622 1556 3692 plurima
1577 3624 1688 3694 jam
1719 3623 1988 3696 frequenti
2011 3624 2194 3682 diver-

597 3721 784 3764 serum
815 3709 1074 3766 librorum
1108 3727 1363 3770 sermone
1387 3713 1750 3786 digessimus;
1787 3721 1860 3787 jet
1889 3717 2190 3774 cavendum

599 3800 839 3857 arbitror
867 3816 936 3858 ne
962 3803 1015 3858 in
1043 3807 1234 3860 eadem
1264 3821 1631 3882 recurremus,
1656 3825 1778 3865 cum
1809 3813 2112 3881 prmsertim
2147 3813 2198 3868 in

600 3910 770 3965 Opere
799 3911 899 3952 suo
927 3899 1047 3969 ipse
1086 3900 1353 3957 laudetur.
1415 3902 1690 3959 Imitemur
1728 3919 1857 3976 ergo
1904 3904 2052 3961 illum
2081 3948 2095 3971 ,
2147 3913 2202 3962 et

601 4006 720 4047 eam
750 4005 930 4048 escam
959 4009 1270 4066 quaeramus
1297 4039 1311 4064 ,
1361 3998 1515 4068 cujus
1548 3997 1747 4055 virtute
1775 3998 1968 4056 diebus
2008 4016 2072 4056 ac
2105 4017 2201 4055 no-

600 4087 780 4142 ctibus
820 4091 1076 4160 progredi
1119 4090 1186 4145 ad
1225 4105 1585 4163 supernorum
1633 4094 1904 4164 possimus
1931 4095 2202 4165 cognitio-

604 4195 752 4236 nem.
811 4181 930 4237 Non
973 4185 1119 4240 enim
1147 4187 1326 4242 omnis
1353 4201 1475 4257 esea
1506 4189 1803 4244 materialis
1825 4231 1839 4255 ,
1893 4205 1995 4245 nec
2022 4190 2201 4245 omnis

601 4275 754 4332 cibus
783 4281 1082 4348 corporalis
1109 4297 1122 4346 ;
1153 4289 1235 4336 est
1259 4283 1412 4337 cibus
1443 4281 1670 4348 mentis,
1697 4293 1756 4338 ut
1781 4283 2020 4340 diximus
2045 4327 2061 4354 ,
2093 4301 2200 4356 quo

604 4369 892 4438 epulantur
919 4373 1146 4442 animm,
1188 4374 1256 4432 de
1287 4391 1392 4446 quo
1419 4377 1492 4431 ait
1519 4375 1781 4433 Dominus
1807 4397 1819 4431 ;
1875 4377 2028 4433 Meus
2054 4379 2200 4434 cibus

605 4471 680 4516 est
719 4472 774 4515 ut
815 4465 1004 4534 faciam
1032 4467 1345 4522 voluntatem
1375 4467 1553 4524 Patris
1593 4470 1690 4525 ntei
1732 4473 1820 4541 qui
1851 4472 1904 4526 in
1944 4473 2084 4527 caelis
2129 4483 2203 4528 est

603 4553 786 4626 (Joan.
819 4570 894 4622 IV,
925 4558 1036 4628 54).
1093 4559 1189 4614 Hic
1218 4560 1372 4615 cibus
1399 4563 1716 4633 angelorum
1766 4573 1885 4632 est,
1926 4574 1985 4620 ut
2015 4564 2200 4640 divino

2303 3349 2480 3392 escam
2511 3336 2668 3406 culpa
2698 3337 2920 3393 haberet
2951 3339 3176 3394 intrare.
3212 3337 3392 3393 Prima
3424 3351 3585 3410 pcena
3611 3337 3684 3394 de
3710 3339 3912 3410 jejunii

2303 3431 2750 3500 praevaricatione
2783 3433 3104 3502 intraverat,
3137 3432 3356 3490 dicente
3381 3432 3638 3489 mandato
3665 3433 3804 3489 Dei:
3837 3433 3915 3488 De

2304 3522 2444 3596 ligno
2467 3524 2607 3596 quod
2657 3533 2732 3579 est
2775 3526 3006 3580 scientia:
3046 3527 3166 3580 boni
3210 3535 3260 3580 et
3287 3527 3416 3581 mali
3457 3541 3560 3581 non
3585 3527 3915 3582 comedetis:

2301 3635 2402 3690 qua
2429 3619 2512 3673 die
2540 3629 2710 3674 autent
2739 3620 3176 3675 manducaueritis
3199 3637 3263 3676 ea:
3289 3637 3377 3686 eo,
3416 3627 3580 3676 morte
3611 3621 3914 3675 moriemini

2306 3711 2458 3785 (Gen.
2493 3729 2548 3778 tt,
2583 3711 2692 3786 l7).
2735 3714 2814 3770 Eo
2841 3729 3012 3786 usque
3050 3721 3237 3770 autem
3266 3713 3437 3790 (Dist:
3462 3723 3516 3769 et
3539 3731 3653 3787 cap.
3686 3715 3906 3778 iisdem,

2305 3805 2444 3879 §Eo
2473 3809 2650 3878 usque)
2703 3823 2865 3864 nemo
2912 3810 3254 3880 prtevaricari
3305 3817 3568 3876 noverat,
3627 3819 3686 3865 ut
3727 3808 3910 3865 adhuc

2303 3910 2421 3957 orta
2465 3916 2569 3957 non
2615 3911 2801 3970 esset,
2849 3917 2971 3974 quae
3017 3903 3192 3975 prima
3241 3913 3325 3958 est
3353 3900 3378 3939 δ
3422 3902 3775 3973 prtevaricata
3819 3904 3908 3958 in-

2303 3995 2506 4050 dictum
2546 3995 2906 4051 abstinentiae.
2952 3995 3062 4050 Lex
3091 4011 3122 4050 a
3156 3995 3388 4051 Domino
3415 3993 3545 4061 Deo,
3583 3996 3908 4064 praevarica-

2305 4088 2380 4142 tio
2411 4087 2545 4157 legis
2571 4103 2600 4142 a
2630 4087 2846 4143 diabolo
2872 4105 2884 4141 :
2935 4088 3095 4157 culpa
3137 4101 3233 4155 per
3263 4087 3441 4144 cibum
3461 4129 3476 4154 ,
3533 4086 3738 4142 latebra
3785 4095 3909 4157 post

2303 4183 2503 4237 cibum.
2531 4182 2784 4253 Cognitio
2811 4181 3141 4238 infirmitatis
3173 4183 3226 4238 in
3255 4184 3400 4250 cibo,
3428 4182 3600 4238 virtus
3631 4181 3908 4239 firmitatis

2305 4275 2358 4330 in
2396 4275 2626 4345 jejunio.
2671 4275 2917 4346 Denique
2947 4275 3204 4347 quamdiu
3236 4273 3540 4332 interdictis
3567 4274 3906 4340 abssinnere,

2305 4368 2620 4424 nesciebant
2671 4382 2796 4424 esse
2834 4383 2892 4423 se
2939 4368 3110 4424 nudos
3147 4386 3161 4423 :
3215 4375 3566 4439 posteaquam
3609 4368 3914 4422 manduca-

2304 4471 2494 4518 verunt
2522 4461 2590 4517 de
2617 4461 2906 4517 interdicta
2939 4461 3160 4526 arbore,
3191 4461 3422 4516 nudatos
3450 4469 3574 4516 esse
3604 4473 3664 4515 se
3697 4473 3908 4528 coeno-

2307 4564 2520 4612 verunt.
2554 4555 2745 4610 Merito
2771 4569 2901 4626 ergo
2932 4555 3127 4610 mulier
3155 4555 3244 4610 ubi
3270 4553 3444 4624 culpa:
3469 4552 3690 4624 agnovit
3718 4561 3914 4607 aurto-

604 4647 935 4704 famulentur
981 4651 1226 4720 imperio.
1291 4652 1448 4709 Nulla
1504 4653 1610 4710 illis
1665 4671 1793 4712 cura
1843 4673 2189 4729 mensarum,
2229 4662 2283 4722 1)
2308 4667 2446 4719 rem,
2484 4653 2813 4723 interrogata
2847 4649 3172 4721 respondit:
3217 4648 3443 4721 Serpens
3469 4648 3728 4720 persuasit
3754 4647 3910 4712 mihi,

606 4743 787 4799 nullus
833 4743 1202 4800 conviviorum
1249 4743 1422 4813 usus,
1479 4749 1642 4804 nulla:
1689 4751 1941 4821 reposita:
1989 4751 2194 4823 epulae,

607 4835 786 4893 nullus
813 4839 920 4894 vini
952 4849 1108 4906 potus
1137 4851 1229 4896 aut
1270 4840 1491 4910 sicel-te,
1543 4843 1689 4899 nulla
1718 4842 1977 4902 distentio
2003 4860 2196 4918 corpo-

604 4932 700 5001 ris,
731 4933 876 4989 nulla
909 4937 1112 4992 ventris
1139 4936 1386 4993 offensio.

1213 5070 1445 5131 CAPUT
1497 5073 1590 5131 IV.

603 5200 684 5260 De
713 5206 913 5280 origine
938 5217 985 5263 et
1011 5210 1314 5282 antiquitate
1348 5211 1579 5284 jejunii,
1626 5227 1659 5266 a
1691 5228 1790 5280 quo
1833 5213 2032 5284 primus
2074 5223 2201 5269 usus

674 5299 858 5354 mundi
887 5302 1068 5373 coepit,
1117 5304 1180 5359 de
1203 5319 1304 5375 quo
1333 5305 1504 5375 prima
1531 5304 1616 5360 lea:
1645 5305 1701 5360 in
1731 5307 1976 5375 paradiso
2007 5307 2202 5362 consti-

679 5472 703 5499 ἰ
726 5463 941 5523 Videsis
957 5473 1140 5522 notam
1172 5467 1264 5522 lib.
1290 5466 1358 5524 de
1380 5465 1511 5523 Ben.
1533 5465 1861 5537 Patriarch.,
1883 5482 1935 5523 c.
1960 5467 2016 5537 5,
2039 5481 2096 5524 n.
2117 5468 2204 5534 Ii,

601 5533 922 5607 subjectam.

678 5607 705 5648 ι)
743 5609 1074 5686 Romnedit.
1100 5654 1115 5679 ,
1154 5613 1254 5686 nisi
1294 5612 1414 5668 vita:
1439 5611 1880 5686 imagocaelestis.
1922 5609 2057 5667 Alia:
2082 5625 2205 5666 cum

610 5691 741 5735 mss.
773 5683 1049 5750 omnibus,
1078 5695 1136 5738 ut
1163 5685 1214 5739 in
1245 5694 1416 5738 textu.

690 5763 711 5828 ς
752 5754 884 5828 Mss.
914 5757 1143 5826 aliquot,
1181 5759 1402 5812 mundus
1445 5758 1651 5814 haberet
1688 5757 1874 5828 perire.

688 5822 713 5861 ά
751 5825 869 5899 Yet.
918 5822 1049 5899 edit.
1080 5870 1094 5889 ,
1128 5822 1256 5899 qua:
1304 5833 1469 5897 prima
1511 5822 1884 5899 prtcvaricatio.
1946 5826 2205 5882 Indicium

608 5893 900 5966 jejunium,
953 5893 1274 5956 abstinentite
1302 5893 1413 5972 lex,
1456 5893 1562 5958 etc.
1607 5899 1741 5960 Cod.
1774 5900 1906 5960 Vall.
1937 5899 2204 5970 etblich.,

2305 4755 2356 4802 et
2381 4746 2690 4802 manducavi
2719 4743 2869 4818 (Gen.
2899 4761 2980 4813 ut,
3009 4744 3122 4816 15).
3177 4744 3415 4813 Serpens
3457 4743 3637 4814 gulam
3681 4741 3909 4806 suadet,

2304 4838 2569 4894 Dominus
2603 4837 2850 4910 jejunare
2895 4837 3142 4893 decernit
3168 4835 3328 4910 (Dist.
3363 4843 3412 4890 et
3453 4849 3574 4905 cap.
3611 4835 3832 4898 iisdem,
3879 4832 3912 4905 ξ

2307 4929 2588 5005 Serpens).
2637 4931 2878 5002 Denique
2929 4930 3046 5002 ipse
3092 4929 3214 4984 ait:
3256 4925 3508 5001 Jejanate
3543 4936 3592 4982 et
3631 4935 3810 4992 orate,
3847 4941 3918 4980 ne

2303 5027 2502 5081 intretis
2531 5027 2584 5080 in
2615 5025 2946 5079 tentationem
2976 5021 3193 5093 (Matth.
3221 5031 3372 5085 xxvi,
3401 5018 3520 5090 41).
3563 5020 3752 5090 Itaque
3779 5019 3908 5088 gula

2304 5117 2372 5174 de
2401 5117 2650 5190 paradiso
2674 5123 2989 5188 regnantem
3015 5115 3253 5186 expulit,
3293 5113 3626 5170 abstinentia
3651 5112 3719 5167 ad
3751 5125 3913 5184 para-

2304 5211 2481 5268 disum
2511 5211 2785 5266 revocavit
2811 5217 3107 5264 errantem.

2378 5305 2432 5360 8.
2493 5303 2563 5360 Et
2605 5302 2742 5360 dixit
2782 5302 2926 5360 Deus
2965 5318 2978 5357 :
3023 5299 3158 5356 Ecce
3202 5300 3370 5354 Adam
3418 5303 3588 5370 factus
3633 5305 3712 5352 est
3759 5298 3910 5369 quasi

2313 5483 2426 5535 qua:
2441 5468 2616 5538 prima
2645 5465 2982 5538 prtevaricata
3005 5462 3256 5538 indictum
3277 5463 3540 5533 jejunium
3565 5462 3907 5538 abstinentite.

2313 5533 2459 5602 Lex,
2497 5547 2604 5594 etc.
2646 5533 2811 5593 Rom.
2856 5536 2986 5592 edit.
3021 5545 3074 5590 et
3110 5534 3231 5590 Vat.
3264 5551 3496 5606 unus“
3545 5576 3565 5606 ,ί
3605 5577 3616 5588 .
3659 5533 3908 5606 prterea-i-

2315 5622 2432 5665 cata
2463 5613 2704 5665 edictum.
2758 5607 3092 5663 Abstinentite
3123 5607 3224 5669 lex,
3261 5616 3365 5662 etc.
3431 5603 3724 5662 Nobiscum
3778 5619 3910 5658 vero

2314 5683 2520 5738 faciunt
2551 5681 2790 5748 Tltn:tn.,
2821 5679 3010 5736 Germ.
3033 5721 3046 5742 ,
3079 5677 3219 5733 Vict.
3245 5719 3260 5744 ,
3293 5677 3462 5734 Laud.
3498 5687 3552 5732 ct
3577 5676 3731 5732 Colb.
3765 5677 3907 5729 Itur-

2316 5771 2410 5810 sus
2457 5755 2546 5808 uhi
2598 5755 2778 5824 plures
2824 5767 2957 5807 mss.
2991 5765 3053 5805 ac
3096 5764 3287 5806 omnes
3335 5749 3747 5824 edit.,__latebra
3797 5753 3910 5818 post

2313 5827 2518 5892 cibum;
2563 5817 2797 5898 quatuor
2842 5837 2972 5880 mss.
3019 5825 3242 5895 optimae
3284 5829 3458 5892 notae,
3508 5817 3750 5878 illecebra
3791 5817 3909 5892 post

2309 5898 2498 5956 cibum.
