4066 6360
186 356 292 414 ’701

184 489 324 527 unus
369 490 433 529 ea:
479 474 624 530 nobis
659 473 812 542 (Gen.
841 491 922 540 lli,
947 474 1062 545 2‘2).

183 580 298 620 non
346 567 657 637 approbans
699 567 863 633 dicit,
905 566 1007 623 hoc
1034 576 1152 622 cst:
1197 566 1430 623 Putabas
1468 577 1519 622 te
1546 566 1779 622 similem

181 655 309 713 fore
362 661 535 714 nostri
579 677 592 716 :
636 659 730 715 sed
761 659 885 730 quia
916 659 1132 715 voluisti
1164 674 1285 714 esse
1313 660 1454 729 quod
1485 674 1590 713 non
1635 673 1778 723 eras,

183 751 446 808 destitisti
489 768 609 811 esse
649 753 791 824 quod
826 764 848 789 υ
878 747 1039 809 er’as:
1084 754 1222 808 intra
1266 765 1318 809 te
1358 769 1516 819 eras,
1560 761 1618 808 et
1654 751 1781 808 dum

182 858 352 915 supra
383 853 435 900 te
463 861 583 902 esse
610 845 848 912 alt‘cctas,
885 845 1022 901 infra
1049 855 1099 901 te
1126 861 1246 902 esse
1275 848 1507 917 cmpisti.
1540 847 1782 916 Denique

183 939 410 994 vestivit
433 953 556 995 eum
586 940 761 995 tunica
800 939 1027 1010 pellicea
1067 939 1249 1010 prius,
1299 950 1354 995 et
1385 940 1464 995 sic
1489 940 1600 995 ait:
1647 939 1782 995 Ecce

182 1029 380 1100 Adam,
410 1035 561 1102 quasi
592 1032 736 1088 dicat
762 1051 775 1086 :
803 1032 945 1088 Ecce
970 1033 1201 1088 amictus
1231 1043 1374 1100 tuus,
1407 1049 1534 1088 ecce
1564 1033 1783 1103 dignum

181 1125 560 1179 indumentum
591 1135 762 1191 tuum,
793 1125 883 1180 hic
911 1134 962 1180 te
993 1126 1220 1182 vestitus
1245 1125 1425 1182 decet.
1471 1126 1575 1195 Qui
1599 1126 1781 1180 divina

180 1215 482 1282 affectant,
528 1216 618 1271 tali
647 1216 796 1288 digni
835 1217 1103 1274 habentur
1127 1227 1345 1274 ornatu.
1394 1218 1536 1273 Ecce
1581 1236 1687 1288 quo
1732 1227 1784 1274 te

181 1315 273 1360 tua
306 1306 465 1378 culpa
493 1306 754 1375 deduxit,
788 1323 917 1364 ecce
947 1324 1092 1364 nunc
1131 1311 1184 1364 in
1223 1310 1323 1365 hac
1353 1311 1532 1365 tunica
1563 1309 1784 1379 pellicea

181 1407 463 1472 tamquam
499 1417 641 1456 unus
666 1417 734 1457 ex
778 1403 935 1458 nobis
971 1402 1234 1474 aperuisti
1276 1403 1486 1458 oculos.
1541 1399 1787 1457 Circum-

176 1496 336 1566 spice
381 1495 711 1566 diligenter,
761 1496 963 1552 nudum
1003 1507 1057 1553 te
1106 1497 1348 1570 aspicis,
1416 1511 1578 1568 quem
1620 1495 1784 1552 vesti-

179 1598 297 1642 tum
347 1590 596 1659 putabas.

257 1681 312 1736 9.
357 1679 494 1737 Gula
527 1696 660 1752 ergo
690 1680 864 1736 nudos
902 1680 1065 1748 facit,
1109 1682 1310 1753 jejunis
1339 1681 1592 1751 operiunt
1619 1680 1784 1736 etiam

177 1780 401 1828 exutos.
447 1773 600 1829 Unde
632 1774 796 1828 David
832 1773 906 1828 ait
941 1791 954 1826 :
991 1772 1186 1843 Operui
1230 1774 1282 1827 in
1320 1773 1528 1846 jejunio
1559 1772 1784 1826 animum

1234 359 1322 415 ns
1365 360 1521 417 sua
1558 359 1650 416 ET
1685 358 1960 419 JEJUNIO
1998 362 2198 420 LIBER
2231 333 2442 422 Unus.

1125 475 1361 532 irridens
1398 477 1584 546 utique
1614 475 1778 543 Deus,
1808 481 1855 539 Α
1889 479 2053 547 potio.
2102 477 2527 537 Dormitaverunt
2551 524 2565 548 ,
2599 482 2807 552 inquit,
2836 484 2926 553 qui
2957 485 3296 540 ascenderunt
3323 499 3480 556 equos

3374 371 3479 426 7οἓ

1886 569 2060 641 (Psal.
2087 589 2247 640 Lxxv,
2274 575 2351 644 7).
2388 576 2646 630 Ascendit
2674 578 2920 646 corporis
2951 580 3252 651 voluptates
3275 581 3476 650 justus,

1885 671 1937 716 et
1967 661 2314 719 obdormivit.
2375 667 2480 722 Sed
2532 667 2677 723 illius
2707 669 2943 726 ebrietas
2983 671 3140 727 nobis
3171 671 3359 727 suadet
3386 690 3476 728 so-

1887 754 2172 811 brietatem
2202 757 2366 828 (Dist.
2403 770 2447 814 et
2478 778 2594 830 cap.
2627 762 2829 828 iisdem,
2871 763 2898 836 ᾗ
2929 764 3034 820 Sed
3062 766 3249 836 illius).
3297 766 3478 822 Semel

1885 851 2030 904 enim
2062 849 2359 905 inebriatus
2391 863 2473 907 est
2502 853 2635 909 Noe.
2681 854 2780 910 Ubi
2813 872 2940 911 vero
2971 859 3167 913 malum
3199 860 3479 915 ebrietatis

1885 945 2143 1014 agnovit,
2193 945 2468 1000 inventum
2514 963 2670 1002 suum
2699 950 2764 1004 ad
2796 953 3093 1008 remedium
3138 956 3477 1023 temperavit,

1886 1051 1996 1091 non
2024 1035 2210 1092 alludit
2237 1037 2301 1092 ad
2337 1040 2548 1094 vitium.
2593 1041 2746 1097 Unde
2779 1054 2833 1098 et
2867 1047 3159 1116 Apostolus
3203 1047 3317 1102 ait:
3363 1047 3479 1102 Mo-

1883 1129 2000 1184 dico
2051 1132 2170 1184 uino
2222 1139 2362 1186 utere
2409 1143 2618 1206 propter
2668 1134 2956 1204 {regnantes
3005 1149 3120 1194 tuas
3154 1139 3480 1209 inﬁrmitates

1889 1221 1933 1296 (ι
1964 1221 2100 1277 Tim.
2137 1239 2186 1290 v,
2220 1224 2334 1295 es).

1961 1315 2048 1370 ii.
2091 1316 2340 1372 Maticbat
2371 1326 2659 1389 antequam
2688 1318 2872 1375 vinum
2906 1321 3272 1388 inveniretur,
3303 1326 3478 1380 omni-

1887 1408 1989 1464 bus
2035 1411 2362 1468 inconcussa
2412 1413 2664 1478 libertas,
2721 1430 2883 1471 nemo
2922 1418 3128 1472 sciebat
3165 1435 3195 1473 a
3225 1432 3477 1475 consorte

1887 1513 2094 1560 natura:
2132 1519 2246 1561 suae
2284 1507 2544 1578 obsequia
2582 1508 2863 1565 servitutis
2897 1514 3136 1582 exigere.
3191 1511 3305 1566 Non
3334 1521 3481 1568 esset

1889 1597 2054 1654 hodie
2083 1600 2346 1666 servitus,
2398 1602 2443 1656 si
2484 1601 2718 1658 ebrietas
2745 1620 2852 1659 non
2882 1605 3093 1668 fuisset.
3153 1607 3483 1677 Obrepserat

1885 1691 2109 1760 quidem
2149 1692 2259 1761 jam
2301 1693 2559 1750 iraternaa
2588 1697 2922 1765 pra-.iationis
2953 1700 3184 1766 invidia,
3234 1702 3485 1756 manebat

1889 1791 2070 1838 tamen
2103 1783 2281 1840 adhuc
2313 1795 2552 1854 paternae
2581 1789 2796 1858 pietatis
2827 1791 3148 1846 reverentia.
3189 1792 3336 1847 Laesa
3372 1795 3486 1864 pie-

175 1883 344 1920 meam
365 1865 482 1938 (Ps.
503 1881 690 1932 vam,
711 1864 822 1936 il).
853 1865 1054 1920 Bonum
1073 1863 1652 1935 operimentum,quod
1668 1864 1785 1919 ani-
1812 1886 1863 1948 Β
1895 1885 1977 1929 tas
2005 1886 2121 1939 est,
2152 1876 2281 1932 dum
2312 1878 2518 1934 ridetur
2547 1881 2800 1937 ebrietas.
2853 1883 2971 1938 Non
3004 1885 3110 1939 illis
3139 1885 3322 1955 itaque
3350 1886 3481 1943 solis

140 1975 150 1980 ·
175 1973 324 2013 mam
353 1957 508 2029 tegit,
533 1973 600 2012 ne
620 1972 651 2011 a
679 1965 949 2012 tentatore
969 1957 1434 2036 deprehendatur,
1460 1971 1526 2012 ne
1552 1971 1584 2012 a
1607 1965 1782 2012 tenta-

175 2062 302 2105 tore
349 2048 598 2104 nudetur.
657 2048 862 2103 Bonum
905 2049 1152 2104 velamen
1189 2049 1331 2120 quod
1375 2049 1507 2120 tegit
1544 2049 1778 2120 culpam,

175 2141 314 2212 tegit
343 2141 707 2210 abstinentia,
756 2142 886 2212 tegit
925 2141 1118 2212 gratia.
1169 2141 1315 2196 Beati
1357 2143 1503 2197 enim
1549 2156 1781 2212 quorum

173 2233 425 2289 remissa:
443 2233 913 2307 suntjniquitates,
927 2245 979 2290 et
998 2251 1224 2305 quorum
1246 2243 1382 2290 tecta
1398 2243 1522 2290 sunt
1537 2243 1776 2305 peccata.

173 2325 336 2398 'l‘egit
354 2327 547 2398 gratia,
565 2327 691 2381 dum
717 2328 964 2392 remittit,
988 2338 1041 2382 et
1067 2343 1283 2383 omnem
1309 2327 1776 2385 aboleterroreni:

176 2420 312 2489 tegit
341 2419 667 2475 abstinentia
691 2461 704 2487 ,
754 2420 882 2475 dum
911 2420 1199 2476 obumbrat
1228 2421 1416 2474 vitium
1440 2459 1458 2486 ,
1499 2428 1554 2474 et
1583 2431 1778 2476 Intesto

173 2511 464 2567 abscondit
493 2511 691 2567 aliectu
712 2554 725 2576 ,
767 2520 928 2583 atque
956 2523 1214 2568 extenuat
1242 2513 1586 2583 pmnitendo.
1650 2513 1777 2568 Ete-

171 2605 288 2661 nim
313 2605 578 2676 jejunium
605 2615 660 2661 et
678 2605 840 2678 539
863 2608 1204 2678 eleemosyna
1225 2622 1252 2660 a
1270 2612 1492 2676 peccato
1523 2607 1773 2662 liberant.

171 2697 410 2769 Opertus
460 2709 575 2753 erat
622 2699 790 2752 Adam
843 2695 1104 2754 virtutum
1154 2700 1420 2755 velamine
1464 2700 1776 2772 priusquam

173 2793 651 2864 prazvaricaretur,
676 2792 768 2847 sed
796 2799 1066 2863 tamquam
1090 2802 1284 2848 exutus
1308 2793 1776 2863 praevaricatione,

173 2883 315 2938 vidit
346 2898 405 2940 se
432 2899 553 2939 esse
585 2883 787 2937 nudum
815 2901 828 2949 ;
872 2885 994 2954 quia
1030 2884 1404 2940 indumentum
1437 2888 1583 2957 quod
1614 2886 1778 2940 babe-

176 2978 294 3042 bat,
318 2976 602 3033 amiserat.
633 2976 691 3032 In
723 2976 916 3032 diebus
945 2978 1088 3033 enim
1112 2979 1442 3050 ieiuniorum
1472 2989 1776 3038 vestrorum

171 3071 389 3138 orietur,
420 3070 615 3142 inquit,
647 3070 740 3125 tibi
762 3068 790 3108 δ
818 3073 1130 3126 matutinum
1163 3073 1335 3128 tamen
1366 3086 1531 3142 tuum,
1563 3085 1608 3130 et
1636 3076 1777 3130 sani-

174 3173 255 3218 tas
295 3173 383 3218 tua
413 3174 618 3218 matura
647 3165 878 3231 orietur,
919 3175 966 3219 et
1005 3165 1260 3236 prazcedet
1297 3178 1415 3222 ante
1455 3178 1501 3224 te
1541 3170 1771 3241 iustitia,

173 3266 223 3311 et
266 3258 604 3311 circumdabit
651 3267 699 3311 te
742 3258 989 3322 maiestas
1030 3256 1242 3313 Domini
1280 3260 1450 3330 (Esai.
1498 3277 1649 3326 Lvm,
1693 3261 1772 3329 8).
1802 3271 1848 3335 ο

171 3351 386 3406 Bonum
430 3352 808 3406 vestimentum
849 3349 958 3405 lux.
1001 3351 1275 3422 Scriptum
1304 3363 1388 3415 est
1417 3354 1606 3408 enim:
1653 3353 1772 3408 Cir-

170 3448 444 3502 cumdatns
490 3447 601 3502 luce
634 3449 767 3502 sicut
799 3447 1101 3503 vestimento
1131 3448 1249 3520 (Ps.
1287 3465 1401 3516 cm,
1431 3450 1511 3522 Ξ).
1563 3448 1772 3505 Bonum

173 3543 559 3597 vestimentum
578 3583 594 3611 ,
648 3541 866 3612 quando
892 3542 1192 3598 circumdat
1224 3543 1484 3599 Dominus
1513 3553 1570 3600 et
1597 3543 1774 3615 operit

168 3636 499 3706 jejunantes.

830 3771 1058 3831 CAPUT
1105 3771 1172 3829 ν.

175 3884 294 3939 Noe
320 3888 459 3956 quod
484 3887 765 3940 inebriatus
791 3889 968 3958 fuerit,
999 3889 1061 3941 ob
1091 3887 1435 3959 ignorantiam
1464 3896 1774 3942 excusatur:

247 3988 297 4032 et
343 3995 456 4049 qua:
490 3979 628 4033 mata
657 3995 722 4033 eo:
756 3981 862 4033 vini
891 3997 988 4035 usu
1019 3991 1142 4034 nata
1169 3981 1273 4036 sint
1298 4023 1312 4048 ,
1356 3997 1531 4052 quwve
1560 3983 1690 4036 bona
1713 3997 1776 4037 ea:

250 4072 484 4146 ejusdem
527 4067 872 4143 abstinentia,
926 4075 1207 4146 propositis
1250 4075 1492 4144 utrinque
1525 4076 1774 4147 exemplis

249 4165 566 4220 declaratur.

255 4282 341 4339 10.
374 4282 614 4338 Nudatus
639 4288 758 4338 erat
784 4282 898 4339 Noe
927 4282 1144 4354 quando
1174 4284 1475 4340 inebriatus
1506 4292 1610 4350 est,
1642 4285 1775 4346 texit

174 4394 300 4436 eum
334 4377 508 4449 pietas
538 4377 792 4433 ﬁliorum.
845 4376 953 4433 Sed
987 4377 1218 4435 nudatus
1256 4388 1375 4434 erat
1401 4395 1496 4450 per
1523 4380 1769 4449 ignoran-

178 4473 326 4541 tiam,
373 4485 480 4526 non
521 4485 618 4541 per
648 4470 1156 4540 intemperantiam;
1205 4471 1386 4528 adhuc
1412 4472 1556 4527 enim
1587 4472 1770 4528 vinum

175 4563 542 4620 nesciebatur.
597 4562 652 4617 in
686 4563 947 4634 principio
978 4565 1195 4634 generis
1223 4563 1447 4620 humani
1479 4565 1770 4636 ignoraba-

1886 1977 2086 2022 nocent
2116 1969 2241 2024 vina
2270 1985 2406 2041 quos
2437 1979 2684 2038 tentant,
2720 1973 2814 2028 sed
2844 1983 2898 2029 et
2938 1975 3045 2030 illis
3081 1977 3313 2047 amplius
3344 1993 3480 2047 quo-

1885 2075 2002 2114 rum
2037 2061 2212 2116 oculis
2252 2064 2547 2118 temulenta
2582 2065 2857 2121 ebriorum
2899 2069 3140 2124 membra
3186 2071 3478 2129 nudantur.

1887 2152 2022 2208 llinc
2051 2154 2192 2209 risus
2223 2155 2534 2212 irreverens
2565 2161 2827 2224 nascitur,
2850 2161 2974 2215 hinc
3002 2162 3484 2219 libidoinﬂamma-

1886 2257 2014 2316 tur;
2065 2257 2122 2303 ut
2166 2251 2335 2306 multo
2384 2251 2594 2321 majore
2634 2253 2946 2310 temulentia
2984 2270 3079 2310 eos
3109 2255 3230 2310 vina
3270 2267 3481 2327 pertur-

1882 2345 2033 2411 bent,
2066 2361 2293 2416 quorum
2323 2349 2507 2403 oculos
2538 2363 2601 2404 ac
2631 2360 2840 2405 mentes
2873 2351 3278 2416 inebriaverint,
3309 2369 3469 2424 qnam

1877 2453 2108 2509 quorum
2151 2439 2392 2494 membra
2433 2444 2844 2510 prostraverint.

1951 2530 2309 2603 12.Legimus
2338 2534 2500 2589 etiam
2523 2532 2684 2606 (Dist.
2717 2545 2766 2590 et
2793 2553 2910 2607 cap.
2935 2537 3141 2604 iisdem,
3169 2535 3480 2612 §Legimus)

1877 2626 2022 2696 quod
2069 2636 2280 2696 patrem
2322 2626 2422 2682 Lot
2467 2628 2854 2686 inebriaverint
2902 2630 3026 2686 tilia;
3075 2631 3130 2686 in
3178 2647 3244 2688 eo
3292 2641 3480 2688 monte

1879 2717 2038 2786 (Gen.
2086 2735 2174 2774 xu
2200 2761 2215 2785 ,
2261 2720 2332 2775 55
2361 2731 2409 2776 et
2443 2724 2615 2794 seq.),
2655 2723 2720 2777 ad
2751 2739 2912 2794 quem
2952 2725 3205 2780 timentes
3234 2725 3480 2780 incendia

1879 2810 2238 2868 Sodomitana
2267 2813 2648 2886 confugerant,
2679 2824 2736 2870 et
2765 2815 3083 2872 habitabant
3113 2819 3166 2872 in
3196 2818 3476 2888 spelunca.

1878 2905 2146 2961 Convenit
2175 2907 2426 2962 ebrietati
2455 2920 2616 2978 atque
2639 2911 2917 2965 concurrit
2951 2920 3105 2977 retas,
3136 2926 3319 2979 sexus,
3348 2914 3479 2967 soli-

1881 2999 2030 3065 tudo,
2063 3001 2233 3068 locus,
2268 3000 2502 3057 ferarum
2535 3003 2707 3072 magis
2739 3004 2997 3071 latibulis,
3026 3020 3186 3075 quam
3223 3005 3480 3059 humanis

1878 3095 2059 3163 aptior
2086 3094 2393 3150 domiciliis.
2438 3095 2562 3150 Fuit
2600 3097 2780 3167 itaque
2808 3097 3046 3153 ebrietas
3073 3099 3228 3168 origo
3260 3099 3475 3163 incesti,

1880 3188 2134 3259 pessimae
2173 3189 2529 3256 generatricis
2577 3199 2758 3260 partus
2798 3191 3056 3246 deterior.

1955 3281 2040 3336 i5.
2083 3279 2153 3335 At
2199 3296 2304 3335 non
2349 3281 2624 3337 Abraham
2677 3284 2799 3338 vina
2842 3285 2893 3338 in
2945 3297 3043 3338 suo
3080 3285 3329 3339 convivio
3373 3286 3476 3339 mi-

1878 3374 2178 3429 nistrabat:
2205 3374 2298 3429 sed
2329 3374 2644 3430 immolabat
2667 3376 2912 3442 vitulum,
2935 3377 3212 3448 butyrum,
3241 3387 3294 3433 et
3314 3378 3476 3452 55.0

1876 3465 1962 3521 lac
1987 3466 2152 3522 etiam
2180 3468 2386 3535 angelis
2420 3467 2725 3536 ilOSpllibUS
2754 3468 3065 3523 exhibebat.
3110 3467 3248 3524 Coeli
3296 3471 3473 3524 domi-

1875 3574 2002 3614 num
2029 3601 2044 3627 ,
2099 3559 2283 3614 mundi
2329 3561 2658 3632 agnoscebat
2698 3571 3019 3618 auctorem:
3057 3563 3240 3616 vinum
3287 3572 3471 3617 tamen

1874 3653 2136 3709 exhibere
2165 3670 2271 3708 non
2299 3663 2532 3723 poterat.
2573 3655 2679 3711 Sed
2711 3665 2858 3712 recte
2889 3657 3000 3711 illic
3027 3657 3215 3713 deerat
3242 3659 3470 3712 materia

1877 3747 2104 3819 peccati,
2136 3749 2226 3803 ubi
2259 3760 2376 3804 erat
2406 3749 2656 3804 remissio
2686 3759 3051 3819 peccatorum.

1951 3843 2041 3896 ii.
2117 3841 2360 3912 Denique
2417 3841 2760 3897 annuntiavit
2815 3857 2938 3897 eum
2970 3843 3232 3912 “Joannes
3299 3857 3473 3912 neque

1877 3935 2211 3992 manducans
2239 3951 2432 4006 panem
2457 3977 2471 4002 ,
2507 3952 2684 4006 neque
2717 3937 2907 3992 bibens
2937 3938 3139 3991 vinum.
3198 3937 3296 4004 Qui
3327 3938 3470 3991 enim

1875 4025 2150 4082 Christum
2204 4029 2522 4091 annuntiat,
2578 4028 2646 4082 ab
2694 4029 2840 4082 omni
2890 4029 3142 4082 vitiorum
3199 4029 3474 4083 incentivo

1882 4129 2143 4190 praestare
2190 4136 2248 4176 se
2297 4121 2458 4176 debet
2499 4121 2756 4177 alienum.
2827 4122 2968 4177 Vicit
3019 4123 3178 4192 igitur
3227 4131 3470 4178 sanctum

1876 4211 2024 4278 Noe,
2055 4213 2140 4268 vel
2167 4214 2327 4268 etiam
2362 4213 2460 4268 Lot
2494 4213 2722 4269 Abrahaa
2755 4226 3008 4284 nepotem
3041 4215 3308 4284 ebrietas,
3339 4232 3474 4286 quo-

1877 4321 1998 4360 rum
2030 4305 2167 4362 alter
2190 4321 2313 4362 cum
2335 4306 2628 4378 jejunaret,
2653 4307 2859 4363 diluvio
2881 4319 3156 4381 superstes
3187 4309 3307 4378 fuit,
3335 4311 3475 4367 alter

1877 4400 2150 4458 incendio.

1950 4494 2037 4550 15.
2092 4492 2315 4567 Moysen
2358 4508 2575 4566 quoque
2619 4493 2971 4565 cognovimus
3019 4493 3220 4551 sitienti
3275 4478 3475 4567 populo

1878 4589 2267 4645 amaritudines
2311 4605 2574 4660 aquarum
2626 4598 2988 4660 temperasse,
3028 4607 3134 4645 non
3173 4589 3316 4648 vina.
3375 4589 3472 4645 Cni

174 4666 262 4712 tur
288 4656 524 4712 ebrietas
553 4654 716 4729 (Dist.
741 4654 830 4722 55,
854 4673 972 4727 cap.
999 4657 1157 4713 Sexto
1184 4657 1289 4726 die,
1315 4656 1342 4730 §
1369 4656 1434 4712 In
1461 4658 1767 4731 principio).

1884 4691 2029 4752 petra
2059 4697 2255 4749 aquam
2287 4654 2495 4736 vomuit
2515 4723 2531 4749 ,
2577 4654 2756 4751 potuit
2781 4691 2836 4737 et
2866 4654 2984 4736 vini,
3005 4683 3334 4737 abundantia
3366 4699 3472 4737 non

174 4755 389 4812 Primus
419 4756 534 4826 ipse
565 4756 828 4826 plantavit
855 4756 1068 4810 vineam
1097 4774 1110 4810 :
1162 4755 1312 4811 dedit
1349 4765 1629 4824 naturam,
1673 4755 1768 4812 sed

175 4847 449 4919 ignoravit
477 4847 799 4919 potentiam.
844 4847 1029 4918 Itaque
1057 4848 1241 4903 vinum
1275 4863 1375 4904 nec
1403 4863 1503 4904 suo
1533 4853 1776 4921 pepercit

182 4943 413 4998 auctori.
454 4943 591 5008 Quid
621 4943 815 4998 mirum
847 4943 890 4997 si
919 4956 1041 4998 cum
1077 4941 1332 4997 Dominus
1360 4942 1473 5013 ipse
1496 4955 1774 4999 creaturas

179 5050 304 5091 suas
352 5035 688 5104 laudaverit,
741 5045 798 5092 et
849 5034 953 5093 iste
995 5036 1220 5091 miratus
1262 5036 1385 5092 est?
1435 5037 1619 5107 itaque
1649 5052 1771 5092 cum

177 5140 298 5184 eum
320 5128 623 5185 delectaret
651 5129 853 5198 reperti
881 5129 1124 5185 muneris
1142 5129 1335 5200 gratia,
1361 5131 1588 5185 tentavit
1609 5129 1775 5186 vehe-

179 5221 410 5277 mentior
437 5232 683 5278 creatura
717 5215 958 5278 insueto's
987 5222 1134 5278 senis
1164 5231 1334 5290 artus,
1365 5221 1602 5279 turbavit
1632 5238 1770 5280 nova

248 5395 271 5464 ξι
305 5385 425 5442 Vet.
453 5386 593 5464 edit.
615 5430 631 5457 ,
669 5389 806 5460 quod
836 5405 974 5443 eras.
1022 5387 1215 5464 Itaque
1243 5392 1365 5445 dum
1405 5407 1566 5464 supra
1596 5401 1644 5446 te
1667 5408 1778 5448 esse

180 5453 414 5524 aﬂ'ectas.
451 5453 632 5514 Bonus
663 5453 856 5516 sensus
884 5479 897 5513 :
931 5453 1329 5518 melior'tamen
1357 5453 1488 5518 edit".
1517 5463 1679 5519 Rom.
1705 5480 1772 5520 ex

180 5545 283 5604 uno
312 5528 434 5582 Vat.
463 5531 685 5604 codice.
706 5529 975 5604 Gallicani
1007 5548 1136 5586 vero
1169 5534 1363 5599 partim
1394 5533 1536 5600 huic,
1574 5536 1771 5604 partim

179 5600 281 5653 illis
313 5602 620 5666 accedunt,
672 5603 727 5656 in
776 5603 972 5668 quibus
1026 5612 1204 5657 tamen
1260 5605 1464 5673 aliquid
1507 5600 1768 5661 omissum

179 5687 296 5726 esse
325 5681 570 5740 apparet,
600 5682 799 5741 praeter
824 5687 982 5740 quam
1016 5675 1066 5726 in
1096 5675 1222 5729 cod.
1259 5676 1419 5730 Mlt'h.
1454 5687 1509 5732 et
1537 5677 1680 5733 Vail.
1717 5679 1769 5733 in

179 5742 369 5812 quibus
419 5747 566 5812 legas
622 5744 1118 5820 satis-commode,
1171 5747 1309 5816 quod
1357 5765 1489 5803 eras.
1548 5747 1639 5803 Ila
1686 5751 1773 5820 qui

180 5831 334 5884 supra
362 5826 409 5866 te
438 5831 546 5869 esse
576 5814 877 5883 aﬂ'ectabas,
906 5825 1011 5871 etc.

251 5885 274 5923 ιι
310 5884 464 5946 Rom.
502 5901 623 5943 cum
655 5886 927 5959 plerisque
958 5903 1116 5958 mss.,
1153 5929 1167 5944 .
1207 5931 1218 5944 .
1257 5927 1272 5944 .
1318 5893 1629 5949 matutinum
1655 5933 1671 5960 ,
1716 5903 1773 5952 et

1879 4772 2090 4828 deesse.
2149 4773 2394 4844 Denique
2435 4772 2570 4827 dixit
2611 4773 2793 4828 Deus:
2840 4774 3107 4829 Percuties
3147 4785 3384 4847 petram,
3415 4783 3475 4827 ‘et

1879 4865 2011 4920 exiet
2061 4879 2197 4935 aqua
2240 4881 2303 4918 ea:
2330 4881 2429 4933 ea,
2478 4874 2524 4918 et
2566 4864 2694 4920 bibet
2739 4867 2960 4936 populus
2989 4865 3188 4938 (Exod.
3223 4880 3350 4928 xvtt,
3392 4862 3469 4935 6).

1878 4956 1995 5012 Non
2046 4957 2221 5012 dixit:
2270 4956 2427 5013 Exiet
2481 4957 2662 5012 vinmn
2717 4961 2771 5013 in
2829 4959 3046 5029 populo.
3102 4958 3474 5014 Periculosum

1880 5053 2024 5108 enim
2057 5060 2177 5108 erat
2206 5052 2389 5107 vinum
2423 5053 2624 5124 populo
2652 5053 2997 5119 ministrare,
3048 5050 3190 5123 quod
3223 5049 3476 5105 fortiores

1879 5143 2022 5200 ferre
2057 5145 2144 5198 vix
2175 5153 2416 5216 possent.

1882 5407 2005 5448 cum
2038 5392 2314 5450 nonnullis
2336 5436 2351 5463 ,
2395 5436 2409 5450 .
2445 5431 2460 5450 .
2495 5435 2508 5450 .
2551 5435 2563 5450 .
2597 5404 2821 5450 mature.
2866 5394 2988 5450 Vel.
3019 5393 3150 5451 edit.
3184 5406 3305 5447 cum
3341 5405 3473 5446 mss.

1880 5466 2029 5540 aliis,
2063 5502 2078 5519 .
2104 5505 2130 5540 _.
2168 5503 2182 5519 .
2214 5477 2460 5540 magnum
2494 5508 2507 5520 .
2541 5507 2572 5540 ,Α
2596 5506 2608 5518 .
2646 5505 2659 5540 τ
2687 5475 2930 5540 Δθυμω-ει.
2994 5466 3163 5520 Porro
3204 5464 3356 5515 visus
3395 5470 3478 5516 est

1879 5537 2208 5606 quibusdam
2259 5535 2390 5593 viris
2429 5538 2607 5592 doctis
2648 5535 2734 5590 hic
2781 5538 2932 5589 locus
2980 5550 3104 5606 esse
3149 5543 3472 5603 corruptus;

1879 5604 2000 5680 cum
2033 5609 2122 5680 ubi
2153 5611 2354 5664 habent
2379 5607 2712 5680 exemplaria
2743 5615 2928 5680 nostra
2951 5648 2964 5668 ,
3013 5604 3082 5680 Et
3108 5606 3303 5658 sanitas
3346 5617 3474 5680 tua;

1878 5679 2056 5745 Tert.,
2084 5679 2256 5751 Cypr.
2285 5693 2336 5735 et
2366 5686 2499 5750 Aug.
2533 5677 2805 5751 scribant,
2854 5677 2918 5730 Et
2959 5678 3378 5751 vestimentatua
3402 5677 3475 5728 ci-

1879 5753 1981 5806 tius
2012 5749 2264 5806 orientur.
2307 5751 2412 5807 Ubi
2459 5749 2808 5820 manifestum
2842 5761 2926 5804 est
2972 5764 3068 5803 eos
3110 5762 3216 5802 non
3259 5749 3471 5820 ὶάμᾳτςτςι

1880 5826 2200 5954 ῗάὺὶμάτια
2239 5824 2454 5895 legisse.
2517 5822 2583 5876 Et
2629 5819 2769 5876 forte
2806 5835 2914 5877 non
2945 5822 3109 5877 aliter
3137 5819 3328 5890 legerit
3363 5819 3477 5889 ipse

1931 5911 1984 5952 m
2024 5909 2223 5953 rosms.
3169 5917 3172 5920 θ

1931 5895 2223 5953 mbrosius.
3169 5917 3172 5920 ’
