4066 6360
634 354 744 412 705

1255 465 1487 524 CAPUT
1533 463 1620 523 VI.

635 609 717 667 De
753 610 863 682 lege
889 605 1085 683 jejunii
1109 623 1143 662 a
1174 602 1356 677 Moyse
1381 604 1524 670 data,
1555 605 1694 660 etde
1717 605 1926 679 jejunio
1973 605 2231 690 ejusdem.

708 703 982 771 Quomodo
1012 710 1234 756 malrum
1265 697 1490 755 Samson
1519 708 1570 753 et
1605 697 1868 755 Samuelis
1912 699 2234 752 sterilitatem

703 795 1018 852 abstinentia
1045 793 1149 848 vini
1197 791 1587 864 [ecundaverit;
1632 790 1915 861 quibusque
1959 789 2084 844 cibis
2113 788 2232 844 Eli-

704 906 838 947 sants
877 889 1018 960 ﬁlios
1054 892 1428 962 prophetarum
1470 890 1698 947 aluerit?

708 1026 796 1082 16.
839 1025 1083 1099 Denique
1119 1026 1332 1095 Moyses
1376 1027 1446 1082 de
1469 1026 1681 1097 jejunio
1720 1027 1898 1098 legem
1938 1025 2128 1091 dedit,
2164 1024 2234 1081 de

635 1119 767 1174 vino
789 1135 896 1175 nou
927 1119 1099 1176 dedit.
1133 1121 1310 1191 lpsum
1335 1135 1552 1191 quoque
1575 1119 1913 1190 jejunantem
1945 1133 2050 1174 non
2072 1133 2234 1174 voces

632 1227 884 1283 magnae,
935 1229 1044 1269 non
1072 1212 1284 1284 fulgura
1313 1223 1368 1269 et
1399 1213 1570 1268 nubes
1598 1213 1842 1270 nimbosa
1871 1255 1886 1282 ,
1937 1229 2043 1269 non
2073 1212 2236 1269 titini-

633 1321 768 1378 gans
796 1306 926 1362 Sina
969 1307 1286 1378 perterruit.
1352 1305 1537 1377 Neque
1568 1321 1696 1362 vero
1725 1307 2007 1363 introisset
2043 1308 2097 1363 in
2134 1326 2235 1365 nu-

632 1402 759 1459 bem
785 1443 801 1470 ,
851 1413 906 1458 et
934 1417 1124 1458 vocem
1152 1402 1248 1457 Dei
1291 1401 1566 1471 loquentis
1605 1401 1673 1458 de
1714 1402 1892 1458 medio
1933 1403 2072 1474 ignis
2113 1406 2235 1462 sine

633 1493 882 1566 periculo
925 1493 1116 1548 salutis
1143 1493 1416 1558 audisset,
1451 1494 1552 1548 nisi
1584 1494 1822 1548 munitus
1851 1495 2017 1549 armis
2038 1495 2233 1566 jejunii

634 1585 851 1642 fuisset.
893 1585 1264 1658 Quadraginta
1297 1587 1440 1643 enim
1468 1587 1658 1643 diebus
1692 1587 1957 1658 jejuuavit
1993 1591 2043 1643 in
2079 1606 2236 1645 mon-

637 1688 725 1746 te,
764 1693 888 1734 cum
917 1679 1116 1750 Legem
1144 1681 1419 1750 acciperet
1454 1697 1482 1734 a
1509 1680 1737 1734 Domino
1762 1680 1875 1736 Deo
1913 1691 2122 1738 nostro.
2165 1681 2235 1737 Et

636 1770 694 1827 in
745 1771 1115 1842 superioribus
1160 1772 1378 1841 quidem
1420 1773 1620 1827 montis
1649 1771 1762 1829 Lex
1802 1773 2034 1829 dabatur
2060 1775 2232 1847 Moysi

1975 340 2222 400 SANCTI
2259 339 2587 399 AMBROSII
3845 336 3907 390 ’ῖθῖ

2261 463 2318 526 Α
2341 469 2452 518 tum
2476 470 2698 530 vocant,
2728 459 2877 518 nullo
2907 459 3081 517 facilis
3112 459 3221 530 igni
3262 455 3550 516 consumi
3579 473 3592 510 :
3642 467 3758 527 quae
3794 455 3917 528 impo-

2339 556 2442 612 sita
2481 555 2618 612 focis
2673 555 2924 626 ignescit,
2982 554 3128 610 illico
3181 552 3412 608 sublata
3445 549 3522 605 de
3559 548 3772 603 ﬂamma
3821 559 3915 602 tam-

2336 667 2498 723 quam
2526 666 2788 722 aquarum
2837 649 3108 704 inlusione
3161 646 3374 702 munda
3442 642 3914 715 reSplendet.Tslia

2336 756 2493 803 erant
2524 746 2874 802 Hebraeorum
2907 760 3133 815 corpora
3185 757 3539 814 puerorum,
3573 737 3603 774 ἀ
3633 753 3750 808 qua:
3788 737 3844 792 de
3865 739 3917 808 je-

2332 840 2488 910 junio
2544 839 2596 894 in
2649 839 2871 892 amianti
2925 838 3308 891 transformata
3372 845 3669 895 naturam,
3718 847 3914 900 vaporem

2336 932 2478 1002 ignis
2501 947 2608 986 non
2637 929 2702 984 ad
2726 927 3068 998 dispendium
3097 927 3202 989 sui.
3237 927 3337 982 sed
3375 926 3455 979 ad
3490 923 3733 994 gratiam
3761 933 3914 975 mutua-

2335 1024 2550 1081 bantur.
2584 1024 2828 1094 Denique
2857 1038 2978 1078 cum
3010 1022 3252 1078 furerent
3299 1019 3574 1075 fornacis
3618 1016 3859 1078 incendia,
3881 1029 3914 1070 ut

2337 1118 2477 1173 ultra
2509 1115 2863 1188 quadraginta
2895 1115 3106 1170 cubitos
3135 1114 3358 1168 ﬂamma
3398 1127 3513 1182 per
3539 1110 3814 1164 circuitum
3839 1108 3916 1162 fua-

2335 1211 2580 1274 deretur,
2604 1224 2936 1265 consumens
2968 1209 3232 1278 plurimos
3268 1221 3426 1277 quos
3477 1213 3764 1275 repererat
3800 1203 3913 1258 Cha!-

2333 1304 2602 1367 dzrorum,
2627 1304 2716 1375 qui
2751 1301 3016 1369 naphtha,
3047 1299 3187 1371 pit-e,
3237 1309 3292 1354 et
3338 1308 3562 1368 stuppa
3591 1339 3606 1361 ,
3651 1306 3800 1366 atque
3841 1311 3915 1349 sar-

2335 1406 2520 1454 mento
2545 1397 2805 1450 alimenta
2835 1394 3050 1466 ignibus
3080 1393 3488 1448 ministrabant
3518 1407 3536 1456 ;
3570 1393 3596 1420 °
3628 1389 3718 1444 ubi
3750 1389 3913 1458 cumje-

2331 1491 2483 1565 junio
2518 1490 2746 1562 ingrcssi
2773 1500 2920 1555 sunt,
2952 1489 3200 1544 discusso
3233 1488 3452 1543 ardore
3499 1485 3848 1548 ﬂammarum,
3881 1487 3912 1538 in

2336 1587 2517 1643 medio
2574 1585 2811 1640 fornacis
2867 1598 3087 1654 cmpere
3163 1579 3352 1636 statim
3421 1580 3582 1634 roris
3642 1577 3818 1649 spiritu
3859 1593 3910 1632 re-

2337 1677 2648 1751 frigerantis
2673 1681 3025 1744 bumescerc;
3059 1679 3129 1732 ita
3163 1687 3222 1732 ut
3252 1693 3462 1733 eorum
3515 1676 3706 1730 nullus
3747 1673 3912 1741 capillus

2335 1775 2527 1843 capitis
2551 1782 2894 1839 exureretur,
2922 1772 3046 1846 quia
3074 1772 3219 1827 illam
3247 1785 3486 1843 quoque
3508 1769 3721 1841 jejunia
3759 1782 3908 1822 comam

631 1863 928 1936 jejunauti,
963 1865 1015 1920 in
1043 1863 1391 1921 inferioribus
1419 1867 1618 1937 papula
1644 1866 1996 1922 manducanti
2026 1884 2238 1938 prteva-
2270 1868 2319 1929 B
2349 1875 2633 1937 paverant.

635 1957 832 2014 ricatio
858 1958 1122 2029 sacrilega
1153 1958 1280 2014 luxu
1305 1958 1709 2015 accendebatur
1733 1959 2091 2030 epulantium.
2120 1963 2240 2030 Quo

637 2051 952 2122 spectaculo
996 2062 1176 2107 motus
1205 2051 1364 2123 fregit
1411 2053 1627 2107 tabulas
1657 2051 1902 2124 Moyses,
1959 2055 2237 2125 indignum

633 2143 886 2215 judicans
922 2153 980 2199 ut
1004 2144 1156 2200 ebrio
1185 2145 1389 2216 populo
1416 2145 1526 2200 Lex
1559 2145 1802 2202 daretur.
1856 2147 2044 2217 Itaque
2078 2150 2238 2205 tabu-

638 2237 720 2292 las
764 2237 964 2310 Legis,
1011 2253 1147 2310 quas
1192 2240 1405 2311 accepit
1440 2238 1810 2309 abstinentia,
1859 2243 2069 2298 conteri
2109 2242 2241 2300 fecit

579 2358 582 2360 η
638 2329 896 2387 ebrietas.

712 2423 803 2478 l7.
854 2422 994 2491 Quid
1043 2437 1173 2479 vero
1225 2423 1333 2480 alia
1376 2424 1602 2481 dicam?
1660 2425 1852 2482 Nonne
1896 2427 2239 2484 sterilitatem

640 2517 832 2572 matris
856 2515 1091 2574 Samson
1130 2518 1243 2572 vini
1283 2518 1613 2574 abstinentia
1652 2519 1992 2587 fecundavit,
2038 2531 2090 2576 et
2139 2536 2238 2592 pa-

642 2610 874 2665 rientem
901 2608 1030 2664 fecit
1059 2623 1125 2664 ex
1157 2609 1379 2664 sterili?
1418 2610 1686 2678 Quoniam
1722 2610 1875 2680 juxta
1907 2621 2249 2682 praeceptum-

645 2699 860 2755 Domini
889 2701 1070 2755 vinum
1097 2714 1205 2756 non
1234 2700 1386 2756 bibit.
1429 2700 1620 2757 Nonne
1649 2703 1858 2757 Annam
1885 2719 1992 2758 non
2016 2703 2241 2760 mandu-

645 2806 860 2849 cantem
892 2794 1170 2849 exaudivit
1198 2795 1487 2862 Dominus,
1532 2805 1587 2852 et
1632 2795 2077 2854 infecunditatem
2119 2800 2242 2868 ejus

645 2885 861 2941 solvere
909 2885 1113 2957 jejunia
1154 2888 1177 2942 ?
1239 2887 1321 2942 Ex
1375 2888 1571 2959 quibus
1618 2889 1725 2944 duo
1771 2892 2057 2962 generati,
2101 2908 2242 2947 unus

645 2977 1007 3048 fortissimus,
1035 2982 1174 3038 alius
1201 2981 1748 3055 observantissimus,
1785 2985 1981 3057 dignos
2017 3001 2077 3043 se
2103 3003 2244 3058 prae-

647 3073 919 3142 buerunt,
979 3075 1070 3145 qui
1108 3073 1298 3146 jejunii
1347 3075 1553 3147 gremio
1598 3075 1688 3131 diu
1729 3075 1864 3143 foti,
1913 3087 1969 3133 et
2007 3078 2241 3149 quodam

643 3167 987 3224 abstinentia:
1027 3167 1185 3224 eﬂ'usi
1229 3178 1390 3225 utero
1435 3171 1773 3228 viderentur.
1843 3170 1991 3228 Idem
2057 3175 2242 3244 itaque

645 3260 902 3328 Samson,
943 3264 1035 3330 qui
1077 3264 1268 3320 matris
1308 3264 1606 3321 sobrietate
1635 3277 1928 3336 generatus
1963 3276 2076 3329 est.
2109 3268 2240 3321 allo-
2268 3264 2314 3327 C

645 3353 935 3425 phylorum
953 3363 978 3392 ο
997 3356 1373 3413 insultantium
1399 3359 1500 3414 sibi
1522 3360 1788 3414 ebrietate
1812 3371 1894 3414 est
1914 3359 2240 3424 vindicatus.

720 3446 809 3502 18.
852 3447 1082 3504 Elisaaus
1112 3461 1262 3505 vates
1292 3451 1387 3520 qui
1429 3451 1496 3506 de
1538 3452 1798 3522 magistro
1826 3452 2092 3508 didicerat
2121 3469 2246 3522 par-

647 3538 938 3594 cimoniam
965 3581 982 3606 ,
1052 3557 1173 3596 cum
1219 3542 1362 3598 filios
1403 3544 1578 3600 aleret
1622 3545 2010 3616 prophetarum
2041 3584 2055 3613 ,
2117 3547 2244 3602 vitis

647 3634 878 3702 agrestis
901 3633 1170 3704 grumulis
1197 3650 1412 3690 mensas
1438 3637 1734 3704 onerabat,
1779 3648 1835 3693 et
1861 3636 1890 3676 ι)
1918 3638 2116 3708 ineptis
2151 3639 2245 3694 sil-

649 3725 922 3780 vestribus
961 3727 1204 3781 oleribus
1245 3725 1634 3798 hospitalitatis
1681 3730 1942 3802 implebat
1979 3730 2240 3788 officium.

649 3820 889 3886 Quorum
941 3819 1134 3876 olTensi
1182 3822 1543 3878 amaritudine
1589 3839 1712 3879 cum
1761 3824 2092 3880 manducare
2138 3841 2245 3880 non

650 3921 912 3983 possent,
975 3914 1109 3971 levis
1170 3915 1360 3971 farinae
1417 3917 1732 3988 aspersione
1805 3933 2023 3974 omnem
2094 3919 2242 3976 illam

649 4007 1069 4064 amaritudinem
1123 4011 1475 4080 temperavit,
1525 4012 1870 4069 abstinentia:
1914 4014 2247 4086 prophetica:

648 4115 876 4159 munere
915 4104 1114 4160 veneni
1154 4106 1300 4161 vires
1343 4121 1638 4162 evacuans.

1068 4315 1072 4318 η
1171 4241 1329 4316 ειη
1359 4242 1588 4300 CAPUT
1628 4244 1740 4300 vu.

652 4351 838 4408 Tribus
864 4357 1037 4425 pueris
1070 4356 1124 4410 in
1153 4360 1418 4427 fornacem
1455 4359 1644 4430 jejuno
1689 4360 1954 4414 stomacho
2003 4361 2249 4434 ingressis

723 4447 963 4516 ﬂammas
987 4450 1314 4520 refrigerium
1341 4451 1615 4518 attulisse;
1647 4469 1708 4507 ac
1747 4452 1915 4508 leones
1932 4454 2086 4508 ctiam
2103 4455 2248 4527 jeju-

725 4554 850 4593 nare
874 4537 1107 4595 Danielis
1125 4541 1336 4595 edoctos
1361 4559 1470 4598 esse
1488 4544 1715 4615 jejunio.

2411 1958 2502 2014 20.
2523 1959 2735 2025 Daniel,
2757 1960 2840 2019 vir
2860 1959 3278 2026 desideriorum,
3295 1959 3474 2014 trium
3501 1952 3906 2012 hebdomadarum

2337 2050 2546 2122 jejunio
2575 2052 2760 2107 leones
2781 2067 2997 2123 quoque
3021 2051 3206 2108 docuit
3227 2053 3520 2122 jejunare,
3555 2050 3754 2104 missus
3782 2047 3825 2099 in
3851 2046 3901 2098 la-

2342 2160 2485 2212 cum,
2536 2147 2589 2200 in
2636 2145 2942 2202 adamantis
2990 2148 3226 2217 rigorem
3281 2144 3656 2200 abstinentiae
3701 2139 3907 2196 soliditate

2338 2237 2583 2293 membra
2611 2237 2834 2293 duratus
2863 2253 2970 2293 non
3000 2240 3172 2309 patuit
3201 2239 3451 2294 vulneri.
3512 2236 3611 2292 Sic
3660 2248 3774 2289 eum
3817 2246 3903 2284 coa-

2341 2331 2923 2403 strinxerautjejuuia,
2959 2343 3016 2388 ut
3043 2334 3097 2388 in
3128 2333 3246 2402 ejus
3276 2345 3532 2402 corpore
3564 2329 3788 2385 ferarum
3807 2338 3905 2379 mor-

2339 2424 2489 2481 sibus
2519 2424 2672 2480 locus
2700 2440 2824 2480 esse
2848 2441 2953 2480 non
2978 2434 3183 2495 posset.
3213 2423 3233 2462 τ
3254 2423 3473 2481 Clausa
3499 2421 3756 2479 tenebant
3772 2419 3903 2473 leones

2339 2533 2456 2584 ora,
2483 2534 2605 2589 qua:
2631 2519 2977 2575 abstinentiae
3025 2519 3359 2591 prophetica:
3417 2518 3694 2573 sanctitas
3733 2511 3903 2581 compri-

2341 2612 2528 2668 mebat
2551 2630 2565 2678 ;
2592 2622 2648 2668 ut
2673 2629 2733 2668 ea
2761 2612 2890 2668 ferte
2921 2615 3138 2683 aperire
3171 2629 3278 2670 non
3327 2621 3574 2684 possent
3624 2607 3788 2666 meriti
3821 2605 3898 2675 qui-

2341 2705 2567 2761 busdam
2597 2706 2829 2762 vinculis
2856 2707 3094 2779 alligata.

2411 2799 2501 2855 2i.
2532 2799 2804 2870 Jejunium
2830 2801 3010 2871 itaque
3036 2802 3293 2856 virtutem
3324 2800 3479 2871 ignis
3508 2793 3896 2862 exs1inxit,jeju-

2341 2893 2491 2949 nium
2519 2909 2614 2950 ora
2661 2895 2931 2951 obstruxit
2980 2895 3220 2961 leonum,
3254 2894 3538 2964 jejunium
3576 2889 3734 2946 maris
3755 2888 3895 2942 ﬂuenta

2342 2989 2615 3055 solidavit,
2645 2989 2910 3060 jejunium
2935 2998 3145 3061 petram
3174 2988 3340 3044 solvit
3371 2990 3431 3042 in
3465 2986 3649 3042 fontes
3675 2992 3893 3052 aquarum.

2342 3083 2540 3137 virtute
2566 3081 2758 3152 jejunii
2784 3092 2972 3138 contra
3005 3097 3158 3138 suam
3181 3091 3381 3136 mutata
3407 3091 3672 3138 naturam
3692 3085 3743 3132 et
3758 3074 3894 3128 ﬂuctus

2345 3173 2605 3244 obriguit,
2633 3182 2688 3229 et
2711 3185 2863 3246 petra
2891 3174 3194 3230 inundavit.

2940 3307 3169 3367 CAPUT
3211 3309 3348 3366 VIII.

2343 3422 2546 3497 Jejunii
2582 3421 2848 3476 commoda
2882 3431 2939 3476 ut
2976 3423 3139 3493 magis
3183 3423 3418 3478 eluceant
3441 3465 3459 3488 ,
3524 3436 3644 3475 cum
3689 3414 3804 3489 gula
3840 3411 3890 3462 in-

2421 3517 2700 3571 commodis
2726 3526 2992 3586 comparat
3015 3547 3031 3581 ,
3056 3532 3117 3582 ac
3147 3516 3603 3588 perturbationum
3629 3555 3643 3576 ,
3695 3523 3802 3580 quas
3830 3518 3886 3556 ιιισ

2419 3611 2533 3666 dem
2560 3611 2685 3682 gula
2712 3611 2906 3682 inferre
2927 3610 3084 3673 solet,
3137 3611 3584 3681 elegantissimum
3622 3600 3800 3676 subjicit
3832 3595 3887 3647 de

2418 3707 2792 3778 scriptionem;
2819 3705 2902 3758 cui
2929 3704 3216 3760 exhortatio
3251 3703 3322 3758 ad
3345 3703 3678 3759 sobrietatem
3724 3693 3884 3763 conjqu

2422 3799 2581 3871 gitur.

2422 3912 2515 3968 22.
2557 3911 2663 3968 Sed
2693 3912 2822 3984 quid
2851 3913 3076 3967 vetustis
3098 3920 3222 3966 utar
3251 3912 3550 3982 exemplis,
3573 3920 3691 3963 cum
3713 3893 3884 3955 abundet

2345 4007 2610 4080 jejunium
2637 4006 2804 4062 etiam
2850 4007 3200 4078 prtesentium
3248 4007 3571 4061 muneribus
3621 3985 3885 4072 gratiarum?

2348 4102 2483 4172 Quis
2511 4102 2863 4157 deterioravit
2893 4101 3114 4156 domum
3146 4117 3297 4155 suam
3341 4100 3509 4173 542
3537 4090 3767 4169 jejunio?
3794 4081 3883 4179 A011?

2347 4196 2622 4252 imminuit
2667 4195 2988 4250 facultates?
3018 4193 3113 4250 Cui
3140 4211 3245 4248 non
3270 4203 3528 4263 suspecta
3542 4171 3882 4266 _luxuries?CU|

2350 4306 2457 4346 non
2508 4290 2845 4345 venerabilis
2883 4288 3251 4345 abstinentia?
3299 4288 3466 4357 Cujus
3519 4286 3723 4340 thorum
3767 4280 3882 4357 ερρεζ

2351 4384 2471 4439 ῑίνίι
2497 4381 2872 4454 parcimonia?
2901 4381 3070 4450 Cujus
3099 4380 3362 4451 pudorem
3390 4394 3500 4434 non
3532 4373 3669 4432 Iazsit
3689 4353 3884 4457 ebrietas?

2350 4450 2622 4547 Jejunium
2654 4475 3010 4531 continentiae
3042 4450 3411 4544 inagisterium
3436 4482 3544 4538 est,
3575 4456 3814 4539 pudicitiae
3831 4450 3883 4501 di-

2350 4567 2603 4639 sciplina,
2635 4566 2912 4622 humilitas
2945 4569 3169 4636 mentis,
3198 4565 3481 4634 castigatio
3529 4558 3718 4618 carnis,
3759 4548 3881 4602 forma

726 4654 816 4712 I9.
858 4655 956 4711 Est
976 4656 1220 4726 quadam
1251 4666 1517 4714 creatura;
1548 4667 1739 4714 natura
1769 4670 1817 4727 ε,
1845 4674 2005 4732 quam
2047 4661 2254 4718 amian-
2280 4655 2332 4715 D
2357 4663 2692 4730 sobrietatis,
2722 4678 2913 4718 norma
2939 4662 3176 4730 virtutis,
3206 4661 3508 4734 purificatio
3537 4657 3746 4714 animae,
3767 4639 3883 4698 mise-

727 4814 753 4878 ξι
781 4805 943 4878 Rom.
973 4803 1134 4878 e_dit.,
1164 4804 1529 4878 in_sultantium
1558 4807 1656 4862 sibi
1685 4807 1928 4864 ebrietate
1951 4810 2125 4878 periit.

724 4876 752 4916 δ
802 4877 946 4932 Edit.
982 4875 1146 4941 Era.,
1195 4876 1324 4933 Gill.
1355 4889 1410 4934 et
1437 4878 1889 4944 Rom.,inemptis
1936 4875 2250 4936 silvestribus

654 4949 893 5021 oleribus.
927 4947 1125 5006 Am.et
1152 4964 1284 5004 mss.
1306 4965 1517 5016 mnnes,
1546 4951 1756 5021 ineptis,
1785 4965 1895 5009 etc.
1921 4952 2037 5008 Non
2085 4954 2247 5009 male.

658 5020 799 5076 Idem
831 5023 976 5076 enim
1005 5031 1088 5076 est
1113 5031 1277 5090 atque
1306 5021 1370 5076 ad
1401 5036 1584 5076 escam
1616 5020 1803 5090 parum
1835 5024 2065 5080 idoneis.

731 5103 752 5130 ο
785 5091 912 5147 Mss.
943 5093 1076 5166 duo,
1099 5109 1253 5160 quam
1282 5093 1569 5166 amantium
1597 5107 1820 5161 vocant;
1870 5097 2043 5158 Unus.
2095 5113 2250 5166 quant

654 5163 977 5218 adamantem
1005 5180 1018 5227 ;
1051 5164 1173 5218 Am.
1206 5175 1261 5219 et
1287 5165 1435 5229 Era.,
1465 5181 1620 5235 quant
1656 5167 2016 5222 adamantium
2041 5163 2247 5232 vocant,

654 5245 711 5290 et
739 5235 1006 5309 sicginfra.
1054 5236 1155 5309 Alii
1186 5251 1316 5292 mss.
1350 5245 1510 5306 atque
1553 5237 1720 5302 edit.,
1758 5257 1909 5309 quant
1963 5250 2248 5302 amantum,

655 5315 759 5360 etc.
794 5307 928 5374 Qua:
960 5321 1088 5360 vera
1128 5307 1287 5362 lcetio
1325 5320 1446 5374 est;
1489 5310 1574 5363 hic
1612 5307 1778 5366 enim
1804 5311 2034 5366 reddere
2082 5309 2254 5364 voluit

655 5378 976 5433 Ambrosius
1007 5378 1136 5433 illttd
1170 5378 1349 5433 Basilii
1381 5396 1445 5434 ex
1471 5379 1618 5434 hom.
1657 5383 1681 5435 1
1713 5381 1784 5438 de
1811 5382 2027 5450 Jejuuio
2059 5401 2071 5436 :
2101 5379 2252 5437 Ἐστι

654 5470 732 5510 τις
759 5453 909 5530 ptiar;
925 5453 1172 5530 emicare;
1279 5453 1515 5530 κάλρυσιγ
1535 5454 1805 5530 optma,
1822 5452 2081 5530 ἀνᾴλῳτος
2101 5457 2249 5530 πυρὶ,

653 5522 775 5575 etc.
809 5522 884 5576 De
924 5525 1025 5575 hoc
1060 5523 1249 5589 lapide
1285 5524 1448 5577 multa
1500 5522 1698 5579 habent
1728 5523 1871 5578 Plin.
1913 5525 2010 5578 lib.
2058 5522 2253 5589 xxx'vt,

657 5607 778 5663 gap.
805 5593 895 5658 i9,
926 5592 1106 5648 Diosc.
1137 5593 1232 5649 lib.
1264 5610 1320 5658 v,
1352 5609 1473 5663 cap.
1498 5595 1589 5658 93,
1635 5606 1691 5648 et
1735 5596 1788 5648 in
1827 5595 1969 5648 hunc
2007 5595 2252 5648 ultimum

657 5659 971 5735 Mattltioltts
999 5665 1094 5718 lib.
1128 5681 1184 5727 v,
1215 5680 1335 5735 cap.
1382 5659 1507 5731 H3,
1547 5667 1640 5720 tibi
1671 5665 1832 5720 dooet
1851 5665 2100 5720 eumdem
2126 5665 2260 5734 lapi-

656 5733 781 5788 dem
827 5735 1158 5802 ipsissimum
1191 5733 1407 5791 aluineu
1445 5751 1589 5799 esse,
1624 5736 1769 5805 quod
1801 5754 1828 5789 a
1864 5735 2021 5791 nobis
2059 5733 2258 5792 dit-itur

655 5805 878 5880 atquae
901 5806 1099 5880 ptume,
1129 5822 1194 5861 ex
1223 5823 1329 5875 quo
1359 5808 1521 5880 etiam
1554 5823 1698 5866 nunc
1741 5808 2012 5880 ellychnia
2048 5808 2253 5880 incom-

652 5875 926 5933 buStibilia
955 5877 1338 5934 conficiuntur.
1368 5877 1431 5933 Et
1463 5888 1583 5948 post
1613 5893 1776 5947 pauca
1813 5875 1926 5950 pro,
1962 5880 2169 5949 ignescit
2191 5878 2256 5934 il»

2351 4811 2473 4876 lico,
2505 4824 2638 4866 mss.
2669 4810 2829 4879 aliqui
2866 4810 3089 4877 habent,
3121 4810 3280 4881 ignis,
3321 4818 3369 4863 et
3396 4808 3584 4872 illico;
3621 4791 3789 4867 aliqui.
3812 4786 3882 4853 [σει

2351 4883 2492 4935 iane.
2527 4881 2632 4935 vel.
2663 4883 2893 4935 iauibus.
2919 4892 2967 4935 et
2993 4883 3156 4935 illico.
3189 4893 3297 4935 etc.
3776 4928 3799 4935 _
3830 4923 3853 4935 ..

2349 4883 2492 4947 igne,
2527 4883 2632 4944 vel,
2663 4883 2893 4947 ignibus,
2919 4892 2967 4936 et
2993 4883 3156 4947 illico,
3189 4893 3297 4936 etc.

2373 4900 2492 4954 gne,
2527 4900 2632 4944 vet,
2663 4900 2893 4952 ignibus,
2919 4900 2967 4936 et
2993 4900 3156 4947 unco,
3189 4900 3297 4936 etc.

2424 4952 2452 4991 ἀ
2484 4953 2556 5007 Ita
2583 4969 2714 5006 mss.
2747 4953 2980 5014 Thuan.,
3011 4952 3197 5009 Germ.
3222 4994 3235 5018 ,
3282 4950 3468 5016 Dion.,
3510 4948 3643 5002 Vict.
3682 4945 3731 4994 εἰ

2353 5024 2459 5100 am
2486 5005 3391 5100 tamea";.t.tt;'adu;',j,.2s*.1.
3421 5005 3882 5100 it;....a..._ogggg

2354 5079 2583 5166 ignis....
2618 5095 2969 5150 mutabantur.
3011 5079 3276 5151 At'Il'om.
3306 5079 3438 5151 edit:
3471 5079 3618 5154 'sola.
3651 5094 3750 5154 aut!
3775 5079 3858 5143 l‘l“

2355 5167 2859 5242 nio.._..__ulelganlur-
2918 5239 2957 5242 ,Α
3059 5240 3067 5242 ξ
3297 5239 3364 5242 Α,
3548 5236 3559 5242 _
3700 5232 3712 5242 .
3818 5209 3879 5242 πη.

2431 5209 3306 5327 ;’"':3'*'i17ﬁ§"3-7ubisuisidem
3347 5236 3563 5327 ίηθτςξξὲ
3604 5209 3875 5327 fﬁf’fati’i’i

2357 5318 2466 5363 tum
2494 5311 2632 5364 roris
2652 5282 3010 5402 refrigeranti:
3024 5282 3208 5384 spiritu
3223 5282 3582 5388 hauserivet.
3603 5282 3877 5402 al'llCIRreT‘ig“.

2356 5397 2477 5437 cum
2507 5369 2728 5473 πῃπῇ
2749 5369 3326 5473 .Iectiqnem'uiostram
3365 5381 3697 5473 coln‘spiran‘th.i
3730 5369 3875 5473 mm;

2353 5435 2517 5526 quam
2541 5435 2689 5525 quod
2711 5435 2778 5508 1ιί*
2796 5435 3356 5524 ῥὶξὲῐξέιῖιιηῑξνὲὸξρειέ
3389 5435 3586 5513 statim,
3621 5437 3697 5496 ubi
3729 5435 3772 5485 ἱη
3798 5435 3854 5477 ”“

2357 5526 3125 5610 “diem”???tamen.
3171 5597 3183 5610 .
3275 5608 3283 5610 Α
3330 5593 3346 5610 ,
3406 5594 3418 5607 .
3473 5595 3625 5610 ,,
3797 5569 3879 5610 σπη’

2436 5581 2804 5672 'r_Ve'i._eun.,
2827 5581 3019 5672 Clausa
3049 5597 3286 5672 tenebant
3322 5593 3418 5665 [eri
3467 5595 3625 5672 ιεοριιςε
3663 5581 3873 5672 εςξξελξζξίξξ

2359 5667 2668 5722 abstinentia
2694 5650 3012 5738 propheticis
3025 5650 3333 5722 sanctitatis:
3346 5708 3356 5717 .
3370 5708 3382 5720 .
3395 5707 3408 5720 .
3434 5661 3596 5718 meriti
3613 5650 3872 5738 quibtwﬂﬁf‘l

2362 5740 2520 5828 Rom.
2555 5747 2828 5828 anteum...
2859 5741 3165 5828 abstinentia
3190 5739 3463 5828 propheta;
3483 5739 3872 5828 .5911:

2360 5793 2691 5880 ﬂuibusdam.
2716 5793 2822 5867 etc.
2855 5813 2926 5866 At
2953 5793 3085 5867 mss.
3117 5793 3358 5867 nostram
3381 5811 3431 5864 in
3449 5797 3714 5863 leCtionem
3733 5793 3801 5837 θη)

2363 5883 2728 5937 Consentium.
