4066 6360
127 301 273 358 705
565 379 568 382 ξ
1205 302 1296 361 DE
1335 301 1493 360 ELlA
1530 301 1619 360 ΕΤ
1656 300 1934 362 JEJUNIO
1971 301 2177 361 LIBER
2211 301 2414 387 UNUS.
3362 305 3470 362 706

130 420 398 474 rationis
426 432 692 490 expensa,
721 417 964 477 leuitatis
988 418 1280 486 institutio,
1324 421 1608 476 cbaritatis
1655 421 1774 476 ille-
1799 425 1853 486 Α
1877 421 2284 486 obsonatorem,
2325 430 2382 478 et
2419 427 2714 492 pastorem.
2745 418 3016 476 Turbatus
3057 416 3262 475 addicit
3307 419 3479 492 patri-

132 513 358 578 ccbra,
391 514 581 569 senilis
618 512 814 584 gratia,
848 513 1094 570 custodia
1131 513 1454 584 juventmis.
1498 513 1774 584 Jejunium
1879 514 2143 578 monium,
2169 522 2324 582 rogat
2345 514 2525 569 adhuc
2554 529 2652 586 per
2672 529 2806 586 quos
2823 527 3047 570 suorum
3071 512 3335 570 bonorum
3356 513 3481 584 jura

134 615 247 660 est
318 606 650 662 infirmitatis
674 607 1096 663 allevamentum
1127 648 1142 672 ,
1191 606 1508 661 alimentum
1555 605 1768 661 salutis.
1878 606 2214 661 minuantur.

136 695 350 754 Nemo
379 699 698 755 cruditatem
723 699 1021 771 jejunando
1053 698 1262 766 incidit,
1299 697 1478 753 nullus
1518 713 1614 768 per
1641 712 1777 752 con-

137 792 461 850 tineutiam
513 804 538 832 ει
583 793 750 849 ictum
796 794 1075 865 sanguinis
1127 793 1320 860 sensit,
1382 793 1549 847 immo
1597 791 1776 847 nullus

141 904 283 944 non
325 890 587 960 repressit
636 898 692 944 et
737 888 954 960 repulit.
981 887 1189 942 Bonum
1240 887 1450 942 itineris
1495 886 1791 952 viaticum,.

137 981 382 1038 bonum
411 983 575 1038 totius
601 983 724 1038 vita:
754 1000 768 1036 :
803 982 1004 1038 bonum
1031 982 1085 1037 in
1111 981 1271 1048 mari,
1295 979 1451 1037 sedat
1470 977 1774 1050 naufragia,

140 1077 360 1134 cibum
391 1086 591 1134 servat.
1481 1073 1503 1094 '

229 1171 341 1228 23.
381 1172 482 1239 Qui
508 1187 672 1243 grave
701 1170 889 1227 dicunt
913 1171 1178 1243 jejunium
1205 1184 1358 1237 esse,
1404 1167 1774 1239 respondeant

140 1265 291 1336 quis
343 1265 552 1336 jejunio
607 1265 887 1322 defecerit.
919 1265 1069 1320 Multi
1109 1265 1163 1319 in
1220 1262 1470 1334 prandio.
1530 1261 1779 1332 plerique

139 1356 299 1412 dum
339 1366 564 1412 vomunt
599 1357 864 1428 epulum,
923 1356 1111 1414 fudere
1156 1357 1419 1411 animam.
1474 1353 1628 1422 Quod
1685 1367 1782 1424 po-

143 1459 382 1506 stremo
411 1449 608 1504 animal
634 1449 901 1520 jejunium
926 1449 1026 1504 sibi
1049 1463 1267 1505 causam
1293 1449 1458 1503 fuisse
1481 1445 1672 1501 mortis
1698 1443 1782 1499 in-

141 1541 426 1613 gemuit?
460 1542 564 1598 Per
593 1557 773 1597 escam
831 1541 1056 1611 laqueus
1107 1557 1212 1595 non
1252 1551 1494 1605 cavetur,
1555 1537 1605 1592 in
1657 1551 1781 1592 esca

142 1634 373 1690 hamus
404 1635 559 1702 latet,
583 1634 738 1689 cibus
761 1633 978 1688 deducit
1010 1633 1060 1686 in
1084 1632 1294 1687 foveam
1315 1673 1330 1698 ,
1363 1644 1419 1686 et
1447 1630 1600 1686 cibus
1623 1627 1783 1684 indu-
1883 1631 2078 1687 domus
2099 1647 2129 1687 a
2159 1633 2343 1688 multis
2368 1633 2863 1702 perturbationibus
2894 1634 2999 1690 huc
3025 1644 3185 1705 atque
3212 1633 3344 1688 illuc
3377 1634 3488 1690 dis-

145 1729 236 1782 cit
269 1729 331 1784 in
366 1729 525 1795 retia,
550 1728 702 1782 cibus
729 1728 878 1783 visco
906 1730 1069 1783 etiam
1119 1742 1250 1782 aves
1279 1726 1467 1797 illigat,
1499 1725 1653 1780 cibus
1684 1738 1781 1778 νου
1885 1726 2240 1794 currentium,
2272 1738 2425 1783 vacet
2463 1727 2634 1796 fumo,
2668 1737 2723 1782 et
2749 1727 3248 1784 semiustulatorum
3273 1726 3486 1783 nidore.

148 1821 354 1876 iantes
377 1821 599 1891 deponit
619 1819 687 1874 ad
719 1828 970 1874 mortem.
1001 1819 1134 1888 Quze
1158 1834 1261 1873 non
1289 1830 1507 1888 pr0pter
1538 1827 1780 1872 ventrem
1813 1825 1861 1886 Β
1886 1817 2004 1872 Non
2034 1821 2321 1890 coquinam
2344 1861 2358 1885 ,
2403 1820 2498 1875 sed
2540 1820 2911 1875 carnificinam
2965 1828 3124 1891 putes
3173 1835 3187 1873 :
3242 1818 3493 1890 praelium

155 1913 471 1984 pericula?
502 1913 643 1968 Muta
676 1913 930 1968 animalia
957 1917 1164 1968 crimen
1192 1912 1482 1977 nesciunt,
1514 1921 1569 1966 et
1597 1911 1648 1965 in
1682 1909 1786 1965 hoc
1887 1911 2030 1981 geri,
2057 1928 2166 1966 non
2197 1912 2487 1984 prandium
2516 1913 2734 1980 curari;
2768 1913 2841 1968 ita
2879 1913 3144 1984 sanguine
3187 1913 3368 1969 omnia
3395 1926 3493 1968 na-

149 2006 290 2061 solo
327 2015 600 2077 tamquam
629 2021 727 2076 pro
757 2006 985 2062 crimine
1021 2006 1338 2074 puniuntur.
1383 2002 1655 2072 Jejnnium
1691 2017 1784 2058 so—
1889 2010 2027 2058 tant.
2841 2019 2847 2023 ·

152 2100 387 2155 brietas
413 2099 612 2154 mentis
637 2108 752 2165 est,
788 2098 889 2154 hoc
917 2097 1100 2170 vigent
1125 2113 1340 2163 sensus,
1372 2096 1425 2150 in
1451 2094 1556 2150 hoc
1581 2093 1782 2162 judicia

153 2201 501 2260 tractantur,
526 2194 578 2248 in
595 2193 845 2248 convivio
871 2192 1083 2264 pocula.
1107 2191 1380 2262 Jejuninm
1402 2189 1642 2246 custodit
1667 2188 1784 2244 dis-

154 2287 459 2357 ciplinam,
485 2286 749 2340 luxuriam
769 2284 1010 2355 sequitur
1043 2284 1242 2352 inepia.
1276 2281 1507 2337 Luxuria
1527 2297 1691 2336 mater
1711 2291 1786 2336 est

157 2379 340 2450 [umis
369 2377 521 2451 (Tob.
556 2382 660 2449 IV),
689 2377 986 2433 secundum
1021 2378 1398 2448 propheticum
1427 2375 1656 2432 dictum.
1690 2374 1784 2431 Je-

152 2472 392 2542 junium
423 2472 659 2542 quietem
689 2470 885 2541 diligit,
909 2470 1118 2525 luxuria
1149 2469 1176 2508 ι)
1209 2469 1664 2541 inquietudinem.
1696 2466 1788 2524 Je-

155 2565 396 2636 junium
427 2564 535 2619 otia
559 2563 710 2630 serit,
734 2564 894 2618 luxus
923 2561 1162 2634 negotia.

242 2658 349 2714 24.
391 2658 645 2714 Ferietur
659 2658 953 2728 aliquando
973 2673 1270 2728 coquorum
1297 2657 1651 2729 vestigiorum
1675 2673 1788 2713 ma-

160 2756 745 2827 clizera.Requiescat
770 2756 1069 2811 obsonator
1107 2754 1201 2825 qui
1245 2765 1537 2826 antequam
1585 2755 1782 2822 luceat,

163 2849 332 2905 fores
366 2848 546 2918 pulsat
569 2848 798 2914 alienas,
831 2858 888 2903 et
919 2856 1193 2917 tamquam
1223 2847 1424 2903 bellum
1447 2846 1666 2918 aliquod
1691 2846 1791 2902 im-

166 2943 428 3008 mineat,
457 2940 659 2997 excitat
677 2940 1031 2996 dormientes.
1066 2940 1364 2996 Turbatum
1401 2941 1551 2996 vides
1572 2980 1588 3008 ,
1617 2941 1788 2997 anhe-

167 3036 391 3091 lantem
421 3033 708 3089 advertis:
761 3035 1065 3104 interrogas
1115 3049 1237 3103 quae
1287 3047 1449 3089 causa
1506 3031 1792 3102 perturba-
1963 3039 2055 3092 27.
2095 3035 2330 3092 Attende
2377 3034 2598 3092 divitem
2656 3038 2747 3107 qui
2798 3036 3127 3094 induebatur
3157 3053 3399 3110 purpura
3444 3046 3500 3096 et

171 3127 357 3183 tionis
384 3127 476 3183 sit.
508 3125 711 3192 Poscit,
744 3127 942 3197 inquit,
965 3125 1216 3182 dominus
1242 3143 1420 3189 meus,
1470 3127 1562 3183 ubi
1605 3127 1789 3182 viuum
1895 3129 2083 3202 bysso,
2111 3138 2166 3186 et
2188 3129 2508 3201 epulabatur
2536 3128 2784 3200 quotidie
2811 3129 3120 3199 splendide,
3143 3131 3300 3203 cujus
3323 3131 3389 3186 ad
3415 3131 3501 3202 ja-

173 3223 388 3279 melius
435 3231 653 3284 veneat,
684 3221 880 3292 qua'rit
920 3219 1010 3274 ubi
1035 3220 1223 3275 durior
1267 3231 1290 3260 ο
1342 3221 1498 3277 vulva
1548 3229 1789 3289 curetur,
1817 3235 1865 3298 ρ
1897 3239 2059 3279 nuam
2084 3221 2368 3278 mendicus
2393 3222 2484 3278 ille
2505 3222 2744 3278 Lazarus
2762 3223 3186 3294 jacebatplenus
3208 3225 3499 3294 ulceribus,

1949 700 2044 756 25.
2085 701 2336 757 Curritur
2357 702 2424 758 ad
2449 703 2736 775 coquinam
2755 745 2771 772 ,
2796 701 2856 758 fit
2883 703 3073 776 ingens
3099 701 3388 776 strepitus‘,
3422 701 3484 758 fit

1882 793 2168 850 tumultus.
2205 794 2338 850 Tota
2369 796 2672 867 exagitatur
2715 797 2940 866 familia,
2996 797 3332 854 maledicunt
3359 813 3481 854 om-

1879 902 2002 954 nes,
2028 886 2174 959 quod
2199 887 2343 943 nulla
2375 887 2460 944 bis
2485 890 2702 961 requies
2723 890 2901 947 detur.
2927 889 3168 946 Tandem
3192 889 3484 962 aliquando

1879 981 1946 1036 da
1976 983 2222 1050 requiem
2252 995 2447 1052 coquo.
2483 980 2658 1037 lustar
2703 992 2898 1039 statuae
2931 983 3206 1053 pincernze
3257 983 3483 1040 dextera

1879 1085 2096 1129 summo
2123 1072 2246 1144 gelu
2274 1073 2432 1144 riget.
2463 1073 2562 1130 Ille
2586 1073 2643 1130 in
2675 1074 2869 1147 frigida
2899 1085 3119 1132 exercet
3157 1090 3372 1142 manus,
3405 1075 3485 1131 illi

1883 1180 2160 1221 marmora
2209 1167 2411 1222 lavant.
2443 1166 2702 1222 Mandant
2734 1169 3040 1239 pavimenta
3065 1170 3194 1224 vino
3242 1168 3484 1234 madida,

1881 1267 1937 1313 et
1961 1259 2133 1329 spinis
2161 1267 2417 1330 cooperta
2450 1258 2720 1330 piscium;
2770 1271 2826 1317 et
2870 1263 3056 1334 quanti
3109 1262 3236 1318 dum
3293 1263 3485 1319 ambu-

1884 1351 2022 1418 lant,
2049 1352 2404 1408 vulnerantur
2429 1353 2453 1407 ἲ
2481 1351 2540 1408 In
2571 1353 2688 1425 ipso
2727 1355 2982 1411 convivio
3025 1355 3234 1412 clamor
3261 1357 3487 1426 epulan-

1884 1445 2041 1510 tium,
2067 1447 2302 1516 gemitus
2340 1446 2731 1517 vapulantium.
2764 1445 2821 1503 Si
2847 1447 2973 1516 quid
3026 1449 3174 1520 forte
3210 1448 3491 1518 displicuit

1885 1537 2107 1603 amicis,
2145 1539 2221 1593 illi
2257 1538 2466 1604 rident,
2507 1551 2562 1593 tu
2600 1539 2920 1612 indignaris.
2963 1539 3137 1596 Sileat
3193 1540 3488 1611 aliquando

1960 2097 2052 2153 26.
2098 2108 2123 2145 ις
2156 2097 2308 2154 Mala:
2333 2098 2570 2156 dominae
2586 2099 2821 2156 servitur
2842 2100 3001 2170 gulte,
3025 2115 3146 2172 quae
3162 2113 3380 2170 semper
3399 2115 3494 2156 ex-

1888 2192 2046 2264 petit,
2077 2208 2374 2264 numquam
2409 2194 2688 2265 expletur.
2739 2193 2878 2262 Quid
2927 2194 3072 2249 enim
3128 2193 3496 2250 insatiabilius

1893 2295 2081 2342 ventre
2103 2288 2127 2341 ?
2149 2287 2324 2342 Hodie
2353 2288 2603 2358 suscipit,
2634 2297 2690 2343 et
2718 2302 2842 2342 cras
2872 2286 3057 2358 exigit.
3081 2286 3217 2343 Cum
3241 2286 3498 2358 impletus

1889 2378 2074 2446 fuerit,
2123 2380 2436 2451 disputatur
2471 2382 2538 2438 de
2587 2381 2968 2438 continentia:
3027 2398 3148 2437 cuin
3186 2381 3495 2453 digesserit,

1891 2476 2012 2531 Vale
2048 2475 2341 2533 virtutibus
2368 2477 2593 2544 dicitur,
2642 2476 2839 2548 quaerit
2882 2476 3172 2532 luxuriam.
3209 2477 3354 2532 lnter
3399 2492 3498 2548 po-

1891 2572 2011 2625 cula
2042 2567 2382 2639 philosophia
2411 2570 2758 2640 praedicatur,
2794 2570 2935 2624 inter
2979 2567 3335 2640 philosophos
3371 2571 3498 2624 vina

1894 2661 2203 2717 laudantur.
2234 2659 2262 2698 ιι
2297 2661 2532 2732 Vigiliaz,
2583 2662 2794 2734 inquit,
2844 2669 2894 2716 et
2930 2661 3162 2728 cholera,
3207 2671 3256 2715 et
3298 2670 3502 2715 tortum

1893 2757 2002 2811 viro
2023 2755 2306 2812 insatiabili
2330 2757 2520 2830 (Et-cli.
2552 2774 2702 2825 xxxi,
2752 2755 2892 2828 25):
2943 2757 3236 2814 manducat
3259 2765 3316 2813 et
3340 2757 3500 2826 paulo

1893 2862 2016 2923 post
2045 2852 2273 2922 ptenitet
2305 2869 2319 2904 :
2367 2867 2476 2906 non
2511 2851 2669 2906 illum
2697 2851 2901 2907 dlutius
2928 2867 3025 2907 sua
3077 2851 3498 2924 intemperantia

1893 2945 2198 3002 delectavit.

172 3317 270 3372 ubi
299 3315 462 3386 jecur
491 3313 728 3381 mollius,
766 3313 857 3368 ubi
879 3312 1173 3384 phasianus
1207 3314 1480 3384 pinguior,
1512 3312 1604 3368 ubi
1629 3312 1794 3383 piscis

173 3411 482 3468 recentior.
528 3409 768 3465 Cursitat
815 3423 914 3480 per
951 3407 1200 3472 diversa;
1254 3419 1309 3464 et
1348 3425 1471 3463 eum
1502 3409 1792 3477 invenerit,

176 3519 412 3560 summo
442 3518 602 3559 cursu
632 3513 906 3574 properat.
942 3501 1213 3573 lnquietat
1247 3503 1525 3558 dominum
1572 3518 1794 3558 somno-

175 3600 436 3667 lentum,
495 3600 841 3654 auctionatur
888 3599 1079 3670 pretia.
1110 3595 1138 3634 ἀ
1173 3597 1228 3654 Si
1286 3597 1515 3668 pretium
1563 3596 1796 3652 moverit

177 3695 374 3764 piscis,
411 3709 676 3764 nusquam
710 3694 994 3754 meliorem
1037 3693 1236 3749 asserit
1282 3692 1561 3757 inveniri,
1623 3692 1792 3748 immo

177 3787 405 3844 deesse.
435 3786 585 3854 Heri,
619 3788 822 3858 inquit,
861 3797 1186 3857 tempestas,
1216 3786 1375 3843 hodie
1401 3785 1636 3856 procella
1656 3828 1672 3853 ,
1701 3788 1792 3840 vix

178 3880 352 3936 istum
381 3879 532 3951 potui
563 3879 820 3935 latentem
871 3878 1312 3951 deprehendere.
1362 3880 1512 3935 Multi
1567 3895 1796 3936 concur-

182 3983 312 4028 sant
339 3972 392 4025 in
418 3971 652 4026 macello
684 3972 767 4026 :si
799 3980 855 4026 tu
886 3971 1192 4027 reddideris
1213 4014 1229 4040 ,
1267 3973 1404 4028 alter
1447 3973 1565 4042 plus
1605 3972 1793 4038 dabit;

181 4075 241 4121 et
271 4064 402 4135 quid
432 4063 712 4118 exhibebis
748 4073 770 4100 θ
801 4065 852 4118 in
876 4064 1148 4135 prandio?
1175 4064 1333 4120 Istius
1359 4065 1464 4120 vini
1493 4064 1581 4119 ille
1603 4064 1797 4118 natalis

184 4168 298 4227 est,
334 4159 452 4213 bzec
477 4174 545 4213 ex
573 4158 665 4212 illo
692 4159 809 4214 lacu
840 4157 978 4213 lecta
994 4166 1180 4214 ostrea
1223 4177 1236 4213 :
1279 4158 1404 4213 talis
1431 4157 1490 4212 fit
1517 4156 1586 4213 de
1613 4157 1798 4227 singu-

185 4254 254 4310 lis
310 4253 562 4309 licitatio.
605 4250 766 4324 543
801 4249 1013 4307 {Hasta
1057 4251 1303 4322 quaedam
1363 4251 1598 4324 agitatur
1651 4251 1792 4306 inter

264 4428 291 4455 ει
325 4416 499 4471 Ictum
531 4415 830 4487 sanguinis,
864 4414 916 4470 id
949 4422 1062 4481 est,
1101 4416 1412 4487 ἀποπλεξὼιγ
1441 4430 1454 4468 :
1486 4429 1595 4483 quo
1628 4415 1794 4487 etiam

188 4491 361 4546 verbo
385 4485 644 4545 morbum'
663 4496 803 4543 hunc
829 4487 1083 4543 vocitavit
1106 4487 1159 4542 in
1183 4487 1361 4542 Marco
1381 4485 1661 4542 Antonino
1683 4486 1795 4541 Au-

190 4562 363 4618 relius
397 4559 601 4616 Victor.

266 4633 293 4672 δ
316 4635 392 4689 Ita
419 4649 547 4688 mss.
577 4646 768 4687 omnes
795 4632 933 4689 Gali.
961 4632 1060 4688 nisi
1093 4631 1235 4703 quod
1266 4631 1423 4687 Dion.
1455 4630 1626 4686 codex
1651 4646 1682 4686 e
1707 4645 1796 4703 reo

193 4706 354 4776 gione
382 4704 551 4770 vocis,
585 4705 928 4776 vestigiorum,
964 4702 1122 4760 habet
1146 4706 1197 4758 in
1226 4720 1392 4771 marg.
1424 4703 1501 4757 vel
1523 4702 1794 4771 mastigia-

195 4787 384 4831 torum.
422 4792 580 4846 quam
607 4791 794 4829 vocem
828 4776 1012 4831 Germ.
1050 4779 1267 4844 praefert
1295 4777 1344 4846 in
1373 4782 1545 4836 textu.
1578 4790 1674 4843 pro
1691 4790 1792 4844 qua

196 4848 248 4903 in
288 4845 451 4903 Much.
490 4848 683 4917 legitur
721 4859 1012 4902 nostrorum
1043 4888 1056 4911 ,
1106 4859 1160 4902 et
1202 4849 1254 4900 in
1294 4845 1430 4901 Vall.
1487 4857 1791 4900 vestrorum.

197 4919 336 4975 Hinc
365 4919 587 4988 colligas
608 4919 659 4972 in
692 4918 795 4973 ista
821 4917 1056 4972 dictione
1084 4918 1285 4985 aliquid
1315 4919 1681 4988 corruptionis
1719 4918 1798 4970 vi-

199 4993 336 5054 deri,
365 4987 509 5060 quod
543 4992 594 5044 in
625 5006 785 5044 causa
815 4988 998 5053 fuerit,
1030 5004 1126 5042 cur
1153 4987 1427 5043 nonnullis
1451 4989 1675 5042 vocibus
1698 4988 1798 5043 de-

201 5059 578 5118 tractistotum
605 5063 776 5116 locum
804 5063 854 5116 in
887 5061 1024 5116 hanc
1051 5060 1276 5114 formam
1300 5060 1428 5114 edit.
1455 5059 1797 5124 exhibere-nt,

203 5149 399 5201 nempe
431 5144 538 5189 vet.
582 5133 1000 5197 inquietudinem.
1058 5131 1349 5186 Obsonator
1397 5140 1474 5201 est
1517 5131 1605 5199 qui
1651 5139 1798 5184 ante-

203 5200 378 5272 quam,
409 5215 512 5260 etc.
543 5205 697 5259 Rom.
744 5219 897 5270 vero,
948 5204 1366 5274 inquietudinem.
1395 5200 1664 5275 Jejunium
1696 5203 1802 5257 otia

204 5279 404 5347 quierit,
438 5275 592 5330 luxus
626 5283 850 5329 sectatur
897 5277 1115 5346 negotia.
1175 5275 1464 5347 Obsonator
1505 5283 1798 5347 antequam,

207 5344 309 5402 etc.
333 5347 438 5404 Sed
469 5363 590 5416 qua:
611 5344 972 5416 prietermissa
1000 5355 1125 5402 sunt
1149 5345 1476 5401 restituenda
1509 5359 1633 5398 csse
1668 5344 1801 5399 satis

209 5421 444 5494 ostendit
463 5421 547 5494 hic
571 5419 748 5494 Bas-lii
765 5422 933 5494 locus.
949 5420 1213 5475 πέπαυται
1227 5419 1521 5494 μαγείρωνή
1534 5419 1798 5491 μάχαιρα,

210 5505 363 5560 quem
386 5493 452 5544 ah
474 5489 764 5544 Ambrosio
789 5489 907 5545 usui
927 5506 1024 5545 suo
1049 5489 1514 5546 accommodatum
1535 5489 1664 5544 esse
1688 5489 1800 5542 ma-

213 5562 461 5616 nifestum
486 5571 588 5616 est.

215 5705 247 5760 Υ
285 5639 318 5715 ξ.
339 5633 504 5688 Vulva
532 5633 773 5703 porcina,
797 5645 852 5690 et
871 5632 1027 5704 jecur
1039 5632 1350 5691 anserinum
1373 5633 1610 5706 antiquis
1633 5633 1685 5688 in
1707 5631 1804 5687 de-

239 5721 351 5760 tcns
381 5717 554 5760 erant.

239 5717 634 5850 |_c‘|‘|sSiB:i~:tli.uin
657 5779 888 5845 moverit,
920 5777 1277 5850 subintelligei
1293 5789 1594 5849 emptorem,
1615 5776 1669 5834 id
1697 5784 1802 5844 est,

217 5848 263 5907 si
293 5851 522 5922 pretium
549 5851 782 5923 emptori
809 5850 1025 5910 cbarius
1052 5848 1226 5909 visum
1257 5849 1439 5908 fuerit.

1902 3318 2132 3388 cupiens
2157 3316 2388 3372 saturari
2416 3333 2483 3372 ex
2506 3316 2594 3372 bis
2615 3333 2737 3388 quae
2758 3316 2828 3373 de
2859 3332 3044 3373 mensa
3070 3317 3336 3374 cadebant
3359 3317 3503 3374 divi-

1900 3412 1987 3466 tis.
2015 3411 2184 3466 Paulo
2207 3419 2328 3480 post
2349 3425 2474 3466 cum
2502 3418 2650 3466 esset
2673 3419 2941 3478 mortuus,
2969 3414 3138 3482 coepit
3181 3403 3372 3482 rogare
3399 3426 3500 3482 po-

1901 3503 2037 3564 situs
2070 3505 2120 3558 in
2153 3503 2364 3559 inferno
2393 3546 2408 3571 ,
2436 3513 2495 3559 ut
2519 3514 2826 3559 extremum
2853 3504 3004 3575 digiti
3049 3505 3131 3560 sui
3182 3519 3386 3576 pauper
3415 3505 3506 3562 ille

1901 3597 1952 3652 in
1982 3612 2174 3668 aquam
2225 3596 2517 3668 intingeret
2541 3640 2556 3664 ,
2587 3607 2645 3654 et
2690 3597 3040 3669 refrigeraret
3085 3598 3322 3669 linguam
3355 3601 3498 3670 ejus,

1903 3706 2026 3762 qua:
2079 3689 2308 3746 ardebat
2353 3691 2625 3747 incendio.
2676 3691 2780 3748 Ubi
2831 3691 2936 3746 illae
2988 3691 3204 3763 copia)?
3247 3692 3345 3749 Ubi
3396 3693 3506 3750 illa:

1899 3782 2236 3841 ebrietates?
2264 3783 2390 3840 Sitit
2409 3783 2502 3856 qui
2530 3782 2937 3840 inebriabatur:
2971 3784 3210 3840 abundat
3235 3784 3328 3855 qui
3352 3801 3508 3841 men-

1901 3877 2140 3933 dicabat.
2167 3875 2223 3931 In
2248 3876 2367 3946 ipso
2384 3876 2634 3933 convivio
2661 3875 2788 3930 dum
2812 3875 3024 3943 bibunt,
3050 3876 3276 3941 sitiunt;
3304 3885 3360 3931 et
3377 3892 3502 3935 cum

1896 3970 2151 4026 inebriati
2182 3970 2404 4036 fuerint,
2435 3970 2666 4039 amplius
2690 3968 2902 4024 bibunt.
2950 3969 3114 4035 Quasi
3159 3983 3349 4040 aperto
3377 3987 3501 4041 gur-

1897 4065 2006 4135 gite
2033 4063 2217 4119 vinum
2243 4063 2354 4134 jam
2385 4078 2492 4117 non
2519 4061 2740 4129 bibitur,
2765 4060 3219 4119 sedinfunditur:
3247 4063 3502 4136 poculum

1903 4175 2009 4216 non
2041 4158 2263 4226 libatur,
2295 4156 2392 4215 sed
2418 4155 2749 4214 exinanitur.

1978 4420 2000 4446 ε’
2031 4407 2218 4482 Codex
2247 4406 2414 4482 Mich.
2430 4407 2608 4482 solus,
2640 4407 2707 4482 In
2727 4409 2948 4482 prandio
2974 4409 3126 4466 istius
3164 4411 3304 4468 viri?
3351 4408 3506 4471 Illius

1901 4483 2108 4560 natalis.
2137 4479 2268 4560 liae
2290 4497 2354 4536 ea:
2377 4481 2488 4544 illo,
2524 4479 2997 4560 etc._Rursus__u_bi
3035 4493 3145 4560 vet.
3185 4486 3350 4548 edit..
3384 4490 3509 4560 jac-

1901 4556 2085 4617 εξιαιὶο,
2137 4553 2298 4608 Rom.
2341 4561 2398 4608 et
2437 4568 2567 4608 mss.
2606 4553 2820 4623 plures,
2863 4554 3108 4622 licitatio,
3153 4569 3301 4624 eir.,
3350 4553 3410 4614 ut
3448 4555 3506 4615 in

1903 4633 2052 4751 textu
2079 4643 2092 4679 :
2121 4625 2332 4752 lhabent
2358 4625 2644 4692 nonnulli,
2677 4624 2897 4696 litigatio
2935 4634 3070 4682 testu
3125 4628 3348 4698 quodam
3393 4632 3508 4703 agi-

1923 4710 2060 4752 atur.
2084 4713 2114 4752 8
2142 4713 2192 4752 C.

1903 4708 2060 4758 tatur,
2084 4708 2192 4753 etc.

1822 4741 1878 4804 D
1979 4741 2010 4808 ἶ
2035 4741 2192 4826 id};
2225 4769 2431 4834 auctio,
2465 4769 2590 4841 quia
2609 4784 2790 4841 rerum
2814 4769 3086 4826 venalium
3106 4771 3329 4826 licitatio
3349 4775 3504 4832 hasta

1903 4843 1955 4897 in
1985 4842 2106 4897 foro
2156 4843 2328 4910 posita
2360 4840 2734 4897 fierisolebat.
2762 4840 2931 4896 Paulo
2965 4853 3084 4911 post
3111 4855 3294 4898 autent
3327 4852 3508 4910 pasto-

1901 4930 2016 4970 rem
2050 4929 2174 4969 eum
2204 4913 2583 4979 vocitatquem
2616 4912 2908 4978 parochnm
2947 4929 3011 4969 ac
3051 4915 3394 4984 praebitorem
3423 4916 3508 4971 di-

1901 4988 2118 5051 cebaut,
2152 5000 2274 5039 eum
2307 4999 2500 5055 nempe
2529 4984 2622 5055 qui
2647 4984 2902 5040 convivas
2945 5000 3126 5040 mensa
3172 4986 3502 5053 excipiebat.

1902 5057 2021 5125 Quo
2048 5071 2209 5111 sensu
2243 5054 2377 5110 infra
2401 5069 2521 5123 cap.
2551 5054 2643 5119 15,
2667 5072 2816 5110 num.
2840 5055 2931 5120 £9,
2956 5055 3101 5111 idem
3123 5057 3192 5110 ab
3216 5056 3506 5114 Ambrosio

1904 5128 2209 5200 appellatur
2234 5127 2582 5200 isquipascit
2615 5144 2628 5180 :
2660 5127 2805 5182 unde
2834 5135 3020 5195 pastus
3063 5127 3265 5182 secutis
3297 5139 3506 5200 tempo-

1905 5201 2056 5254 ribus
2077 5198 2222 5253 idem
2253 5198 2574 5268 significavit
2595 5206 2759 5262 atque
2780 5200 3114 5252 coiivivium.

1977 5281 2002 5319 ις
2034 5271 2179 5325 Edit.
2211 5270 2616 5342 Amaetltomq
2647 5268 2787 5323 Male
2829 5268 3028 5342 domini
3078 5270 3296 5324 servitur
3345 5271 3500 5342 gulat.
3573 5269 3578 5278 ’

1905 5341 2033 5397 Era.
2056 5341 2274 5404 etGill..
2303 5340 2445 5396 Male
2463 5342 2756 5404 dominicae,
2773 5350 2878 5394 etc.
2909 5340 3035 5396 Mss.
3059 5355 3210 5395 vero.
3241 5340 3390 5396 malle
3410 5345 3505 5397 do-

1905 5415 2074 5492 minre.
2163 5411 2397 5492 Basilius
2470 5416 2803 5490 ἀπαραιτήτῳ
2872 5411 3118 5489 δεσποίνῃ
3190 5435 3254 5485 τῃ
3315 5419 3506 5492 γαστρὶ

1904 5487 2352 5564 λιιςτογῃρύντωκιοἶ

1977 5555 2005 5594 ⁵³
2035 5554 2279 5612 Uaiinius
2343 5555 2628 5624 legendum
2667 5554 2932 5624 conjicit:
2987 5554 3134 5609 labor
3163 5596 3179 5620 ,
3228 5556 3412 5624 inquit.
3456 5566 3507 5613 et

1907 5630 2134 5684 cholera.
2167 5629 2230 5683 Et
2258 5628 2309 5682 ei
2341 5627 2559 5696 quidem
2594 5640 2698 5680 ms.
2749 5641 2888 5681 unus
2940 5626 3304 5696 astipulatur;
3347 5628 3506 5686 nobis

1908 5711 2090 5755 autem
2118 5701 2326 5766 carteri,
2355 5710 2515 5767 atque
2537 5711 2732 5770 omnes
2755 5697 2888 5753 edit.
2915 5713 2930 5763 ;
2958 5695 3102 5753 LXX
3127 5713 3257 5752 vero
3296 5700 3504 5770 legunt,

1908 5774 2398 5859 Ξόηοςργρυτςηίας,
2429 5769 2768 5859 καὶθχολέρας
2806 5773 2994 5859 (unum
3020 5771 3318 5859 ‘exettip‘lztr
3356 5769 3505 5830 teste

1908 5840 2410 5920 Nobili0,'xo).épot),
2443 5840 2770 5919 zotto'rpépot'
2797 5843 2930 5915 μιςὰ
2956 5840 3135 5919 ἀνδρὸς
3156 5840 3445 5904 ἀπλήστου.
