4066 6360
598 281 702 339 707

1209 397 1440 454 CAPUT
1478 397 1568 452 IX.

598 531 703 586 Cur
738 523 964 604 potentes
1008 531 1180 586 vinum
1225 531 1392 587 bibere
1432 532 1845 602 prohibeantur?
1873 531 2065 588 Iudith
2101 537 2187 605 je-

659 627 856 695 junans
909 624 1290 691 [loton/tentem
1341 627 1965 696 obtrzmcat:iisdemque
1994 625 2192 682 artibus

668 719 915 788 papulum
970 736 1119 772 suum
1170 720 1349 773 liberat
1415 719 1620 786 Esther,
1655 720 1740 774 cui
1791 738 1968 794 poenas
2023 721 2192 776 ebrius

666 810 830 863 Aman
862 812 1092 866 exsolvit.
1119 810 1389 868 Postremo
1423 814 1579 868 varia!
1599 815 1795 887 jejunii
1839 814 2022 868 laudes
2068 831 2193 869 enu-

669 915 951 960 merautur.

665 1045 755 1101 28.
801 1037 1021 1115 spinae,
1072 1046 1290 1117 inquit,
1361 1059 1644 1103 nascuntur
1692 1048 1748 1104 in
1804 1064 1961 1103 manu
2007 1049 2196 1103 ebriosi

597 1136 779 1206 (Prov.
813 1155 960 1206 xxvi,
992 1139 1075 1210 9),
1115 1141 1240 1210 quia
1270 1141 1385 1211 ipse
1413 1156 1474 1196 se
1496 1141 1745 1195 manibus
1775 1141 1891 1196 suis
1918 1141 2192 1207 vulnerat,

529 1298 532 1300 γ
597 1242 649 1286 et
677 1233 856 1288 ulcera
904 1233 1006 1290 sibi
1056 1233 1108 1288 in
1158 1244 1345 1302 pectus
1393 1233 1597 1304 dejicit.
1645 1234 1740 1289 His
1781 1235 1956 1303 spinis
1999 1235 2196 1290 scindit

598 1325 978 1383 vestimentum
1005 1327 1132 1383 ﬁdei
1159 1328 1303 1398 quod
1331 1328 1571 1400 accepit,
1604 1340 1659 1384 et
1687 1328 1997 1384 thesaurum
2037 1343 2194 1384 suum

597 1435 818 1477 servare
848 1439 956 1476 non
985 1423 1203 1492 poterit.
1237 1422 1428 1479 Omnis
1458 1423 1603 1478 enim
1633 1423 1881 1479 ebriosus
1928 1434 1983 1479 et
2028 1423 2197 1480 forni-

596 1523 748 1570 cator
772 1518 972 1586 egebit,
998 1526 1054 1572 et
1081 1518 1266 1572 induet
1295 1533 1357 1574 se
1385 1519 1554 1573 scissa
1581 1519 1904 1574 vestimenta
1935 1520 2196 1590 insipien-

601 1608 710 1664 tiie.
744 1610 811 1665 Et
835 1610 956 1666 ideo
988 1621 1236 1682 potentes
1265 1612 1446 1668 vinum
1492 1612 1840 1683 prohibentur
1868 1614 2091 1679 bibere;
2127 1629 2196 1670 ne

599 1716 722 1757 cum
777 1703 1019 1760 biberint
1054 1747 1069 1772 ,
1135 1706 1527 1762 obliviscantur
1585 1708 1905 1779 sapientiam
1977 1707 2191 1781 (Prov.

601 1811 754 1858 xxxi,
787 1798 864 1866 4).

673 1889 838 1963 544
863 1891 956 1946 29.
1000 1891 1238 1963 Denique
1265 1893 1520 1949 bibebant
1545 1895 1726 1949 vinum
1750 1896 1802 1949 in
1824 1895 2085 1951 ebrietate
2104 1909 2199 1964 po-

601 1993 799 2051 tentes,
820 1987 910 2056 qui
933 1986 1260 2056 HoIOplterni
1293 1991 1522 2059 principi
1541 1991 1748 2061 militiae
1777 1991 1920 2060 regis
1939 1991 2199 2062 Assyrio-

601 2092 717 2131 rum
767 2093 827 2132 se
880 2078 1094 2134 tradere
1114 2081 1423 2150 gestiebant
1458 2098 1472 2135 :
1505 2084 1602 2137 sed
1629 2097 1734 2137 non
1760 2082 1976 2137 bibebat
2000 2081 2197 2136 femina

599 2168 802 2234 Iudith,
823 2170 1831 2245 jejunansomnibusdiebusviduitatis
1854 2191 1984 2240 sine,
2005 2186 2202 2246 prmler

599 2261 858 2319 festorum
879 2264 1089 2322 dierum
1117 2267 1514 2323 solemnitates.
1543 2268 1635 2323 His
1660 2270 1828 2324 armis
1850 2269 2052 2324 munita
2076 2285 2201 2339 pro-

599 2359 800 2422 cessit,
833 2368 889 2414 et
917 2375 1139 2414 omnem
1190 2361 1539 2432 Assyriorum
1592 2363 1949 2418 circumvenit
1997 2363 2202 2418 exerci-

600 2460 733 2505 tum.
751 2451 931 2508 Sobrii
955 2451 1138 2524 vigore
1160 2455 1375 2508 consilii
1393 2455 1619 2510 abstulit
1636 2455 1998 2526 Holopliernis
2019 2464 2201 2526 caput,

600 2548 838 2601 servavit
866 2546 1202 2617 pudicitiam,
1236 2548 1515 2603 victoriam
1548 2551 1867 2620 reportavit.
1898 2550 2022 2610 Haec
2057 2549 2202 2606 enim

602 2636 878 2691 succincta
903 2637 1110 2707 jejunio
1139 2638 1192 2692 in
1219 2639 1418 2694 castris
1449 2640 1818 2710 praetendebat
1844 2641 2037 2697 alienis
2067 2659 2078 2694 ε
2115 2642 2205 2698 illo

607 2735 733 2786 vino
787 2731 1034 2799 sepultus
1058 2731 1294 2801 jaccbat,
1326 2740 1387 2787 ut
1412 2733 1574 2788 ictum
1605 2733 1843 2789 vulneris
1868 2734 2072 2789 sentire
2098 2750 2203 2789 non

606 2831 816 2894 posset.
849 2822 1031 2893 Itaque
1058 2825 1216 2878 unius
1259 2825 1502 2881 mulieris
1544 2819 1808 2896 jejunium
1837 2827 2152 2883 innumeros
2179 2835 2206 2864 ι

605 2915 797 2972 Stravit
826 2918 1095 2973 exercitus
1122 2918 1420 2973 ebriorum.

675 3009 764 3064 50.
807 3009 1004 3065 Esther
1024 3026 1239 3080 quoque
1262 3011 1540 3080 pulchrior
1561 3011 1698 3068 facta
1722 3023 1807 3068 est
1836 3013 2072 3084 jejunio;
2105 3012 2206 3067 Do-

603 3103 782 3160 minus
813 3105 959 3162 enim
989 3106 1216 3175 gratiam
1267 3106 1464 3161 sobria:
1510 3108 1708 3162 mentis
1737 3109 1986 3179 augebat.
2033 3107 2209 3162 Omne

1923 273 2168 338 sitnon
2207 259 2530 337 tunnosn

2218 403 2266 464 Α
2366 395 2457 452 32.
2500 393 2677 451 Etiam
2725 393 2857 463 ipsis
2893 391 3161 464 jejunium
3203 388 3517 449 conviviis
3570 388 3671 446 dat
3696 392 3904 462 gratiam.

2229 1810 2278 1871 B

3834 271 3904 333 i138

2297 489 2576 545 Dulciorcs
2602 495 2730 562 post
2760 487 2954 543 famem
2983 488 3160 558 epulm
3209 488 3403 553 fiunt,
3446 499 3583 557 qua:
3633 485 3908 543 assiduitate

2294 583 2511 639 fastidio
2549 590 2704 652 sunt,
2745 592 2799 638 et
2836 581 3090 637 diuturna
3142 579 3608 637 continuatione
3660 577 3906 635 vilescunt.

2294 675 2710 732 Condimentum
2739 675 2844 730 cibi
2868 674 3131 746 jejunium
3161 684 3265 730 est.
3309 674 3569 742 Quanto
3593 671 3808 725 avidior
3844 688 3909 739 ap-

2296 768 2534 838 petentia
2553 809 2566 833 ,
2595 775 2746 822 tanto
2773 780 2904 822 esca
2925 766 3236 835 jucundior.
3269 763 3687 821 Commendat
3714 762 3823 820 sitis
3845 780 3909 834 po-

2295 863 2475 917 culum
2508 904 2522 927 ,
2559 872 2581 902 ι’
2627 863 2799 917 nescit
2850 861 2960 916 vini
3009 870 3318 918 vetustates
3384 873 3686 931 quaerere.
3735 857 3908 928 Jejuno:

2296 955 2556 1026 quidquid
2591 953 2856 1020 hauserit,
2885 954 3210 1008 transmittit
3233 953 3306 1008 ad
3346 954 3720 1019 satietatem,
3751 966 3843 1007 non
3865 953 3907 1006 ad

2291 1047 2556 1117 judicium
2590 1062 2720 1103 nare
2740 1046 3042 1116 suspendit.
3074 1046 3184 1104 Usu
3211 1049 3398 1102 etiam
3430 1045 3694 1116 pretiosa
3723 1045 3910 1116 degene-

2297 1151 2453 1199 rant:
2483 1157 2713 1213 quorum
2744 1152 2926 1198 autem
2957 1140 3203 1199 diftlcilis
3219 1141 3779 1213 possessio,eorum
3797 1151 3906 1211 gnta

2297 1236 2622 1308 periunctio.
2648 1235 2768 1306 Ipse
2793 1235 2873 1290 sol
2899 1244 3021 1306 post
3041 1243 3254 1291 noctem
3277 1233 3550 1306 gratior,
3579 1232 3699 1302 ipsa
3724 1232 3908 1299 turpest

2298 1331 2551 1387 tenebras
2578 1329 2933 1400 splendidior,
2960 1337 3016 1385 et
3039 1338 3159 1399 post
3190 1328 3426 1400 vigilias
3486 1340 3670 1397 SOpOI‘
3720 1324 3902 1391 dulcior,

2298 1424 2410 1494 ipsa
2443 1424 2589 1478 salus
2611 1432 2733 1494 post
2761 1404 3100 1493 aegritudinis
3118 1425 3490 1476 tentamenta
3515 1416 3827 1488 jucundior.
3851 1416 3906 1471 Ab

2298 1518 2415 1586 ipso
2447 1514 2632 1570 mundi
2673 1514 2960 1570 conditore
3010 1512 3296 1568 didicimus
3320 1526 3498 1580 serpe
3532 1508 3902 1564 diversitatibus

2296 1609 2559 1664 cumulari
2587 1608 2836 1678 gratiam.
2864 1607 3239 1662 Patrocinatur
3267 1619 3420 1677 ergo
3456 1613 3519 1660 et
3553 1602 3803 1660 convivio
3834 1600 3892 1656 ft-

2299 1717 2438 1769 mes,
2475 1711 2525 1756 ut
2556 1700 2761 1772 gratior
2789 1700 2882 1756 flat
2903 1715 3089 1756 mensa
3115 1699 3372 1770 jejuniis.

2931 1838 3161 1896 CAPUT
3203 1838 3306 1908 x..

2303 1957 2530 2029 Mystica
2558 1973 2733 2018 mensa
2759 1955 2958 2028 jejunio
2981 1965 3342 2026 comparatur.
3395 1952 3550 2021 Quae
3588 1955 3754 2023 [ames
3780 1951 3896 2020 {acut

2372 2049 2682 2121 acceptobite
2696 2051 2962 2123 jejunium
2985 2065 3004 2115 ,'
3030 2049 3214 2118 quidve
3241 2049 3310 2102 sit
3340 2048 3506 2117 quod
3541 2046 3740 2100 dicitur
3761 2061 3773 2098 :
3798 2041 3897 2098 Cu

2368 2141 2633 2210 jejunatis
2671 2182 2687 2207 ,
2744 2141 2930 2212 ungite
2977 2149 3143 2212 caput
3199 2149 3492 2207 vestrum,
3553 2137 3814 2198 moraliter
3853 2149 3894 2188 σε

2378 2233 2590 2302 mystice
2621 2233 2945 2301 disquiritur.

2376 2350 2465 2404 33.
2501 2345 2528 2388 ἀ
2562 2349 2790 2421 Mystica
2814 2363 3033 2420 quoque
3057 2362 3243 2404 mensa
3280 2347 3518 2419 jejunio
3558 2349 3891 2414 comparatur:

2305 2444 2395 2500 illa
2425 2459 2631 2512 mensa,
2664 2444 2734 2499 de
2762 2460 2864 2512 qua
2888 2443 3020 2498 dicit
3050 2443 3218 2498 David
3245 2460 3258 2497 :
3289 2441 3474 2515 5‘5
3501 2438 3785 2493 Parastiin
3807 2451 3895 2488 con-

2304 2550 2478 2610 spectu
2499 2554 2610 2592 meo
2636 2555 2863 2592 mensam
2882 2537 3126 2591 adversus
3147 2552 3235 2591 eos
3255 2537 3343 2605 qui
3361 2534 3645 2589 tribulam
3665 2547 3739 2583 me
3758 2525 3885 2601 (Prol.

2309 2647 2441 2696 xxn,
2461 2630 2729 2704 5).Mensa
2745 2633 2844 2686 ista
2861 2629 3018 2685 famis
3032 2628 3333 2701 acquiritur
3353 2629 3558 2699 pretio
3575 2644 3588 2680 :
3605 2633 3664 2682 et
3683 2622 3886 2694 poculum

2307 2725 2438 2781 illud
2467 2726 3072 2792 inebrianssobrietate,
3102 2725 3420 2780 cmlestinm
3453 2728 3880 2780 sacramentorum

2308 2820 2396 2873 siti
2423 2818 2704 2888 quat-itur.
2728 2818 2874 2873 Dixit
2898 2818 3046 2874 enim
3077 2818 3336 2873 Dominus
3368 2835 3388 2873 :
3427 2816 3542 2885 Qui
3564 2813 3742 2878 sititis,
3766 2806 3882 2863 itaut

2307 2928 2515 2982 aquarii,
2571 2921 2619 2965 et
2663 2911 2972 2982 quicumque
3015 2927 3116 2964 non
3168 2910 3365 2964 habetis
3421 2917 3740 2982 argentum,
3765 2903 3820 2956 ite
3848 2906 3880 2952 ct

2308 3010 2479 3075 emite,
2523 3020 2568 3063 et
2605 3009 2762 3065 bibite
2797 3020 2844 3064 et
2881 3011 3189 3063 manducate
3227 3005 3406 3080 (Etsi.
3442 3021 3542 3070 LV,
3581 3004 3659 3071 1).
3699 2999 3760 3054 Ει
3790 2992 3879 3047 alibi

2309 3103 2379 3158 ait
2411 3122 2423 3156 :
2460 3103 2594 3158 Ecce
2613 3105 2699 3175 qui
2731 3105 2956 3158 seruiunt
2991 3103 3142 3167 mihi,
3176 3101 3587 3156 manduccbunt
3613 3111 3636 3150 :
3675 3108 3752 3148 vos
3794 3099 3876 3140 M0

603 3211 772 3268 genus
796 3213 974 3262 suum,
1001 3197 1053 3252 id
1075 3208 1180 3264 est,
1215 3208 1382 3255 totum
1409 3201 1666 3270 populum
1687 3200 2000 3259 Judteorum
2026 3218 2053 3255 a
2083 3217 2206 3272 per-
2233 3208 2280 3273 ο
2311 3199 2562 3253 esurictis.
2593 3197 2726 3252 Ecce
2746 3199 2833 3268 qui
2859 3197 3087 3252 serviunt
3107 3194 3255 3261 mihi,
3289 3194 3469 3249 bibent
3495 3208 3517 3247 :
3545 3207 3636 3246 vos
3663 3194 3809 3241 autem
3829 3179 3878 3231 ti-

602 3289 899 3345 sccntionis
928 3290 1317 3346 acerbitatibus
1360 3292 1650 3358 liberavit;
1682 3293 1755 3348 ita
1784 3302 1844 3347 ut
1870 3308 2053 3364 regem
2100 3293 2203 3348 sibi

605 3379 808 3438 faceret
835 3397 956 3438 esse
978 3383 1304 3453 subjectum,
1335 3399 1441 3440 non
1473 3385 1712 3440 libidinis
1735 3385 1933 3441 ardore
1957 3386 2206 3441 ﬂamma-

608 3481 742 3540 tum,
766 3475 859 3530 sed
885 3476 1091 3531 caelesti
1125 3478 1479 3532 miseratione
1526 3493 1889 3546 conversum;
1928 3479 2001 3534 ita
2055 3490 2112 3534 ut
2152 3487 2209 3535 et

611 3583 767 3638 pinna
801 3581 1208 3640 retorqueretur
1230 3573 1284 3628 in
1309 3573 1530 3642 impium
1553 3615 1567 3640 ,
1594 3585 1651 3629 et
1681 3573 1855 3628 honor
1885 3575 2054 3631 sacris
2085 3574 2208 3630 red-

607 3659 827 3716 deretur
876 3662 1161 3717 altaribus.
1218 3665 1404 3734 Itaque
1455 3665 1542 3718 illa
1574 3681 1694 3734 quae
1727 3665 1904 3720 triduo
1945 3666 2209 3736 jejunavit

609 3754 892 3820 continuo,
917 3763 973 3810 et
1002 3769 1200 3826 corpus
1227 3771 1384 3811 suum
1432 3772 1568 3828 aqua
1600 3757 1758 3825 lavit,
1804 3758 1927 3828 plus
1984 3759 2207 3827 placuit,

609 3856 664 3909 et
692 3847 983 3903 vindictam
1037 3849 1244 3904 retulit.
1305 3852 1476 3904 Aman
1530 3860 1712 3906 autem
1756 3851 1885 3907 dum
1934 3868 1994 3908 se
2040 3854 2208 3924 regali

604 3942 774 4012 jactat
798 3944 1070 4013 convivio,
1097 3945 1238 4000 inter
1261 3947 1377 4016 ipsa
1404 3944 1526 4001 vina
1552 3961 1765 4018 poenam
1789 3962 1902 4003 sua:
1926 3948 2209 4006 ebrietatis

608 4035 864 4092 exsolvit.
1540 4060 1545 4064 ι

679 4130 769 4184 51.
816 4129 911 4185 Est
931 4145 1060 4201 ergo
1077 4130 1344 4201 jejunium
1363 4133 1822 4190 reconciliationis
1857 4133 2207 4200 sacriﬁcium.

612 4220 826 4274 virtutis
848 4222 1266 4285 incrementum.
1295 4225 1439 4295 quod
1487 4224 1613 4280 fecit
1650 4227 1813 4281 etiam
1847 4226 2077 4282 feminas
2103 4227 2212 4282 for-

615 4311 784 4366 tiores
828 4323 1116 4383 augmento
1181 4316 1386 4385 gratiae.
1445 4316 1720 4386 Jejunium
1775 4323 1949 4375 nescit
1997 4321 2214 4378 fenera-

615 4415 807 4471 torem,
844 4422 950 4460 non
999 4417 1204 4463 sortem
1234 4408 1439 4464 fenoris
1467 4411 1637 4477 novit,
1661 4429 1765 4467 non
1791 4415 2001 4474 redolet
2024 4431 2215 4472 usuras

613 4513 798 4566 mensa
846 4498 1208 4568 jejunantium
1238 4517 1252 4556 :
1281 4519 1389 4557 non
1421 4507 1760 4576 strangulant
1811 4507 1980 4564 tilium
2039 4510 2216 4564 conti-

2310 3293 2448 3346 tietis
2473 3291 2672 3364 (Esai.,
2704 3307 2828 3355 va,
2879 3290 2991 3363 13).
3037 3290 3136 3358 Qui
3183 3303 3279 3344 vos
3318 3289 3428 3343 nisi
3465 3285 3567 3357 qui
3603 3290 3725 3338 ante
3765 3281 3873 3346 μου·

2311 3386 2451 3440 stis?
2494 3386 2567 3441 De
2591 3386 2788 3453 quibus
2817 3399 2978 3454 supra
3001 3383 3172 3439 dixit:
3212 3381 3460 3436 Parastis
3482 3372 3750 3433 damoniis
3773 3379 3873 3420 m-

2309 3495 2443 3540 sam,
2478 3488 2526 3531 et
2553 3478 2805 3550 implesti:
2842 3480 3067 3548 fortuna:
3097 3476 3338 3548 poculum
3377 3471 3584 3545 (Ibid,
3625 3464 3734 3535 H).
3768 3459 3872 3525 Ετεο

2311 3572 2355 3627 si
2396 3572 2461 3626 ad
2497 3586 2740 3626 mensam
2780 3570 2926 3624 illam
2964 3567 3333 3624 venerabilem
3360 3564 3584 3636 jejunia
3612 3563 3780 3615 sancta
3804 3560 3872 3603 n05

2313 3666 2616 3738 perducunt
2644 3684 2657 3718 :
2689 3666 2732 3720 si
2765 3664 2865 3720 hac
2894 3663 3038 3718 fame
3078 3663 3168 3718 illa
3213 3677 3333 3732 quae
3364 3669 3504 3716 sunt
3543 3665 3738 3712 mterna
3769 3657 3870 3700 mer-

2312 3773 2539 3826 camur;
2571 3757 2702 3830 quid
2742 3757 2812 3813 de
2851 3758 2915 3813 iis
2957 3756 3272 3812 dubitamus
3298 3769 3420 3824 qua:
3456 3752 3515 3808 in
3549 3764 3650 3804 usu
3688 3745 3870 3838 bullit!”

2312 3861 2438 3908 sunt
2465 3894 2479 3918 ,
2518 3851 2664 3923 quod
2705 3852 2869 3908 etiam
2911 3849 3163 3906 suaviora
3212 3847 3327 3903 lucc
3366 3847 3536 3903 nobis
3581 3839 3735 3898 faciat
3766 3832 3868 3902 jeju-

2319 3948 2467 4003 nium
2500 3947 2523 4001 ?
3708 4027 3719 4030 _
3789 4020 3799 4030 .

2386 4046 2474 4101 δι.
2516 4042 2636 4099 Non
2665 4051 2843 4098 autem
2877 4041 3055 4096 omnis
3083 4039 3253 4096 fames
3282 4033 3628 4107 acceptabile
3650 4027 3863 4123 jejunium

2316 4140 2461 4205 facit,
2491 4137 2583 4194 sed
2614 4137 2788 4192 fames
2811 4152 2931 4207 quae
2961 4135 3057 4190 Dei
3089 4134 3285 4189 timore
3313 4131 3638 4204 suscipitur.
3664 4109 3866 4209 Conside-

2315 4249 2373 4287 ra
2409 4251 2422 4287 :
2455 4243 2478 4270 ι’
2509 4230 2931 4301 Quadragesima
2961 4229 3090 4283 totis
3117 4238 3320 4299 praeter
3342 4225 3632 4283 sabbatum
3660 4222 3708 4270 et
3737 4209 3866 4301 Datur

2319 4293 2784 4394 nicamjejunatur
2803 4322 3018 4377 diebus.
3053 4319 3446 4390 llocjejunium
3476 4308 3687 4371 Domini
3716 4293 3863 4405 pascha

2316 4417 2610 4474 concludit.
2647 4416 2804 4473 Venit
2842 4417 2954 4485 jam
2997 4414 3116 4470 dies
3157 4411 3603 4473 resurrectionis,
3641 4403 3865 4468 baptiznn'

2321 4524 2405 4566 tur
2438 4510 2456 4548 τ
2489 4510 2681 4576 Elccti,
2714 4511 2935 4565 veniunt
2969 4507 3035 4562 ad
3075 4508 3266 4573 altare,
3298 4505 3574 4574 accipiunt
3615 4497 3864 4551 sacramen—

615 4594 793 4650 uentis
817 4593 914 4656 viri
949 4603 1185 4663 paterna:
1213 4598 1527 4653 centesimae
1557 4616 1571 4653 :
1612 4616 1718 4654 non
1755 4612 1955 4657 vexant
1991 4603 2208 4657 viduam
2240 4604 2294 4665 D
2320 4613 2463 4669 tum,
2515 4606 2769 4660 sitientes
2811 4604 2940 4658 totis
2981 4601 3241 4657 hauriunt
3278 4599 3454 4654 venis.
3500 4593 3690 4653 Merito
3728 4581 3867 4638 dicunt

615 4686 964 4757 oppignorata
989 4689 1160 4745 sobrii
1189 4691 1286 4744 viri
1312 4689 1341 4728 δ
1369 4691 1487 4761 jura
1517 4691 1758 4750 defuncti
1786 4712 1799 4749 :
1830 4711 1935 4751 non
1986 4695 2215 4752 defenc-

616 4788 727 4836 rata
758 4780 995 4837 excludit
1022 4781 1293 4839 haeredcm
1321 4785 1444 4840 aula
1462 4785 1655 4857 jejuni.

691 4968 715 4998 ⁸
749 4961 902 5017 Hom.
933 4963 1303 5039 edit.,_strooit
1339 4967 1591 5039 exercitus
1623 4968 1977 5039 Assyriorum.
2029 4969 2212 5026 Codex

617 5030 920 5110 Germ.,....
948 5034 1327 5091 Chaldaeorum.
1348 5031 1462 5092 ἈΙΙί
1487 5055 1677 5096 omnes
1701 5030 1831 5096 mss.
1866 5056 1927 5095 ac
1956 5042 2210 5110 edit.,....

616 5103 890 5160 ebriorum.

688 5175 716 5256 1)
747 5178 950 5256 Aberat
971 5195 1079 5256 vox
1095 5181 1250 5253 jura,
1293 5191 1420 5238 ante
1449 5182 1715 5250 defuncti,
1755 5185 2008 5240 omnibus
2050 5187 2210 5256 edit.,

618 5249 711 5308 sed
740 5265 800 5302 ea
842 5250 895 5304 in
917 5249 1168 5306 omnibus
1199 5269 1329 5309 mss.
1361 5249 1655 5308 invenitur.

697 5331 718 5359 ε
747 5320 951 5397 Omnes
981 5323 1109 5378 edit.
1135 5365 1150 5387 ,
1182 5327 1340 5379 nescit
1371 5327 1546 5379 vinum
1585 5341 1847 5396 qua’rere;
1883 5344 2016 5383 mss.
2059 5345 2210 5397 vero,

621 5393 776 5464 nescit
799 5395 902 5448 vini
921 5411 1146 5460 quwrere
1173 5407 1482 5464 vetustam;
1505 5393 1770 5462 riotinttlli,
1806 5393 2109 5456 uenustates.

693 5460 719 5498 ἀ
751 5463 822 5516 lta
857 5467 984 5520 edit.
1011 5483 1199 5521 omnes
1229 5483 1349 5522 cum
1372 5460 1500 5523 mss.
1526 5460 1884 5538 aliquot.‘Alii
1913 5484 2090 5526 tamen
2115 5487 2216 5528 nec

623 5542 786 5612 artato
808 5553 908 5591 nec
939 5554 1162 5592 numero
1192 5538 1506 5600 inferiores,
1552 5539 1786 5612 Mysticw
1805 5559 2000 5612 quoque
2025 5559 2214 5598 mensa:

617 5605 819 5673 jejunio
847 5620 1175 5686 comparatur
1205 5611 1297 5686 illa
1327 5627 1520 5665 mensa.
1546 5605 1713 5686 Torn.
1749 5605 1936 5679 solus,
1994 5614 2218 5686 Mystica

625 5690 834 5752 quoque
857 5694 1032 5734 mensa
1050 5681 1256 5751 jejunio
1283 5689 1611 5752 comparatur
1634 5684 1715 5738 iui
1747 5702 1954 5741 "tensae.

704 5753 726 5778 ι’
759 5745 990 5812 Advorte
1029 5745 1130 5808 Hoc
1158 5754 1278 5808 loco
1298 5745 1538 5811 veterem
1561 5755 1941 5812 Mediolanensi
1968 5758 2225 5815 Ecclesiae

628 5819 1071 5878 consuetudinem
1144 5840 1257 5880 non
1312 5826 1592 5896 jejunandi
1635 5828 1900 5898 sabbato;
1949 5839 2004 5887 et
2063 5846 2226 5900 super

2325 4698 2522 4768 singuli
2555 4696 2742 4753 refecti
2775 4695 3005 4768 spiritali
3037 4693 3182 4760 cibo,
3207 4702 3261 4748 et
3307 4691 3537 4763 spiritali
3568 4693 3714 4758 potu:
3736 4671 3863 4727 Para-

2328 4793 2393 4846 sti
2441 4792 2498 4846 in
2527 4801 2805 4861 conspectu
2857 4804 2966 4843 meo
3015 4802 3336 4853 mensam...
3393 4792 3438 4839 et
3487 4776 3719 4855 poculum
3761 4769 3867 4818 1"“

2320 4971 2509 5026 eadem
2541 4987 2601 5027 re
2627 4971 2852 5027 consule
2890 4981 3133 5028 nostram
3165 4969 3221 5025 in
3250 4967 3395 5025 hunc
3421 4967 3615 5024 librum
3653 4955 3864 5016 Admom‘

2321 5045 2547 5099 tionem.

2398 5087 2636 5179 i'i'i'e'cn,
2663 5115 2862 5185 gradus
2888 5113 2978 5170 hic
3003 5124 3119 5187 erat
3148 5114 3291 5169 inter
3316 5087 3864 5187 catechumetiOS-AE':

2325 5187 2432 5242 nim
2457 5170 2710 5258 quiaiiivis
2734 5201 2924 5241 omnes
2953 5186 3018 5240 ad
3038 5187 3364 5258 baptismum
3392 5177 3652 5258 candidati
3673 5170 3865 5258 βεξηξξξξξ

2325 5260 2379 5314 ni
2403 5237 2962 5347 no‘minervocarentur
2981 5237 3860 5347 cateti'humeqi,variistau‘lf:"3::

2323 5342 2468 5416 seuit
2499 5331 2778 5402 gradibus,
2806 5333 2873 5386 ita
2898 5339 2952 5426 et
2983 5331 3273 5426 vocalhullisI
3305 5303 3844 5426 distiuguebfll't'll'l’;

2323 5383 3176 5491 θβίδέυῖέθέιιὲςῐῖειῐῆηἱθριᾳηιιεθ
3206 5401 3325 5454 fidei
3356 5383 3862 5491 νυιιῇξιειῗζιριξτιζιξῗέ

2321 5460 2652 5565 sustulerat,
2702 5475 2812 5557 jain
2852 5460 3136 5565 christiani
3190 5460 3861 5565 n0n16l1J()Dll.tPf£:illbriom:

2324 5545 2482 5634 fait-tis
2540 5534 2975 5628 abjurationibus
3017 5545 3305 5634 adnsacras
3347 5534 3856 5634 admittebatur

2327 5616 2541 5706 theses.
2572 5600 2761 5706 ιιέξιριιιι
2796 5619 3013 5699 proprie
3041 5600 3434 5698 εᾱιεσίηξηιετιαε
3452 5600 3857 5706 .ί¹ἒςβ¹ξὲἷξ.¹τῖ..ῖ,ξέῗῖ

2327 5674 3014 5778 “simsum.civium“
3062 5674 3861 5778 ettztclﬁ'ﬂiijz'i‘i‘fftﬂ.2338.11

2331 5760 2533 5856 pabapt
2562 5777 2574 5812 :
2608 5745 2898 5856 posteajibi
2922 5759 3204 5856 cum.ali‘is
3235 5757 3483 5856 baptismi
3503 5745 3854 5856 ειὲιὲῗλὲἰςὲἓς

2329 5832 2518 5899 laSset,
2554 5816 2821 5889 vdcabant
2865 5839 3233 5904 conspeteutem
3258 5846 3270 5883 :
3298 5816 3532 5886 demum“
3554 5823 3592 5880 si
3615 5829 3693 5890 per
3713 5816 3806 5865 sum

3991 4821 3995 4876 l

3991 4991 3999 5130 ἱ

3991 5161 3996 5189 l

3989 5299 3997 5336 J.

3981 5371 3997 5522 l
