4066 6360
196 315 311 378 709

1237 327 1327 385 DE
1367 323 1523 385 ΕΜΔ
1566 327 1654 385 ΕΤ
1691 325 1965 388 JEJUNIO
2002 326 2206 394 LIBER
2248 333 2450 395 UNUS.

3397 345 3501 403 7l0

185 439 466 495 inebrians
485 455 638 511 quam
654 441 965 513 privatarum
993 451 1066 498 est
1089 441 1257 512 (Psal.
1288 460 1420 507 χχιι,
1450 445 1530 518 5)!
1561 444 1676 501 Non
1708 460 1800 500 so-
1832 455 1878 516 Α
1908 456 1993 503 est
2018 451 2333 507 sobrietatis
2359 460 2716 522 unguentum,
2741 452 2808 509 de
2853 469 2957 525 quo
2987 454 3113 512 dicit
3159 458 3401 517 Ecclesia
3434 463 3499 521 ad

185 531 239 585 la
271 539 454 589 autem
483 533 654 590 fames
701 535 983 605 quaeritur,
1014 539 1106 592 sed
1139 538 1297 609 plena
1346 539 1630 609 disciplina
1655 540 1798 609 jeju-

185 625 294 679 nii.
333 626 579 698 Denique
608 627 727 682 aliis
755 628 984 685 dicitur;
1017 629 1083 685 In
1130 630 1310 686 diebus
1331 633 1656 706 jejuniorum
1687 650 1800 687 ves-

186 724 651 780 troruminuenitis
672 725 958 782 voluntates
999 737 1220 795 vestras,
1267 739 1314 784 et
1359 733 1536 786 omnes
1567 730 1798 787 subditos

186 813 342 868 vobis
368 817 671 873 stimulatis.
695 820 773 873 An
801 821 870 873 ad
881 822 1088 890 judicia
1109 832 1155 877 et
1183 824 1587 898 rixasjejunatis
1613 837 1657 881 et
1685 845 1800 898 per-

186 908 370 962 cutitis
399 911 628 982 pugnis?
658 910 724 966 Ut
747 914 873 983 quid
898 915 1021 968 mihi
1049 915 1150 971 tale
1165 917 1452 990 jejunium,
1485 919 1560 973 ita
1607 929 1663 974 ut
1703 938 1799 976 au-

188 1000 374 1054 diatur
400 1002 454 1056 in
485 1005 712 1060 clamore
756 1023 855 1061 vos:
899 1010 1096 1063 vestra?
1137 1009 1256 1074 Non
1285 1011 1382 1066 hoc
1415 1015 1678 1087 jejunium
1707 1033 1797 1088 ego

189 1093 346 1164 elegi,
382 1105 428 1148 et
452 1099 587 1152 diem
609 1101 678 1153 ad
706 1101 1080 1158 humiliandum
1095 1106 1320 1161 animam
1337 1125 1484 1163 suam
1507 1111 1800 1166 hominem:

186 1201 289 1239 nec
317 1189 359 1240 si
388 1190 568 1258 ﬂectas
593 1200 650 1246 ut
687 1193 939 1250 circulum
962 1197 1151 1253 collum
1181 1211 1344 1268 tuum,
1374 1203 1598 1259 cinerem
1644 1207 1798 1260 etiam

184 1289 238 1331 et
262 1280 494 1336 cilicium
539 1287 856 1356 substernas,
908 1307 1001 1345 nec
1026 1293 1101 1346 sic
1125 1296 1372 1350 vocabitis
1399 1299 1664 1368 jejunium
1713 1317 1799 1355 ac-

184 1383 418 1444 ceptum.
472 1376 596 1432 Non
641 1381 747 1435 tale
768 1383 1032 1457 jejunium
1071 1403 1166 1458 ego
1191 1389 1339 1460 elegi,
1375 1391 1500 1445 dicit
1545 1391 1798 1450 Dominus

183 1464 366 1536 (Esai.
426 1486 574 1538 Lvnt,
613 1473 647 1528 5
675 1483 724 1528 et
745 1476 900 1548 seq.).
941 1477 1098 1546 Quod
1142 1479 1407 1551 jejunium
1440 1485 1795 1556 improbetur,

183 1561 502 1619 audivimus
533 1583 544 1618 :
599 1583 741 1624 nunc
779 1570 1061 1628 audiamus
1088 1576 1231 1645 quod
1262 1578 1330 1630 sit
1356 1579 1655 1648 probabile.
1690 1582 1800 1638 Sed

182 1655 334 1710 solve
385 1674 585 1713 omnem
637 1661 1024 1734 colligationem
1064 1668 1336 1741 injustitia:
1373 1680 1518 1729 tute:
1572 1675 1800 1730 dissolve

185 1749 531 1821 obligationes
567 1755 913 1812 violentarum
945 1766 1422 1831 commutationum,
1450 1767 1650 1824 dimitte
1675 1787 1800 1825 con—

1903 555 2161 609 sponsum
2183 559 2338 600 suum
2367 565 2378 599 :
2410 546 2743 619 Unguentum
2772 549 3089 604 eainanitum
3127 570 3309 608 nomen
3358 564 3503 610 tuum

1904 630 2076 702 (Cant.
2105 650 2150 700 ι,
2174 636 2262 708 9):
2293 638 2440 693 aliud
2471 641 2650 695 oleum
2701 656 2809 710 quo
2851 651 3001 697 artus
3029 646 3221 700 anim-.e
3251 655 3309 701 et
3352 664 3503 716 qua:-

1900 722 2023 779 dam
2048 729 2288 782 membra
2322 730 2704 802 pinguescunt.
2740 734 2892 790 Unde
2918 745 2974 790 et
3002 737 3168 793 David
3197 739 3358 795 dicit:
3389 739 3501 795 Im-

1899 820 2164 892 pinguasti
2193 823 2244 876 in
2276 823 2390 878 oleo
2419 837 2574 897 caput
2603 845 2770 882 meum
2803 829 2976 903 (Psal.
3010 849 3144 900 χιιι,
3178 834 3258 906 5).
3303 836 3369 892 Et
3396 837 3500 892 hoc

1899 925 1982 970 est
2022 914 2201 971 oleum
2231 917 2456 984 lmtitiae,
2488 937 2596 990 quo
2628 936 2823 980 unctus
2870 936 2954 982 est
3005 928 3256 985 Christus
3307 947 3335 984 a
3390 931 3501 987 Deo

1899 1007 2095 1074 Patre,
2156 1019 2213 1063 ut
2254 1026 2369 1080 prae
2401 1014 2652 1069 omnibus
2691 1017 2805 1072 suis
2834 1020 3098 1076 emineret
3127 1024 3495 1081 consortibus.

1903 1100 2014 1156 lloc
2034 1101 2186 1171 jubet
2209 1104 2334 1175 ungi
2365 1114 2824 1176 caputnoslrum,
2856 1121 2912 1166 ut
2949 1113 3070 1168 oleo
3102 1115 3301 1170 laetitia:
3327 1117 3500 1172 obdu-

1899 1204 2054 1249 cntttr
2079 1197 2257 1251 omnis
2286 1198 2538 1254 simulata
2584 1201 2825 1270 tristitia;
2858 1221 2926 1260 ne
2954 1207 3187 1262 videaris
3229 1209 3496 1280 jejunium

1901 1295 2049 1343 tuum
2081 1290 2315 1346 vendere
2341 1292 2671 1361 hominibus,
2707 1311 2774 1351 ne
2800 1297 3036 1356 videaris
3077 1305 3390 1360 contristari
3440 1306 3494 1362 in

1897 1382 2093 1437 anitnac
2121 1393 2226 1439 tuae
2253 1387 2448 1442 salute.
2479 1387 2652 1442 Nemo
2678 1390 2822 1444 enim
2853 1391 3022 1448 tristis
3055 1408 3372 1465 coronatur,
3399 1414 3494 1454 nc-

1901 1491 1991 1531 mo
2021 1487 2246 1532 tiiazstus
2303 1480 2616 1551 triumphat.
2653 1482 2803 1553 Unge
2830 1499 2960 1556 ergo
2991 1498 3153 1556 caput
3195 1498 3366 1558 lllllm,
3405 1492 3496 1547 ubi

1899 1583 2093 1625 sensus
2113 1573 2373 1640 sapientis
2403 1582 2558 1639 sunt;
2592 1576 2733 1630 oculi
2764 1576 2909 1632 enim
2943 1579 3202 1650 sapientis
3226 1582 3277 1637 in
3321 1585 3500 1655 capite

1899 1661 2037 1731 ejus.
2067 1673 2089 1702 ο
2123 1663 2202 1718 Ad
2237 1667 2492 1735 mysteria
2521 1669 2733 1723 vocaris
2753 1711 2767 1735 ,
2796 1679 2847 1725 et
2877 1673 3086 1728 nescis:
3145 1674 3330 1738 discis.
3374 1693 3497 1732 cum

1898 1756 2073 1811 venis.
2109 1757 2175 1810 Et
2202 1759 2551 1816 reminiscere
2577 1761 2741 1816 illud:
2775 1763 2926 1818 Sicut
2956 1776 3273 1836 unguentum
3313 1769 3368 1823 in
3414 1787 3501 1825 ca-

184 1843 386 1910 fractos
422 1846 473 1899 in
505 1846 882 1918 remissionem,
912 1861 960 1906 et
1007 1870 1208 1910 omnem
1237 1863 1668 1931 conscriptionem
1695 1864 1796 1918 ini-

1909 1850 2025 1915 uile,
2048 1851 2187 1919 quod
2214 1851 2476 1908 descendit
2504 1855 2556 1909 in
2585 1856 2790 1911 barbam
2811 1858 2985 1913 Aaron
3015 1860 3134 1932 (Ps.
3163 1877 3367 1930 cxxxn,
3401 1862 3494 1935 2),

184 1948 345 2001 quam
368 1936 627 2010 dirumpe.
661 1938 872 2013 Frange
910 1947 1152 2000 esurienti
1176 1965 1358 2018 partem
1396 1963 1574 2008 tuum:
1602 1966 1650 2009 et
1682 1972 1796 2027 ege-

183 2043 284 2081 nos
316 2045 418 2084 non
442 2031 682 2090 habentes
712 2046 920 2106 tectum,
949 2041 1108 2095 induc
1137 2045 1190 2096 in
1221 2043 1431 2100 domum
1470 2061 1610 2104 tuam
1643 2067 1661 2105 :
1686 2061 1732 2106 et
1753 2055 1798 2108 si

186 2120 384 2176 videris
415 2126 629 2193 nudum,
653 2132 862 2201 coaperi
889 2149 1005 2188 eum
1025 2151 1043 2189 :
1065 2145 1112 2190 et
1159 2137 1463 2195 domesticos
1489 2143 1698 2198 seminis
1723 2147 1798 2199 tui

186 2228 295 2267 non
327 2214 600 2288 despicias.
632 2221 793 2278 Vides
838 2241 959 2297 qua:
989 2230 1199 2297 species
1224 2231 1292 2286 sit
1317 2241 1370 2286 et
1391 2231 1561 2288 forma
1580 2234 1794 2305 jejunii,

193 2317 220 2343 ἰ
250 2309 375 2378 quis
420 2314 617 2369 mentis
671 2316 909 2384 habitus;
950 2329 1008 2375 ut
1035 2324 1268 2378 orationi
1305 2341 1474 2394 vaces,
1509 2338 1563 2384 et
1595 2329 1646 2384 in
1681 2330 1798 2401 lege

189 2404 288 2461 Dei
319 2406 406 2462 die
436 2423 496 2464 ac
519 2418 678 2466 nocte
707 2414 1005 2472 mediteris.

264 2497 355 2553 55.
396 2499 516 2570 Ipsa
551 2502 718 2573 ﬁgura
758 2510 1010 2578 corporis
1059 2511 1219 2582 plena
1261 2515 1563 2583 gravitatis,
1619 2517 1798 2574 nullus

186 2590 358 2646 rttbor
384 2593 667 2651 ebrietatis
712 2599 1076 2658 circumfusus
1131 2620 1298 2675 genas
1340 2609 1430 2678 qui
1473 2609 1796 2666 intuentium

185 2681 432 2738 offendat
477 2696 751 2756 aspectus,
801 2691 898 2746 sed
949 2693 1130 2749 vultus
1181 2705 1335 2752 casto
1379 2699 1540 2755 micet
1593 2703 1799 2771 pallore

188 2777 549 2844 reverendus,
569 2795 749 2837 sermo
773 2785 1010 2854 gravior,
1040 2788 1230 2846 oculus
1255 2794 1635 2860 verecundior,
1651 2811 1803 2867 gres-

188 2881 290 2922 sus
339 2869 594 2926 stabilior
642 2877 818 2944 atque
855 2877 1228 2948 moderatior,
1282 2883 1597 2957 plerumque
1654 2889 1798 2943 enim

191 2960 500 3018 turbatiore
532 2963 749 3021 incessu
779 2969 1028 3038 proditur
1073 2983 1252 3030 motus
1305 2979 1631 3034 animorum.
1670 2980 1801 3035 Vul-

191 3061 283 3109 tus
312 3056 595 3126 intentior,
615 3067 671 3114 et
698 3061 916 3131 quidam
949 3068 1296 3137 cogitationis
1329 3086 1442 3126 suae
1488 3072 1716 3140 arbiter,
1747 3083 1803 3130 et

191 3148 390 3203 tacitus
419 3150 906 3224 cordisinterpres;
929 3166 988 3211 ιιι
1014 3174 1190 3229 neque
1217 3162 1486 3217 tristitiam
1518 3176 1798 3234 przetexat,

1899 1952 2026 1997 tunc
2052 1947 2336 2013 cognoscis
2357 1946 2481 2016 quid
2513 1947 2614 2003 sit:
2653 1947 2841 2022 Ungite
2879 1963 3032 2023 caput
3069 1965 3291 2009 vestrum
3323 1972 3341 2010 :
3368 1972 3501 2026 quo-

1899 2035 2064 2090 modo
2092 2037 2360 2106 placueris
2392 2040 2526 2107 Deo,
2553 2050 2608 2096 ttt
2639 2042 2735 2097 tibi
2788 2060 2884 2098 sua
2940 2045 3270 2114 patefaceret
3321 2064 3504 2105 sacra-

1899 2140 2103 2198 menta,
2129 2139 2184 2186 et
2206 2132 2357 2188 daret
2382 2137 2609 2204 gratiam
2633 2137 2954 2204 Spiritalem.

1970 2224 2061 2278 57.
2104 2223 2200 2278 Est
2245 2233 2300 2279 et
2363 2225 2510 2281 aliud
2561 2237 2724 2298 caput
2775 2232 3088 2302 mysticum.
3141 2232 3292 2300 Quod
3333 2233 3506 2290 illud?

1899 2316 2037 2372 Audi
2068 2335 2080 2370 :
2120 2316 2288 2382 Caput
2318 2320 2547 2374 mulieris
2587 2323 2698 2388 vir;
2726 2333 2878 2393 caput
2929 2335 3098 2379 autem
3144 2327 3241 2380 uiri
3268 2324 3506 2382 Christus

1901 2407 2117 2480 (ICor.
2152 2409 2339 2482 x1,5).
2373 2411 2522 2467 Mitte
2571 2413 2626 2468 in
2666 2413 2962 2482 Christum,
3016 2418 3173 2474 mitte
3225 2420 3386 2475 etiam
3448 2422 3501 2475 in

1899 2510 2062 2570 caput
2111 2502 2231 2572 ejus
2283 2513 2641 2575 unguentum.
2695 2507 2868 2577 Caput
2917 2509 3037 2578 ejus
3070 2511 3211 2566 Deus
3271 2522 3375 2567 est.
3409 2512 3504 2568 Illa

1901 2593 2096 2649 mulier
2141 2594 2402 2651 Ecclesiae
2433 2605 2618 2669 typum
2665 2614 2882 2670 gerens,
2914 2617 3034 2671 qua:
3078 2603 3130 2656 in
3179 2613 3343 2674 caput
3388 2605 3505 2674 ejus

1900 2688 2051 2742 misit
2079 2699 2436 2758 unguentum,
2467 2691 2713 2747 confessa
2745 2702 2829 2749 est
2890 2695 3010 2764 ejus
3039 2695 3399 2766 divinitatem;
3449 2705 3505 2753 et

1899 2796 2021 2852 quae
2053 2783 2106 2836 in
2131 2785 2299 2853 pedes
2322 2785 2441 2852 ejus
2473 2785 2640 2855 misit,
2660 2788 2903 2845 confessa
2926 2799 3009 2846 est
3035 2791 3152 2861 ejus
3171 2793 3499 2862 passionem.

1901 2873 2142 2945 Utraque
2172 2876 2441 2932 laudatur.
2471 2879 2541 2934 Et
2569 2889 2623 2934 tu
2656 2881 2738 2937 fac
2765 2899 2873 2951 quo
2895 2884 3131 2940 lauderis
3156 2902 3264 2957 quo
3313 2888 3507 2943 remis-

1903 2968 2111 3024 sionem
2150 2970 2386 3040 accipias
2414 2982 2760 3041 peccatorum
2790 2974 3004 3047 (Matth.
3036 2993 3182 3045 xm,
3213 2977 3329 3050 10).
3355 2978 3504 3034 Lava

1904 3059 2094 3116 faciem
2139 3070 2284 3117 tuam
2308 3104 2322 3128 ,
2356 3064 2590 3119 emunda
2643 3066 2878 3120 animam
2919 3075 3064 3123 tuam
3099 3071 3461 3139 peccatricem
3487 3111 3502 3136 ,

1901 3153 2021 3208 lava
2049 3155 2442 3210 conscientiam
2471 3165 2616 3212 tuam
2647 3157 2798 3230 (Lac.
2833 3177 2927 3227 vn,
2956 3160 3028 3214 44
3059 3171 3108 3216 et
3144 3162 3303 3234 seq.).
3337 3162 3504 3220 Index

189 3253 373 3310 neque
423 3244 668 3300 solvatur
721 3248 834 3303 risu
864 3249 1028 3323 5&6
1063 3253 1438 3311 incontinenti.
1490 3257 1605 3312 Non
1652 3261 1796 3316 enim

1909 3251 2046 3304 cnim
2079 3251 2242 3308 facies
2275 3255 2594 3327 plerumque
2632 3267 2715 3312 est
2765 3259 3151 3326 conscientia},
3205 3269 3260 3316 et
3286 3261 3502 3332 quidam

188 3333 526 3403 superfluum
561 3339 663 3394 hoc
704 3350 864 3411 putes
917 3356 1117 3402 nostra:
1165 3352 1630 3420 commonitionis;
1676 3368 1798 3410 cum

187 3425 468 3497 Sapientia
498 3431 645 3487 dicat
671 3435 722 3489 in
759 3435 1090 3509 Evangelia:
1126 3442 1252 3496 Cum
1303 3455 1473 3500 autem
1515 3449 1796 3520 jejunatis,

190 3521 356 3576 nolite
381 3523 496 3590 ﬁeri
519 3525 650 3579 sicut
670 3526 951 3600 hypocrin
977 3533 1150 3588 tristes
1171 3533 1386 3605 (Matth.
1420 3554 1492 3607 v1,
1528 3540 1638 3611 16).
1675 3542 1799 3599 Ideo

189 3613 330 3667 dixit
353 3614 686 3687 hypocritas,
720 3636 788 3677 eo
805 3615 946 3694 quo‘d
978 3626 1321 3685 simulatione
1351 3631 1581 3687 alienam
1613 3649 1800 3704 perso-

192 3724 322 3764 nam
346 3710 590 3780 induant;
621 3714 764 3770 sicut
805 3719 860 3772 in
889 3733 1052 3775 scena
1081 3722 1172 3792 qui
1232 3725 1523 3794 tragoedias
1573 3738 1796 3798 canunt,

194 3815 299 3870 pro
344 3817 534 3858 eorum
567 3806 729 3862 dictis
771 3825 1001 3878 quorum
1056 3828 1319 3884 personas
1347 3827 1573 3888 gerunt,
1620 3830 1800 3877 motus

191 3907 326 3948 suos
357 3896 620 3964 excitant,
665 3907 725 3951 ut
777 3910 867 3954 aut
897 3901 1226 3973 irascantur,
1253 3917 1346 3962 aut
1388 3920 1676 3980 moneant,
1709 3913 1799 3968 vel

192 3985 495 4041 exsultent.
524 3987 796 4045 All'ectant
825 3993 969 4047 enim
997 3994 1107 4061 isti,
1140 4006 1200 4051 ut
1223 3998 1471 4069 jejunare
1493 4001 1796 4066 videantur.

197 4075 515 4133 hominibus
543 4083 714 4152 magis
745 4098 906 4154 quam
938 4086 1048 4142 Deo
1073 4089 1358 4159 cupientes
1384 4093 1624 4164 probari,
1656 4097 1798 4166 quod

197 4165 470 4224 faciebant
489 4169 699 4227 Judzei.‘

205 4261 208 4264 ’
271 4262 363 4317 56.
408 4263 478 4319 Et
499 4265 620 4321 ideo
667 4269 822 4326 nobis
849 4270 1082 4329 dicitur:
1121 4273 1220 4330 Vos
1251 4287 1421 4332 autem
1449 4296 1564 4335 cum
1585 4285 1802 4358 jejuna-

200 4357 288 4421 tis,
317 4357 496 4428 ungitc
520 4370 674 4432 caput
699 4372 952 4432 vestrum,
983 4367 1236 4436 etfaciem
1273 4380 1492 4426 uestram
1521 4374 1708 4442 lavate,
1738 4392 1801 4430 ne

200 4450 423 4519 parcatis
452 4451 745 4509 hominibus
768 4457 888 4527 quia
918 4459 1192 4531 jejunatis,
1224 4463 1316 4517 sed
1345 4463 1495 4519 Patri
1520 4476 1684 4522 uestro
1712 4469 1802 4538 qui

203 4549 276 4594 est
304 4542 360 4595 in
403 4542 704 4601 abscondito
728 4564 748 4602 :
778 4558 825 4604 et
855 4549 1016 4606 Pater
1035 4564 1196 4609 uester
1219 4558 1307 4626 qui
1333 4559 1467 4613 uidet
1498 4561 1550 4616 in
1583 4561 1800 4616 abscon-

1903 3345 2100 3399 tacitus
2130 3361 2312 3423 sermo
2358 3351 2576 3424 mentis,
2608 3365 2730 3408 cum
2783 3363 2876 3408 aut
2932 3363 3156 3424 peccato
3185 3357 3507 3428 compungi-

1903 3452 2046 3500 mur,
2074 3448 2167 3493 aut
2199 3441 2506 3511 integritate
2532 3443 2800 3499 lrctamur.
2827 3445 2946 3500 Noli
2985 3448 3123 3502 hanc
3140 3450 3508 3508 exterminare

1904 3528 2118 3596 faciem,
2155 3532 2267 3584 lava
2307 3533 2477 3598 illam,
2540 3545 2593 3592 et
2637 3553 2851 3593 omnem
2885 3540 3102 3596 sordem
3155 3543 3507 3599 conscientia:

1904 3632 2007 3679 tuac
2048 3625 2214 3682 dilue.
2251 3627 2808 3690 Exterminatfaciem
2843 3652 2998 3690 suam
3047 3638 3136 3710 qui
3165 3639 3306 3695 aliud
3337 3640 3503 3696 corde

1901 3720 2075 3790 gerit,
2105 3723 2250 3777 aliud
2307 3725 2436 3780 foris
2470 3728 2782 3796 prmtendit.
2834 3730 2950 3786 Non
3002 3749 3100 3787 nos
3149 3735 3294 3788 velut
3343 3733 3501 3807 547

1901 3811 2136 3882 quodam
2169 3815 2590 3886 peripetasmate
2634 3820 3025 3891 operiamus“:
3058 3826 3200 3895 quod
3232 3828 3374 3882 intus
3400 3839 3508 3896 est,

1902 3905 2035 3962 foris
2058 3909 2271 3963 luceat:
2303 3913 2446 3980 quod
2481 3912 2613 3969 foris
2642 3925 2744 3982 est,
2780 3916 2930 3973 intus
2951 3929 3226 3989 operetur.
3251 3919 3422 3976 Nemo
3453 3922 3506 3977 in

1899 4000 2105 4071 jejunio
2131 4004 2344 4075 culpam
2367 4005 2626 4076 includat,
2654 4026 2789 4080 pure
2819 4011 2960 4068 ferat
2997 4014 3384 4071 innocentiam.
3415 4016 3508 4074 Jc-

1899 4093 2110 4164 junium
2150 4100 2294 4153 enim
2322 4101 2500 4172 culpa!
2523 4102 2954 4160 interfectorium
2980 4115 3083 4162 est.

2519 4234 2749 4298 CAPUT
2787 4238 2881 4295 Xl.

1901 4344 2106 4415 Ieiunia“
2135 4348 2296 4405 virtus
2323 4350 2636 4405 amariorutn
2681 4352 2919 4422 exemplo
2948 4353 3265 4419 illustratur,
3317 4365 3362 4411 et
3390 4374 3508 4414 esca

1975 4440 2092 4496 licet
2121 4441 2308 4508 dulcis,
2342 4458 2493 4506 quant
2517 4445 2675 4500 noxia
2715 4445 2800 4512 sit,
2833 4443 2980 4504 Esau
3006 4456 3054 4501 et
3079 4446 3243 4503 Jacob
3291 4448 3510 4506 historia

1919 4533 1925 4542 ’
1973 4536 2300 4603 ostenditur;
2338 4548 2445 4594 tum
2484 4539 2717 4609 sequitur
2745 4541 3038 4599 exhortatio
3089 4544 3157 4597 ad
3199 4546 3510 4615 jactantiam

204 4635 329 4702 dita,
372 4637 548 4692 reddet
593 4641 734 4696 vobis
761 4643 782 4713 (
800 4641 964 4710 Ibid.,
995 4647 1062 4703 17
1092 4657 1140 4703 et
1165 4647 1279 4720 18).
1329 4652 1466 4718 Quid
1494 4664 1578 4710 est
1613 4654 1802 4732 Ungite
1829 4647 1880 4707 Ι)
1977 4626 2032 4680 θη
2052 4628 2260 4700 jejunio
2287 4628 2675 4690 declinandam.

206 4736 359 4796 caput
403 4735 661 4787 vestrum?
688 4733 794 4790 Sed
817 4745 872 4792 et
899 4738 1160 4796 luxuriosi
1189 4742 1409 4799 dicunt:
1434 4745 1574 4802 Vino
1604 4758 1659 4804 et
1701 4767 1801 4805 un-

206 4823 419 4892 guentis
463 4841 563 4882 nos
609 4829 937 4899 repleamus.
969 4831 1257 4905 Unguento
1285 4841 1430 4900 enim
1465 4856 1525 4896 se
1557 4853 1797 4914 ungunt,

207 4911 234 4952 ι’
263 4917 352 4985 qui
383 4921 634 4988 corporei
663 4922 848 4979 odoris
874 4927 1103 4997 gratiam
1137 4939 1412 5000 quierunt.
1445 4933 1551 4990 Sed
1584 4911 1670 4990 illa
1705 4952 1806 4991 un-

211 5019 403 5079 guenta
426 5012 663 5072 libidinis
694 5016 1004 5077 illecebram
1028 5038 1247 5080 movere
1269 5037 1622 5085 consuerunt.
1648 5033 1808 5090 Aliud

217 5143 296 5228 gia
347 5146 783 5239 dig.nus.epdem
848 5173 1192 5239 sacramento
1248 5163 1442 5239 fuisset
1489 5168 1794 5239 judicatus,

219 5223 388 5299 ipsum
432 5223 491 5299 in_
529 5223 804 5288 electorum
834 5231 1076 5288 ordinem
1101 5234 1426 5294 referebant.
1454 5223 1794 5299 sunt—etiam

212 5289 294 5370 qui
325 5294 744 5378 catechumenos
769 5299 890 5356 aliis
944 5289 1640 5378 nominihu—s‘wreccnseant;
1677 5315 1797 5371 illos

212 5361 466 5453 siquidem
490 5368 778 5453 audientes,
809 5361 1794 5453 genuﬂectentes,isubslratosjelectos:

213 5444 542 5524 Qntpst'entes
569 5443 892 5524 ’πρε-11³3).
941 5443 1073 5502 Vide
1102 5451 1168 5524 __s_i
1208 5443 1359 5507 lubet
1405 5443 1684 5524 Albaspitt.
1742 5443 1794 5512 ni

214 5500 762 5594 0p_tL_1_unev._tuééph
801 5500 1074 5594 Viceco‘m.
1101 5500 1192 5574 lib.
1216 5500 1792 5594 ἰῖξὲὶιιὶ.“ἑξ“έῖ’ὶὶἱίοξῖ

283 5584 309 5612 ⁸
336 5577 460 5633 Mss.
491 5577 737 5666 aliquot,
789 5589 924 5666 quia.
955 5589 1128 5642 abdita
1151 5577 1350 5666 probat.
1380 5577 1541 5652 rEdil.

219 5647 362 5735 Era,
412 5653 534 5735 quia
565 5647 756 5735 trientes
802 5647 1005 5724 abditas
1048 5647 1795 5735 probata

219 5729 371 5788 atque
396 5721 527 5778 edit.
564 5725 693 5778 utin
742 5736 911 5784 textu.

284 5789 310 5828 δ
341 5793 481 5848 Edit.
525 5809 750 5878 omnes,
782 5801 891 5884 _qtti
927 5803 1132 5884 corpori
1175 5805 1362 5880 odoris.
1413 5810 1618 5884 Contra
1667 5829 1800 5870 mss.

221 5876 424 5935 omnes,
446 5865 537 5937 qui
561 5869 793 5940 corporei
810 5865 1029 5942 'odoris,‘
1049 5883 1155 5930 etc.

1980 4736 2070 4792 58.
2111 4737 2283 4795 Nemo
2329 4743 2690 4799 amarioribus
2746 4743 2923 4802 dulcia
2983 4756 3268 4819 pramptet.
3323 4749 3505 4804 Dulcis

1911 4831 2162 4903 voluptas
2209 4834 2442 4902 videtur,
2493 4853 2737 4894 amarum
2773 4840 3061 4910 jejunium.
3097 4843 3208 4897 Hoc
3235 4859 3419 4897 amaro
3447 4844 3510 4896 il-

1913 4924 2004 4979 lud
2052 4926 2212 4982 dulce
2260 4929 2499 4984 tollatur.
2530 4931 2720 4990 Solent
2773 4948 2954 4989 amara
2995 4935 3157 4990 etiam
3213 4933 3346 4996 ipsis
3391 4936 3510 5004 plus

1915 5017 2174 5087 prodesse
2225 5023 2564 5092 corporibus.
2626 5024 2780 5081 Sicut
2825 5027 2971 5082 enim
3017 5042 3140 5081 cum
3199 5025 3252 5080 in
3304 5027 3509 5084 intimis

1977 5191 1998 5219 ε
2028 5179 2125 5264 Hic
2171 5182 2413 5240 innuitur
2464 5187 2836 5264 cautissimum
2893 5187 3024 5243 illud
3077 5189 3352 5264 silentium
3398 5210 3536 5264 quo

1897 5255 2070 5330 sancti
2103 5263 2287 5330 patres
2307 5261 2559 5330 mysteria
2585 5260 2854 5330 quaedam,
2883 5274 2946 5312 ao
2974 5261 3250 5330 praecipue
3307 5255 3505 5320 eucha-

1899 5322 2068 5379 ristiae
2135 5322 2497 5397 cognitionem
2561 5322 2991 5386 catechumenos
3039 5322 3219 5388 celare
3270 5349 3501 5411 consue-

1901 5406 2110 5449 verant.

1972 5463 1999 5502 ἀ
2025 5467 2299 5553 νεῑ.“θ(1ἰι.
2321 5473 2644 5553 cum_t_t'ihus
2674 5473 3081 5553 mss.,.quadarn
3101 5473 3361 5545 impietate
3382 5497 3504 5553 ope-

1899 5536 2298 5615 riamus.gIlom.
2323 5554 2375 5598 et
2393 5543 2506 5615 galii
2539 5559 2695 5606 mss.,
2717 5536 2940 5615 quodam
2961 5536 3371 5615 peripetasmate,
3402 5536 3502 5609 hoc

1905 5620 2009 5672 eat,
2061 5612 2344 5686 velamine.
2389 5613 2598 5668 Rursus
2650 5614 2739 5686 ubi
2779 5613 2935 5677 edit.,
2962 5612 3209 5686 praeferat
3258 5612 3505 5678 innocen-

1909 5681 2149 5736 tiam.....
2171 5684 2476 5762 interfector_
2490 5694 2563 5737 est
2583 5727 2596 5751 ,
2626 5684 2807 5762 plures
2829 5698 2897 5762 ac
2923 5681 3258 5762 probatiores
3282 5691 3506 5762 habent,

1911 5768 2038 5832 pure
2058 5757 2195 5836 [erat
2218 5754 2654 5810 innocentiam...
2679 5754 3086 5824 interfecturam
3105 5767 3196 5822 est.
3214 5762 3342 5820 Mss.
3375 5754 3507 5836 duo,

1912 5823 2201 5894 interfectio
2233 5837 2325 5880 est.
