4066 6360
675 270 775 327 7H

2006 268 2257 327 SANCTI
2293 268 2621 327 AHBROSII
3834 280 3896 336 712

676 404 969 462 puerorum
998 386 1293 445 visceribus
1320 398 1531 442 vermes
1560 401 1625 443 ex
1655 386 1759 443 cibi
1786 386 2144 457 indigestione
2167 403 2286 442 na-—
2312 388 2364 450 Α
2389 386 2490 440 sibi
2522 386 2795 449 videntur.
2841 394 2895 443 et
2932 385 3255 443 exercitibus
3287 384 3586 455 imperare.
3616 386 3757 443 Fiunt
3778 389 3896 447 ebrie-

673 470 923 549 scuutur,
950 483 1213 554 exstingui
1248 496 1351 537 non
1385 490 1589 552 queunt
1617 480 1719 536 nisi
1750 496 1870 536 cum
1902 482 2138 536 amarior
2172 497 2268 549 po-

676 587 764 635 tus
805 576 1125 639 infunditur.
1181 585 1275 631 aut
1304 575 1824 630 medicamentorum
1879 574 1963 628 vis
2016 573 2274 637 inolescit

670 671 938 741 asperior,
952 685 1180 741 quorum
1196 667 1363 723 odore
1386 669 1703 723 moriantur:
1728 672 1796 721 ita
1811 665 2139 738 profundum
2156 664 2272 720 ani-

669 780 773 819 mee
796 764 966 817 virtus
984 763 1225 832 ingressa
1247 760 1435 832 jejunii
1468 760 1683 830 culpant
1709 760 1965 815 latentem
1991 757 2265 814 interficit.

737 855 827 911 39.
870 854 1010 924 Quid
1038 854 1181 909 Esau
1227 869 1445 910 servum
1491 853 1641 907 fratri
1694 868 1794 908 suo
1854 851 2021 907 fecit?
2076 850 2270 906 Nonne

665 964 790 1006 esca
832 949 899 1003 ad
943 947 1131 1003 horam
1161 946 1359 1012 dulcis,
1415 962 1598 1001 amara
1650 945 1704 1000 in
1761 945 2075 1016 posterum?
2129 942 2269 1011 Quid

660 1039 829 1097 Jacob
854 1040 1131 1096 dominum
1170 1038 1325 1095 fratri
1348 1038 1532 1094 dedit?
1560 1037 1753 1094 Nonne
1782 1048 2133 1107 contemptus
2160 1036 2267 1092 cibi

661 1134 728 1190 ad
759 1142 975 1205 tempus
996 1133 1254 1200 amarior,
1283 1132 1380 1189 sed
1402 1132 1635 1187 salubris
1679 1131 1733 1187 in
1790 1130 2091 1202 reliquum?
2147 1129 2267 1199 Ipsa

663 1243 897 1298 corpora
958 1227 1210 1283 dulcibus
1279 1226 1594 1298 frequenter
1650 1225 1937 1297 inﬂantur,
1997 1235 2052 1280 et
2105 1225 2267 1280 melle

655 1322 811 1395 jecur
852 1322 1107 1389 tenditur;
1128 1321 1273 1377 idem
1296 1329 1476 1376 tamen
1496 1336 1637 1376 esca:
1663 1318 2024 1374 amaritudine
2056 1327 2267 1388 tempe-

661 1427 835 1470 ratur.
869 1414 994 1470 ldco
1028 1430 1135 1469 non
1176 1413 1493 1479 mediocris,
1528 1412 1622 1468 sed
1655 1411 1864 1467 laudata
1894 1412 2155 1481 quaestio:
2188 1410 2267 1465 De

661 1511 1004 1562 manducante
1028 1506 1180 1561 exivit
1204 1522 1319 1561 esca
1338 1546 1353 1569 ,
1390 1514 1415 1543 α
1444 1516 1489 1560 et
1511 1505 1574 1559 de
1598 1507 1722 1577 forti
1752 1504 1904 1558 dulce
1925 1502 2126 1574 (Judic.
2152 1521 2259 1572 xxv,

663 1599 777 1670 M).
803 1600 910 1657 Alii
941 1602 1141 1657 habent
1172 1619 1186 1656 :
1213 1599 1280 1654 Et
1331 1601 1395 1654 de
1446 1601 1579 1655 tristi
1623 1599 1813 1666 dulce;
1841 1598 2015 1655 Graeci
2048 1600 2265 1655 codices

660 1694 915 1749 maxime.
948 1692 1054 1749 Sed
1075 1704 1129 1749 et
1156 1693 1294 1750 forte
1314 1692 1645 1750 laboriosum
1662 1702 1775 1759 est;
1801 1692 1913 1749 exit
1938 1694 2081 1749 enim
2106 1692 2265 1749 dulce

659 1782 730 1841 de
766 1784 986 1857 tristitia
1006 1785 1089 1842 vel
1128 1785 1333 1842 labore.
1434 1774 1449 1793 ⁸

730 1876 823 1934 40.
864 1877 982 1934 Noli
1014 1894 1142 1950 ergo
1164 1888 1215 1933 te
1233 1880 1439 1950 jactare
1466 1893 1587 1934 cum
1615 1878 1851 1950 jejunas,
1879 1878 1989 1934 noli
2014 1878 2259 1950 gloriari,

660 1986 730 2027 ne
752 1970 884 2027 nihil
908 1971 1001 2029 tibi
1021 1971 1193 2042 prosit
1215 1972 1503 2041 jejunium.
1532 1972 1664 2041 Quae
1684 1973 1829 2029 enim
1853 1972 1918 2027 ad
1934 1972 2257 2027 ostentatio-

658 2077 783 2119 nem
810 2063 962 2132 liunt,
998 2080 1104 2120 non
1131 2065 1183 2119 in
1214 2064 1456 2121 futurum
1490 2066 1723 2122 fructum
1755 2066 2053 2122 extendent
2079 2082 2258 2134 suum;

656 2155 751 2211 sed
774 2157 1123 2227 praesentium
1150 2158 1402 2215 mercede
1431 2168 1781 2215 Consumunt.
1817 2159 1958 2214 Elias
1988 2158 2040 2214 in
2069 2159 2257 2214 deser-

655 2256 712 2305 to
743 2259 879 2320 erat,
907 2266 976 2308 ne
1014 2251 1135 2321 quis
1160 2266 1286 2307 eum
1332 2251 1667 2322 jejunantem
1720 2251 1967 2317 videret,
2011 2252 2117 2307 nisi
2157 2250 2259 2305 soli

649 2344 801 2399 corvi
845 2344 935 2415 qui
984 2360 1110 2401 eum
1154 2351 1466 2414 pascerent.
1501 2345 1723 2400 Elisaus
1776 2345 1831 2398 in
1860 2343 2078 2399 deserto
2116 2352 2255 2407 erat,

650 2438 741 2494 ubi
788 2455 894 2495 non
943 2439 1281 2496 inveniretur
1339 2456 1487 2507 esca,
1538 2440 1641 2495 nisi
1675 2454 1881 2495 amara.
1935 2439 2172 2494 Joannes
2203 2438 2256 2493 in

650 2531 871 2589 deserto
910 2543 1049 2599 erat,
1092 2534 1182 2589 ubi
1215 2534 1621 2589 sulaslucustas
1667 2546 1720 2589 et
1743 2533 1851 2588 mel
1895 2532 2148 2587 silvestre
2172 2532 2254 2587 in-

647 2626 877 2682 veniret.
906 2625 1288 2697 Jejunantibus
1312 2627 1501 2696 epulae
1520 2627 1610 2698 pio
1648 2626 1972 2697 angelorum
2005 2624 2255 2680 ministe-

644 2719 730 2773 rio
758 2716 1164 2774 deferebantur.
1205 2718 1507 2775 Prandebat
1549 2719 1739 2775 Daniel
1769 2718 1911 2775 inter
1946 2718 2256 2790 jejunantes

644 2808 852 2866 leones.
880 2811 977 2868 Ille
1018 2811 1317 2882 prandebat
1340 2813 1576 2868 alienum
1607 2812 1917 2885 prandium,
1967 2813 2096 2867 fera:
2146 2828 2252 2867 non

641 2902 936 2974 tangebant
980 2919 1160 2960 suum.
1191 2903 1571 2973 Jejunantibus
1636 2905 1809 2976 epulae
1838 2904 2053 2969 volant.
2095 2920 2255 2973 pran-

639 2993 893 3051 dentibus
938 2996 1105 3066 pedes
1155 2996 1452 3053 vacillant:
1508 2997 1887 3070 jejuuautibus
1934 3012 2133 3051 manna
2184 2994 2254 3051 dc

636 3089 779 3146 caelo
828 3088 1146 3158 descendit,
1176 3090 1523 3163 epulantibus
1571 3092 1729 3163 culpa
1783 3088 2253 3163 pravaricationis

636 3184 904 3241 ascendit.

1246 3325 1475 3383 CAPUT
1513 3324 1630 3381 XII.

639 3437 1087 3506 Quemadmodum
1122 3441 1177 3496 in
1222 3459 1372 3497 omne
1417 3441 1617 3510 facinus
1668 3439 1949 3513 prwcipitet
1990 3438 2239 3492 ebrietas:

705 3549 959 3605 quamque
987 3536 1082 3590 illa
1106 3535 1327 3589 ridicula
1355 3536 1422 3589 sit
1449 3543 1495 3589 et
1528 3534 1715 3587 odiosa
1738 3574 1752 3596 ,
1797 3532 2019 3605 eleganti
2050 3530 2244 3584 descri-

705 3627 883 3697 ptione
926 3629 1218 3701 exponitur.
1248 3628 1376 3683 Post
1421 3643 1537 3699 qua:
1560 3626 1814 3681 nonnulla
1866 3627 1931 3679 de
1975 3624 2241 3679 luxuriosa

710 3719 1034 3777 adolescente
1061 3720 1131 3775 ad
1154 3720 1539 3792 pltilosOphiam
1567 3735 1810 3775 converso
1840 3719 2179 3791 adjiciuntur.

701 3841 792 3898 41.
834 3840 943 3899 Sed
968 3839 1097 3913 quid
1128 3849 1210 3895 est
1255 3838 1398 3894 hoc?
1450 3837 1589 3893 Dum
1641 3836 1708 3893 de
1732 3836 1942 3908 jejunio
1995 3835 2234 3907 diSpnto,

627 3937 885 4009 strepitus
909 3935 1072 3993 audio
1091 3934 1487 3991 conviviorum.
1510 3930 1625 3987 Nisi
1652 3931 1826 3998 fallor,
1854 3929 1881 3969 δ
1906 3930 1958 3984 in
1984 3944 2237 3985 sermone

626 4049 750 4089 meo
780 4032 1014 4089 redoluit
1045 4030 1348 4103 prandium.
1384 4030 1564 4086 Sonus
1582 4042 1711 4098 ergo
1741 4027 2049 4081 litterarum
2092 4025 2232 4079 invi-

600 4134 730 4189 -tat,
775 4125 1123 4196 impatientia:
1150 4123 1399 4192 exempla
1446 4137 1553 4177 non
1600 4128 1827 4175 terrent.
1880 4120 2091 4174 Etenim
2141 4120 2232 4188 qui

624 4216 987 4287 jejunantem,
1016 4229 1073 4274 et
1093 4228 1156 4272 ea
1186 4227 1209 4255 ο
1237 4232 1357 4287 qua:
1386 4214 1551 4289 548
1576 4213 1740 4283 Legis
1769 4222 1895 4269 sunt
1944 4212 2227 4277 ferentem,

626 4320 945 4379 exspectare
993 4326 1101 4366 non
1154 4325 1345 4380 passus
1392 4322 1477 4364 est
1527 4309 1800 4379 populus,
1848 4309 2035 4379 utique
2090 4307 2233 4364 sedit

627 4403 977 4471 manducare,
1019 4413 1075 4461 et
1101 4404 1309 4472 bibere,
1334 4412 1390 4459 et
1414 4414 1767 4458 surrexerunt
1819 4402 2025 4459 ludere.
2067 4403 2231 4459 Vide-

628 4512 750 4551 mus
786 4499 1127 4569 sacrilegium
1173 4500 1426 4555 ebrietati
1481 4496 1647 4554 fuisse
1690 4497 2059 4568 conjunctum.
2094 4498 2225 4553 Nam

2275 3182 2321 3247 C
2356 3207 2440 3251 tur
2484 3196 2704 3251 audires
2745 3215 2758 3251 :

2377 487 2487 537 tate
2517 480 2734 548 divites,
2759 482 2849 551 qui
2881 490 3008 537 sunt
3032 485 3258 539 veritate
3288 481 3715 550 inopes.Aurum
3738 484 3895 549 donant,

2375 570 2692 641 dispensant
2720 574 2975 644 pecunias
3010 574 3241 645 populis,
3274 574 3537 629 civitates
3560 573 3812 641 aediﬁcant,
3842 579 3897 646 qui

2376 680 2482 721 non
2516 666 2715 724 habent
2737 669 2879 725 unde
2904 671 3135 738 cauponi
3170 679 3330 739 potus
3364 670 3454 724 sui
3482 672 3718 739 corporis
3741 673 3896 737 pretium

2373 760 2603 814 solvant.
2652 761 2847 817 Fervet
2870 763 3015 818 enim
3043 764 3297 818 vinumin
3334 762 3449 827 his,
3473 772 3531 817 et
3573 763 3791 818 nesciunt
3817 766 3898 835 quid

2375 849 2681 922 loquantur.
2716 854 2924 910 Divites
2954 866 3080 909 sunt
3122 855 3249 909 dum
3289 855 3677 911 inebriantur:
3717 871 3815 910 mox
3845 859 3897 910 ali

2372 944 2554 1000 vinum
2596 946 2949 1017 digessetiut,
2980 958 3210 1004 cernunt
3235 946 3292 1005 se
3341 962 3474 1004 esse
3527 947 3796 1003 mendicos.
3829 948 3899 1005 Uno

2372 1037 2458 1094 die
2489 1039 2681 1096 bibunt
2702 1044 2991 1098 multorum
3026 1044 3233 1099 dierum
3261 1043 3510 1099 labores.

2450 1138 2541 1195 45.
2587 1138 2662 1193 De
2714 1137 2977 1193 ebrietate
3015 1138 3082 1193 ad
3125 1154 3273 1193 arma
3321 1138 3695 1208 consurgitur,
3719 1136 3897 1193 calicibus

2370 1232 2479 1288 tela
2506 1230 2825 1287 succedunt.
2850 1230 2955 1285 Pro
2983 1232 3109 1285 vino
3135 1230 3359 1300 sanguis
3390 1229 3705 1295 eﬂ‘unditur,
3726 1231 3896 1299 etipsum

2370 1328 2691 1396 Sanguinem
2722 1323 2843 1378 vina
2873 1323 3149 1379 fuderunt.
3182 1326 3357 1391 Quam
3389 1324 3564 1378 fortes
3589 1322 3688 1377 sibi
3729 1322 3897 1377 homines

2371 1417 2623 1473 videntur
2680 1417 2731 1471 in
2778 1415 2938 1483 vino,
2990 1432 3148 1487 quam
3199 1417 3508 1485 sapientes,
3560 1430 3714 1483 quam
3754 1414 3895 1477 diserti,

2369 1527 2529 1582 quam
2553 1512 2715 1566 etiam
2750 1512 2958 1581 pulchri
2998 1526 3062 1566 ac
3091 1511 3299 1578 decori,
3334 1527 3469 1567 cum
3508 1520 3653 1565 stare
3694 1525 3784 1564 non
3823 1525 3895 1577 pos-
3964 1538 3965 1597 ξ

2368 1604 2475 1660 sint
2501 1607 2514 1660 !
2551 1605 2696 1660 Mens
2727 1620 2953 1660 necesse
2980 1612 3063 1659 est
3090 1605 3307 1667 titubet,
3342 1604 3533 1675 lingua
3563 1602 3895 1668 balbutiat.pal-

2370 1697 2452 1753 lor
2481 1698 2769 1768 exsanguis
2796 1714 2889 1753 ora
2938 1696 3235 1762 suﬂ'undat,
3267 1698 3413 1753 fetor
3458 1695 3733 1751 ebrietatis
3754 1693 3895 1749 honori

2298 1788 2347 1849 B
2374 1794 2467 1848 sit.
2498 1791 2524 1830 ἀ
2555 1792 2779 1848 Barbari
2824 1794 2875 1848 in
2926 1792 3126 1849 ferrum
3168 1802 3361 1860 ruunt,
3393 1791 3595 1862 vulgus
3646 1790 3693 1844 in
3717 1789 3841 1843 rixas.
3862 1787 3893 1841 Si

2365 1890 2488 1959 quis
2516 1903 2703 1944 eorum
2741 1903 2923 1959 pugno
2951 1887 3113 1943 fuerit
3144 1901 3465 1955 percussus,
3493 1886 3675 1940 videas
3709 1896 3787 1938 ora
3819 1896 3893 1935 sau-

2365 1982 2505 2037 cium
2548 1982 2656 2036 viui
2705 1981 2971 2052 lacrymas
3023 1980 3285 2046 fundere,
3339 1977 3687 2034 miserabiles
3726 1974 3891 2044 epilogos

2363 2077 2676 2132 decantare.
2714 2075 2887 2130 liabet
2921 2091 3084 2129 unum
3115 2074 3216 2129 hoc
3242 2072 3569 2129 temulentis
3589 2114 3601 2129 .
3632 2080 3685 2124 ut
3724 2067 3892 2122 emolliat

2361 2183 2414 2228 et
2445 2172 2683 2227 resolvat
2734 2170 2898 2226 corda
2947 2170 3391 2225 temulentorum.
3454 2166 3609 2223 Sicut
3650 2163 3773 2218 enim
3804 2160 3890 2228 ignis

2362 2266 2555 2337 probat
2582 2264 2785 2319 ferrum
2809 2264 3027 2330 durum,
3052 2263 3123 2317 ita
3148 2269 3203 2315 et
3232 2262 3342 2315 vini
3391 2258 3648 2315 incendio
3676 2256 3811 2311 etiam
3834 2266 3890 2304 sn-

2362 2358 2653 2428 perburum
2680 2356 2961 2411 huminum
2990 2370 3087 2411 cor
3112 2354 3384 2425 liquescit.

2429 2449 2522 2506 44.
2565 2449 2768 2505 Omnes
2800 2450 2901 2505 sibi
2934 2448 3059 2503 vino
3098 2447 3339 2516 aequales
3367 2445 3646 2507 videntur,
3675 2440 3820 2496 nullus
3840 2438 3889 2491 in-

2358 2542 2549 2599 ferior.
2574 2543 2689 2599 Non
2715 2559 2921 2613 pauper
2948 2540 3099 2596 diviti
3121 2541 3288 2607 cedit,
3313 2548 3373 2594 ut
3402 2551 3533 2609 pote
3554 2537 3644 2608 qui
3673 2546 3885 2605 pauperem

2357 2653 2419 2693 se
2450 2651 2571 2693 esse
2626 2638 2801 2693 nescit
2836 2656 2848 2690 :
2878 2651 2985 2692 non
3039 2634 3288 2690 infirmus
3329 2634 3543 2696 valido,
3571 2631 3655 2686 cui
3696 2624 3834 2683 omnis
3852 2624 3885 2676 in

2360 2728 2597 2785 bibendo
2629 2738 2713 2784 est
2749 2728 3045 2784 fortitudo:
3074 2744 3181 2781 non
3210 2726 3502 2782 mendicus
3548 2719 3793 2791 locupleti,
3817 2729 3882 2769 non

2358 2823 2612 2894 ignobilis
2653 2822 2955 2885 honorato;
2998 2837 3119 2877 cum
3147 2820 3421 2887 bibentes,
3454 2818 3603 2874 illum
3646 2826 3797 2879 regem
3828 2807 3883 2860 lu-

2358 2915 2544 2981 beant,
2574 2916 2664 2987 qui
2715 2914 2950 2970 bibendo
2998 2912 3340 2984 superaverit
3378 2920 3629 2967 exteros.
3660 2902 3881 2964 Meritotlue

2357 3010 2616 3079 scriptum
2671 3017 2795 3063 est:
2848 3006 3097 3078 Equalis
3158 3007 3264 3061 vita
3316 3004 3614 3059 hominibus
3672 2999 3813 3052 vinum
3850 2997 3880 3041 tn

2357 3104 2597 3157 ebrietate
2620 3101 2791 3173 (Eccl.
2816 3118 2967 3168 xxxr,
2999 3101 3117 3172 52).
3152 3100 3259 3157 Sed
3290 3100 3501 3155 utinam
3531 3107 3587 3153 et
3611 3092 3737 3165 quod
3761 3084 3878 3157 Sequi-

2813 3195 2970 3252 Bibas
3009 3196 3145 3251 illud
3183 3197 3482 3263 moderate,
3539 3203 3594 3248 ut
3629 3192 3696 3246 sis
3742 3184 3879 3241 sobrius

2350 3289 2567 3365 (Ibid).
2601 3289 2718 3345 Non
2752 3290 2917 3347 habes
2959 3290 3102 3359 quod
3133 3306 3354 3346 accuses
3377 3313 3393 3343 τ
3418 3292 3605 3345 vinum
3628 3287 3676 3341 in
3696 3276 3877 3354 jucundi-

2348 3394 2457 3441 tate
2481 3397 2723 3442 creatum
2756 3397 2861 3451 est.
2894 3402 2999 3441 non
3029 3387 3082 3440 in
3112 3386 3377 3442 ebrietate
3399 3386 3469 3441 ab
3499 3384 3667 3440 initio.
3700 3372 3877 3431 Exsulta:

2347 3478 2421 3533 tio
2466 3486 2663 3533 animze
2693 3487 2748 3534 et
2795 3479 2975 3534 cordis
3005 3489 3109 3545 est,
3138 3479 3183 3532 si
3228 3478 3513 3533 moderate
3541 3473 3719 3530 bibas:
3746 3468 3875 3521 immo-

2334 3573 2553 3629 deratio
2598 3583 2779 3629 autem
2830 3581 2991 3645 potus
3019 3570 3353 3629 iracundiam
3383 3570 3644 3645 concitat,
3670 3571 3718 3620 et
3749 3557 3873 3615 ruinas

2344 3668 2543 3722 multas
2568 3667 2755 3722 efficit.

2411 3761 2503 3816 45.
2543 3762 2648 3818 Sed
2672 3763 2813 3820 forte
2835 3763 3019 3821 dicant
3047 3766 3144 3821 has
3170 3780 3291 3821 esse
3309 3766 3622 3837 potationes
3642 3749 3869 3826 vulgarium

2341 3863 2397 3912 et
2428 3855 2828 3912 levissimorum
2881 3858 3186 3914 hominum.
3224 3859 3526 3915 Veniamus
3552 3872 3675 3927 ergo
3712 3848 3766 3903 ad
3810 3842 3872 3895 ¹¹⁰“

2339 3964 2455 4003 rum
2498 3949 2798 4020 potentium
2831 3962 2883 4006 et
2931 3951 3355 4008 fortissimorum
3402 3953 3667 4008 convivia.
3696 3941 3869 4003 Nonei"

2338 4042 2426 4096 hic
2473 4051 2839 4113 unguentatos
2870 4043 3307 4099 adolescentulos
3334 4053 3428 4099 aut
3470 4046 3745 4101 coronatos
3775 4022 3867 4083 rosis

2337 4137 2629 4206 proferam,
2665 4147 2687 4174 ο
2717 4138 2931 4209 qualem
2964 4137 3143 4193 ferunt
3172 4138 3319 4193 illum
3352 4138 3519 4194 fuisse
3542 4135 3630 4208 qui
3660 4126 3866 4185 delibutus

2336 4232 2643 4301 unguentis,
2670 4230 2955 4287 redimitus
2971 4232 3219 4296 ﬂoribus,
3250 4232 3518 4286 subnixus
3534 4215 3862 4284 meretricibus.

2333 4326 2655 4380 antelucano
2682 4335 2810 4396 potu
2843 4326 3054 4392 ebrius,
3082 4335 3137 4382 et
3166 4326 3364 4381 diurno
3379 4336 3659 4380 cereorunt
3697 4307 3864 4375 comm‘

2335 4428 2420 4475 tus
2440 4419 2672 4487 lumine,
2700 4420 3004 4492 philospphi
3028 4421 3353 4476 auditorium
3377 4415 3693 4491 disputantis
3713 4412 3865 4492 insi?“

2333 4525 2425 4565 sus
2461 4511 2551 4566 sit.
2576 4512 2695 4580 Quo
2724 4513 2929 4580 audito,
2970 4530 3224 4581 coronas,
3273 4524 3333 4569 ut
3380 4515 3555 4579 aiunt,
3592 4504 3768 4564 sensim
3798 4491 3863 4546 de‘

625 4589 765 4645 sicut
809 4600 980 4647 mater
1037 4592 1162 4647 lidei
1220 4591 1599 4647 continentia:
1646 4591 1717 4646 ita
1766 4591 2008 4662 perfidiae
2056 4604 2230 4649 mater
2258 4581 2310 4643 D
2336 4605 2595 4669 traxerit.
2650 4619 2915 4678 υηευεηιδ
2944 4607 3262 4671 deterserit,
3302 4607 3498 4662 sem-iis
3528 4602 3644 4659 vale
3680 4584 3862 4651 disetili

624 4684 863 4741 ebrietas
900 4694 1004 4742 est.
1057 4686 1115 4741 In
1145 4685 1287 4757 quod
1337 4685 1546 4741 facinus
1599 4702 1705 4741 nun
1739 4686 1840 4740 ista
1892 4686 2228 4756 praecipitat?

701 4786 793 4841 42.
836 4782 1041 4842 Sedent
1070 4782 1126 4837 in
1156 4780 1360 4836 foribus
1407 4783 1751 4836 tabernarum
1798 4781 2046 4835 homines
2086 4783 2227 4836 tuni-

622 4896 740 4939 cam
772 4881 879 4936 no‘n
912 4877 1201 4943 habentes,
1234 4888 1336 4930 nec
1378 4885 1651 4945 sumptum
1684 4875 1962 4945 sequentis
1985 4873 2114 4930 diei.
2151 4875 2226 4931 De

620 4974 1039 5049 imperatoribus
1054 4982 1110 5029 et
1140 4968 1495 5043 potestatibus
1518 4968 1782 5039 judicant;
1800 4970 1967 5025 immo
1996 4984 2227 5040 regnare

693 5151 721 5180 ει
746 5139 892 5196 Edit.
916 5152 1126 5195 omnes.
1152 5136 1215 5189 de
1236 5134 1356 5205 forti
1384 5132 1624 5205 dulcedo.
1643 5132 1797 5205 Mss.,
1820 5132 1885 5186 de
1904 5133 2026 5205 forti
2044 5132 2217 5188 dulce.

620 5212 694 5269 Ita
722 5213 888 5268 etiam
914 5211 1009 5266 lib.
1042 5210 1111 5264 de
1136 5203 1309 5264 Tohia
1337 5221 1456 5275 cap.
1479 5204 1547 5259 15
1566 5246 1580 5267 ,
1624 5204 1714 5258 ubi
1754 5204 1905 5258 locus
1931 5203 2020 5259 hic
2041 5204 2219 5259 adhuc

619 5286 792 5351 magis
844 5282 1130 5354 perSpiitue
1184 5278 1504 5354 exulicatur.
1558 5276 1716 5354 Quod
1773 5287 1952 5329 autem
2002 5277 2213 5354 subdit,

617 5347 783 5411 sedi-et
824 5347 1109 5426 forte,etc.
1138 5366 1356 5426 sensum
1388 5352 1542 5426 hune
1561 5348 1743 5426 habet,
1777 5362 1970 5417 nempe
2016 5347 2215 5402 animal

616 5429 754 5484 forte
781 5419 846 5480 ac
866 5430 1145 5481 robustum
1173 5423 1307 5477 solet
1330 5438 1450 5477 esse
1475 5419 1828 5475 lahuriusum.

688 5498 717 5537 δ
749 5499 841 5555 Sic
874 5513 1005 5552 mss.
1035 5494 1277 5566 plerique
1303 5508 1515 5548 omnes.
1542 5492 1612 5547 At
1637 5490 1772 5566 edit.
1821 5499 1933 5544 tum
1976 5490 2215 5566 antiqua:

619 5578 729 5624 tum
763 5569 919 5623 Rom.
942 5610 960 5635 ,
987 5563 1112 5623 dum
1140 5568 1195 5622 in
1216 5582 1447 5621 sermone
1474 5582 1585 5619 meo
1612 5563 1843 5633 disputo,
1873 5577 2039 5616 meum
2066 5563 2221 5617 redo-

618 5642 713 5694 luit
735 5641 1032 5709 prandium.

692 5705 888 5784 {Quis
917 5710 1069 5784 Legis
1093 5721 1232 5784 sunt,
1247 5711 1495 5784 hocpest,
1526 5708 1714 5768 decem
1752 5715 2025 5781 praecepta
2047 5705 2217 5778 digito

620 5780 717 5840 Dei
746 5781 944 5838 tabulis
965 5780 1223 5854 inscripta
1246 5781 1493 5854 lapideis.

2336 4698 2690 4769 philosophus
2714 4713 2899 4772 postea
2933 4714 3114 4758 tantus
3131 4703 3385 4769 evaserit,
3415 4712 3472 4758 ut
3492 4708 3635 4759 esset
3659 4686 3862 4779 εοῙπίθίξΫ

2331 4792 2399 4847 ίίε
2425 4792 2589 4867 549
2616 4798 2946 4868 exemplum.
2996 4798 3088 4868 qui
3130 4796 3301 4851 fuerat
3327 4807 3458 4849 ante
3477 4786 3740 4852 ebrietatis
3762 4772 3864 4832 ludiv

2329 4884 2525 4941 brium.
2551 4886 2667 4943 Non
2700 4887 2719 4927 ί
2766 4891 2908 4944 enim
2950 4906 3115 4945 unum
3147 4888 3492 4946 emendatum
3535 4886 3635 4944 illis
3676 4869 3859 4933 invideo;

2329 4986 2389 5031 ut
2412 4975 2635 5034 doceam
2658 4995 2830 5051 genus
2842 4997 3031 5038 eorum
3062 4982 3290 5038 luxuria:
3307 4997 3337 5036 a
3370 4996 3460 5039 me
3484 4995 3587 5036 non
3607 4985 3716 5032 esse
3736 4963 3863 5020 simu-

2395 5138 2422 5178 ἀ
2461 5142 2707 5217 Ρμαιιπθ
2739 5146 2885 5201 inter
2906 5147 3093 5217 epulas
3126 5146 3426 5217 pratsertim
3474 5140 3748 5203 Thracibus
3772 5133 3860 5183 ηιοθ

2321 5224 2458 5270 erat.
2496 5215 2644 5272 Unde
2673 5218 2869 5285 legitur
2890 5215 3031 5289 apud
3056 5215 3331 5276 Horatium
3351 5262 3367 5286 ,
3397 5220 3511 5277 Ode
3540 5219 3627 5274 27.

2569 5337 2709 5401 Natis
2724 5338 2771 5387 in
2794 5352 2935 5389 usum
2958 5338 3142 5390 letitlaa
3162 5340 3357 5401 scvphls

2569 5399 2801 5462 Pugnare
2826 5401 3067 5452 Thracum
3091 5412 3184 5455 est.
3208 5399 3386 5454 Tollite
3412 5402 3662 5452 barbarum

2573 5461 2777 5525 Moram,
2803 5472 2903 5513 etc.

2394 5588 2419 5614 ε’
2454 5577 2721 5648 Diogenes
2754 5578 2997 5634 Laertius
3030 5579 3123 5634 lib.
3150 5595 3223 5645 tv,
3258 5580 3309 5634 in
3344 5579 3627 5635 Polemone
3643 5615 3670 5648 ._
3691 5552 3857 5648 Ιιῖεθέίξ

2318 5649 2510 5705 eodem
2540 5637 2868 5721 philosopho
2907 5651 2960 5706 in
3004 5637 3247 5707 scholam
3300 5651 3617 5709 Xenocratis
3658 5637 3854 5711 ἱηΒΓ⁰τ⁵⁵⁰

2467 5742 2607 5775 "Tal.

2486 5742 2497 5769 ι
2592 5761 2607 5775 ο

2320 5732 2757 5865 "’3"Wi.'edit..
2782 5793 2908 5852 Non
2936 5798 3071 5853 enim
3097 5797 3418 5855 emendatum
3437 5796 3544 5853 illis
3567 5786 3765 5850 invideo?
3786 5770 3857 5825 ’ω’
