4066 6360
675 323 780 380 713

2006 313 2250 372 SANCTI
2293 311 2612 372 AMBROSII
3833 313 3902 370 ili

743 437 834 494 50.
884 433 1260 504 Spectacnlum
1306 429 1456 487 triste
1496 429 1930 486 Christianorum
1975 431 2179 495 oculis,
2217 439 2272 486 et
2297 433 2352 494 Α
2447 427 2536 483 52.
2569 425 2742 482 Etiam
2771 426 2944 496 major
2973 425 3054 480 vis
3091 425 3235 492 vini,
3269 437 3436 496 quam
3467 423 3660 480 veneni
3681 433 3772 481 est.
3793 424 3907 482 Deni-

675 529 1002 587 miserabilis
1042 527 1269 597 species.
1309 523 1513 581 Cernas
1557 525 1782 592 juvenes
1831 521 2106 579 terribiles
2151 521 2268 576 visu

679 625 921 680 ltOstibus
949 621 1019 678 de
1056 619 1308 678 convivio
1351 619 1552 688 portari
1587 617 1764 678 foras,
1798 625 1853 672 et
1879 615 2005 670 inde
2042 613 2108 669 ad
2139 629 2272 670 con-

673 715 872 770 vivium
906 713 1201 783 reportari,
1223 711 1416 780 repleri
1449 709 1876 776 utexhaut-iant,
1910 719 1965 764 et
1995 707 2270 763 exhauriri

673 815 730 862 ut
770 807 974 860 bibam.
1005 805 1064 862 Si
1106 805 1224 876 quis
1255 803 1610 860 verecundior
1657 803 1850 866 fuerit,
1883 811 1945 858 ut
1985 801 2272 858 erubescat

669 915 926 972 surgere;
963 914 1084 954 cum
1121 898 1232 968 jam
1285 896 1676 952 immoderatos
1729 905 1888 964 potus
1935 903 2122 950 tenere
2163 909 2268 949 non

669 992 872 1066 poSsil,
901 991 1161 1048 anhelare
1203 989 1611 1055 vehementius,
1647 987 1876 1052 sudare,
1918 1001 2159 1058 gemere,
2199 987 2272 1041 si-

665 1087 784 1160 gnis
809 1087 1056 1157 prodere,
1088 1085 1232 1158 quod
1255 1084 1454 1154 pudeat
1479 1083 1746 1138 confiteri.
1781 1081 1856 1136 lbi
1893 1081 2270 1150 unusquisque

668 1197 874 1254 pugnas
905 1191 1122 1236 enarrat
1144 1194 1271 1234 suas
1292 1220 1308 1246 ,
1343 1179 1412 1233 ibi
1441 1177 1601 1232 fortia
1649 1175 1782 1230 facta
1815 1175 2110 1245 praedicant
2135 1189 2230 1228 sua
2251 1216 2266 1242 ,

668 1287 888 1334 narrant
937 1286 1140 1345 trOpma
1193 1274 1322 1328 vino
1377 1271 1612 1338 madidi,
1663 1279 1718 1325 et
1767 1268 2090 1325 somnolenti
2149 1281 2270 1322 nes-

663 1375 811 1430 ciunt
858 1379 1078 1434 mente,
1111 1367 1242 1440 quid
1297 1365 1474 1437 lingua
1531 1363 1830 1436 proferant.
1889 1361 2270 1432 Unusquisque

665 1466 847 1522 stertit
869 1472 926 1520 et
949 1472 1128 1534 potat,
1158 1460 1356 1516 dormit
1385 1467 1439 1514 et
1469 1459 1721 1524 dimicat;
1751 1466 1806 1513 et
1833 1457 1876 1511 si
1905 1455 2120 1527 quando
2141 1468 2270 1509 con-

666 1567 972 1612 surrectmn
1002 1552 1192 1617 fuerit,
1226 1551 1326 1606 viri
1355 1551 1690 1621 prmliatorcs
1711 1561 1856 1606 stare
1885 1565 1988 1603 non
2018 1557 2266 1619 possunt,

668 1664 894 1722 egressu
923 1647 1200 1704 vacillant.
1241 1645 1438 1701 Rident
1460 1645 1660 1701 servuli
1695 1644 2034 1698 dominorum
2063 1659 2267 1713 oppro-

662 1739 800 1806 bria,
829 1737 1076 1794 manibus
1106 1737 1217 1794 suis
1251 1748 1464 1808 portant
1509 1737 1736 1793 militem
1765 1736 2086 1792 bellatorem
2109 1777 2126 1802 ,
2159 1735 2264 1790 im-

665 1839 874 1902 ponunt
903 1843 1062 1900 equo.
1103 1829 1286 1898 Itaque
1331 1829 1432 1884 hac
1462 1839 1622 1900 atque
1649 1829 1775 1883 illac
1807 1837 2079 1900 tamquam
2111 1828 2262 1882 navi-
2297 1823 2345 1883 Β

660 1924 748 1993 gia
779 1923 898 1978 sine
935 1922 1298 1994 gubernatore
1317 1919 1618 1986 fluctuant;
1651 1931 1705 1975 et
1735 1932 2006 1989 tamquam
2039 1919 2264 1974 vulnere

659 2019 750 2074 icti
784 2017 836 2072 in
887 2025 1086 2072 terram
1131 2015 1404 2082 deﬂuunt,
1435 2015 1537 2070 nisi
1583 2013 1926 2083 excipiantur
1951 2029 1981 2067 a
2009 2013 2262 2068 servulis.

660 2111 766 2166 Alii
799 2119 822 2148 ιι
851 2109 1160 2165 referuntur
1180 2110 1234 2164 in
1264 2111 1432 2164 scutis
1456 2151 1470 2173 ,
1503 2109 1562 2162 lit
1603 2123 1796 2180 pompa
1845 2107 2081 2162 ludibrii.
2115 2107 2263 2176 Quos

663 2221 820 2260 mane
838 2204 1076 2273 insignes
1098 2205 1262 2256 armis
1285 2213 1652 2271 spectaveras,
1677 2201 1828 2256 vultu
1847 2203 2084 2254 minaces
2101 2239 2116 2265 ,
2139 2214 2262 2254 eos-

655 2293 778 2350 dem
809 2292 968 2366 551
1000 2291 1211 2363 vesperi
1255 2307 1448 2346 cernas
1496 2293 1658 2346 etiam
1691 2305 1720 2344 a
1755 2289 1996 2359 puerulis
2043 2289 2264 2359 impune

657 2387 858 2454 rideri,
884 2389 1003 2442 sine
1026 2385 1172 2444 ferro
1198 2385 1511 2440 vulneratos
1532 2425 1546 2450 ,
1578 2385 1698 2439 sine
1723 2397 1896 2454 pugna
1922 2383 2258 2446 interfectos,

653 2483 774 2537 sine
813 2483 966 2536 hoste
1019 2481 1262 2536 turbatos
1289 2521 1302 2544 ,
1332 2480 1450 2534 sine
1493 2487 1774 2534 senectute
1828 2477 2114 2544 tremulos,
2143 2475 2172 2514 ιι
2207 2475 2260 2531 in

658 2577 780 2648 ipso
800 2575 1104 2648 iuventutis
1135 2575 1269 2630 tiore
1294 2579 1574 2628 nascente.

1255 2707 1486 2768 CAPUT
1525 2705 1665 2768 XIV.

661 2825 1222 2904 Reprehendunturqui
1235 2825 1462 2882 convivia
1485 2824 1552 2878 ad
1565 2822 1910 2880 teulentiam
1924 2830 2222 2892 prcparant
2245 2838 2258 2874 :

755 2934 804 2978 et
841 2926 1010 2996 major
1037 2937 1148 2978 esse
1193 2922 1326 2985 vini,
1357 2936 1510 2990 quam
1539 2919 1716 2976 ueneni
1742 2920 1816 2974 tn's
1862 2917 2168 2974 ostenditur.

723 3037 812 3094 51.
837 3037 970 3106 Quis
993 3035 1101 3090 tale
1127 3032 1343 3090 miscuit
1369 3031 1568 3088 furoris
1589 3032 1866 3102 poculum?
1894 3033 2027 3100 Quis
2047 3041 2258 3086 tantum

653 3132 850 3190 infudit
894 3131 1164 3187 mentibus
1209 3128 1518 3185 venenum?
1547 3127 1892 3183 Periclitatur
1941 3126 2102 3182 homo
2131 3136 2152 3165 ο
2179 3125 2262 3180 lu-

2374 540 2478 596 que
2525 539 2790 577 venenum
2839 523 2965 576 vino
3013 520 3337 586 excluditur,
3371 535 3484 575 non
3531 521 3706 574 vinum
3735 537 3903 577 venena.

2374 619 2562 672 Merito
2589 619 2728 672 Deus
2781 632 2880 687 per
2931 615 3154 686 Moysen
3212 629 3320 676 non
3369 614 3554 674 solum
3607 629 3814 679 veneno,
3846 617 3906 672 sed

2375 709 2534 766 etiam
2562 708 2854 764 draconum
2887 721 3130 772 veneno,
3161 707 3344 760 vinum
3377 707 3716 778 comparavit
3739 707 3906 762 diCl'nSi

2376 801 2550 856 Furor
2589 801 2872 855 draconum
2899 803 3068 854 uinum
3092 817 3288 864 eorum,
3314 811 3356 854 et
3381 801 3470 854 ira
3497 799 3730 870 aspidunt
3759 801 3908 854 insana-

2373 896 2488 950 bilis
2517 891 2706 966 (Dent.
2735 911 2881 952 xxxu
2901 937 2918 964 ,
2951 895 3076 966 33).
3113 895 3177 950 Et
3205 895 3428 966 pulchre
3453 895 3692 958 addidit.
3717 895 3907 952 insanabi-

2374 987 2472 1054 lis;
2497 988 2650 1042 multi
2675 989 2817 1044 enim
2847 1004 2876 1042 a
2905 989 3116 1060 reliquo
3159 989 3502 1058 serpentium
3535 1002 3738 1044 veneno
3767 1004 3905 1042 curan-

2375 1091 2482 1150 tur,
2511 1099 2668 1138 uemo
2700 1083 2764 1138 ab
2791 1085 3075 1140 ebrietate.
3100 1083 3261 1138 Certe
3285 1098 3500 1138 veneno
3530 1097 3656 1138 caro
3681 1092 3702 1120 ο
3725 1084 3907 1138 vulnera-

2373 1181 2481 1242 tur,
2523 1191 2676 1230 mens
2700 1175 2818 1231 sine
2847 1193 2988 1231 noxa
3017 1187 3134 1231 est:
3167 1177 3404 1232 ebrietas
3438 1175 3508 1231 ad
3557 1175 3786 1246 corporis
3810 1192 3908 1231 mor-

2375 1277 2502 1332 tem,
2539 1271 2734 1324 mentis
2765 1271 2926 1324 etiam
2969 1269 3176 1324 crimen
3219 1269 3488 1340 adjungit.
3523 1267 3748 1324 Adverte
3785 1279 3906 1323 autem

2373 1373 2424 1418 et
2449 1362 2686 1432 perfidia:
2719 1379 3010 1430 venenum,
3051 1363 3160 1417 vini
3207 1363 3550 1418 declaratum
3607 1362 3820 1417 nomine.
3851 1361 3906 1416 Ait
3975 1413 3977 1432 Ι

2373 1456 2516 1510 enim
2545 1471 2704 1526 supra
2736 1455 2804 1510 de
2851 1455 3170 1528 alienigenis
3195 1499 3209 1522 ,
3241 1456 3332 1526 qui
3363 1457 3646 1510 nescirent
3679 1455 3834 1510 Deum.
3859 1453 3906 1508 De

2373 1549 2518 1604 vinea
2547 1549 2688 1604 enim
2721 1549 2966 1604 Sodoma
3015 1551 3184 1603 vinum
3217 1565 3412 1615 eorum,
3449 1558 3500 1602 et
3535 1549 3649 1602 vitis
3669 1565 3816 1602 eorum
3836 1547 3907 1602 sitit

2372 1643 2677 1698 Gomorrha:
2706 1661 2723 1698 :
2751 1661 2847 1698 uva
2889 1661 3064 1699 eorum
3084 1687 3096 1710 ,
3125 1661 3220 1700 uva
3249 1643 3412 1716 fellis,
3443 1643 3628 1700 botrus
3667 1641 3904 1698 amaritudi-

2371 1737 2450 1792 nis
2469 1739 2522 1791 in
2553 1739 2680 1806 ipsis
2717 1737 2911 1808 (Ιὺίά.,
2935 1737 3053 1804 52).

2981 1829 3210 1886 CAPUT
3242 1829 3358 1886 XV.

2371 1925 2440 1980 Se
2462 1941 2564 1978 non
2587 1925 2758 1978 oinnia
2785 1925 2977 1979 dixisse
3007 1939 3122 1996 quae
3143 1926 3197 1978 in
3227 1925 3390 1980 ebrios
3415 1923 3530 1978 dici
3551 1933 3772 1992 poterant
3793 1931 3905 1976 osten-

2440 2019 2515 2072 dit
2562 2019 2792 2088 exposito
2827 2017 2996 2072 Esaia:
3025 2019 3178 2072 loco:
3207 2018 3341 2072 unde
3373 2019 3428 2071 in
3461 2018 3724 2070 lasciviam
3749 2017 3902 2088 popino-

2439 2129 2560 2165 num
2593 2111 2882 2178 invehitur;
2904 2121 2950 2165 et
2987 2111 3054 2165 ad
3089 2111 3244 2180 ﬁnem
3275 2111 3522 2182 quadam
3555 2110 3618 2164 de
3638 2109 3780 2163 calice
3799 2122 3902 2162 aerea

2439 2203 2751 2276 Babylonis,
2777 2214 2822 2258 et
2849 2221 2968 2260 vase
2993 2205 3277 2274 apostolico
3299 2205 3416 2278 subj
3423 2203 3594 2274 ungit.

2439 2299 2528 2353 55.
2555 2297 2762 2352 Putatis
2794 2311 2878 2352 me
2907 2307 3177 2368 tamquam
3209 2297 3334 2352 vino
3380 2299 3742 2370 crapulatum,
3771 2295 3901 2348 intem-

2369 2391 2647 2462 perantius
2675 2389 2864 2462 jejunii
2893 2388 2912 2427 ί
2945 2389 3312 2460 ιιτωιιίεειιίῡιιί
3345 2389 3496 2444 hunc
3541 2389 3799 2444 miscuisse
3827 2399 3900 2438 ser-

2369 2497 2616 2548 monem;
2665 2491 2719 2537 et
2771 2480 2948 2536 adhuc
3005 2489 3228 2551 propter
3289 2481 3386 2536 hos
3453 2481 3766 2536 fortissimos
3807 2477 3902 2528 viros

2365 2583 2565 2646 quanta
2595 2575 2862 2644 praeterii,
2897 2583 3094 2646 quanta
3139 2575 3347 2628 minora
3395 2573 3548 2640 dixi,
3597 2587 3744 2646 quam
3779 2567 3900 2624 Domi-

2368 2682 2469 2722 nus
2507 2665 2716 2721 locutus
2745 2667 2860 2721 est!
2891 2665 3134 2722 Audistis
3167 2666 3294 2736 quid
3324 2681 3418 2735 per
3465 2667 3688 2737 Moysen
3717 2661 3897 2717 dixerit:

2367 2759 2547 2815 audite
2577 2759 2704 2829 quid
2745 2759 2794 2812 in
2827 2757 2968 2812 libro
3007 2773 3320 2813 sermonum
3369 2757 3555 2812 Esaiae
3593 2757 3818 2824 scriptum
3841 2753 3896 2804 sit.

2369 2863 2394 2898 ε
2425 2853 2704 2908 lnvehitur
2733 2853 2877 2907 enim
2913 2851 3176 2907 Dominus
3207 2853 3258 2905 in
3307 2849 3622 2920 hujusmodi
3665 2849 3899 2909 versus,t-t

2366 2947 2440 3000 ait
2469 2963 2482 3000 :
2521 2945 2614 3000 Va:
2643 2945 2707 2999 iis
2733 2945 2820 3015 qui
2845 2955 3158 3016 consurgunt
3181 2959 3352 3008 mane,
3375 2953 3424 2998 et
3453 2952 3710 2998 sectantur
3726 2941 3894 2996 siceram.

2365 3041 2452 3112 qui
2479 3039 2602 3094 ebrii
2631 3047 2752 3093 sunt
2777 3039 2973 3104 vesperi
3001 3053 3020 3092 :
3051 3055 3170 3092 nam
3209 3040 3380 3092 vinum
3427 3055 3520 3092 eos
3545 3036 3795 3091 comburat.
3817 3030 3897 3084 Cum

2368 3130 2568 3184 cithara
2590 3131 2724 3184 enim
2741 3141 2788 3184 et
2801 3129 3045 3199 psalterio
3061 3138 3108 3183 et
3128 3131 3384 3202 tympanis
3401 3132 3578 3184 trinum
3592 3127 3775 3184 bibunt:
3793 3135 3894 3193 opm

659 3235 772 3282 tum
804 3239 926 3281 esse
969 3225 1037 3280 de
1072 3237 1334 3291 corpore;
1368 3232 1422 3276 et
1463 3221 1578 3290 ipse
1621 3220 1724 3276 sibi
1761 3233 1888 3274 reus
1923 3229 2006 3274 est
2038 3219 2262 3274 insania:
2287 3225 2332 3290 ε
2365 3234 2537 3279 autem
2569 3223 2778 3278 Domini
2805 3241 2906 3278 non
2935 3223 3096 3302 552
3119 3225 3437 3298 respiciunt,
3473 3235 3524 3278 et
3545 3239 3695 3294 opera
3721 3231 3894 3274 manuus

655 3317 1010 3380 voluntariae,
1061 3315 1386 3386 corruptela:
1429 3323 1776 3384 spontanea;
1829 3322 1884 3368 et
1923 3319 2102 3366 tamen
2161 3326 2262 3367 nec

655 3427 752 3465 vos
773 3409 1108 3467 excusamiui
1139 3408 1232 3478 qui
1259 3405 1464 3460 vocatis
1479 3416 1548 3458 «ut
1579 3405 1778 3458 amicos
1803 3446 1816 3470 ,
1847 3415 1901 3459 et
1933 3403 2184 3460 emittitis
2205 3413 2264 3460 ut

657 3505 925 3566 inimicos.
957 3503 1172 3576 Quanto
1201 3501 1395 3558 melius
1426 3501 1478 3554 in
1505 3509 1702 3556 terram
1734 3508 1820 3554 tua
1847 3501 1973 3556 vina
2007 3499 2262 3558 fudisses?

657 3599 766 3658 Sed
790 3607 847 3654 et
876 3607 1020 3656 terra
1044 3597 1296 3661 inebriat,
1329 3605 1384 3652 et
1409 3596 1722 3663 aSperiores
1747 3593 1912 3652 etiam
1947 3594 2090 3664 ipsas
2121 3595 2262 3650 feras

655 3691 866 3755 reddit,
896 3690 942 3746 si
987 3689 1098 3744 vini
1143 3689 1432 3758 contigerit
1456 3687 1610 3742 odor.
1672 3687 1918 3758 Denique
1971 3688 2260 3744 vindemiae

659 3793 906 3853 tempore
935 3783 978 3840 si
1023 3783 1233 3838 vineam
1261 3775 1624 3846 intraverint,
1653 3779 1830 3836 solent
1857 3779 2120 3838 ebrietate
2141 3797 2262 3838 suc-

659 3877 842 3936 cendi.
871 3873 1010 3944 Quid
1056 3883 1110 3932 te
1155 3872 1425 3930 delectant
1456 3871 1652 3930 damna
1697 3873 1814 3930 sine
1843 3873 2052 3943 gratia?
2088 3874 2262 3944 Rogas

653 3974 721 4030 ad
739 3971 1168 4040 jucunditatem,
1197 3969 1348 4039 cogis
1373 3967 1438 4022 ad
1471 3975 1700 4022 mortem
1733 3985 1746 4020 :
1781 3967 1976 4021 invitas
1997 3967 2064 4020 ad
2101 3982 2264 4037 pran-

655 4067 802 4122 dium
829 4105 848 4133 ,
877 4061 904 4100 (ι
953 4061 1148 4122 θαι-πε
1175 4061 1256 4116 vis
1285 4059 1350 4114 ad
1377 4060 1686 4130 sepulcrum
1717 4076 1728 4111 :
1779 4059 1929 4114 cibos
1959 4060 2260 4132 promittis,

662 4165 930 4212 tormenta
962 4153 1171 4226 irrogas
1197 4170 1210 4206 :
1241 4151 1364 4212 vina
1389 4151 1678 4222 praetendis
1697 4193 1712 4218 ,
1743 4166 1948 4206 venena
1969 4151 2256 4208 suffundis.

657 4249 834 4303 Omne
883 4247 1028 4302 enim
1083 4243 1346 4315 quidquid
1399 4251 1592 4308 nocet,
1626 4259 1894 4298 venenum
1949 4254 2053 4300 est.
2089 4243 2260 4300 Tollit

661 4355 883 4410 sensus,
930 4339 1140 4396 viscera
1201 4337 1411 4406 exurit,
1466 4351 1716 4392 somnum
1789 4336 2042 4405 infestat,
2100 4345 2264 4410 caput

664 4441 844 4492 vexat.

2369 3323 2481 3391 ejus
2531 3335 2633 3371 non
2680 3317 3027 3371 considerant.
3071 3318 3165 3371 Cui
3193 3332 3288 3384 vta,
3318 3317 3514 3388 inquit,
3547 3317 3630 3372 cui
3642 3311 3827 3386 judicia,
3844 3303 3895 3358 αἱ

2369 3407 2618 3465 tumultus
2641 3409 2812 3482 (Esai.
2847 3427 2897 3478 v,
2937 3411 3054 3481 il).
3102 3411 3320 3466 Diversa
3353 3411 3617 3482 singulis,
3661 3401 3894 3464 temulentis

2366 3503 2566 3560 omnia.
2608 3503 2698 3558 Vae
2745 3503 2890 3558 enim
2933 3501 2999 3558 iis
3052 3503 3142 3574 qui
3198 3503 3332 3559 ebrii
3365 3515 3498 3562 sunt
3544 3501 3740 3574 vesperi
3767 3495 3890 3568 (Prae.

2369 3595 2664 3666 xxm,99)
2690 3597 2703 3650 l
2737 3595 2878 3664 Quid
2907 3611 3041 3667 ergo
3077 3597 3182 3652 illis
3207 3596 3298 3664 qui
3337 3605 3392 3652 et
3415 3607 3552 3653 ante
3577 3592 3894 3665 vesperam,et

2368 3689 2680 3758 frequenter
2709 3690 2758 3742 in
2783 3689 2954 3743 lucem
2997 3689 3250 3743 madent?
3279 3688 3424 3759 Ergo
3449 3705 3538 3744 va:
3579 3689 3676 3744 sibi
3701 3683 3890 3739 debita.

2368 3781 2579 3837 [labent
2623 3781 3408 3848 concertationes,conserunt
3458 3784 3615 3848 lites,
3661 3781 3710 3834 in
3751 3773 3892 3828 eadem

2369 3875 2674 3944 prosiliunt.
2698 3884 2754 3930 et
2781 3875 2998 3929 veniunt
3024 3875 3090 3928 ad
3114 3873 3314 3943 judicia
3341 3875 3424 3932 vel
3445 3886 3721 3940 vocantur.
3747 3865 3892 3928 Balbe“

2366 3983 2496 4038 ergo
2521 3967 2720 4037 judicia
2751 3977 3024 4037 tamquam
3069 3971 3168 4022 rei.
3197 3967 3282 4024 Fit
3309 3983 3708 4038 innmumquam
3742 3953 3890 4034 gratior

2367 4064 2648 4128 tumultus,
2673 4064 2795 4132 quia
2819 4063 2946 4118 vino
2975 4078 3130 4120 mens
3151 4064 3483 4133 pervertitur
3503 4061 3698 4122 ebriosi
3723 4076 3734 4110 :
3757 4053 3810 4108 Et
3827 4061 3890 4102 nos

2367 4156 2598 4209 meminit
2647 4155 2813 4227 regis,
2841 4171 2934 4208 nec
2979 4157 3339 4225 utagistrutus,
3369 4165 3426 4208 ut
3459 4157 3712 4226 scriptum
3752 4143 3890 4201 estw!

2371 4251 2540 4305 omnia
2575 4261 2750 4322 aperta
2779 4249 2900 4318 facit
2934 4249 3072 4320 loqui
3091 4290 3106 4316 ,
3132 4259 3176 4302 et
3209 4267 3310 4304 non
3347 4253 3702 4312 meminerunt,
3724 4257 3814 4300 cum
3839 4235 3888 4290 M-

2371 4343 2564 4408 berent,
2588 4341 2856 4408 amicitiae,
2879 4358 2971 4396 nec
2994 4345 3235 4413 fraternae
3265 4343 3653 4398 necessitudinis
3669 4338 3745 4411 (lll
3761 4331 3889 4389 Εδόνω

2369 4451 2457 4503 ιιι,
2483 4434 2550 4488 9'1
2579 4443 2625 4489 ει
2645 4432 2761 4504 seq)
2796 4431 2864 4489 :h
2891 4434 2986 4490 sed
3011 4443 3135 4508 post
3175 4434 3462 4490 tumultum
3484 4427 3888 4500 sumuntgladiolii

735 4653 760 4680 λ
791 4637 1050 4696 Solebant
1081 4633 1172 4708 qui
1205 4632 1466 4708 vulnerati
1492 4633 1570 4708 vel
1603 4634 1915 4708 interempti
1965 4635 2172 4692 fuerant
2203 4637 2256 4693 in
2285 4641 2335 4701 D
2363 4653 2552 4693 omnes
2579 4638 2737 4706 edit.,
2761 4607 3074 4708 vulneratur,
3107 4643 3226 4696 uino
3245 4659 3389 4698 mens
3420 4658 3440 4698 :
3463 4643 3620 4699 noxia
3646 4649 3712 4695 est
3731 4633 3890 4692 ebriam

665 4713 876 4786 ρι-ωιίο,
905 4710 1124 4786 domum
1155 4707 1206 4760 in
1233 4706 1426 4778 clypeo
1458 4706 1649 4762 referri
1683 4723 1694 4761 :
1724 4707 1866 4762 unde
1891 4706 2164 4768 Ausonius
2191 4709 2260 4766 de

665 4781 890 4844 Laesum
913 4781 1138 4838 muliere
1169 4797 1181 4832 :

913 4896 1070 4946 Mater
1094 4893 1298 4943 Lacaena
1318 4891 1493 4956 clypeo
1515 4894 1774 4946 obarmatis
1794 4893 1947 4946 ﬁlium

913 4959 1032 5010 Cum
1056 4957 1168 5020 hoc,
1197 4957 1373 5018 inquit.
1400 4963 1480 5005 aut
1506 4956 1552 5004 in
1581 4957 1672 5006 hoc
1695 4957 1820 5007 redi.

735 5061 762 5109 ἱ)
797 5067 936 5125 Edit.
971 5076 1111 5130 ant.,
1134 5067 1188 5120 in
1229 5065 1339 5134 ipso
1359 5065 1646 5138 juventutis
1685 5065 1820 5192 gare
1841 5076 2056 5122 arentes.
2103 5067 2259 5134 Rom,

739 5157 848 5192 mss
880 5137 1148 5192 nunnulli.
1184 5179 1195 5191 .
1228 5177 1241 5192 .
1275 5177 1286 5188 .
1316 5176 1330 5190 .
1357 5146 1652 5191 marcentes.
1725 5153 1792 5192 ex
1821 5137 1913 5192 alii
1944 5141 2098 5192 bona:
2124 5149 2254 5192 teta-

663 5153 715 5200 et
737 5157 848 5198 mss
880 5137 1148 5203 nunnulli,
1184 5179 1195 5191 .
1228 5177 1241 5192 .
1275 5177 1286 5188 .
1316 5176 1330 5190 .
1357 5137 1652 5191 marcentes.
1685 5137 1792 5192 Sex
1821 5137 1913 5194 alii
1944 5141 2098 5194 bona:
2124 5149 2254 5194 teta-

662 5218 729 5271 tis
751 5257 765 5280 ,
795 5219 1046 5268 nascente.

738 5279 760 5325 (έ
792 5285 990 5340 Omnes
1017 5281 1174 5346 edit.,
1205 5281 1370 5336 ultum
1395 5296 1502 5335 esse
1521 5280 1583 5334 de
1604 5297 1836 5347 corpore.
1869 5279 2070 5337 Omnes
2093 5297 2250 5350 mss.,

662 5359 822 5414 lutum
837 5371 941 5410 esse
969 5353 1032 5410 de
1059 5369 1298 5420 corpore,
1337 5353 1386 5406 id
1410 5361 1514 5417 est,
1551 5354 1883 5420 periclitatur
1911 5355 1976 5404 ita
2005 5369 2252 5408 currum-

663 5431 736 5498 pi,
772 5439 828 5484 ιιι
855 5427 970 5496 ejus
994 5439 1188 5496 corpus
1217 5425 1266 5476 in
1301 5423 1469 5498 lutum
1495 5434 1752 5478 vertatur.
1783 5421 1847 5477 Et
1868 5438 1996 5478 sane
2032 5425 2080 5478 id
2114 5442 2247 5480 enn-

663 5495 895 5556 ilrniant
929 5507 1038 5551 tum
1098 5495 1260 5548 voces
1306 5495 1412 5566 illu:
1458 5505 1771 5566 sequentes,
1807 5532 1819 5546 .
1850 5535 1862 5547 .
1900 5535 1912 5546 .
1947 5499 2249 5566 corrupte/re

661 5581 984 5636 spontaneo};
1038 5577 1180 5636 tnmh
1207 5565 1384 5619 Basilii
1437 5566 1588 5618 locus
1647 5565 1736 5621 ubi
1795 5566 1902 5630 ait,
1945 5565 2248 5631 κινδυνεύεις

661 5634 1103 5716 λὸιῖτργβόρϐορος
1135 5634 1263 5716 sinat
1293 5639 1403 5693 ἀντὶ
1433 5638 1724 5716 ἀνθρῴπου.

731 5711 759 5748 d
792 5708 1054 5766 mgsjtet'e
1084 5709 1150 5782 ad
1187 5725 1384 5773 unmn,
1416 5725 1505 5762 nec
1525 5708 1681 5778 ‘ferre
1721 5709 1795 5762 vis
1833 5708 1901 5762 ad
1926 5711 2248 5782 sepulcrum;

659 5783 798 5837 forte
817 5824 830 5847 ,
853 5797 942 5835 nec
975 5783 1106 5850 ferre
1125 5781 1233 5848 jus,
1269 5785 1376 5832 etc.

747 5865 768 5891 ο
795 5853 870 5909 lta
921 5849 1015 5907 sex
1061 5865 1190 5906 mss.
1235 5849 1474 5904 melioris
1521 5860 1678 5906 notae.
1715 5851 1819 5908 Alii
1864 5863 2044 5909 autem
2088 5864 2250 5927 atque

2371 4710 2439 4764 ad
2459 4712 2691 4780 corporis
2721 4714 3007 4778 sanitatem,
3046 4716 3200 4768 menti
3227 4715 3407 4780 etiam,
3444 4727 3551 4771 etc.

2447 4779 2467 4818 τ
2503 4771 2643 4858 sint.
2689 4799 2908 4848 omnes,
2931 4771 3126 4858 jrj‘unii
3170 4771 3552 4848 prwtlicaiione.
3582 4825 3630 4844 ..
3665 4789 3740 4858 ,ει
3773 4771 3890 4858 adhic

2371 4854 2648 4908 secundum
2673 4853 2945 4924 prun/tetas
2969 4853 3274 4926 fortissimos
3293 4859 3446 4912 viros.
3472 4860 3578 4916 Sed
3603 4853 3776 4912 melius
3798 4855 3887 4926 nisi:

2370 4940 2588 4998 omnes,
2613 4913 2808 4998 jejunii
2828 4913 3200 4998 pt'a'dictitiorti.
3227 4971 3237 4982 .
3263 4968 3278 4982 .
3315 4970 3328 4981 .
3363 4941 3406 4984 et
3434 4913 3604 4984 adhuc
3631 4913 3888 4998 proptftlwf

2369 4987 2868 5072 fortissimos-uiros;
2896 5015 2958 5072 at:
2991 4997 3128 5054 forte
3178 5011 3422 5072 sanetum
3471 4987 3642 5072 ipsuni
3667 4987 3891 5072 atitlicbaqi

2361 5053 2534 5192 |'alliqui
2569 5071 2826 5126 militares
2851 5053 2956 5126 'viri
2974 5053 3001 5138 ,ί
3019 5053 3158 5142 quos
3181 5053 3286 5126 Sibi
3315 5053 3546 5130 reddei'e
3562 5053 3784 5128 infensos
3807 5053 3888 5114 nol-

2381 5155 2408 5192 e
2443 5181 2456 5192 .

2381 5147 2456 5195 et.

2436 5221 2460 5258 ε
2495 5211 2582 5268 Sic
2608 5228 2736 5266 mss.
2767 5227 2994 5288 omnes:
3027 5213 3168 5284 quod
3209 5215 3425 5288 quidem
3457 5215 3832 5288 interpretantur
3851 5208 3886 5288 ξιξ

2367 5281 2508 5357 hunc
2535 5299 2752 5337 sensum
2781 5303 2793 5338 :
2827 5277 3126 5340 lnvoltttur.
3162 5325 3176 5338 .
3213 5277 3238 5339 .’
3261 5287 3310 5340 in
3361 5277 3656 5357 ltujusmodi
3698 5277 3885 5357 noluisti

2365 5353 2632 5439 (ebriosos
2659 5357 2933 5439 nimirum)
2965 5371 3280 5414 conversus.
3323 5349 3445 5414 Nisi
3477 5361 3593 5427 quis
3619 5349 3885 5439 ηιςιιιιννιξξξε

2362 5421 2415 5480 in
2447 5427 2742 5496 huiusmodi
2769 5421 2970 5492 versus,
3003 5446 3218 5484 sutnere
3262 5447 3356 5498 pro
3398 5435 3448 5486 in
3493 5421 3886 5498 ltujusntodi

2361 5500 2618 5572 tentiam,
2653 5501 2834 5560 verba.
2869 5503 3112 5556 fortnam.
3149 5496 3347 5556 Veréus
3374 5503 3519 5557 enim
3555 5496 3884 5572 prOpries‘ignj:

2359 5569 2493 5642 ﬁent!
2513 5569 2560 5622 id
2592 5559 2732 5638 quod
2769 5559 2864 5642 tios
2887 5573 3084 5626 lineam
3111 5573 3429 5642 Vni-itantus.
3458 5559 3598 5630 Etli't.
3628 5559 3885 5642 antetulit?“

2359 5633 2718 5718 prmfi-t‘eliant
2745 5661 2769 5718 :A
2791 5641 3056 5700 Invenitur
3077 5645 3210 5704 enim
3241 5641 3490 5702 Dominus
3517 5633 3782 5718 hujusnwdi
3806 5637 3882 5681 Μ’·

2357 5711 2432 5766 bis
2465 5731 2586 5768 usus
2608 5756 2620 5772 .
2651 5723 2696 5768 et
2717 5715 2808 5770 ait.

2431 5782 2455 5820 ¹ι
2487 5785 2556 5840 lta
2586 5801 2714 5842 mss.
2735 5802 2925 5844 omnes
2950 5807 2962 5844 :
2991 5787 3120 5844 edit.
3146 5804 3324 5858 verm,
3348 5789 3437 5846 sed
3453 5806 3552 5846 non
3571 5793 3674 5858 post
3693 5773 3880 5858 multum;

2361 5857 2535 5912 minus
2564 5859 2728 5924 bene,
2765 5871 2818 5914 ut
2849 5875 2916 5916 ex
2946 5861 3086 5920 serie
3107 5853 3372 5924 orationis
3399 5853 3721 5918 manifestum
3742 5853 3824 5904 est.
