4066 6360
232 407 342 460 717

1290 415 1380 473 DE
1419 419 1577 475 ΕΜΔ
1619 417 1707 476 ΕΤ
1742 420 2014 478 JEJUNIO
2052 421 2258 481 LIBER
2299 425 2518 486 UNUS.’

3437 442 3541 500 718

228 528 292 575 et
332 535 454 576 cum
507 538 533 577 a
566 523 693 578 vino
725 526 887 582 mersi
918 527 1148 597 fuerint,
1203 539 1259 588 et
1311 536 1686 604 surrexerint,
1715 541 1834 596 non
1864 552 1920 612 Α
2014 537 2368 614 depinguntur
2400 560 2418 599 :
2446 545 2498 600 in
2519 561 2644 614 quos
2665 546 2905 604 Jeremiw
2934 551 3085 607 verba
3106 556 3293 614 cadere
3311 557 3544 616 declarat

229 612 607 671 meminerunt
635 617 732 688 ipsi
772 635 894 691 quae
931 623 1217 690 gesserint.
1245 624 1460 686 Habent
1508 644 1638 702 ergo
1667 631 1832 695 etiam

232 703 459 777 dignam
490 710 795 767 mercedem
823 718 1101 773 tumultus.
1195 757 1206 772 ,

313 800 403 854 5t.
452 801 828 860 Praaterieram
867 818 1020 865 certe
1067 827 1166 883 ego
1211 813 1510 882 citharam,
1543 819 1832 896 psalteria,

171 951 182 962 ι
233 899 525 964 tympana,
559 912 678 965 qua:
723 901 1076 969 cognovimus
1105 907 1370 963 conviviis
1399 907 1703 979 hnjusmodi
1733 911 1839 973 fre-

234 995 471 1055 quenter
496 986 768 1055 adhiberi,
805 1002 861 1045 nt
884 992 1009 1048 vino
1047 1005 1102 1051 et
1138 1009 1300 1056 cantu
1329 1003 1633 1060 excitentur
1663 1006 1840 1062 libidi-

235 1092 358 1132 nes.
383 1077 631 1151 Plerique
655 1083 815 1138 etiam
835 1126 849 1151 ,
883 1085 1106 1144 Persico
1149 1107 1303 1150 more
1321 1137 1336 1160 ,
1361 1096 1622 1154 mulieres
1649 1098 1839 1171 dignas

236 1171 660 1228 temulentorum
717 1183 992 1236 consortio
1043 1183 1220 1240 induci
1270 1185 1497 1260 jubent,
1528 1200 1584 1246 et
1634 1192 1704 1248 ab
1755 1193 1842 1250 his

236 1262 449 1332 phialas
476 1266 767 1337 accipiunt,
801 1279 962 1340 atque
1001 1274 1106 1330 illis
1137 1293 1196 1332 se
1223 1279 1573 1338 substernunt
1604 1286 1842 1343 sedenti-

235 1353 360 1408 bus.
397 1356 459 1410 Et
484 1357 628 1415 hunc
659 1363 818 1417 ritmn
862 1378 1089 1423 sacrata:
1121 1369 1324 1426 habent
1352 1375 1762 1441 observationes
1790 1382 1841 1437 in

234 1446 520 1504 ebrietatis
550 1453 928 1512 ministerium.
961 1459 1169 1516 Habent
1201 1479 1332 1534 ergo
1355 1467 1538 1524 vinum
1568 1482 1619 1526 et
1649 1473 1844 1530 barba-

236 1539 284 1595 ri
317 1557 331 1594 :
365 1541 598 1601 libenter
628 1546 710 1602 his
741 1547 970 1607 Romani
1003 1555 1320 1628 indulgent;
1344 1573 1398 1617 ut
1424 1573 1478 1619 et
1505 1565 1602 1636 ipsi
1629 1568 1846 1625 solvan-

191 1632 210 1643 ⁹
240 1643 332 1689 tur
361 1636 414 1691 in
459 1648 648 1709 potus,
679 1651 734 1698 et
768 1648 1010 1703 enervati
1062 1651 1324 1709 ebrietate
1377 1632 1677 1716 vincantur.
1732 1662 1844 1722 Nec

238 1726 423 1783 solum
445 1730 629 1787 vinum
650 1734 968 1795 ebrietatem
995 1740 1147 1809 facit,
1173 1745 1265 1800 sed
1286 1755 1342 1803 et
1371 1750 1566 1806 sicera.
1606 1754 1844 1825 Denique

237 1816 456 1876 Hebraei
487 1839 704 1882 omnem
745 1839 929 1904 potum
977 1834 1067 1904 qui
1118 1835 1379 1906 inebriat,
1406 1843 1595 1900 siccraa
1627 1849 1844 1906 nomine

239 1923 460 1969 vocant.
1078 1997 1088 2006 .

315 2008 408 2063 55.
433 2008 550 2066 Non
591 2010 864 2071 imntcrito
894 2033 1023 2090 ergo
1053 2037 1135 2077 vte
1167 2024 1274 2079 illis
1301 2026 1392 2097 qui
1430 2045 1589 2087 mane
1609 2033 1844 2090 ebrieta-

243 2098 313 2153 tis
340 2110 523 2170 potum
574 2106 892 2175 requirunt,
917 2127 1053 2183 quos
1102 2118 1465 2176 conveniebat
1510 2123 1624 2180 Deo
1659 2125 1846 2184 laudes

243 2191 471 2261 referre,
522 2201 817 2266 praevenire
861 2202 1072 2273 lucem,
1113 2217 1169 2264 et
1200 2218 1224 2247 ³
1266 2227 1555 2271 occurrere
1598 2220 1845 2276 oratione

246 2285 620 2358 solijustitiae,
663 2294 752 2363 qui
782 2310 909 2350 suos
942 2298 1160 2368 visitat,
1190 2313 1244 2357 et
1276 2308 1518 2377 exsurgit
1575 2311 1758 2378 nobis,
1798 2313 1844 2368 si

249 2394 350 2433 nos
378 2377 626 2446 Christo,
665 2401 767 2438 non
811 2389 937 2447 vino
981 2401 1036 2446 et
1083 2394 1270 2453 sicerae
1315 2414 1618 2470 surgamus.
1651 2403 1844 2477 llymni

246 2471 523 2540 dicuntur,
553 2485 610 2530 et
634 2487 686 2532 tu
722 2481 985 2538 citharam
1024 2490 1212 2546 tenes?
1242 2489 1442 2550 Psalmi
1474 2509 1764 2566 canuntur,
1793 2508 1847 2560 et

249 2573 305 2623 tu
348 2567 658 2640 psalterium
682 2576 850 2631 sumis
884 2586 974 2638 aut
1008 2579 1347 2655 tympanum.
1377 2586 1568 2646 Merito
1593 2606 1692 2658 vae,
1721 2592 1844 2668 quia

247 2657 476 2713 salutem
511 2661 796 2740 relinquis,
829 2679 1057 2730 mortem
1106 2673 1282 2746 eligis.
1309 2675 1406 2735 Vix
1439 2657 1765 2756 diluculum;
1793 2693 1849 2741 et

241 2753 356 2821 jam
388 2766 639 2812 cursatur
682 2777 778 2832 per
819 2763 1073 2823 tabernas
1095 2807 1112 2833 ,
1139 2769 1322 2826 vinum
1364 2773 1645 2843 quaeritur,
1677 2793 1845 2834 excu-

249 2844 458 2900 tiuntur
489 2855 694 2916 tapetes
715 2891 730 2916 ,
753 2854 1054 2910 accubitum
1089 2856 1344 2914 festinant
1376 2871 1661 2932 sternere;
1703 2867 1848 2940 lage-

249 2950 348 2990 nas
370 2949 676 3009 argenteas,
707 2955 922 3000 auratos
953 2948 1150 3006 calices
1171 2964 1469 3023 exponunt.
1498 2956 1614 3024 Vae,
1649 2960 1845 3031 inquit,

248 3026 349 3080 ista
381 3032 745 3100 quzerentibus
773 3037 786 3089 l

321 3120 408 3175 56.
428 3121 576 3179 Calix
591 3141 790 3184 aureus
809 3129 1046 3204 Babylon
1075 3135 1127 3189 in
1152 3153 1310 3192 manu
1336 3140 1549 3199 Domini
1569 3145 1847 3210 inebrians

247 3230 462 3269 omnem
495 3228 714 3274 terram.
749 3223 794 3276 Α
834 3225 952 3279 vino
977 3231 1090 3299 ejus
1138 3229 1370 3287 biberunt
1419 3252 1592 3292 omnes
1639 3252 1842 3312 gentes,

246 3307 362 3361 ideo
384 3321 654 3366 commota:
681 3325 818 3369 sunt.
858 3316 924 3370 Et
951 3319 1116 3374 subito
1144 3324 1325 3378 cecidit
1351 3325 1582 3400 Babylon
1601 3374 1614 3397 ,
1639 3307 1693 3387 et
1726 3353 1842 3391 con—
1872 3359 1917 3422 ρ

248 3402 368 3453 trita
395 3412 470 3456 est
508 3403 638 3475 (λεν.
665 3422 737 3474 ιι,
767 3408 799 3463 7
827 3419 874 3464 et
901 3411 986 3483 8).
1020 3414 1166 3470 Calix
1194 3433 1324 3487 ergo
1352 3435 1548 3478 aureus
1576 3429 1843 3487 contritus

244 3505 355 3562 est;
387 3501 509 3568 quia
539 3500 778 3573 Babylon
799 3510 1030 3562 contrita
1049 3522 1162 3577 est,
1191 3529 1313 3582 qua:
1337 3525 1420 3571 est
1448 3518 1586 3574 calix
1619 3538 1836 3580 aureus.

243 3589 346 3644 Sed
377 3595 622 3662 quamvis
669 3612 802 3651 auro
847 3615 905 3655 se
943 3601 1112 3671 jactct
1136 3613 1189 3661 et
1217 3611 1420 3678 pretio,
1465 3614 1516 3667 in
1549 3615 1755 3672 Domini
1787 3628 1842 3676 et

244 3680 354 3750 ipsa
382 3691 467 3737 est
493 3695 780 3754 potestate.
821 3692 1060 3764 Denique
1090 3698 1271 3754 divina
1309 3704 1679 3776 indignatione
1708 3726 1837 3767 con-

244 3774 450 3828 teritur.
485 3777 599 3844 Qua
626 3782 838 3838 ratione
866 3787 1002 3840 calix
1034 3794 1266 3848 aureus?
1285 3795 1549 3860 Quoniam
1579 3803 1670 3873 qui
1694 3806 1836 3866 veri-

245 3876 353 3922 tate
381 3870 653 3940 delicitnr,
687 3881 880 3947 qna-rit
907 3879 1247 3954 illecebram;
1277 3898 1334 3942 ut
1381 3895 1592 3958 species
1640 3897 1834 3954 saltem

244 3963 476 4030 pretiosa
511 3965 578 4020 ad
605 3967 895 4026 bibendum
926 3974 1140 4045 aliquos
1165 3983 1336 4048 possit
1366 3985 1590 4042 illicere.

313 4053 403 4108 57.
435 4057 717 4114 Constitne
738 4073 863 4118 ante
903 4066 1090 4122 oculos
1117 4078 1238 4126 tuos
1269 4090 1517 4148 pompam
1549 4079 1707 4152 hujus
1730 4099 1834 4138 sa:-

242 4147 367 4213 cull,
389 4149 537 4206 vides
557 4155 857 4222 speciosam
878 4159 1208 4231 illecebram,
1231 4167 1322 4222 sed
1347 4170 1557 4226 inanem
1581 4176 1829 4246 gratiam.

240 4239 353 4295 Non
380 4251 430 4295 te
457 4242 896 4304 indttcantaurea
929 4268 1054 4308 vasa
1086 4265 1138 4310 et
1170 4268 1423 4328 argentea
1469 4239 1630 4344 55'3
1655 4267 1832 4324 Habe-

241 4347 350 4385 mus
373 4342 423 4386 et
446 4351 538 4388 uos
563 4334 859 4393 thesaurum
897 4343 948 4396 in
965 4346 1098 4399 vasis
1115 4348 1358 4415 ﬁctilibus
1388 4353 1464 4426 (11
1646 4375 1717 4427 ιν,
1750 4361 1826 4431 7).

244 4422 345 4478 Vas
373 4428 728 4495 apostolicmn
772 4431 939 4490 fictile
968 4449 1084 4506 est,
1119 4442 1212 4496 sed
1247 4443 1297 4498 in
1332 4422 1405 4502 eo
1430 4447 1715 4508 thesaurus
1747 4464 1834 4514 est

237 4515 458 4579 Christi.
492 4519 585 4580 Va
625 4524 853 4582 siceram
883 4545 1040 4588 ntatte
1069 4539 1442 4600 sectantibus!
1476 4542 1716 4601 Aureum
1746 4558 1831 4607 est

238 4609 337 4671 hoc
360 4629 478 4681 vus,
504 4618 758 4687 poculum
782 4630 862 4676 est
881 4664 896 4688 ,
931 4626 1059 4680 etin
1081 4643 1147 4682 co
1170 4633 1360 4698 poculo
1388 4650 1655 4693 venenum
1684 4655 1828 4696 inor-

237 4704 327 4771 tis,
357 4723 619 4765 venenum
645 4712 919 4777 libidinis.
953 4735 1217 4778 venenum
1246 4727 1548 4784 ebrietatis.
1585 4732 1698 4788 lloc
1728 4752 1742 4794 t

234 4797 463 4867 biberit,
493 4819 865 4865 commovetur
893 4821 947 4867 et
973 4815 1134 4870 cadit.
1170 4819 1553 4880 Commovetnr
1581 4842 1686 4882 non
1729 4844 1819 4883 so-

236 4887 622 4964 lumcorpuro,
652 4901 748 4956 sed
793 4903 955 4959 etiam
1004 4909 1170 4966 corde
1216 4915 1460 4983 turbato;
1487 4925 1820 4978 commoveri

235 4985 368 5048 enim
399 4990 608 5068 peccati
634 5003 735 5051 est.

826 5134 1056 5200 CAPUT
1099 5138 1239 5198 XVI.

236 5253 414 5314 Ebrios
434 5261 585 5318 Caiui
610 5282 672 5320 ac
716 5283 1090 5340 persecuturum
1112 5276 1324 5342 Domini
1344 5287 1538 5344 similes
1559 5306 1687 5360 esse,
1716 5297 1817 5351 im.

302 5371 383 5410 mo
403 5357 734 5420 dwmoniacis
754 5364 880 5435 ipsis:
903 5370 1192 5432 miseriores
1218 5395 1229 5436 :
1256 5379 1409 5438 iidem
1429 5383 1537 5440 suis
1557 5387 1816 5448 coloribus

298 5569 323 5656 ἒ
355 5563 521 5656 [Edim
547 5583 728 5656 vacare
752 5574 1005 5646 orationi,
1032 5596 1295 5656 occurrere
1323 5593 1420 5646 soli
1441 5635 1455 5656 ,
1489 5604 1594 5652 etc.

295 5632 322 5670 b
367 5637 500 5739 ilozm
531 5640 700 5739 φερε...
723 5661 970 5701 venenum
991 5632 1294 5728 sapientiae;
1486 5632 1699 5739 omnes,
1734 5690 1819 5730 re.

234 5721 413 5782 uehunt
443 5711 767 5782 iusipientiw.

299 5779 660 5884 fUB'Eontnci-s.
676 5786 806 5840 edit.
833 5805 1060 5884 soutn‘u‘s,
1080 5794 1157 5850 Itis
1169 5815 1310 5884 iners
1322 5817 1421 5880 est;
1447 5813 1820 5884 reponendum

235 5865 260 5902 c
282 5854 489 5930 eunetis
517 5855 702 5930 endit,
735 5875 943 5915 somnus
968 5854 1262 5923 ltis‘multus
1288 5854 1410 5930 citi.“

294 5917 318 5956 ἀ
354 5920 516 5975 Rom.
544 5917 698 5993 edil.,
729 5946 887 6000 neque
915 5949 1116 6006 vespere
1142 5944 1368 6009 fecerunt
1400 5952 1644 6008 celeunta.
1685 5960 1812 6014 Attt.

2013 642 2222 687 sanctus
2255 633 2471 693 Doctor.

2015 745 2105 803 58.
2151 749 2391 824 Denique
2429 755 2561 816 Cain
2597 759 2783 822 exiens
2827 777 2860 824 a
2912 777 3204 842 conspectu
3235 768 3352 836 Dei,
3385 770 3538 830 habi-

1939 841 2076 904 tavit
2123 843 2174 900 in
2221 854 2365 902 terra
2394 847 2554 920 Naid,
2586 854 2728 922 quod
2783 841 3232 928 interpretatione
3274 864 3543 936 significat

1941 937 2387 996 commotionem.
2413 941 2552 1012 Ergo
2579 947 2668 1016 qui
2692 948 2857 1006 calice
2887 965 3051 1010 aureo
3081 955 3398 1019 inebriatur.
3417 974 3540 1030 pec-

1941 1037 2063 1086 cato
2093 1041 2360 1088 movetur.
2391 1035 2528 1104 Quid
2566 1049 2615 1095 te
2646 1041 2746 1096 sub
2774 1044 3060 1108 maledicto
3081 1050 3366 1113 constituis
3407 1053 3542 1118 Cain

1946 1125 2086 1180 illius
2127 1129 2430 1196 parricidae,
2466 1139 2524 1186 nt
2567 1143 2766 1189 tremas
2812 1148 2972 1206 atque
3013 1146 3322 1198 movearis?
3351 1145 3457 1201 Sed
3487 1155 3542 1202 et

1946 1228 2326 1288 persecutores
2384 1221 2600 1279 Domini
2646 1235 2990 1286 transeuntes
3039 1237 3330 1293 movebant
3367 1244 3543 1312 capita

1948 1327 2067 1370 sua.
2101 1313 2423 1384 Essgltabat
2450 1320 2593 1376 enim
2641 1335 2737 1376 ens
2787 1323 3010 1391 spiritus
3059 1344 3312 1399 nequam,
3337 1340 3428 1403 qui
3458 1350 3548 1390 me.

1949 1402 2091 1472 picta
2121 1419 2151 1460 a
2201 1421 2263 1463 se
2292 1424 2519 1479 corpora
2572 1427 2792 1470 niovere
2835 1421 3134 1476 consuevit.
3186 1423 3252 1481 Et
3301 1425 3539 1482 illecum

1947 1495 2203 1563 defuerit,
2232 1507 2432 1577 tretnor
2461 1502 2664 1566 desinit
2693 1523 2708 1560 :
2740 1506 2978 1565 ebrietas
3001 1521 3184 1566 autem
3228 1527 3541 1585 perpetuum

1948 1588 2041 1644 dat
2089 1576 2402 1648 tretnorem.
2447 1594 2659 1654 Sudsnt
2715 1599 2901 1658 vinum
2947 1616 3182 1671 corpora
3221 1609 3543 1668 temulento-

1950 1700 2070 1746 rum
2104 1702 2118 1740 :
2147 1687 2191 1746 si
2223 1686 2393 1748 levius
2420 1704 2484 1748 ea
2513 1693 2774 1766 tetigeris,
2807 1695 3071 1766 exprimis
3092 1699 3299 1760 vinum.

2019 1779 2109 1838 59.
2155 1779 2403 1842 Ebrietas
2424 1782 2720 1846 fomentum
2750 1787 3012 1857 libidinis,
3046 1793 3283 1850 ebrietas
3310 1795 3545 1860 incenti-

1953 1888 2075 1930 vum
2120 1872 2366 1942 insaniae,
2415 1875 2654 1938 ebrietas
2682 1877 2708 1924 ι’
2742 1896 3008 1944 venenum
3034 1885 3383 1954 insipientiast.
3411 1889 3541 1956 Haec

1874 1971 1923 2032 B
1950 1981 2143 2029 sensus,
2176 1969 2452 2030 hominum
2483 1983 2654 2034 mutat
2680 1984 2734 2038 et
2757 1975 2982 2046 formas,
3017 1997 3113 2051 per
3141 1983 3279 2045 hanc
3320 1986 3458 2050 ﬁunt
3479 2005 3548 2054 ex

1951 2061 2263 2120 hominibus
2290 2065 2413 2136 equi
2445 2065 2852 2133 adhinuientes.
2878 2070 3158 2142 Siquidem
3193 2081 3425 2141 naturali
3457 2099 3549 2140 va,

1953 2169 2083 2222 pore
2112 2157 2359 2225 corporis
2382 2157 2567 2226 calidi,
2590 2168 2645 2218 ct
2685 2171 2880 2230 praeter
2920 2172 3170 2230 naturam
3212 2169 3324 2230 vini
3364 2173 3550 2230 calore

1947 2247 2228 2308 ﬂammati,
2255 2248 2514 2308 cohibere
2541 2267 2604 2314 se.
2630 2269 2739 2314 non
2783 2269 3006 2325 queunt,
3037 2269 3086 2314 et
3112 2261 3168 2322 in
3199 2261 3454 2324 bestiales
3484 2265 3549 2320 iis

1948 2338 2160 2402 hidines
2189 2341 2545 2412 excitantur;
2597 2354 2653 2400 ut
2683 2347 2889 2408 nullum.
2923 2358 3134 2422 tempus
3166 2355 3544 2426 praescriptum

1948 2431 2204 2500 habeant,
2247 2451 2358 2505 quo
2411 2435 2604 2500 deceat
2648 2439 2934 2510 indulgere
2982 2447 3315 2510 concubitui.
3343 2448 3550 2512 Vocem

1948 2528 2224 2595 amittunt,
2284 2530 2468 2590 colore
2514 2531 2814 2601 variantur,
2866 2537 3040 2596 oculis
3074 2539 3398 2608 inanescunt,
3452 2558 3552 2606 ore

1947 2620 2226 2689 anhelant,
2260 2621 2495 2680 fremunt
2521 2626 2764 2694 nuribus,
2797 2627 2850 2686 in
2889 2627 3129 2690 furorem
3179 2633 3547 2706 inardescunt.

1948 2730 2168 2772 sensum
2217 2717 2506 2776 excedunt.
2544 2720 2680 2780 liinc
2733 2723 3021 2792 phronesis
3048 2728 3375 2798 periculosa.
3421 2732 3550 2796 hinc

1948 2810 2140 2864 calculi
2172 2811 2354 2879 gravis
2383 2828 2562 2882 ραηκι,
2588 2814 2716 2878 hinc
2743 2819 2975 2879 exitialis
3005 2822 3266 2886 cruditas.
3294 2825 3419 2887 hinc
3453 2845 3550 2888 vo-

1951 2901 2113 2954 mitus
2141 2901 2398 2971 frequens
2429 2919 2670 2960 semesas
2699 2909 2888 2978 epulas
2919 2927 3038 2973 eum
3073 2914 3410 2975 internornm
3439 2922 3552 2982 viss

1949 3004 2132 3054 cerum
2155 3008 2352 3050 cruore
2382 2996 2739 3059 fundendum.
2776 3000 3028 3070 Ilentior,
3073 3008 3177 3062 nisi
3221 3011 3410 3072 eadem
3443 3014 3549 3070 Do-

1951 3086 2134 3146 minus
2163 3102 2258 3156 per
2306 3088 2636 3152 Hieremiam
2679 3092 2893 3156 locutus
2923 3105 3011 3156 est
3051 3099 3236 3160 dicens
3267 3121 3280 3157 :
3308 3104 3475 3162 Bibit:
3501 3117 3554 3168 et

1948 3179 2299 3246 inebriantini,
2349 3193 2398 3235 et
2447 3184 2652 3248 Mittite,
2695 3195 2747 3240 et
2801 3189 3017 3257 cadetis,
3079 3202 3126 3246 et
3181 3210 3286 3256 non
3330 3201 3549 3271 surgatis

1949 3270 2083 3340 (θεν.
2117 3288 2244 3338 xxv,
2279 3273 2395 3343 27).

2022 3365 2110 3422 60,
2155 3365 2290 3426 Hinc
2321 3367 2484 3428 etiam
2534 3385 2684 3430 vana:
2714 3372 3000 3444 imagines,
3033 3376 3224 3438 incerti
3257 3380 3427 3450 visus,
3463 3383 3546 3445 ins

1948 3459 2158 3519 stabilis
2182 3475 2425 3529 gressus,
2450 3462 2824 3536 umbrasswpe
2847 3471 3153 3534 transiliunt
3173 3474 3315 3536 sicut
3337 3476 3542 3536 foveas.

1945 3548 2106 3610 Nutat
2133 3549 2220 3612 his
2267 3566 2390 3613 cum
2441 3553 2578 3618 facie
2609 3566 2774 3624 terra,
2805 3560 2984 3623 subito
3021 3565 3156 3636 erigi
3207 3577 3264 3625 et
3291 3568 3547 3636 inclinari

1943 3642 2176 3710 videtur,
2210 3652 2263 3706 et
2291 3645 2441 3714 quasi
2474 3657 2737 3716 vertatur,
2766 3652 3022 3716 timentes
3051 3656 3104 3718 in
3131 3657 3322 3722 faciem
3354 3671 3548 3732 ruunt,

1941 3742 1996 3790 et
2024 3734 2198 3794 solum
2226 3737 2478 3800 manibus
2507 3741 2942 3810 apprehenduut,
2965 3759 3058 3802 aut
3087 3755 3543 3820 colicurrentihns

1942 3829 2217 3888 montibus
2259 3831 2362 3890 sibi
2405 3832 2655 3894 videntur
2701 3835 2923 3892 includi.
2955 3838 3198 3902 Murmur
3235 3844 3288 3899 in
3319 3849 3544 3906 auribus

1943 3929 2215 3991 tamquam
2265 3925 2430 3985 maris
2483 3926 2795 3988 fluctuantis
2847 3929 3069 4001 fragor.
3119 3946 3173 3992 at
3229 3943 3541 3998 monentis

1937 4011 2101 4070 fluctu
2122 4013 2583 4076 littora.(.‘.anes-si
2615 4017 2870 4087 viderint,
2893 4020 3076 4082 leones
3106 4026 3458 4097 arbitrantur,
3484 4042 3542 4099 et

1937 4103 2166 4174 fugiunt,
2199 4105 2304 4168 Alii
2333 4106 2440 4166 risu
2466 4108 2748 4169 Solvuntur
2793 4111 3093 4182 incondito,
3116 4117 3205 4178 alii
3233 4117 3543 4186 inconsulti.

1936 4198 2027 4252 bili
2043 4213 2277 4252 mcerore
2299 4199 2601 4270 deplorant,
2622 4203 2706 4256 alii
2729 4203 3126 4269 irrationabiles
3138 4225 3368 4274 cernunt
3383 4232 3540 4286 [ravo-

1935 4305 2044 4346 rcs.
2082 4289 2371 4360 V’igilantes
2416 4293 2706 4362 somniant,
2759 4295 3089 4364 dormientes
3125 4301 3360 4374 litigant.
3419 4309 3539 4368 Vita
3591 4377 3598 4386 .

1935 4381 2098 4455 554
2120 4383 2202 4437 his
2232 4386 2496 4438 somnium
2545 4395 2648 4450 est,
2682 4397 2703 4425 ο
2749 4403 2972 4446 somnus
2998 4392 3078 4448 his
3111 4411 3259 4451 ntors
3286 4409 3367 4454 est
3399 4419 3411 4453 :
3442 4419 3539 4459 ex-

1932 4475 2086 4533 citari
2114 4473 2276 4530 nullis
2296 4476 2518 4535 vocibus
2545 4490 2794 4546 possunt;
2820 4485 3161 4552 quantolibet
3177 4489 3535 4550 stimulandos

1931 4564 2166 4636 impulsu
2206 4575 2378 4636 putes,
2429 4569 2528 4624 nisi
2573 4572 2918 4643 resipuerint,
2959 4578 3208 4650 evigilari
3251 4597 3360 4638 non
3409 4602 3533 4656 pos-

1929 4672 2073 4716 811111.

1744 4735 1901 4812 ιιιῖΙ)
1996 4752 2084 4809 61.
2142 4753 2294 4814 Unde
2351 4757 2490 4820 bene
2536 4759 2835 4822 Hieremias
2887 4753 3198 4836 huiusmodi
3245 4771 3520 4833 hominem

1931 4856 2200 4916 tamquam
2252 4851 2579 4920 superfluam
2620 4869 2948 4927 creaturam,
2995 4860 3305 4919 deﬂendam
3353 4877 3523 4938 putat.

1927 4938 2064 5008 Quid
2090 4942 2232 4994 enim
2264 4951 2347 4998 est
2379 4943 2540 5001 homo
2575 4949 2781 5016 ebrius,
2807 4953 2908 5006 nisi
2939 4954 3211 5024 superﬂua
3235 4968 3481 5016 creatura
3502 4963 3526 5012 ‘l

1931 5031 2116 5101 itaque
2141 5032 2222 5103 sic
2268 5037 2340 5090 ait
2376 5053 2387 5088 :
2423 5038 2570 5094 Sicut
2595 5042 2771 5110 [letum
2810 5043 2989 5113 laser,
3015 5046 3213 5117 deflebo
3245 5061 3310 5114 te,
3347 5054 3528 5120 vinea;

1931 5111 2052 5190 quia
2093 5123 2294 5179 deserta
2324 5137 2396 5182 est
2421 5131 2596 5184 civitas
2636 5131 2791 5188 Jazer
2835 5111 3176 5206 (lerant-uti,
3201 5111 3318 5214 89)..
3346 5144 3412 5198 Et
3439 5111 3527 5200 in:

1924 5211 2002 5268 ira
2036 5214 2249 5271 :Vinum
2276 5219 2328 5273 in
2357 5225 2808 5281 torcularibustuis
2831 5245 2978 5286 mane
3001 5248 3102 5285 non
3120 5235 3464 5305 calcaverunt,
3495 5238 3522 5276 (ί

1923 5309 2138 5369 meridie
2162 5323 2332 5367 autem
2361 5331 2464 5372 non
2505 5320 2734 5388 fecerunt
2767 5318 2936 5392 (Ibid.
2967 5322 3082 5396 55).
3111 5324 3269 5386 Jazer
3314 5336 3526 5396 ποιήσις

1921 5407 2199 5476 περισσὸς,
2231 5405 2433 5468 factura
2476 5410 2746 5480 superﬂua
2774 5423 2878 5468 est.
2913 5415 3209 5473 Moderatio
3234 5421 3378 5476 enim
3427 5440 3526 5480 na-

1927 5627 2054 5698 xero
2099 5623 2368 5698 etntnss_.,
2416 5618 2848 5698 meridionalem
2891 5641 2989 5680 non
3041 5631 3292 5698 fecertntt.
3326 5636 3522 5696 Iterum

1927 5682 2082 5769 Ilium,
2113 5686 2752 5769 edit.,'Jaser,_-lioab_.__.‘
2769 5693 2974 5769 altanus.
3003 5682 3052 5751 ei
3076 5682 3523 5769 sata}

1925 5751 2220 5848 habellt‘ant,
2254 5756 2424 5824 laser,
2456 5751 3109 5848 Maltinl‘icinenl’iccot.‘

1927 5839 2042 5885 mas
2071 5827 2244 5887 Paris.
2275 5846 2555 5914 curavclre.
2586 5830 2652 5912 ad
2686 5835 2843 5890 tinent
2869 5836 3025 5906 hujus
3053 5858 3172 5914 cap.
3201 5827 3523 5914 spinis}...-

1927 5905 2183 5958 notarunt
2238 5917 2418 5981 verant
2473 5903 2762 5983 lectionem
2794 5921 2914 5962 esse
2947 5903 3298 5983 'catnfqua'm
3342 5937 3439 5978 nos
3460 5903 3524 5980 in

1929 5977 2133 6022 tomum
2162 5986 2293 6025 mss.
2325 5973 2490 6026 etiam
2523 5974 2845 6032 auctoritate
2877 5973 3268 6042 transtulitiius.
