  <div class='ocr_page' id='page_1' title='image "/cluster/home/n/w/nwhite01/storage/ocr_20150623/14/hvd.32044015471303/367.png"; bbox 0 0 4066 6360; ppageno 0'>
   <div class='ocr_carea' id='block_1_1' title="bbox 555 281 661 337">
    <p class='ocr_par' dir='ltr' id='par_1_1' title="bbox 555 281 661 337">
     <span class='ocr_line' id='line_1_1' title="bbox 555 281 661 337; baseline -0.009 0"><span class='ocrx_word' id='word_1_1' title='bbox 555 281 661 337; x_wconf 66' lang='grc' dir='ltr'><strong>’1ὓῆ</strong></span> 
     </span>
    </p>
   </div>
   <div class='ocr_carea' id='block_1_2' title="bbox 1896 276 2509 336">
    <p class='ocr_par' dir='ltr' id='par_1_2' title="bbox 1896 276 2509 336">
     <span class='ocr_line' id='line_1_2' title="bbox 1896 276 2509 336; baseline -0.003 -2"><span class='ocrx_word' id='word_1_2' title='bbox 1896 276 2146 335; x_wconf 73' lang='grc' dir='ltr'><strong>ΒΑΝϐΤΙ</strong></span> <span class='ocrx_word' id='word_1_3' title='bbox 2182 276 2509 336; x_wconf 70' lang='lat' dir='ltr'><strong>AMBROSII</strong></span> 
     </span>
    </p>
   </div>
   <div class='ocr_carea' id='block_1_3' title="bbox 3775 275 3876 332">
    <p class='ocr_par' dir='ltr' id='par_1_3' title="bbox 3775 275 3876 332">
     <span class='ocr_line' id='line_1_3' title="bbox 3775 275 3876 332; baseline 0 0"><span class='ocrx_word' id='word_1_4' title='bbox 3775 275 3876 332; x_wconf 75' lang='grc' dir='ltr'><strong>τξι</strong></span> 
     </span>
    </p>
   </div>
   <div class='ocr_carea' id='block_1_4' title="bbox 563 389 3876 466">
    <p class='ocr_par' dir='ltr' id='par_1_4' title="bbox 563 389 3876 466">
     <span class='ocr_line' id='line_1_4' title="bbox 563 389 3876 466; baseline -0.001 -18"><span class='ocrx_word' id='word_1_5' title='bbox 563 409 672 466; x_wconf 90' lang='lat' dir='ltr'><strong>que</strong></span> <span class='ocrx_word' id='word_1_6' title='bbox 719 393 882 449; x_wconf 90' lang='lat' dir='ltr'><strong>t0ties</strong></span> <span class='ocrx_word' id='word_1_7' title='bbox 937 391 1341 448; x_wconf 74' lang='lat' dir='ltr'><strong>recurrentibus</strong></span> <span class='ocrx_word' id='word_1_8' title='bbox 1397 389 1788 446; x_wconf 68' lang='lat' dir='ltr'><strong>mercatoribus</strong></span> <span class='ocrx_word' id='word_1_9' title='bbox 1836 399 2154 446; x_wconf 87' lang='lat' dir='ltr'><strong>exaratum:</strong></span> <span class='ocrx_word' id='word_1_10' title='bbox 2187 392 2536 453; x_wconf 69' lang='lat' dir='ltr'><strong>Acanticum</strong></span> <span class='ocrx_word' id='word_1_11' title='bbox 2578 390 2898 448; x_wconf 87' lang='lat' dir='ltr'><strong>meretricis.</strong></span> <span class='ocrx_word' id='word_1_12' title='bbox 2945 391 3236 460; x_wconf 83' lang='lat' dir='ltr'><strong>Oraculum</strong></span> <span class='ocrx_word' id='word_1_13' title='bbox 3289 391 3624 463; x_wconf 73' lang='lat' dir='ltr'><strong>prophetica:</strong></span> <span class='ocrx_word' id='word_1_14' title='bbox 3660 405 3876 446; x_wconf 79' lang='lat' dir='ltr'><strong>annun-</strong></span> 
     </span>
    </p>
   </div>
   <div class='ocr_carea' id='block_1_5' title="bbox 574 483 2158 556">
    <p class='ocr_par' dir='ltr' id='par_1_5' title="bbox 574 483 2158 556">
     <span class='ocr_line' id='line_1_5' title="bbox 574 483 2158 556; baseline -0.001 -14"><span class='ocrx_word' id='word_1_15' title='bbox 574 486 848 553; x_wconf 72' lang='lat' dir='ltr'><strong>Erubesce,</strong></span> <span class='ocrx_word' id='word_1_16' title='bbox 865 485 1047 548; x_wconf 87' lang='lat' dir='ltr'><strong>Sidon,</strong></span> <span class='ocrx_word' id='word_1_17' title='bbox 1067 485 1195 539; x_wconf 73' lang='lat' dir='ltr'><strong>dixit</strong></span> <span class='ocrx_word' id='word_1_18' title='bbox 1224 501 1363 539; x_wconf 83' lang='lat' dir='ltr'><strong>mare</strong></span> <span class='ocrx_word' id='word_1_19' title='bbox 1379 483 1548 555; x_wconf 81' lang='lat' dir='ltr'><strong>(Esai.</strong></span> <span class='ocrx_word' id='word_1_20' title='bbox 1571 499 1730 546; x_wconf 83' lang='lat' dir='ltr'><strong>xxut.</strong></span> <span class='ocrx_word' id='word_1_21' title='bbox 1754 484 1831 554; x_wconf 78' lang='grc'><strong>4).</strong></span> <span class='ocrx_word' id='word_1_22' title='bbox 1856 483 2158 556; x_wconf 81' lang='lat' dir='ltr'><strong>Tamquam</strong></span> 
     </span>
    </p>
   </div>
   <div class='ocr_carea' id='block_1_6' title="bbox 566 576 2166 652">
    <p class='ocr_par' dir='ltr' id='par_1_6' title="bbox 566 576 2166 652">
     <span class='ocr_line' id='line_1_6' title="bbox 566 576 2166 652; baseline -0.003 -17"><span class='ocrx_word' id='word_1_23' title='bbox 566 580 775 652; x_wconf 84' lang='lat' dir='ltr'><strong>fatigati</strong></span> <span class='ocrx_word' id='word_1_24' title='bbox 801 579 1054 636; x_wconf 90' lang='lat' dir='ltr'><strong>elemenli</strong></span> <span class='ocrx_word' id='word_1_25' title='bbox 1086 595 1188 634; x_wconf 89' lang='lat' dir='ltr'><strong>vox</strong></span> <span class='ocrx_word' id='word_1_26' title='bbox 1221 579 1322 634; x_wconf 87' lang='lat' dir='ltr'><strong>ista</strong></span> <span class='ocrx_word' id='word_1_27' title='bbox 1351 577 1583 633; x_wconf 73' lang='lat' dir='ltr'><strong>dicentis</strong></span> <span class='ocrx_word' id='word_1_28' title='bbox 1611 588 1694 634; x_wconf 90' lang='lat' dir='ltr'><strong>est</strong></span> <span class='ocrx_word' id='word_1_29' title='bbox 1725 597 1738 631; x_wconf 87' lang='lat'><strong>:</strong></span> <span class='ocrx_word' id='word_1_30' title='bbox 1767 576 2050 643; x_wconf 84' lang='lat' dir='ltr'><strong>Erubesce,</strong></span> <span class='ocrx_word' id='word_1_31' title='bbox 2075 577 2166 633; x_wconf 81' lang='lat' dir='ltr'><strong>Si-</strong></span> 
     </span>
    </p>
   </div>
   <div class='ocr_carea' id='block_1_7' title="bbox 569 670 2161 742">
    <p class='ocr_par' dir='ltr' id='par_1_7' title="bbox 569 670 2161 742">
     <span class='ocr_line' id='line_1_7' title="bbox 569 670 2161 742; baseline -0.001 -14"><span class='ocrx_word' id='word_1_32' title='bbox 569 674 691 741; x_wconf 85' lang='lat' dir='ltr'><strong>don,</strong></span> <span class='ocrx_word' id='word_1_33' title='bbox 724 673 826 727; x_wconf 91' lang='lat' dir='ltr'><strong>hoc</strong></span> <span class='ocrx_word' id='word_1_34' title='bbox 845 681 950 735; x_wconf 87' lang='lat' dir='ltr'><strong>est,</strong></span> <span class='ocrx_word' id='word_1_35' title='bbox 981 687 1130 727; x_wconf 90' lang='lat' dir='ltr'><strong>meos</strong></span> <span class='ocrx_word' id='word_1_36' title='bbox 1161 671 1354 726; x_wconf 82' lang='lat' dir='ltr'><strong>ﬂuctus</strong></span> <span class='ocrx_word' id='word_1_37' title='bbox 1382 671 1689 742; x_wconf 87' lang='lat' dir='ltr'><strong>negotiator</strong></span> <span class='ocrx_word' id='word_1_38' title='bbox 1713 671 1916 742; x_wconf 88' lang='lat' dir='ltr'><strong>arguis,</strong></span> <span class='ocrx_word' id='word_1_39' title='bbox 1940 687 2061 724; x_wconf 91' lang='lat' dir='ltr'><strong>cum</strong></span> <span class='ocrx_word' id='word_1_40' title='bbox 2085 670 2161 726; x_wconf 87' lang='lat' dir='ltr'><strong>sis</strong></span> 
     </span>
    </p>
   </div>
   <div class='ocr_carea' id='block_1_8' title="bbox 571 761 2157 837">
    <p class='ocr_par' dir='ltr' id='par_1_8' title="bbox 571 761 2157 837">
     <span class='ocr_line' id='line_1_8' title="bbox 571 761 2157 837; baseline -0.002 -16"><span class='ocrx_word' id='word_1_41' title='bbox 571 766 684 837; x_wconf 89' lang='lat' dir='ltr'><strong>ipse</strong></span> <span class='ocrx_word' id='word_1_42' title='bbox 727 765 979 820; x_wconf 86' lang='lat' dir='ltr'><strong>ﬂuctibus</strong></span> <span class='ocrx_word' id='word_1_43' title='bbox 1024 763 1348 834; x_wconf 86' lang='lat' dir='ltr'><strong>inquietior;</strong></span> <span class='ocrx_word' id='word_1_44' title='bbox 1395 775 1448 818; x_wconf 92' lang='lat' dir='ltr'><strong>et</strong></span> <span class='ocrx_word' id='word_1_45' title='bbox 1488 764 1752 818; x_wconf 87' lang='lat' dir='ltr'><strong>erubesce</strong></span> <span class='ocrx_word' id='word_1_46' title='bbox 1790 763 1874 818; x_wconf 85' lang='lat' dir='ltr'><strong>vel</strong></span> <span class='ocrx_word' id='word_1_47' title='bbox 1917 761 2157 833; x_wconf 85' lang='lat' dir='ltr'><strong>pudore,</strong></span> 
     </span>
    </p>
   </div>
   <div class='ocr_carea' id='block_1_9' title="bbox 569 858 2155 930">
    <p class='ocr_par' dir='ltr' id='par_1_9' title="bbox 569 858 2155 930">
     <span class='ocr_line' id='line_1_9' title="bbox 569 858 2155 930; baseline -0.001 -17"><span class='ocrx_word' id='word_1_48' title='bbox 569 859 820 930; x_wconf 82' lang='lat' dir='ltr'><strong>quoniam</strong></span> <span class='ocrx_word' id='word_1_49' title='bbox 855 859 1092 930; x_wconf 87' lang='lat' dir='ltr'><strong>periculo</strong></span> <span class='ocrx_word' id='word_1_50' title='bbox 1120 875 1224 914; x_wconf 92' lang='lat' dir='ltr'><strong>non</strong></span> <span class='ocrx_word' id='word_1_51' title='bbox 1255 859 1511 914; x_wconf 87' lang='lat' dir='ltr'><strong>moveris.</strong></span> <span class='ocrx_word' id='word_1_52' title='bbox 1549 858 1979 914; x_wconf 87' lang='lat' dir='ltr'><strong>Verecundiores</strong></span> <span class='ocrx_word' id='word_1_53' title='bbox 2009 858 2155 914; x_wconf 85' lang='lat' dir='ltr'><strong>venti</strong></span> 
     </span>
    </p>
   </div>
   <div class='ocr_carea' id='block_1_10' title="bbox 563 951 2159 1022">
    <p class='ocr_par' dir='ltr' id='par_1_10' title="bbox 563 951 2159 1022">
     <span class='ocr_line' id='line_1_10' title="bbox 563 951 2159 1022; baseline -0.003 -12"><span class='ocrx_word' id='word_1_54' title='bbox 563 962 709 1016; x_wconf 90' lang='lat' dir='ltr'><strong>sunt,</strong></span> <span class='ocrx_word' id='word_1_55' title='bbox 741 967 899 1020; x_wconf 90' lang='lat' dir='ltr'><strong>quam</strong></span> <span class='ocrx_word' id='word_1_56' title='bbox 933 961 1127 1007; x_wconf 75' lang='lat' dir='ltr'><strong>vestra:</strong></span> <span class='ocrx_word' id='word_1_57' title='bbox 1158 951 1500 1022; x_wconf 76' lang='lat' dir='ltr'><strong>cupiditates.</strong></span> <span class='ocrx_word' id='word_1_58' title='bbox 1544 951 1623 1006; x_wconf 87' lang='lat' dir='ltr'><strong>Illi</strong></span> <span class='ocrx_word' id='word_1_59' title='bbox 1655 951 1855 1006; x_wconf 82' lang='lat' dir='ltr'><strong>habent</strong></span> <span class='ocrx_word' id='word_1_60' title='bbox 1887 951 1997 1004; x_wconf 88' lang='lat' dir='ltr'><strong>otia</strong></span> <span class='ocrx_word' id='word_1_61' title='bbox 2025 965 2121 1005; x_wconf 88' lang='lat' dir='ltr'><strong>sua</strong></span> <span class='ocrx_word' id='word_1_62' title='bbox 2141 989 2159 1016; x_wconf 90' lang='lat'><strong>,</strong></span> 
     </span>
    </p>
   </div>
   <div class='ocr_carea' id='block_1_11' title="bbox 568 1041 2159 1115">
    <p class='ocr_par' dir='ltr' id='par_1_11' title="bbox 568 1041 2159 1115">
     <span class='ocr_line' id='line_1_11' title="bbox 568 1041 2159 1115; baseline -0.001 -16"><span class='ocrx_word' id='word_1_63' title='bbox 568 1060 862 1115; x_wconf 81' lang='lat' dir='ltr'><strong>numquam</strong></span> <span class='ocrx_word' id='word_1_64' title='bbox 887 1054 1063 1099; x_wconf 87' lang='lat' dir='ltr'><strong>vestra</strong></span> <span class='ocrx_word' id='word_1_65' title='bbox 1091 1043 1368 1114; x_wconf 69' lang='lat' dir='ltr'><strong>qumrendi</strong></span> <span class='ocrx_word' id='word_1_66' title='bbox 1406 1042 1581 1097; x_wconf 89' lang='lat' dir='ltr'><strong>studia</strong></span> <span class='ocrx_word' id='word_1_67' title='bbox 1614 1041 1894 1098; x_wconf 84' lang='lat' dir='ltr'><strong>feriantur.</strong></span> <span class='ocrx_word' id='word_1_68' title='bbox 1934 1042 2002 1097; x_wconf 89' lang='lat' dir='ltr'><strong>Et</strong></span> <span class='ocrx_word' id='word_1_69' title='bbox 2036 1057 2159 1098; x_wconf 88' lang='lat' dir='ltr'><strong>cum</strong></span> 
     </span>
    </p>
   </div>
   <div class='ocr_carea' id='block_1_12' title="bbox 559 1137 2162 1210">
    <p class='ocr_par' dir='ltr' id='par_1_12' title="bbox 559 1137 2162 1210">
     <span class='ocr_line' id='line_1_12' title="bbox 559 1137 2162 1210; baseline -0.001 -16"><span class='ocrx_word' id='word_1_70' title='bbox 559 1138 734 1195; x_wconf 89' lang='lat' dir='ltr'><strong>otiosa</strong></span> <span class='ocrx_word' id='word_1_71' title='bbox 767 1149 1062 1210; x_wconf 81' lang='lat' dir='ltr'><strong>tempestas</strong></span> <span class='ocrx_word' id='word_1_72' title='bbox 1110 1149 1230 1204; x_wconf 89' lang='lat' dir='ltr'><strong>est,</strong></span> <span class='ocrx_word' id='word_1_73' title='bbox 1279 1153 1574 1208; x_wconf 83' lang='lat' dir='ltr'><strong>numquam</strong></span> <span class='ocrx_word' id='word_1_74' title='bbox 1604 1147 1782 1193; x_wconf 89' lang='lat' dir='ltr'><strong>vestra</strong></span> <span class='ocrx_word' id='word_1_75' title='bbox 1811 1137 1983 1191; x_wconf 88' lang='lat' dir='ltr'><strong>otiosa</strong></span> <span class='ocrx_word' id='word_1_76' title='bbox 2032 1146 2162 1193; x_wconf 88' lang='lat' dir='ltr'><strong>sunt</strong></span> 
     </span>
    </p>
   </div>
   <div class='ocr_carea' id='block_1_13' title="bbox 559 1231 2160 1304">
    <p class='ocr_par' dir='ltr' id='par_1_13' title="bbox 559 1231 2160 1304">
     <span class='ocr_line' id='line_1_13' title="bbox 559 1231 2160 1304; baseline 0 -16"><span class='ocrx_word' id='word_1_77' title='bbox 559 1233 791 1304; x_wconf 81' lang='lat' dir='ltr'><strong>navigia.</strong></span> <span class='ocrx_word' id='word_1_78' title='bbox 825 1232 1090 1290; x_wconf 82' lang='lat' dir='ltr'><strong>Versatur</strong></span> <span class='ocrx_word' id='word_1_79' title='bbox 1111 1232 1257 1289; x_wconf 86' lang='lat' dir='ltr'><strong>unda</strong></span> <span class='ocrx_word' id='word_1_80' title='bbox 1288 1232 1390 1288; x_wconf 88' lang='lat' dir='ltr'><strong>sub</strong></span> <span class='ocrx_word' id='word_1_81' title='bbox 1419 1232 1646 1304; x_wconf 88' lang='lat' dir='ltr'><strong>remige,</strong></span> <span class='ocrx_word' id='word_1_82' title='bbox 1679 1231 1894 1303; x_wconf 82' lang='lat' dir='ltr'><strong>quando</strong></span> <span class='ocrx_word' id='word_1_83' title='bbox 1925 1231 2160 1302; x_wconf 80' lang='lat' dir='ltr'><strong>quiescit</strong></span> 
     </span>
    </p>
   </div>
   <div class='ocr_carea' id='block_1_14' title="bbox 556 1327 1049 1403">
    <p class='ocr_par' dir='ltr' id='par_1_14' title="bbox 556 1327 1049 1403">
     <span class='ocr_line' id='line_1_14' title="bbox 556 1327 1049 1403; baseline -0.004 -20"><span class='ocrx_word' id='word_1_84' title='bbox 556 1343 587 1383; x_wconf 86' lang='lat' dir='ltr'><strong>a</strong></span> <span class='ocrx_word' id='word_1_85' title='bbox 615 1327 857 1382; x_wconf 82' lang='lat' dir='ltr'><strong>ﬂamine.</strong></span> <span class='ocrx_word' id='word_1_86' title='bbox 1046 1398 1049 1403; x_wconf 17' lang='grc' dir='ltr'><strong><em>Α</em></strong></span> 
     </span>
    </p>
   </div>
   <div class='ocr_carea' id='block_1_15' title="bbox 634 1419 2160 1492">
    <p class='ocr_par' dir='ltr' id='par_1_15' title="bbox 634 1419 2160 1492">
     <span class='ocr_line' id='line_1_15' title="bbox 634 1419 2160 1492; baseline -0.002 -16"><span class='ocrx_word' id='word_1_87' title='bbox 634 1421 722 1476; x_wconf 73' lang='grc'><strong>72.</strong></span> <span class='ocrx_word' id='word_1_88' title='bbox 769 1420 892 1475; x_wconf 83' lang='lat' dir='ltr'><strong>Non</strong></span> <span class='ocrx_word' id='word_1_89' title='bbox 920 1421 1194 1492; x_wconf 77' lang='lat' dir='ltr'><strong>parturivi,</strong></span> <span class='ocrx_word' id='word_1_90' title='bbox 1225 1419 1418 1491; x_wconf 89' lang='lat' dir='ltr'><strong>inquit,</strong></span> <span class='ocrx_word' id='word_1_91' title='bbox 1451 1436 1541 1474; x_wconf 86' lang='lat' dir='ltr'><strong>nec</strong></span> <span class='ocrx_word' id='word_1_92' title='bbox 1573 1421 1769 1491; x_wconf 79' lang='lat' dir='ltr'><strong>peperi,</strong></span> <span class='ocrx_word' id='word_1_93' title='bbox 1802 1435 1895 1474; x_wconf 87' lang='lat' dir='ltr'><strong>nec</strong></span> <span class='ocrx_word' id='word_1_94' title='bbox 1940 1419 2160 1474; x_wconf 86' lang='lat' dir='ltr'><strong>enutrivi</strong></span> 
     </span>
    </p>
   </div>
   <div class='ocr_carea' id='block_1_16' title="bbox 551 1511 2156 1588">
    <p class='ocr_par' dir='ltr' id='par_1_16' title="bbox 551 1511 2156 1588">
     <span class='ocr_line' id='line_1_16' title="bbox 551 1511 2156 1588; baseline 0.001 -20"><span class='ocrx_word' id='word_1_95' title='bbox 551 1518 772 1588; x_wconf 87' lang='lat' dir='ltr'><strong>juvenes</strong></span> <span class='ocrx_word' id='word_1_96' title='bbox 816 1511 1034 1585; x_wconf 65' lang='lat' dir='ltr'><strong>(Ibid).</strong></span> <span class='ocrx_word' id='word_1_97' title='bbox 1074 1512 1215 1577; x_wconf 77' lang='lat' dir='ltr'><strong>Quid</strong></span> <span class='ocrx_word' id='word_1_98' title='bbox 1271 1528 1360 1568; x_wconf 91' lang='lat' dir='ltr'><strong>me</strong></span> <span class='ocrx_word' id='word_1_99' title='bbox 1394 1513 1696 1583; x_wconf 82' lang='lat' dir='ltr'><strong>inquietant</strong></span> <span class='ocrx_word' id='word_1_100' title='bbox 1743 1527 1878 1583; x_wconf 91' lang='lat' dir='ltr'><strong>quos</strong></span> <span class='ocrx_word' id='word_1_101' title='bbox 1929 1513 2156 1581; x_wconf 85' lang='lat' dir='ltr'><strong>nescio,</strong></span> 
     </span>
    </p>
   </div>
   <div class='ocr_carea' id='block_1_17' title="bbox 561 1603 2160 1678">
    <p class='ocr_par' dir='ltr' id='par_1_17' title="bbox 561 1603 2160 1678">
     <span class='ocr_line' id='line_1_17' title="bbox 561 1603 2160 1678; baseline 0 -20"><span class='ocrx_word' id='word_1_102' title='bbox 561 1621 700 1675; x_wconf 85' lang='lat' dir='ltr'><strong>quos</strong></span> <span class='ocrx_word' id='word_1_103' title='bbox 725 1621 831 1659; x_wconf 91' lang='lat' dir='ltr'><strong>non</strong></span> <span class='ocrx_word' id='word_1_104' title='bbox 861 1605 1134 1676; x_wconf 88' lang='lat' dir='ltr'><strong>agnoseo?</strong></span> <span class='ocrx_word' id='word_1_105' title='bbox 1165 1603 1249 1658; x_wconf 89' lang='lat' dir='ltr'><strong>Ite</strong></span> <span class='ocrx_word' id='word_1_106' title='bbox 1287 1606 1340 1659; x_wconf 90' lang='lat' dir='ltr'><strong>in</strong></span> <span class='ocrx_word' id='word_1_107' title='bbox 1393 1603 1785 1678; x_wconf 79' lang='lat' dir='ltr'><strong>Carthaginem,</strong></span> <span class='ocrx_word' id='word_1_108' title='bbox 1830 1604 2024 1659; x_wconf 79' lang='lat' dir='ltr'><strong>ululata</strong></span> <span class='ocrx_word' id='word_1_109' title='bbox 2069 1605 2160 1676; x_wconf 79' lang='lat' dir='ltr'><strong>qui</strong></span> 
     </span>
    </p>
   </div>
   <div class='ocr_carea' id='block_1_18' title="bbox 568 1696 2161 1769">
    <p class='ocr_par' dir='ltr' id='par_1_18' title="bbox 568 1696 2161 1769">
     <span class='ocr_line' id='line_1_18' title="bbox 568 1696 2161 1769; baseline 0.001 -19"><span class='ocrx_word' id='word_1_110' title='bbox 568 1697 874 1751; x_wconf 87' lang='lat' dir='ltr'><strong>iuhabitatis</strong></span> <span class='ocrx_word' id='word_1_111' title='bbox 920 1698 1120 1752; x_wconf 78' lang='lat' dir='ltr'><strong>insulas</strong></span> <span class='ocrx_word' id='word_1_112' title='bbox 1166 1696 1333 1769; x_wconf 84' lang='lat' dir='ltr'><strong>(Ibid.</strong></span> <span class='ocrx_word' id='word_1_113' title='bbox 1377 1697 1457 1767; x_wconf 86' lang='lat'><strong>6).</strong></span> <span class='ocrx_word' id='word_1_114' title='bbox 1511 1698 1685 1769; x_wconf 84' lang='lat' dir='ltr'><strong>Supra</strong></span> <span class='ocrx_word' id='word_1_115' title='bbox 1716 1698 1895 1752; x_wconf 88' lang='lat' dir='ltr'><strong>dixit:</strong></span> <span class='ocrx_word' id='word_1_116' title='bbox 1947 1697 2161 1752; x_wconf 88' lang='lat' dir='ltr'><strong>Ululate</strong></span> 
     </span>
    </p>
   </div>
   <div class='ocr_carea' id='block_1_19' title="bbox 2263 484 2947 556">
    <p class='ocr_par' dir='ltr' id='par_1_19' title="bbox 2263 484 2947 556">
     <span class='ocr_line' id='line_1_19' title="bbox 2263 484 2947 556; baseline 0 -16"><span class='ocrx_word' id='word_1_117' title='bbox 2263 484 2508 540; x_wconf 85' lang='lat' dir='ltr'><strong>tistionis</strong></span> <span class='ocrx_word' id='word_1_118' title='bbox 2537 485 2818 556; x_wconf 83' lang='lat' dir='ltr'><strong>impletum</strong></span> <span class='ocrx_word' id='word_1_119' title='bbox 2843 495 2947 542; x_wconf 91' lang='lat' dir='ltr'><strong>est.</strong></span> 
     </span>
    </p>
   </div>
   <div class='ocr_carea' id='block_1_20' title="bbox 2335 577 3878 651">
    <p class='ocr_par' dir='ltr' id='par_1_20' title="bbox 2335 577 3878 651">
     <span class='ocr_line' id='line_1_20' title="bbox 2335 577 3878 651; baseline 0.001 -19"><span class='ocrx_word' id='word_1_120' title='bbox 2335 577 2423 632; x_wconf 73' lang='grc'><strong>74.</strong></span> <span class='ocrx_word' id='word_1_121' title='bbox 2469 578 2538 633; x_wconf 85' lang='lat' dir='ltr'><strong>Et</strong></span> <span class='ocrx_word' id='word_1_122' title='bbox 2563 578 2797 644; x_wconf 80' lang='lat' dir='ltr'><strong>sobjecit</strong></span> <span class='ocrx_word' id='word_1_123' title='bbox 2822 597 2835 632; x_wconf 92' lang='lat'><strong>:</strong></span> <span class='ocrx_word' id='word_1_124' title='bbox 2866 578 3055 647; x_wconf 79' lang='lat' dir='ltr'><strong>Accipe</strong></span> <span class='ocrx_word' id='word_1_125' title='bbox 3075 580 3354 643; x_wconf 79' lang='lat' dir='ltr'><strong>citharam,</strong></span> <span class='ocrx_word' id='word_1_126' title='bbox 3382 592 3403 619; x_wconf 76' lang='grc' dir='ltr'>ε</span> <span class='ocrx_word' id='word_1_127' title='bbox 3432 589 3480 634; x_wconf 90' lang='lat' dir='ltr'><strong>et</strong></span> <span class='ocrx_word' id='word_1_128' title='bbox 3507 595 3726 651; x_wconf 75' lang='lat' dir='ltr'><strong>vagare,</strong></span> <span class='ocrx_word' id='word_1_129' title='bbox 3761 580 3878 633; x_wconf 68' lang='lat' dir='ltr'><strong>cisi-</strong></span> 
     </span>
    </p>
   </div>
   <div class='ocr_carea' id='block_1_21' title="bbox 2261 671 3881 741">
    <p class='ocr_par' dir='ltr' id='par_1_21' title="bbox 2261 671 3881 741">
     <span class='ocr_line' id='line_1_21' title="bbox 2261 671 3881 741; baseline 0 -15"><span class='ocrx_word' id='word_1_130' title='bbox 2261 683 2338 726; x_wconf 97' lang='lat' dir='ltr'><strong>tas</strong></span> <span class='ocrx_word' id='word_1_131' title='bbox 2366 672 2613 726; x_wconf 75' lang='lat' dir='ltr'><strong>meretrix</strong></span> <span class='ocrx_word' id='word_1_132' title='bbox 2640 671 2822 736; x_wconf 88' lang='lat' dir='ltr'><strong>oblita,</strong></span> <span class='ocrx_word' id='word_1_133' title='bbox 2845 671 2972 726; x_wconf 83' lang='lat' dir='ltr'><strong>bene</strong></span> <span class='ocrx_word' id='word_1_134' title='bbox 2994 671 3267 737; x_wconf 72' lang='lat' dir='ltr'><strong>cithariza,</strong></span> <span class='ocrx_word' id='word_1_135' title='bbox 3298 673 3467 728; x_wconf 82' lang='lat' dir='ltr'><strong>ntulta</strong></span> <span class='ocrx_word' id='word_1_136' title='bbox 3497 684 3682 736; x_wconf 87' lang='lat' dir='ltr'><strong>canta,</strong></span> <span class='ocrx_word' id='word_1_137' title='bbox 3708 683 3766 725; x_wconf 81' lang='lat' dir='ltr'><strong>stt</strong></span> <span class='ocrx_word' id='word_1_138' title='bbox 3794 674 3881 741; x_wconf 76' lang='lat' dir='ltr'><strong>ﬁat</strong></span> 
     </span>
    </p>
   </div>
   <div class='ocr_carea' id='block_1_22' title="bbox 2262 762 3878 836">
    <p class='ocr_par' dir='ltr' id='par_1_22' title="bbox 2262 762 3878 836">
     <span class='ocr_line' id='line_1_22' title="bbox 2262 762 3878 836; baseline 0.002 -23"><span class='ocrx_word' id='word_1_139' title='bbox 2262 763 2509 816; x_wconf 82' lang='lat' dir='ltr'><strong>memoria</strong></span> <span class='ocrx_word' id='word_1_140' title='bbox 2543 764 2634 817; x_wconf 89' lang='lat' dir='ltr'><strong>tui.</strong></span> <span class='ocrx_word' id='word_1_141' title='bbox 2669 762 2733 817; x_wconf 85' lang='lat' dir='ltr'><strong>Et</strong></span> <span class='ocrx_word' id='word_1_142' title='bbox 2779 773 2893 834; x_wconf 84' lang='lat' dir='ltr'><strong>post</strong></span> <span class='ocrx_word' id='word_1_143' title='bbox 2920 765 3250 836; x_wconf 71' lang='lat' dir='ltr'><strong>septuaginta</strong></span> <span class='ocrx_word' id='word_1_144' title='bbox 3273 781 3440 818; x_wconf 88' lang='lat' dir='ltr'><strong>annos</strong></span> <span class='ocrx_word' id='word_1_145' title='bbox 3485 765 3582 816; x_wconf 86' lang='lat' dir='ltr'><strong>erit</strong></span> <span class='ocrx_word' id='word_1_146' title='bbox 3612 763 3801 835; x_wconf 75' lang='lat' dir='ltr'><strong>Tyrus</strong></span> <span class='ocrx_word' id='word_1_147' title='bbox 3829 773 3878 817; x_wconf 76' lang='lat' dir='ltr'><strong>st</strong></span> 
     </span>
    </p>
   </div>
   <div class='ocr_carea' id='block_1_23' title="bbox 2264 841 3880 930">
    <p class='ocr_par' dir='ltr' id='par_1_23' title="bbox 2264 841 3880 930">
     <span class='ocr_line' id='line_1_23' title="bbox 2264 841 3880 930; baseline 0.001 -19"><span class='ocrx_word' id='word_1_148' title='bbox 2264 859 2527 913; x_wconf 84' lang='lat' dir='ltr'><strong>canticum</strong></span> <span class='ocrx_word' id='word_1_149' title='bbox 2553 859 2859 923; x_wconf 81' lang='lat' dir='ltr'><strong>meretricis,</strong></span> <span class='ocrx_word' id='word_1_150' title='bbox 2897 869 2949 914; x_wconf 87' lang='lat' dir='ltr'><strong>et</strong></span> <span class='ocrx_word' id='word_1_151' title='bbox 2992 841 3336 913; x_wconf 72' lang='lat' dir='ltr'><strong>visitationem</strong></span> <span class='ocrx_word' id='word_1_152' title='bbox 3365 860 3524 929; x_wconf 82' lang='lat' dir='ltr'><strong>faciet</strong></span> <span class='ocrx_word' id='word_1_153' title='bbox 3569 857 3725 913; x_wconf 73' lang='lat' dir='ltr'><strong>Deus</strong></span> <span class='ocrx_word' id='word_1_154' title='bbox 3756 856 3880 930; x_wconf 72' lang='lat' dir='ltr'><strong>Tyri</strong></span> 
     </span>
    </p>
   </div>
   <div class='ocr_carea' id='block_1_24' title="bbox 2264 949 3876 1024">
    <p class='ocr_par' dir='ltr' id='par_1_24' title="bbox 2264 949 3876 1024">
     <span class='ocr_line' id='line_1_24' title="bbox 2264 949 3876 1024; baseline 0.002 -21"><span class='ocrx_word' id='word_1_155' title='bbox 2264 949 2432 1024; x_wconf 85' lang='lat' dir='ltr'><strong>(Ibid.</strong></span> <span class='ocrx_word' id='word_1_156' title='bbox 2493 951 2605 1021; x_wconf 72' lang='grc'><strong>16).</strong></span> <span class='ocrx_word' id='word_1_157' title='bbox 2658 950 2812 1008; x_wconf 87' lang='lat' dir='ltr'><strong>Unde</strong></span> <span class='ocrx_word' id='word_1_158' title='bbox 2844 966 3134 1021; x_wconf 85' lang='lat' dir='ltr'><strong>possumus</strong></span> <span class='ocrx_word' id='word_1_159' title='bbox 3175 962 3225 1006; x_wconf 83' lang='lat' dir='ltr'><strong>et</strong></span> <span class='ocrx_word' id='word_1_160' title='bbox 3275 953 3331 1008; x_wconf 86' lang='lat' dir='ltr'><strong>in</strong></span> <span class='ocrx_word' id='word_1_161' title='bbox 3389 953 3538 1007; x_wconf 86' lang='lat' dir='ltr'><strong>bono</strong></span> <span class='ocrx_word' id='word_1_162' title='bbox 3590 953 3876 1007; x_wconf 80' lang='lat' dir='ltr'><strong>canticum</strong></span> 
     </span>
    </p>
   </div>
   <div class='ocr_carea' id='block_1_25' title="bbox 2268 1046 3878 1118">
    <p class='ocr_par' dir='ltr' id='par_1_25' title="bbox 2268 1046 3878 1118">
     <span class='ocr_line' id='line_1_25' title="bbox 2268 1046 3878 1118; baseline -0.001 -16"><span class='ocrx_word' id='word_1_163' title='bbox 2268 1048 2454 1104; x_wconf 81' lang='lat' dir='ltr'><strong>ltahab</strong></span> <span class='ocrx_word' id='word_1_164' title='bbox 2487 1047 2632 1102; x_wconf 88' lang='lat' dir='ltr'><strong>illius</strong></span> <span class='ocrx_word' id='word_1_165' title='bbox 2682 1047 2984 1103; x_wconf 81' lang='lat' dir='ltr'><strong>meretricis</strong></span> <span class='ocrx_word' id='word_1_166' title='bbox 3007 1047 3262 1117; x_wconf 86' lang='lat' dir='ltr'><strong>accipere</strong></span> <span class='ocrx_word' id='word_1_167' title='bbox 3287 1087 3303 1112; x_wconf 96' lang='lat'><strong>,</strong></span> <span class='ocrx_word' id='word_1_168' title='bbox 3331 1063 3453 1118; x_wconf 84' lang='lat' dir='ltr'><strong>quae</strong></span> <span class='ocrx_word' id='word_1_169' title='bbox 3482 1046 3878 1116; x_wconf 77' lang='lat' dir='ltr'><strong>exploratores</strong></span> 
     </span>
    </p>
   </div>
   <div class='ocr_carea' id='block_1_26' title="bbox 2262 1139 3875 1208">
    <p class='ocr_par' dir='ltr' id='par_1_26' title="bbox 2262 1139 3875 1208">
     <span class='ocr_line' id='line_1_26' title="bbox 2262 1139 3875 1208; baseline -0.002 -11"><span class='ocrx_word' id='word_1_170' title='bbox 2262 1140 2390 1197; x_wconf 83' lang='lat' dir='ltr'><strong>Jcsu</strong></span> <span class='ocrx_word' id='word_1_171' title='bbox 2422 1139 2565 1196; x_wconf 85' lang='lat' dir='ltr'><strong>fideli</strong></span> <span class='ocrx_word' id='word_1_172' title='bbox 2612 1150 2794 1195; x_wconf 88' lang='lat' dir='ltr'><strong>mente</strong></span> <span class='ocrx_word' id='word_1_173' title='bbox 2834 1141 3093 1208; x_wconf 81' lang='lat' dir='ltr'><strong>suscepit.</strong></span> <span class='ocrx_word' id='word_1_174' title='bbox 3144 1139 3278 1194; x_wconf 84' lang='lat' dir='ltr'><strong>Nam</strong></span> <span class='ocrx_word' id='word_1_175' title='bbox 3334 1149 3390 1194; x_wconf 91' lang='lat' dir='ltr'><strong>et</strong></span> <span class='ocrx_word' id='word_1_176' title='bbox 3438 1140 3714 1193; x_wconf 73' lang='lat' dir='ltr'><strong>[)oorinus</strong></span> <span class='ocrx_word' id='word_1_177' title='bbox 3762 1141 3875 1193; x_wconf 83' lang='lat' dir='ltr'><strong>ait:</strong></span> 
     </span>
    </p>
   </div>
   <div class='ocr_carea' id='block_1_27' title="bbox 2263 1231 3874 1304">
    <p class='ocr_par' dir='ltr' id='par_1_27' title="bbox 2263 1231 3874 1304">
     <span class='ocr_line' id='line_1_27' title="bbox 2263 1231 3874 1304; baseline -0.001 -16"><span class='ocrx_word' id='word_1_178' title='bbox 2263 1232 2594 1289; x_wconf 80' lang='lat' dir='ltr'><strong>Cantauimsts</strong></span> <span class='ocrx_word' id='word_1_179' title='bbox 2616 1235 2776 1303; x_wconf 73' lang='lat' dir='ltr'><strong>vobis,</strong></span> <span class='ocrx_word' id='word_1_180' title='bbox 2831 1245 2878 1289; x_wconf 93' lang='lat' dir='ltr'><strong>et</strong></span> <span class='ocrx_word' id='word_1_181' title='bbox 2921 1250 3023 1289; x_wconf 88' lang='lat' dir='ltr'><strong>non</strong></span> <span class='ocrx_word' id='word_1_182' title='bbox 3048 1234 3279 1288; x_wconf 81' lang='lat' dir='ltr'><strong>saltastis</strong></span> <span class='ocrx_word' id='word_1_183' title='bbox 3311 1235 3331 1303; x_wconf 95' lang='lat'><strong>(</strong></span> <span class='ocrx_word' id='word_1_184' title='bbox 3347 1232 3478 1288; x_wconf 79' lang='lat' dir='ltr'><strong>Luc.</strong></span> <span class='ocrx_word' id='word_1_185' title='bbox 3513 1249 3610 1299; x_wconf 83' lang='lat' dir='ltr'><strong>vn,</strong></span> <span class='ocrx_word' id='word_1_186' title='bbox 3640 1232 3723 1288; x_wconf 72' lang='lat'><strong>32</strong></span> <span class='ocrx_word' id='word_1_187' title='bbox 3743 1231 3786 1304; x_wconf 92' lang='lat'><strong>).</strong></span> <span class='ocrx_word' id='word_1_188' title='bbox 3814 1231 3874 1288; x_wconf 79' lang='lat' dir='ltr'><strong>Et</strong></span> 
     </span>
    </p>
   </div>
   <div class='ocr_carea' id='block_1_28' title="bbox 2269 1327 3874 1392">
    <p class='ocr_par' dir='ltr' id='par_1_28' title="bbox 2269 1327 3874 1392">
     <span class='ocr_line' id='line_1_28' title="bbox 2269 1327 3874 1392; baseline -0.002 -10"><span class='ocrx_word' id='word_1_189' title='bbox 2269 1327 2436 1382; x_wconf 90' lang='lat' dir='ltr'><strong>David</strong></span> <span class='ocrx_word' id='word_1_190' title='bbox 2469 1329 2543 1382; x_wconf 89' lang='lat' dir='ltr'><strong>ait</strong></span> <span class='ocrx_word' id='word_1_191' title='bbox 2569 1345 2580 1380; x_wconf 88' lang='lat'>:</span> <span class='ocrx_word' id='word_1_192' title='bbox 2617 1327 2830 1382; x_wconf 89' lang='lat' dir='ltr'><strong>Cantate</strong></span> <span class='ocrx_word' id='word_1_193' title='bbox 2854 1327 3078 1382; x_wconf 87' lang='lat' dir='ltr'><strong>Domino</strong></span> <span class='ocrx_word' id='word_1_194' title='bbox 3108 1329 3362 1382; x_wconf 77' lang='lat' dir='ltr'><strong>canticum</strong></span> <span class='ocrx_word' id='word_1_195' title='bbox 3388 1344 3578 1382; x_wconf 75' lang='lat' dir='ltr'><strong>novum</strong></span> <span class='ocrx_word' id='word_1_196' title='bbox 3599 1368 3614 1392; x_wconf 90' lang='lat'><strong>,</strong></span> <span class='ocrx_word' id='word_1_197' title='bbox 3665 1337 3874 1380; x_wconf 76' lang='lat' dir='ltr'><strong>cantate</strong></span> 
     </span>
    </p>
   </div>
   <div class='ocr_carea' id='block_1_29' title="bbox 2262 1419 3872 1494">
    <p class='ocr_par' dir='ltr' id='par_1_29' title="bbox 2262 1419 3872 1494">
     <span class='ocr_line' id='line_1_29' title="bbox 2262 1419 3872 1494; baseline -0.002 -19"><span class='ocrx_word' id='word_1_198' title='bbox 2262 1419 2512 1486; x_wconf 90' lang='lat' dir='ltr'><strong>Domino,</strong></span> <span class='ocrx_word' id='word_1_199' title='bbox 2545 1423 2710 1475; x_wconf 88' lang='lat' dir='ltr'><strong>omnis</strong></span> <span class='ocrx_word' id='word_1_200' title='bbox 2738 1431 2874 1475; x_wconf 90' lang='lat' dir='ltr'><strong>terra</strong></span> <span class='ocrx_word' id='word_1_201' title='bbox 2891 1420 3068 1494; x_wconf 87' lang='lat' dir='ltr'><strong>(Psal.</strong></span> <span class='ocrx_word' id='word_1_202' title='bbox 3090 1435 3191 1475; x_wconf 84' lang='lat' dir='ltr'><strong>xcv</strong></span> <span class='ocrx_word' id='word_1_203' title='bbox 3211 1461 3228 1488; x_wconf 93' lang='lat'><strong>,</strong></span> <span class='ocrx_word' id='word_1_204' title='bbox 3252 1421 3326 1490; x_wconf 79' lang='grc'><strong>1).</strong></span> <span class='ocrx_word' id='word_1_205' title='bbox 3353 1419 3457 1475; x_wconf 92' lang='lat' dir='ltr'><strong>hoc</strong></span> <span class='ocrx_word' id='word_1_206' title='bbox 3477 1429 3564 1474; x_wconf 87' lang='lat' dir='ltr'><strong>est</strong></span> <span class='ocrx_word' id='word_1_207' title='bbox 3589 1420 3872 1474; x_wconf 76' lang='lat' dir='ltr'><strong>canticum</strong></span> 
     </span>
    </p>
   </div>
   <div class='ocr_carea' id='block_1_30' title="bbox 2263 1511 3872 1582">
    <p class='ocr_par' dir='ltr' id='par_1_30' title="bbox 2263 1511 3872 1582">
     <span class='ocr_line' id='line_1_30' title="bbox 2263 1511 3872 1582; baseline -0.001 -14"><span class='ocrx_word' id='word_1_208' title='bbox 2263 1513 2590 1576; x_wconf 87' lang='lat' dir='ltr'><strong>meretricis,</strong></span> <span class='ocrx_word' id='word_1_209' title='bbox 2623 1513 2766 1582; x_wconf 89' lang='lat' dir='ltr'><strong>quod</strong></span> <span class='ocrx_word' id='word_1_210' title='bbox 2807 1523 2932 1568; x_wconf 88' lang='lat' dir='ltr'><strong>ante</strong></span> <span class='ocrx_word' id='word_1_211' title='bbox 2961 1513 3054 1568; x_wconf 80' lang='lat' dir='ltr'><strong>illa</strong></span> <span class='ocrx_word' id='word_1_212' title='bbox 3087 1514 3345 1569; x_wconf 83' lang='lat' dir='ltr'><strong>meretrix</strong></span> <span class='ocrx_word' id='word_1_213' title='bbox 3377 1513 3427 1567; x_wconf 92' lang='lat' dir='ltr'><strong>iu</strong></span> <span class='ocrx_word' id='word_1_214' title='bbox 3461 1512 3635 1568; x_wconf 81' lang='lat' dir='ltr'><strong>Adam</strong></span> <span class='ocrx_word' id='word_1_215' title='bbox 3670 1522 3731 1566; x_wconf 88' lang='lat' dir='ltr'><strong>et</strong></span> <span class='ocrx_word' id='word_1_216' title='bbox 3765 1511 3872 1567; x_wconf 81' lang='lat' dir='ltr'><strong>Eva</strong></span> 
     </span>
    </p>
   </div>
   <div class='ocr_carea' id='block_1_31' title="bbox 2265 1605 3867 1679">
    <p class='ocr_par' dir='ltr' id='par_1_31' title="bbox 2265 1605 3867 1679">
     <span class='ocr_line' id='line_1_31' title="bbox 2265 1605 3867 1679; baseline -0.001 -22"><span class='ocrx_word' id='word_1_217' title='bbox 2265 1613 2410 1660; x_wconf 89' lang='lat' dir='ltr'><strong>terra</strong></span> <span class='ocrx_word' id='word_1_218' title='bbox 2480 1607 2756 1672; x_wconf 83' lang='lat' dir='ltr'><strong>cantavit,</strong></span> <span class='ocrx_word' id='word_1_219' title='bbox 2829 1606 3086 1662; x_wconf 80' lang='lat' dir='ltr'><strong>meretrix</strong></span> <span class='ocrx_word' id='word_1_220' title='bbox 3157 1607 3208 1660; x_wconf 92' lang='lat' dir='ltr'><strong>in</strong></span> <span class='ocrx_word' id='word_1_221' title='bbox 3288 1605 3488 1679; x_wconf 81' lang='lat' dir='ltr'><strong>populo</strong></span> <span class='ocrx_word' id='word_1_222' title='bbox 3553 1606 3867 1659; x_wconf 86' lang='lat' dir='ltr'><strong>nationum.</strong></span> 
     </span>
    </p>
   </div>
   <div class='ocr_carea' id='block_1_32' title="bbox 2267 1695 3868 1767">
    <p class='ocr_par' dir='ltr' id='par_1_32' title="bbox 2267 1695 3868 1767">
     <span class='ocr_line' id='line_1_32' title="bbox 2267 1695 3868 1767; baseline 0 -17"><span class='ocrx_word' id='word_1_223' title='bbox 2267 1696 2394 1751; x_wconf 81' lang='lat' dir='ltr'><strong>Haec</strong></span> <span class='ocrx_word' id='word_1_224' title='bbox 2441 1700 2702 1751; x_wconf 90' lang='lat' dir='ltr'><strong>meretrix</strong></span> <span class='ocrx_word' id='word_1_225' title='bbox 2759 1697 3020 1767; x_wconf 89' lang='lat' dir='ltr'><strong>plurimas</strong></span> <span class='ocrx_word' id='word_1_226' title='bbox 3080 1695 3204 1751; x_wconf 90' lang='lat' dir='ltr'><strong>fecit</strong></span> <span class='ocrx_word' id='word_1_227' title='bbox 3262 1696 3431 1752; x_wconf 87' lang='lat' dir='ltr'><strong>bonas</strong></span> <span class='ocrx_word' id='word_1_228' title='bbox 3497 1697 3868 1760; x_wconf 73' lang='lat' dir='ltr'><strong>meretrices,</strong></span> 
     </span>
    </p>
   </div>
   <div class='ocr_carea' id='block_1_33' title="bbox 562 1787 3864 1862">
    <p class='ocr_par' dir='ltr' id='par_1_33' title="bbox 562 1787 3864 1862">
     <span class='ocr_line' id='line_1_33' title="bbox 562 1787 3864 1862; baseline -0 -19"><span class='ocrx_word' id='word_1_229' title='bbox 562 1807 716 1844; x_wconf 81' lang='lat' dir='ltr'><strong>naves</strong></span> <span class='ocrx_word' id='word_1_230' title='bbox 745 1789 1096 1860; x_wconf 68' lang='lat' dir='ltr'><strong>Carthaginis.</strong></span> <span class='ocrx_word' id='word_1_231' title='bbox 1129 1789 1510 1860; x_wconf 79' lang='lat' dir='ltr'><strong>Carthaginem</strong></span> <span class='ocrx_word' id='word_1_232' title='bbox 1541 1790 1744 1844; x_wconf 83' lang='lat' dir='ltr'><strong>etenim</strong></span> <span class='ocrx_word' id='word_1_233' title='bbox 1774 1789 1926 1862; x_wconf 85' lang='lat' dir='ltr'><strong>Tyrii</strong></span> <span class='ocrx_word' id='word_1_234' title='bbox 1966 1790 2157 1846; x_wconf 87' lang='lat' dir='ltr'><strong>condi-</strong></span> <span class='ocrx_word' id='word_1_235' title='bbox 2188 1787 2236 1847; x_wconf 85' lang='grc' dir='ltr'><strong>Β</strong></span> <span class='ocrx_word' id='word_1_236' title='bbox 2264 1788 2332 1845; x_wconf 89' lang='lat' dir='ltr'><strong>de</strong></span> <span class='ocrx_word' id='word_1_237' title='bbox 2379 1789 2574 1860; x_wconf 90' lang='lat' dir='ltr'><strong>quibus</strong></span> <span class='ocrx_word' id='word_1_238' title='bbox 2625 1789 2826 1845; x_wconf 89' lang='lat' dir='ltr'><strong>dictum</strong></span> <span class='ocrx_word' id='word_1_239' title='bbox 2873 1798 2956 1845; x_wconf 90' lang='lat' dir='ltr'><strong>est</strong></span> <span class='ocrx_word' id='word_1_240' title='bbox 3009 1805 3038 1843; x_wconf 89' lang='lat' dir='ltr'><strong>a</strong></span> <span class='ocrx_word' id='word_1_241' title='bbox 3090 1789 3324 1844; x_wconf 91' lang='lat' dir='ltr'><strong>Domino</strong></span> <span class='ocrx_word' id='word_1_242' title='bbox 3375 1789 3505 1844; x_wconf 87' lang='lat' dir='ltr'><strong>Jesu</strong></span> <span class='ocrx_word' id='word_1_243' title='bbox 3557 1789 3625 1842; x_wconf 87' lang='lat' dir='ltr'><strong>ad</strong></span> <span class='ocrx_word' id='word_1_244' title='bbox 3710 1788 3864 1842; x_wconf 89' lang='lat' dir='ltr'><strong>illum</strong></span> 
     </span>
    </p>
   </div>
   <div class='ocr_carea' id='block_1_34' title="bbox 561 1881 2159 1954">
    <p class='ocr_par' dir='ltr' id='par_1_34' title="bbox 561 1881 2159 1954">
     <span class='ocr_line' id='line_1_34' title="bbox 561 1881 2159 1954; baseline -0.001 -17"><span class='ocrx_word' id='word_1_245' title='bbox 561 1883 790 1948; x_wconf 85' lang='lat' dir='ltr'><strong>derunt,</strong></span> <span class='ocrx_word' id='word_1_246' title='bbox 817 1892 872 1938; x_wconf 89' lang='lat' dir='ltr'><strong>et</strong></span> <span class='ocrx_word' id='word_1_247' title='bbox 920 1882 1042 1938; x_wconf 92' lang='lat' dir='ltr'><strong>ideo</strong></span> <span class='ocrx_word' id='word_1_248' title='bbox 1069 1881 1531 1954; x_wconf 82' lang='lat' dir='ltr'><strong>Carthaginenses</strong></span> <span class='ocrx_word' id='word_1_249' title='bbox 1559 1891 1864 1954; x_wconf 88' lang='lat' dir='ltr'><strong>sequuntur</strong></span> <span class='ocrx_word' id='word_1_250' title='bbox 1894 1882 2159 1937; x_wconf 86' lang='lat' dir='ltr'><strong>luxuriam</strong></span> 
     </span>
    </p>
   </div>
   <div class='ocr_carea' id='block_1_35' title="bbox 559 1974 2166 2040">
    <p class='ocr_par' dir='ltr' id='par_1_35' title="bbox 559 1974 2166 2040">
     <span class='ocr_line' id='line_1_35' title="bbox 559 1974 2166 2040; baseline 0.001 -10"><span class='ocrx_word' id='word_1_251' title='bbox 559 1976 927 2040; x_wconf 88' lang='lat' dir='ltr'><strong>conditorum,</strong></span> <span class='ocrx_word' id='word_1_252' title='bbox 956 1974 1227 2030; x_wconf 85' lang='lat' dir='ltr'><strong>transfusa</strong></span> <span class='ocrx_word' id='word_1_253' title='bbox 1250 1976 1303 2030; x_wconf 94' lang='lat' dir='ltr'><strong>in</strong></span> <span class='ocrx_word' id='word_1_254' title='bbox 1332 1991 1391 2032; x_wconf 89' lang='lat' dir='ltr'><strong>se</strong></span> <span class='ocrx_word' id='word_1_255' title='bbox 1412 1975 1668 2030; x_wconf 89' lang='lat' dir='ltr'><strong>decolora</strong></span> <span class='ocrx_word' id='word_1_256' title='bbox 1695 1975 2043 2030; x_wconf 83' lang='lat' dir='ltr'><strong>successione</strong></span> <span class='ocrx_word' id='word_1_257' title='bbox 2067 1991 2166 2032; x_wconf 91' lang='lat' dir='ltr'><strong>nc-</strong></span> 
     </span>
    </p>
   </div>
   <div class='ocr_carea' id='block_1_36' title="bbox 563 2069 2162 2142">
    <p class='ocr_par' dir='ltr' id='par_1_36' title="bbox 563 2069 2162 2142">
     <span class='ocr_line' id='line_1_36' title="bbox 563 2069 2162 2142; baseline 0 -17"><span class='ocrx_word' id='word_1_258' title='bbox 563 2071 770 2142; x_wconf 72' lang='lat' dir='ltr'><strong>quitiae,</strong></span> <span class='ocrx_word' id='word_1_259' title='bbox 797 2072 1159 2142; x_wconf 88' lang='lat' dir='ltr'><strong>pessimorum</strong></span> <span class='ocrx_word' id='word_1_260' title='bbox 1191 2072 1444 2126; x_wconf 89' lang='lat' dir='ltr'><strong>vitiorum</strong></span> <span class='ocrx_word' id='word_1_261' title='bbox 1467 2070 1770 2126; x_wconf 83' lang='lat' dir='ltr'><strong>deteriores</strong></span> <span class='ocrx_word' id='word_1_262' title='bbox 1797 2069 2065 2124; x_wconf 63' lang='lat' dir='ltr'><strong>haeredes.</strong></span> <span class='ocrx_word' id='word_1_263' title='bbox 2095 2069 2162 2125; x_wconf 85' lang='lat' dir='ltr'><strong>Et</strong></span> 
     </span>
    </p>
   </div>
   <div class='ocr_carea' id='block_1_37' title="bbox 561 2163 2160 2230">
    <p class='ocr_par' dir='ltr' id='par_1_37' title="bbox 561 2163 2160 2230">
     <span class='ocr_line' id='line_1_37' title="bbox 561 2163 2160 2230; baseline 0 -13"><span class='ocrx_word' id='word_1_264' title='bbox 561 2164 1037 2230; x_wconf 86' lang='lat' dir='ltr'><strong>beneluxuriosos,</strong></span> <span class='ocrx_word' id='word_1_265' title='bbox 1059 2179 1228 2221; x_wconf 86' lang='lat' dir='ltr'><strong>naves</strong></span> <span class='ocrx_word' id='word_1_266' title='bbox 1243 2165 1400 2220; x_wconf 86' lang='lat' dir='ltr'><strong>dixit.</strong></span> <span class='ocrx_word' id='word_1_267' title='bbox 1419 2164 1730 2220; x_wconf 89' lang='lat' dir='ltr'><strong>Sicutenim</strong></span> <span class='ocrx_word' id='word_1_268' title='bbox 1759 2165 1840 2217; x_wconf 81' lang='lat' dir='ltr'><strong>lue</strong></span> <span class='ocrx_word' id='word_1_269' title='bbox 1875 2173 2060 2229; x_wconf 87' lang='lat' dir='ltr'><strong>vento,</strong></span> <span class='ocrx_word' id='word_1_270' title='bbox 2088 2163 2160 2218; x_wconf 89' lang='lat' dir='ltr'><strong>ita</strong></span> 
     </span>
    </p>
   </div>
   <div class='ocr_carea' id='block_1_38' title="bbox 561 2257 2176 2330">
    <p class='ocr_par' dir='ltr' id='par_1_38' title="bbox 561 2257 2176 2330">
     <span class='ocr_line' id='line_1_38' title="bbox 561 2257 2176 2330; baseline 0 -18"><span class='ocrx_word' id='word_1_271' title='bbox 561 2258 636 2313; x_wconf 93' lang='lat' dir='ltr'><strong>illi</strong></span> <span class='ocrx_word' id='word_1_272' title='bbox 652 2258 1061 2328; x_wconf 83' lang='lat' dir='ltr'><strong>cibojactantur</strong></span> <span class='ocrx_word' id='word_1_273' title='bbox 1083 2259 1301 2314; x_wconf 86' lang='lat' dir='ltr'><strong>etvino.</strong></span> <span class='ocrx_word' id='word_1_274' title='bbox 1323 2267 1346 2294; x_wconf 72' lang='grc' dir='ltr'>α</span> <span class='ocrx_word' id='word_1_275' title='bbox 1373 2257 1583 2313; x_wconf 81' lang='lat' dir='ltr'><strong>Insulas</strong></span> <span class='ocrx_word' id='word_1_276' title='bbox 1604 2257 1771 2330; x_wconf 73' lang='lat'><strong>558</strong></span> <span class='ocrx_word' id='word_1_277' title='bbox 1799 2257 2002 2326; x_wconf 88' lang='lat' dir='ltr'><strong>repleta</strong></span> <span class='ocrx_word' id='word_1_278' title='bbox 2021 2267 2176 2324; x_wconf 68' lang='lat' dir='ltr'><strong>potu,</strong></span> 
     </span>
    </p>
   </div>
   <div class='ocr_carea' id='block_1_39' title="bbox 559 2351 2160 2422">
    <p class='ocr_par' dir='ltr' id='par_1_39' title="bbox 559 2351 2160 2422">
     <span class='ocr_line' id='line_1_39' title="bbox 559 2351 2160 2422; baseline 0 -16"><span class='ocrx_word' id='word_1_279' title='bbox 559 2367 788 2422; x_wconf 90' lang='lat' dir='ltr'><strong>corpora</strong></span> <span class='ocrx_word' id='word_1_280' title='bbox 819 2351 1145 2416; x_wconf 80' lang='lat' dir='ltr'><strong>inhabitant,</strong></span> <span class='ocrx_word' id='word_1_281' title='bbox 1162 2351 1460 2422; x_wconf 88' lang='lat' dir='ltr'><strong>naufragiis</strong></span> <span class='ocrx_word' id='word_1_282' title='bbox 1481 2353 1905 2417; x_wconf 86' lang='lat' dir='ltr'><strong>circumsonant,</strong></span> <span class='ocrx_word' id='word_1_283' title='bbox 1927 2351 2160 2406; x_wconf 81' lang='lat' dir='ltr'><strong>tundun-</strong></span> 
     </span>
    </p>
   </div>
   <div class='ocr_carea' id='block_1_40' title="bbox 561 2443 2159 2514">
    <p class='ocr_par' dir='ltr' id='par_1_40' title="bbox 561 2443 2159 2514">
     <span class='ocr_line' id='line_1_40' title="bbox 561 2443 2159 2514; baseline 0 -16"><span class='ocrx_word' id='word_1_284' title='bbox 561 2454 648 2499; x_wconf 90' lang='lat' dir='ltr'><strong>tur</strong></span> <span class='ocrx_word' id='word_1_285' title='bbox 675 2443 930 2500; x_wconf 83' lang='lat' dir='ltr'><strong>ﬂuctibus</strong></span> <span class='ocrx_word' id='word_1_286' title='bbox 959 2443 1289 2511; x_wconf 85' lang='lat' dir='ltr'><strong>ebrietates,</strong></span> <span class='ocrx_word' id='word_1_287' title='bbox 1322 2459 1424 2498; x_wconf 85' lang='lat' dir='ltr'><strong>nec</strong></span> <span class='ocrx_word' id='word_1_288' title='bbox 1454 2459 1552 2514; x_wconf 89' lang='lat' dir='ltr'><strong>per</strong></span> <span class='ocrx_word' id='word_1_289' title='bbox 1581 2443 1726 2498; x_wconf 85' lang='lat' dir='ltr'><strong>diem</strong></span> <span class='ocrx_word' id='word_1_290' title='bbox 1758 2458 1859 2499; x_wconf 90' lang='lat' dir='ltr'><strong>nec</strong></span> <span class='ocrx_word' id='word_1_291' title='bbox 1899 2458 1999 2513; x_wconf 87' lang='lat' dir='ltr'><strong>per</strong></span> <span class='ocrx_word' id='word_1_292' title='bbox 2028 2459 2159 2498; x_wconf 86' lang='lat' dir='ltr'><strong>uoc-</strong></span> 
     </span>
    </p>
   </div>
   <div class='ocr_carea' id='block_1_41' title="bbox 559 2537 2158 2606">
    <p class='ocr_par' dir='ltr' id='par_1_41' title="bbox 559 2537 2158 2606">
     <span class='ocr_line' id='line_1_41' title="bbox 559 2537 2158 2606; baseline 0.001 -14"><span class='ocrx_word' id='word_1_293' title='bbox 559 2547 668 2593; x_wconf 90' lang='lat' dir='ltr'><strong>tem</strong></span> <span class='ocrx_word' id='word_1_294' title='bbox 695 2539 998 2606; x_wconf 88' lang='lat' dir='ltr'><strong>quiescunt.</strong></span> <span class='ocrx_word' id='word_1_295' title='bbox 1033 2538 1236 2592; x_wconf 88' lang='lat' dir='ltr'><strong>Horum</strong></span> <span class='ocrx_word' id='word_1_296' title='bbox 1287 2537 1452 2606; x_wconf 78' lang='lat' dir='ltr'><strong>igitur</strong></span> <span class='ocrx_word' id='word_1_297' title='bbox 1489 2545 1854 2592; x_wconf 89' lang='lat' dir='ltr'><strong>mercatorum</strong></span> <span class='ocrx_word' id='word_1_298' title='bbox 1888 2552 2075 2592; x_wconf 88' lang='lat' dir='ltr'><strong>semen</strong></span> <span class='ocrx_word' id='word_1_299' title='bbox 2105 2538 2158 2593; x_wconf 89' lang='lat' dir='ltr'><strong>in</strong></span> 
     </span>
    </p>
   </div>
   <div class='ocr_carea' id='block_1_42' title="bbox 562 2627 2160 2698">
    <p class='ocr_par' dir='ltr' id='par_1_42' title="bbox 562 2627 2160 2698">
     <span class='ocr_line' id='line_1_42' title="bbox 562 2627 2160 2698; baseline 0.002 -16"><span class='ocrx_word' id='word_1_300' title='bbox 562 2643 724 2698; x_wconf 90' lang='lat' dir='ltr'><strong>aqua,</strong></span> <span class='ocrx_word' id='word_1_301' title='bbox 758 2629 949 2682; x_wconf 86' lang='lat' dir='ltr'><strong>messis</strong></span> <span class='ocrx_word' id='word_1_302' title='bbox 991 2628 1045 2683; x_wconf 92' lang='lat' dir='ltr'><strong>in</strong></span> <span class='ocrx_word' id='word_1_303' title='bbox 1079 2627 1328 2684; x_wconf 88' lang='lat' dir='ltr'><strong>fluctibus</strong></span> <span class='ocrx_word' id='word_1_304' title='bbox 1367 2635 1470 2683; x_wconf 88' lang='lat' dir='ltr'><strong>est.</strong></span> <span class='ocrx_word' id='word_1_305' title='bbox 1504 2627 1561 2683; x_wconf 86' lang='lat' dir='ltr'><strong>In</strong></span> <span class='ocrx_word' id='word_1_306' title='bbox 1603 2641 1745 2697; x_wconf 84' lang='lat' dir='ltr'><strong>aqua</strong></span> <span class='ocrx_word' id='word_1_307' title='bbox 1769 2627 1911 2682; x_wconf 89' lang='lat' dir='ltr'><strong>enim</strong></span> <span class='ocrx_word' id='word_1_308' title='bbox 1947 2627 2160 2685; x_wconf 84' lang='lat' dir='ltr'><strong>labores</strong></span> 
     </span>
    </p>
   </div>
   <div class='ocr_carea' id='block_1_43' title="bbox 563 2719 2160 2792">
    <p class='ocr_par' dir='ltr' id='par_1_43' title="bbox 563 2719 2160 2792">
     <span class='ocr_line' id='line_1_43' title="bbox 563 2719 2160 2792; baseline 0.001 -17"><span class='ocrx_word' id='word_1_309' title='bbox 563 2735 695 2775; x_wconf 86' lang='lat' dir='ltr'><strong>suos</strong></span> <span class='ocrx_word' id='word_1_310' title='bbox 715 2719 1011 2786; x_wconf 83' lang='lat' dir='ltr'><strong>seminant,</strong></span> <span class='ocrx_word' id='word_1_311' title='bbox 1044 2731 1103 2776; x_wconf 91' lang='lat' dir='ltr'><strong>ut</strong></span> <span class='ocrx_word' id='word_1_312' title='bbox 1134 2721 1369 2790; x_wconf 84' lang='lat' dir='ltr'><strong>pericula</strong></span> <span class='ocrx_word' id='word_1_313' title='bbox 1398 2730 1621 2776; x_wconf 85' lang='lat' dir='ltr'><strong>metant.</strong></span> <span class='ocrx_word' id='word_1_314' title='bbox 1649 2719 1705 2776; x_wconf 90' lang='lat' dir='ltr'><strong>ln</strong></span> <span class='ocrx_word' id='word_1_315' title='bbox 1735 2736 1869 2791; x_wconf 89' lang='lat' dir='ltr'><strong>aqua</strong></span> <span class='ocrx_word' id='word_1_316' title='bbox 1893 2721 1972 2776; x_wconf 91' lang='lat' dir='ltr'><strong>eis</strong></span> <span class='ocrx_word' id='word_1_317' title='bbox 2002 2735 2160 2792; x_wconf 86' lang='lat' dir='ltr'><strong>seges</strong></span> 
     </span>
    </p>
   </div>
   <div class='ocr_carea' id='block_1_44' title="bbox 564 2798 2158 2885">
    <p class='ocr_par' dir='ltr' id='par_1_44' title="bbox 564 2798 2158 2885">
     <span class='ocr_line' id='line_1_44' title="bbox 564 2798 2158 2885; baseline 0.003 -20"><span class='ocrx_word' id='word_1_318' title='bbox 564 2813 838 2881; x_wconf 88' lang='lat' dir='ltr'><strong>pullulat,</strong></span> <span class='ocrx_word' id='word_1_319' title='bbox 892 2814 945 2868; x_wconf 92' lang='lat' dir='ltr'><strong>in</strong></span> <span class='ocrx_word' id='word_1_320' title='bbox 973 2828 1113 2885; x_wconf 75' lang='lat' dir='ltr'><strong>aqua</strong></span> <span class='ocrx_word' id='word_1_321' title='bbox 1157 2798 1352 2870; x_wconf 84' lang='lat' dir='ltr'><strong>messis</strong></span> <span class='ocrx_word' id='word_1_322' title='bbox 1388 2814 1674 2869; x_wconf 84' lang='lat' dir='ltr'><strong>exuberat.</strong></span> <span class='ocrx_word' id='word_1_323' title='bbox 1713 2813 1941 2869; x_wconf 87' lang='lat' dir='ltr'><strong>Fructus</strong></span> <span class='ocrx_word' id='word_1_324' title='bbox 1966 2812 2158 2884; x_wconf 87' lang='lat' dir='ltr'><strong>ipsein</strong></span> 
     </span>
    </p>
   </div>
   <div class='ocr_carea' id='block_1_45' title="bbox 563 2905 2160 2977">
    <p class='ocr_par' dir='ltr' id='par_1_45' title="bbox 563 2905 2160 2977">
     <span class='ocr_line' id='line_1_45' title="bbox 563 2905 2160 2977; baseline 0 -17"><span class='ocrx_word' id='word_1_325' title='bbox 563 2921 702 2976; x_wconf 86' lang='lat' dir='ltr'><strong>aqua</strong></span> <span class='ocrx_word' id='word_1_326' title='bbox 733 2915 834 2970; x_wconf 89' lang='lat' dir='ltr'><strong>est,</strong></span> <span class='ocrx_word' id='word_1_327' title='bbox 868 2922 1162 2977; x_wconf 85' lang='lat' dir='ltr'><strong>numquam</strong></span> <span class='ocrx_word' id='word_1_328' title='bbox 1198 2917 1344 2961; x_wconf 92' lang='lat' dir='ltr'><strong>tutus</strong></span> <span class='ocrx_word' id='word_1_329' title='bbox 1372 2915 1427 2961; x_wconf 90' lang='lat' dir='ltr'><strong>et</strong></span> <span class='ocrx_word' id='word_1_330' title='bbox 1463 2905 1690 2961; x_wconf 88' lang='lat' dir='ltr'><strong>solidus.</strong></span> <span class='ocrx_word' id='word_1_331' title='bbox 1723 2905 1878 2962; x_wconf 88' lang='lat' dir='ltr'><strong>Unde</strong></span> <span class='ocrx_word' id='word_1_332' title='bbox 1909 2916 2054 2960; x_wconf 89' lang='lat' dir='ltr'><strong>recte</strong></span> <span class='ocrx_word' id='word_1_333' title='bbox 2083 2906 2160 2960; x_wconf 87' lang='lat' dir='ltr'><strong>ait</strong></span> 
     </span>
    </p>
   </div>
   <div class='ocr_carea' id='block_1_46' title="bbox 563 2998 2157 3072">
    <p class='ocr_par' dir='ltr' id='par_1_46' title="bbox 563 2998 2157 3072">
     <span class='ocr_line' id='line_1_46' title="bbox 563 2998 2157 3072; baseline 0.001 -20"><span class='ocrx_word' id='word_1_334' title='bbox 563 2998 782 3072; x_wconf 61' lang='grc' dir='ltr'><strong>(Επειδὴ.</strong></span> <span class='ocrx_word' id='word_1_335' title='bbox 816 3003 1015 3071; x_wconf 81' lang='lat' dir='ltr'><strong>xxvrtt)</strong></span> <span class='ocrx_word' id='word_1_336' title='bbox 1039 3019 1052 3055; x_wconf 87' lang='lat'><strong>:</strong></span> <span class='ocrx_word' id='word_1_337' title='bbox 1080 3000 1180 3068; x_wconf 87' lang='lat' dir='ltr'><strong>Qui</strong></span> <span class='ocrx_word' id='word_1_338' title='bbox 1217 2999 1520 3056; x_wconf 83' lang='lat' dir='ltr'><strong>seminabat</strong></span> <span class='ocrx_word' id='word_1_339' title='bbox 1549 3000 1600 3054; x_wconf 90' lang='lat' dir='ltr'><strong>in</strong></span> <span class='ocrx_word' id='word_1_340' title='bbox 1631 3008 1796 3065; x_wconf 88' lang='lat' dir='ltr'><strong>terra,</strong></span> <span class='ocrx_word' id='word_1_341' title='bbox 1824 3015 1930 3054; x_wconf 88' lang='lat' dir='ltr'><strong>non</strong></span> <span class='ocrx_word' id='word_1_342' title='bbox 1961 3000 2157 3054; x_wconf 90' lang='lat' dir='ltr'><strong>introi-</strong></span> 
     </span>
    </p>
   </div>
   <div class='ocr_carea' id='block_1_47' title="bbox 565 3094 2152 3166">
    <p class='ocr_par' dir='ltr' id='par_1_47' title="bbox 565 3094 2152 3166">
     <span class='ocr_line' id='line_1_47' title="bbox 565 3094 2152 3166; baseline 0.001 -17"><span class='ocrx_word' id='word_1_343' title='bbox 565 3095 642 3149; x_wconf 87' lang='lat' dir='ltr'><strong>vit</strong></span> <span class='ocrx_word' id='word_1_344' title='bbox 663 3094 716 3148; x_wconf 90' lang='lat' dir='ltr'><strong>in</strong></span> <span class='ocrx_word' id='word_1_345' title='bbox 749 3096 1174 3165; x_wconf 71' lang='lat' dir='ltr'><strong>negotiationem</strong></span> <span class='ocrx_word' id='word_1_346' title='bbox 1201 3114 1215 3151; x_wconf 88' lang='lat'><strong>:</strong></span> <span class='ocrx_word' id='word_1_347' title='bbox 1247 3097 1416 3151; x_wconf 89' lang='lat' dir='ltr'><strong>immo</strong></span> <span class='ocrx_word' id='word_1_348' title='bbox 1451 3099 1540 3166; x_wconf 88' lang='lat' dir='ltr'><strong>qui</strong></span> <span class='ocrx_word' id='word_1_349' title='bbox 1573 3095 1879 3151; x_wconf 90' lang='lat' dir='ltr'><strong>seminabat</strong></span> <span class='ocrx_word' id='word_1_350' title='bbox 1907 3097 1958 3149; x_wconf 90' lang='lat' dir='ltr'><strong>in</strong></span> <span class='ocrx_word' id='word_1_351' title='bbox 1991 3096 2152 3150; x_wconf 73' lang='lat' dir='ltr'><strong>ctelo.</strong></span> 
     </span>
    </p>
   </div>
   <div class='ocr_carea' id='block_1_48' title="bbox 2265 1879 3864 1952">
    <p class='ocr_par' dir='ltr' id='par_1_48' title="bbox 2265 1879 3864 1952">
     <span class='ocr_line' id='line_1_48' title="bbox 2265 1879 3864 1952; baseline -0.001 -18"><span class='ocrx_word' id='word_1_352' title='bbox 2265 1882 2497 1937; x_wconf 80' lang='lat' dir='ltr'><strong>electum</strong></span> <span class='ocrx_word' id='word_1_353' title='bbox 2530 1890 2584 1935; x_wconf 87' lang='lat' dir='ltr'><strong>et</strong></span> <span class='ocrx_word' id='word_1_354' title='bbox 2610 1882 2878 1937; x_wconf 74' lang='lat' dir='ltr'><strong>seniorem</strong></span> <span class='ocrx_word' id='word_1_355' title='bbox 2914 1881 3170 1952; x_wconf 89' lang='lat' dir='ltr'><strong>populum</strong></span> <span class='ocrx_word' id='word_1_356' title='bbox 3205 1883 3296 1937; x_wconf 82' lang='lat' dir='ltr'><strong>Dei</strong></span> <span class='ocrx_word' id='word_1_357' title='bbox 3332 1898 3346 1934; x_wconf 90' lang='lat'>:</span> <span class='ocrx_word' id='word_1_358' title='bbox 3382 1879 3659 1935; x_wconf 80' lang='lat' dir='ltr'><strong>Publicani</strong></span> <span class='ocrx_word' id='word_1_359' title='bbox 3682 1891 3734 1933; x_wconf 86' lang='lat' dir='ltr'><strong>et</strong></span> <span class='ocrx_word' id='word_1_360' title='bbox 3761 1896 3864 1933; x_wconf 78' lang='lat' dir='ltr'><strong>rne-</strong></span> 
     </span>
    </p>
   </div>
   <div class='ocr_carea' id='block_1_49' title="bbox 2264 1971 3862 2050">
    <p class='ocr_par' dir='ltr' id='par_1_49' title="bbox 2264 1971 3862 2050">
     <span class='ocr_line' id='line_1_49' title="bbox 2264 1971 3862 2050; baseline -0.002 -21"><span class='ocrx_word' id='word_1_361' title='bbox 2264 1977 2474 2032; x_wconf 87' lang='lat' dir='ltr'><strong>retrices</strong></span> <span class='ocrx_word' id='word_1_362' title='bbox 2495 1975 2798 2046; x_wconf 80' lang='lat' dir='ltr'><strong>prcecedunt</strong></span> <span class='ocrx_word' id='word_1_363' title='bbox 2826 1993 2912 2031; x_wconf 80' lang='lat' dir='ltr'><strong>vos</strong></span> <span class='ocrx_word' id='word_1_364' title='bbox 2939 1978 2992 2031; x_wconf 90' lang='lat' dir='ltr'><strong>in</strong></span> <span class='ocrx_word' id='word_1_365' title='bbox 3025 1992 3242 2050; x_wconf 81' lang='lat' dir='ltr'><strong>regnum</strong></span> <span class='ocrx_word' id='word_1_366' title='bbox 3261 1975 3357 2031; x_wconf 91' lang='lat' dir='ltr'><strong>Dei</strong></span> <span class='ocrx_word' id='word_1_367' title='bbox 3385 1971 3601 2046; x_wconf 72' lang='lat' dir='ltr'><strong>(Matth.</strong></span> <span class='ocrx_word' id='word_1_368' title='bbox 3620 1990 3735 2039; x_wconf 70' lang='grc' dir='ltr'>χιιι,</span> <span class='ocrx_word' id='word_1_369' title='bbox 3752 1975 3862 2042; x_wconf 77' lang='grc'><strong>31).</strong></span> 
     </span>
    </p>
   </div>
   <div class='ocr_carea' id='block_1_50' title="bbox 2337 2067 3863 2139">
    <p class='ocr_par' dir='ltr' id='par_1_50' title="bbox 2337 2067 3863 2139">
     <span class='ocr_line' id='line_1_50' title="bbox 2337 2067 3863 2139; baseline -0.002 -16"><span class='ocrx_word' id='word_1_370' title='bbox 2337 2068 2426 2123; x_wconf 86' lang='grc'><strong>75.</strong></span> <span class='ocrx_word' id='word_1_371' title='bbox 2470 2069 2614 2139; x_wconf 81' lang='lat' dir='ltr'><strong>Ergo</strong></span> <span class='ocrx_word' id='word_1_372' title='bbox 2671 2069 2927 2139; x_wconf 89' lang='lat' dir='ltr'><strong>quoniam</strong></span> <span class='ocrx_word' id='word_1_373' title='bbox 2981 2080 3088 2123; x_wconf 89' lang='lat' dir='ltr'><strong>tam</strong></span> <span class='ocrx_word' id='word_1_374' title='bbox 3137 2067 3545 2124; x_wconf 86' lang='lat' dir='ltr'><strong>misericordem</strong></span> <span class='ocrx_word' id='word_1_375' title='bbox 3603 2068 3863 2122; x_wconf 86' lang='lat' dir='ltr'><strong>habemus</strong></span> 
     </span>
    </p>
   </div>
   <div class='ocr_carea' id='block_1_51' title="bbox 2266 2162 3864 2234">
    <p class='ocr_par' dir='ltr' id='par_1_51' title="bbox 2266 2162 3864 2234">
     <span class='ocr_line' id='line_1_51' title="bbox 2266 2162 3864 2234; baseline -0.003 -15"><span class='ocrx_word' id='word_1_376' title='bbox 2266 2165 2576 2228; x_wconf 89' lang='lat' dir='ltr'><strong>Dominum,</strong></span> <span class='ocrx_word' id='word_1_377' title='bbox 2607 2163 2698 2234; x_wconf 88' lang='lat' dir='ltr'><strong>qui</strong></span> <span class='ocrx_word' id='word_1_378' title='bbox 2728 2163 2889 2219; x_wconf 88' lang='lat' dir='ltr'><strong>etiam</strong></span> <span class='ocrx_word' id='word_1_379' title='bbox 2935 2162 3086 2234; x_wconf 88' lang='lat' dir='ltr'><strong>gravi</strong></span> <span class='ocrx_word' id='word_1_380' title='bbox 3117 2165 3362 2234; x_wconf 81' lang='lat' dir='ltr'><strong>ignoscat</strong></span> <span class='ocrx_word' id='word_1_381' title='bbox 3390 2162 3564 2217; x_wconf 88' lang='lat' dir='ltr'><strong>errori</strong></span> <span class='ocrx_word' id='word_1_382' title='bbox 3589 2203 3604 2225; x_wconf 93' lang='lat'><strong>,</strong></span> <span class='ocrx_word' id='word_1_383' title='bbox 3637 2176 3864 2215; x_wconf 79' lang='lat' dir='ltr'><strong>conver-</strong></span> 
     </span>
    </p>
   </div>
   <div class='ocr_carea' id='block_1_52' title="bbox 2264 2255 3860 2326">
    <p class='ocr_par' dir='ltr' id='par_1_52' title="bbox 2264 2255 3860 2326">
     <span class='ocr_line' id='line_1_52' title="bbox 2264 2255 3860 2326; baseline -0.003 -16"><span class='ocrx_word' id='word_1_384' title='bbox 2264 2267 2443 2312; x_wconf 89' lang='lat' dir='ltr'><strong>tamur</strong></span> <span class='ocrx_word' id='word_1_385' title='bbox 2473 2273 2502 2311; x_wconf 89' lang='lat' dir='ltr'><strong>a</strong></span> <span class='ocrx_word' id='word_1_386' title='bbox 2532 2255 2698 2322; x_wconf 82' lang='lat' dir='ltr'><strong>vitiis,</strong></span> <span class='ocrx_word' id='word_1_387' title='bbox 2741 2273 2848 2312; x_wconf 91' lang='lat' dir='ltr'><strong>non</strong></span> <span class='ocrx_word' id='word_1_388' title='bbox 2895 2256 3215 2311; x_wconf 88' lang='lat' dir='ltr'><strong>recedamus</strong></span> <span class='ocrx_word' id='word_1_389' title='bbox 3243 2273 3270 2308; x_wconf 90' lang='lat' dir='ltr'><strong>a</strong></span> <span class='ocrx_word' id='word_1_390' title='bbox 3304 2255 3430 2326; x_wconf 86' lang='lat' dir='ltr'><strong>lege</strong></span> <span class='ocrx_word' id='word_1_391' title='bbox 3452 2297 3468 2321; x_wconf 91' lang='lat'><strong>,</strong></span> <span class='ocrx_word' id='word_1_392' title='bbox 3528 2263 3860 2324; x_wconf 63' lang='lat' dir='ltr'><strong>prmceptum</strong></span> 
     </span>
    </p>
   </div>
   <div class='ocr_carea' id='block_1_53' title="bbox 2264 2343 3859 2421">
    <p class='ocr_par' dir='ltr' id='par_1_53' title="bbox 2264 2343 3859 2421">
     <span class='ocr_line' id='line_1_53' title="bbox 2264 2343 3859 2421; baseline -0.005 -15"><span class='ocrx_word' id='word_1_393' title='bbox 2264 2350 2478 2406; x_wconf 89' lang='lat' dir='ltr'><strong>Domini</strong></span> <span class='ocrx_word' id='word_1_394' title='bbox 2503 2351 2654 2421; x_wconf 89' lang='lat' dir='ltr'><strong>quasi</strong></span> <span class='ocrx_word' id='word_1_395' title='bbox 2673 2350 2874 2406; x_wconf 87' lang='lat' dir='ltr'><strong>servuli</strong></span> <span class='ocrx_word' id='word_1_396' title='bbox 2896 2350 3099 2404; x_wconf 86' lang='lat' dir='ltr'><strong>sedulis</strong></span> <span class='ocrx_word' id='word_1_397' title='bbox 3113 2349 3304 2404; x_wconf 87' lang='lat' dir='ltr'><strong>studiis</strong></span> <span class='ocrx_word' id='word_1_398' title='bbox 3327 2363 3708 2418; x_wconf 78' lang='lat' dir='ltr'><strong>exsequamur.</strong></span> <span class='ocrx_word' id='word_1_399' title='bbox 3724 2343 3859 2412; x_wconf 85' lang='lat' dir='ltr'><strong>Quid</strong></span> 
     </span>
    </p>
   </div>
   <div class='ocr_carea' id='block_1_54' title="bbox 2265 2440 3854 2515">
    <p class='ocr_par' dir='ltr' id='par_1_54' title="bbox 2265 2440 3854 2515">
     <span class='ocr_line' id='line_1_54' title="bbox 2265 2440 3854 2515; baseline -0.004 -16"><span class='ocrx_word' id='word_1_400' title='bbox 2265 2444 2421 2499; x_wconf 88' lang='lat' dir='ltr'><strong>nobis</strong></span> <span class='ocrx_word' id='word_1_401' title='bbox 2457 2459 2577 2498; x_wconf 91' lang='lat' dir='ltr'><strong>cum</strong></span> <span class='ocrx_word' id='word_1_402' title='bbox 2619 2443 3021 2515; x_wconf 85' lang='lat' dir='ltr'><strong>impuritatibus</strong></span> <span class='ocrx_word' id='word_1_403' title='bbox 3059 2451 3114 2498; x_wconf 92' lang='lat' dir='ltr'><strong>et</strong></span> <span class='ocrx_word' id='word_1_404' title='bbox 3141 2440 3522 2512; x_wconf 84' lang='lat' dir='ltr'><strong>impudicitiis?</strong></span> <span class='ocrx_word' id='word_1_405' title='bbox 3552 2440 3694 2507; x_wconf 84' lang='lat' dir='ltr'><strong>Quid</strong></span> <span class='ocrx_word' id='word_1_406' title='bbox 3738 2453 3854 2494; x_wconf 86' lang='lat' dir='ltr'><strong>cum</strong></span> 
     </span>
    </p>
   </div>
   <div class='ocr_carea' id='block_1_55' title="bbox 2263 2532 3858 2610">
    <p class='ocr_par' dir='ltr' id='par_1_55' title="bbox 2263 2532 3858 2610">
     <span class='ocr_line' id='line_1_55' title="bbox 2263 2532 3858 2610; baseline -0.003 -19"><span class='ocrx_word' id='word_1_407' title='bbox 2263 2537 2518 2608; x_wconf 82' lang='lat' dir='ltr'><strong>operibus</strong></span> <span class='ocrx_word' id='word_1_408' title='bbox 2537 2536 2735 2592; x_wconf 89' lang='lat' dir='ltr'><strong>diaboli</strong></span> <span class='ocrx_word' id='word_1_409' title='bbox 2753 2537 2953 2610; x_wconf 70' lang='lat'><strong>“2559</strong></span> <span class='ocrx_word' id='word_1_410' title='bbox 2974 2536 3214 2592; x_wconf 72' lang='lat' dir='ltr'><strong>Audistis</strong></span> <span class='ocrx_word' id='word_1_411' title='bbox 3236 2536 3396 2589; x_wconf 88' lang='lat' dir='ltr'><strong>hodie</strong></span> <span class='ocrx_word' id='word_1_412' title='bbox 3425 2535 3476 2589; x_wconf 93' lang='lat' dir='ltr'><strong>in</strong></span> <span class='ocrx_word' id='word_1_413' title='bbox 3510 2534 3742 2588; x_wconf 87' lang='lat' dir='ltr'><strong>lectione</strong></span> <span class='ocrx_word' id='word_1_414' title='bbox 3769 2532 3858 2587; x_wconf 87' lang='lat' dir='ltr'><strong>de-</strong></span> 
     </span>
    </p>
   </div>
   <div class='ocr_carea' id='block_1_56' title="bbox 2263 2622 3855 2702">
    <p class='ocr_par' dir='ltr' id='par_1_56' title="bbox 2263 2622 3855 2702">
     <span class='ocr_line' id='line_1_56' title="bbox 2263 2622 3855 2702; baseline -0.006 -15"><span class='ocrx_word' id='word_1_415' title='bbox 2263 2646 2419 2687; x_wconf 87' lang='lat' dir='ltr'><strong>cursa</strong></span> <span class='ocrx_word' id='word_1_416' title='bbox 2445 2630 2572 2702; x_wconf 88' lang='lat' dir='ltr'><strong>quid</strong></span> <span class='ocrx_word' id='word_1_417' title='bbox 2602 2629 2742 2702; x_wconf 88' lang='lat' dir='ltr'><strong>legio</strong></span> <span class='ocrx_word' id='word_1_418' title='bbox 2769 2631 2966 2685; x_wconf 75' lang='lat' dir='ltr'><strong>dixerit</strong></span> <span class='ocrx_word' id='word_1_419' title='bbox 2991 2647 3003 2683; x_wconf 88' lang='lat'>:</span> <span class='ocrx_word' id='word_1_420' title='bbox 3037 2629 3177 2696; x_wconf 82' lang='lat' dir='ltr'><strong>Quid</strong></span> <span class='ocrx_word' id='word_1_421' title='bbox 3209 2627 3334 2681; x_wconf 86' lang='lat' dir='ltr'><strong>mihi</strong></span> <span class='ocrx_word' id='word_1_422' title='bbox 3358 2637 3404 2682; x_wconf 91' lang='lat' dir='ltr'><strong>et</strong></span> <span class='ocrx_word' id='word_1_423' title='bbox 3435 2627 3528 2681; x_wconf 86' lang='lat' dir='ltr'><strong>tibi</strong></span> <span class='ocrx_word' id='word_1_424' title='bbox 3555 2636 3652 2685; x_wconf 86' lang='lat' dir='ltr'><strong>est.</strong></span> <span class='ocrx_word' id='word_1_425' title='bbox 3681 2622 3710 2662; x_wconf 69' lang='grc' dir='ltr'><strong><em>ἀ</em></strong></span> <span class='ocrx_word' id='word_1_426' title='bbox 3734 2623 3855 2678; x_wconf 72' lang='lat' dir='ltr'><strong>Jesu</strong></span> 
     </span>
    </p>
   </div>
   <div class='ocr_carea' id='block_1_57' title="bbox 2263 2719 3850 2798">
    <p class='ocr_par' dir='ltr' id='par_1_57' title="bbox 2263 2719 3850 2798">
     <span class='ocr_line' id='line_1_57' title="bbox 2263 2719 3850 2798; baseline -0.004 -18"><span class='ocrx_word' id='word_1_427' title='bbox 2263 2727 2341 2795; x_wconf 84' lang='lat' dir='ltr'><strong>ﬁli</strong></span> <span class='ocrx_word' id='word_1_428' title='bbox 2370 2724 2464 2780; x_wconf 90' lang='lat' dir='ltr'><strong>Dei</strong></span> <span class='ocrx_word' id='word_1_429' title='bbox 2494 2727 2512 2798; x_wconf 92' lang='lat'><strong>(</strong></span> <span class='ocrx_word' id='word_1_430' title='bbox 2539 2725 2666 2778; x_wconf 86' lang='lat' dir='ltr'><strong>Luc.</strong></span> <span class='ocrx_word' id='word_1_431' title='bbox 2707 2730 2820 2787; x_wconf 86' lang='lat' dir='ltr'><strong>vt&#39;u.</strong></span> <span class='ocrx_word' id='word_1_432' title='bbox 2844 2724 2916 2778; x_wconf 75' lang='lat'><strong>28</strong></span> <span class='ocrx_word' id='word_1_433' title='bbox 2941 2723 2994 2794; x_wconf 86' lang='lat'><strong>)?</strong></span> <span class='ocrx_word' id='word_1_434' title='bbox 3024 2723 3087 2778; x_wconf 86' lang='lat' dir='ltr'><strong>Et</strong></span> <span class='ocrx_word' id='word_1_435' title='bbox 3118 2734 3170 2775; x_wconf 93' lang='lat' dir='ltr'><strong>tu</strong></span> <span class='ocrx_word' id='word_1_436' title='bbox 3205 2721 3393 2786; x_wconf 81' lang='lat' dir='ltr'><strong>dicito,</strong></span> <span class='ocrx_word' id='word_1_437' title='bbox 3441 2721 3485 2776; x_wconf 92' lang='lat' dir='ltr'><strong>si</strong></span> <span class='ocrx_word' id='word_1_438' title='bbox 3515 2721 3657 2775; x_wconf 88' lang='lat' dir='ltr'><strong>forte</strong></span> <span class='ocrx_word' id='word_1_439' title='bbox 3701 2719 3850 2774; x_wconf 77' lang='lat' dir='ltr'><strong>vides</strong></span> 
     </span>
    </p>
   </div>
   <div class='ocr_carea' id='block_1_58' title="bbox 2267 2812 3853 2890">
    <p class='ocr_par' dir='ltr' id='par_1_58' title="bbox 2267 2812 3853 2890">
     <span class='ocr_line' id='line_1_58' title="bbox 2267 2812 3853 2890; baseline -0.004 -19"><span class='ocrx_word' id='word_1_440' title='bbox 2267 2833 2505 2890; x_wconf 85' lang='lat' dir='ltr'><strong>pugnare</strong></span> <span class='ocrx_word' id='word_1_441' title='bbox 2537 2817 2822 2872; x_wconf 83' lang='lat' dir='ltr'><strong>adversum</strong></span> <span class='ocrx_word' id='word_1_442' title='bbox 2855 2821 2909 2872; x_wconf 86' lang='lat' dir='ltr'><strong>te</strong></span> <span class='ocrx_word' id='word_1_443' title='bbox 2937 2813 3138 2870; x_wconf 81' lang='lat' dir='ltr'><strong>diaboli</strong></span> <span class='ocrx_word' id='word_1_444' title='bbox 3162 2823 3495 2869; x_wconf 81' lang='lat' dir='ltr'><strong>tetilatueuta</strong></span> <span class='ocrx_word' id='word_1_445' title='bbox 3519 2832 3532 2868; x_wconf 90' lang='lat'><strong>:</strong></span> <span class='ocrx_word' id='word_1_446' title='bbox 3557 2813 3696 2880; x_wconf 77' lang='lat' dir='ltr'><strong>Quid</strong></span> <span class='ocrx_word' id='word_1_447' title='bbox 3729 2812 3853 2866; x_wconf 88' lang='lat' dir='ltr'><strong>mihi</strong></span> 
     </span>
    </p>
   </div>
   <div class='ocr_carea' id='block_1_59' title="bbox 2263 2906 3853 2981">
    <p class='ocr_par' dir='ltr' id='par_1_59' title="bbox 2263 2906 3853 2981">
     <span class='ocr_line' id='line_1_59' title="bbox 2263 2906 3853 2981; baseline -0.005 -14"><span class='ocrx_word' id='word_1_448' title='bbox 2263 2922 2316 2967; x_wconf 92' lang='lat' dir='ltr'><strong>et</strong></span> <span class='ocrx_word' id='word_1_449' title='bbox 2339 2912 2435 2967; x_wconf 89' lang='lat' dir='ltr'><strong>tibi</strong></span> <span class='ocrx_word' id='word_1_450' title='bbox 2465 2909 2571 2977; x_wconf 83' lang='lat' dir='ltr'><strong>est,</strong></span> <span class='ocrx_word' id='word_1_451' title='bbox 2603 2911 2803 2966; x_wconf 82' lang='lat' dir='ltr'><strong>Belial?</strong></span> <span class='ocrx_word' id='word_1_452' title='bbox 2834 2911 2945 2981; x_wconf 79' lang='lat' dir='ltr'><strong>Ego</strong></span> <span class='ocrx_word' id='word_1_453' title='bbox 2963 2909 3165 2963; x_wconf 81' lang='lat' dir='ltr'><strong>Christi</strong></span> <span class='ocrx_word' id='word_1_454' title='bbox 3197 2917 3390 2963; x_wconf 81' lang='lat' dir='ltr'><strong>servus</strong></span> <span class='ocrx_word' id='word_1_455' title='bbox 3415 2921 3559 2975; x_wconf 85' lang='lat' dir='ltr'><strong>sum,</strong></span> <span class='ocrx_word' id='word_1_456' title='bbox 3601 2906 3748 2962; x_wconf 81' lang='lat' dir='ltr'><strong>illius</strong></span> <span class='ocrx_word' id='word_1_457' title='bbox 3775 2913 3853 2960; x_wconf 67' lang='grc' dir='ltr'><strong>τε-</strong></span> 
     </span>
    </p>
   </div>
   <div class='ocr_carea' id='block_1_60' title="bbox 2262 2999 3850 3076">
    <p class='ocr_par' dir='ltr' id='par_1_60' title="bbox 2262 2999 3850 3076">
     <span class='ocr_line' id='line_1_60' title="bbox 2262 2999 3850 3076; baseline -0.004 -16"><span class='ocrx_word' id='word_1_458' title='bbox 2262 3005 2513 3075; x_wconf 77' lang='lat' dir='ltr'><strong>demptus</strong></span> <span class='ocrx_word' id='word_1_459' title='bbox 2557 3005 2854 3076; x_wconf 89' lang='lat' dir='ltr'><strong>sanguine,</strong></span> <span class='ocrx_word' id='word_1_460' title='bbox 2895 3004 2971 3058; x_wconf 90' lang='lat' dir='ltr'><strong>illi</strong></span> <span class='ocrx_word' id='word_1_461' title='bbox 3004 3014 3090 3058; x_wconf 88' lang='lat' dir='ltr'><strong>me</strong></span> <span class='ocrx_word' id='word_1_462' title='bbox 3127 3013 3298 3056; x_wconf 85' lang='lat' dir='ltr'><strong>totum</strong></span> <span class='ocrx_word' id='word_1_463' title='bbox 3341 3002 3670 3073; x_wconf 71' lang='lat' dir='ltr'><strong>mancipavi.</strong></span> <span class='ocrx_word' id='word_1_464' title='bbox 3718 2999 3850 3068; x_wconf 81' lang='lat' dir='ltr'><strong>Quid</strong></span> 
     </span>
    </p>
   </div>
   <div class='ocr_carea' id='block_1_61' title="bbox 2263 3095 3849 3166">
    <p class='ocr_par' dir='ltr' id='par_1_61' title="bbox 2263 3095 3849 3166">
     <span class='ocr_line' id='line_1_61' title="bbox 2263 3095 3849 3166; baseline -0.004 -12"><span class='ocrx_word' id='word_1_465' title='bbox 2263 3097 2397 3154; x_wconf 87' lang='lat' dir='ltr'><strong>mihi</strong></span> <span class='ocrx_word' id='word_1_466' title='bbox 2433 3109 2485 3154; x_wconf 90' lang='lat' dir='ltr'><strong>et</strong></span> <span class='ocrx_word' id='word_1_467' title='bbox 2526 3099 2622 3154; x_wconf 85' lang='lat' dir='ltr'><strong>tibi</strong></span> <span class='ocrx_word' id='word_1_468' title='bbox 2664 3099 2794 3154; x_wconf 77' lang='lat' dir='ltr'><strong>est?</strong></span> <span class='ocrx_word' id='word_1_469' title='bbox 2844 3097 2962 3153; x_wconf 79' lang='lat' dir='ltr'><strong>Non</strong></span> <span class='ocrx_word' id='word_1_470' title='bbox 2992 3098 3117 3152; x_wconf 83' lang='lat' dir='ltr'><strong>novi</strong></span> <span class='ocrx_word' id='word_1_471' title='bbox 3168 3108 3332 3166; x_wconf 75' lang='lat' dir='ltr'><strong>Opera</strong></span> <span class='ocrx_word' id='word_1_472' title='bbox 3366 3095 3496 3161; x_wconf 82' lang='lat' dir='ltr'><strong>tua,</strong></span> <span class='ocrx_word' id='word_1_473' title='bbox 3529 3096 3666 3150; x_wconf 86' lang='lat' dir='ltr'><strong>nihil</strong></span> <span class='ocrx_word' id='word_1_474' title='bbox 3707 3105 3849 3147; x_wconf 86' lang='lat' dir='ltr'><strong>tuum</strong></span> 
     </span>
    </p>
   </div>
   <div class='ocr_carea' id='block_1_62' title="bbox 563 3176 3844 3266">
    <p class='ocr_par' dir='ltr' id='par_1_62' title="bbox 563 3176 3844 3266">
     <span class='ocr_line' id='line_1_62' title="bbox 563 3176 3844 3266; baseline -0.001 -23"><span class='ocrx_word' id='word_1_475' title='bbox 563 3187 670 3243; x_wconf 89' lang='lat' dir='ltr'><strong>Sed</strong></span> <span class='ocrx_word' id='word_1_476' title='bbox 702 3199 786 3244; x_wconf 86' lang='lat' dir='ltr'><strong>est</strong></span> <span class='ocrx_word' id='word_1_477' title='bbox 819 3190 954 3244; x_wconf 89' lang='lat' dir='ltr'><strong>bona</strong></span> <span class='ocrx_word' id='word_1_478' title='bbox 979 3197 1150 3258; x_wconf 80' lang='lat' dir='ltr'><strong>terra,</strong></span> <span class='ocrx_word' id='word_1_479' title='bbox 1191 3189 1242 3243; x_wconf 91' lang='lat' dir='ltr'><strong>in</strong></span> <span class='ocrx_word' id='word_1_480' title='bbox 1271 3204 1376 3260; x_wconf 84' lang='lat' dir='ltr'><strong>qua</strong></span> <span class='ocrx_word' id='word_1_481' title='bbox 1403 3190 1733 3260; x_wconf 86' lang='lat' dir='ltr'><strong>quicumque</strong></span> <span class='ocrx_word' id='word_1_482' title='bbox 1767 3189 2155 3259; x_wconf 82' lang='lat' dir='ltr'><strong>seminaverit,</strong></span> <span class='ocrx_word' id='word_1_483' title='bbox 2187 3176 2233 3240; x_wconf 91' lang='lat' dir='ltr'><strong><em>C</em></strong></span> <span class='ocrx_word' id='word_1_484' title='bbox 2264 3205 2450 3266; x_wconf 66' lang='lat' dir='ltr'><strong>qurere</strong></span> <span class='ocrx_word' id='word_1_485' title='bbox 2480 3229 2494 3260; x_wconf 87' lang='lat'><strong>,</strong></span> <span class='ocrx_word' id='word_1_486' title='bbox 2541 3194 2675 3248; x_wconf 87' lang='lat' dir='ltr'><strong>nihil</strong></span> <span class='ocrx_word' id='word_1_487' title='bbox 2717 3199 2866 3246; x_wconf 85' lang='lat' dir='ltr'><strong>tuum</strong></span> <span class='ocrx_word' id='word_1_488' title='bbox 2897 3191 3189 3261; x_wconf 84' lang='lat' dir='ltr'><strong>possideo,</strong></span> <span class='ocrx_word' id='word_1_489' title='bbox 3220 3189 3356 3244; x_wconf 80' lang='lat' dir='ltr'><strong>nihil</strong></span> <span class='ocrx_word' id='word_1_490' title='bbox 3385 3199 3542 3243; x_wconf 89' lang='lat' dir='ltr'><strong>tuum</strong></span> <span class='ocrx_word' id='word_1_491' title='bbox 3575 3189 3844 3243; x_wconf 80' lang='lat' dir='ltr'><strong>desidem.</strong></span> 
     </span>
    </p>
   </div>
   <div class='ocr_carea' id='block_1_63' title="bbox 557 3279 1414 3338">
    <p class='ocr_par' dir='ltr' id='par_1_63' title="bbox 557 3279 1414 3338">
     <span class='ocr_line' id='line_1_63' title="bbox 557 3279 1414 3338; baseline 0 -4"><span class='ocrx_word' id='word_1_492' title='bbox 557 3279 768 3335; x_wconf 89' lang='lat' dir='ltr'><strong>fructus</strong></span> <span class='ocrx_word' id='word_1_493' title='bbox 795 3283 842 3335; x_wconf 92' lang='lat' dir='ltr'><strong>ei</strong></span> <span class='ocrx_word' id='word_1_494' title='bbox 867 3281 1120 3338; x_wconf 73' lang='lat' dir='ltr'><strong>cmlestes</strong></span> <span class='ocrx_word' id='word_1_495' title='bbox 1147 3281 1414 3336; x_wconf 88' lang='lat' dir='ltr'><strong>orientur.</strong></span> 
     </span>
    </p>
   </div>
   <div class='ocr_carea' id='block_1_64' title="bbox 1168 3375 1556 3431">
    <p class='ocr_par' dir='ltr' id='par_1_64' title="bbox 1168 3375 1556 3431">
     <span class='ocr_line' id='line_1_64' title="bbox 1168 3375 1556 3431; baseline -0.008 0"><span class='ocrx_word' id='word_1_496' title='bbox 1168 3375 1397 3431; x_wconf 82' lang='lat' dir='ltr'><strong>CAPUT</strong></span> <span class='ocrx_word' id='word_1_497' title='bbox 1435 3375 1556 3430; x_wconf 76' lang='lat' dir='ltr'><strong>XX.</strong></span> 
     </span>
    </p>
   </div>
   <div class='ocr_carea' id='block_1_65' title="bbox 561 3469 2151 3541">
    <p class='ocr_par' dir='ltr' id='par_1_65' title="bbox 561 3469 2151 3541">
     <span class='ocr_line' id='line_1_65' title="bbox 561 3469 2151 3541; baseline -0.001 -17"><span class='ocrx_word' id='word_1_498' title='bbox 561 3469 629 3524; x_wconf 79' lang='lat' dir='ltr'><strong>In</strong></span> <span class='ocrx_word' id='word_1_499' title='bbox 657 3471 920 3524; x_wconf 80' lang='lat' dir='ltr'><strong>uerborum</strong></span> <span class='ocrx_word' id='word_1_500' title='bbox 943 3470 1136 3523; x_wconf 79' lang='lat' dir='ltr'><strong>vilitate</strong></span> <span class='ocrx_word' id='word_1_501' title='bbox 1155 3471 1345 3540; x_wconf 69' lang='lat' dir='ltr'><strong>«spius</strong></span> <span class='ocrx_word' id='word_1_502' title='bbox 1375 3472 1623 3541; x_wconf 77' lang='lat' dir='ltr'><strong>majorem</strong></span> <span class='ocrx_word' id='word_1_503' title='bbox 1654 3469 1820 3522; x_wconf 81' lang='lat' dir='ltr'><strong>inesse</strong></span> <span class='ocrx_word' id='word_1_504' title='bbox 1845 3469 2151 3537; x_wconf 80' lang='lat' dir='ltr'><strong>efﬁcaciam.</strong></span> 
     </span>
    </p>
   </div>
   <div class='ocr_carea' id='block_1_66' title="bbox 637 3561 2159 3633">
    <p class='ocr_par' dir='ltr' id='par_1_66' title="bbox 637 3561 2159 3633">
     <span class='ocr_line' id='line_1_66' title="bbox 637 3561 2159 3633; baseline -0.001 -17"><span class='ocrx_word' id='word_1_505' title='bbox 637 3562 909 3626; x_wconf 78' lang='lat' dir='ltr'><strong>Quomodo</strong></span> <span class='ocrx_word' id='word_1_506' title='bbox 940 3562 1195 3616; x_wconf 79' lang='lat' dir='ltr'><strong>canticum</strong></span> <span class='ocrx_word' id='word_1_507' title='bbox 1227 3561 1507 3616; x_wconf 80' lang='lat' dir='ltr'><strong>meretricis</strong></span> <span class='ocrx_word' id='word_1_508' title='bbox 1535 3562 1800 3615; x_wconf 85' lang='lat' dir='ltr'><strong>nationum</strong></span> <span class='ocrx_word' id='word_1_509' title='bbox 1830 3561 2159 3633; x_wconf 78' lang='lat' dir='ltr'><strong>congregatio</strong></span> 
     </span>
    </p>
   </div>
   <div class='ocr_carea' id='block_1_67' title="bbox 635 3653 2160 3718">
    <p class='ocr_par' dir='ltr' id='par_1_67' title="bbox 635 3653 2160 3718">
     <span class='ocr_line' id='line_1_67' title="bbox 635 3653 2160 3718; baseline -0.001 -10"><span class='ocrx_word' id='word_1_510' title='bbox 635 3654 948 3718; x_wconf 78' lang='lat' dir='ltr'><strong>cantavcrit;</strong></span> <span class='ocrx_word' id='word_1_511' title='bbox 978 3671 1094 3707; x_wconf 82' lang='lat' dir='ltr'><strong>cum</strong></span> <span class='ocrx_word' id='word_1_512' title='bbox 1131 3653 1488 3708; x_wconf 73' lang='lat' dir='ltr'><strong>rahortatione</strong></span> <span class='ocrx_word' id='word_1_513' title='bbox 1536 3653 1604 3706; x_wconf 86' lang='lat' dir='ltr'><strong>ad</strong></span> <span class='ocrx_word' id='word_1_514' title='bbox 1643 3670 1845 3706; x_wconf 87' lang='lat' dir='ltr'><strong>morum</strong></span> <span class='ocrx_word' id='word_1_515' title='bbox 1868 3653 2160 3707; x_wconf 83' lang='lat' dir='ltr'><strong>conversio-</strong></span> 
     </span>
    </p>
   </div>
   <div class='ocr_carea' id='block_1_68' title="bbox 631 3745 2082 3816">
    <p class='ocr_par' dir='ltr' id='par_1_68' title="bbox 631 3745 2082 3816">
     <span class='ocr_line' id='line_1_68' title="bbox 631 3745 2082 3816; baseline -0.001 -16"><span class='ocrx_word' id='word_1_516' title='bbox 631 3762 770 3811; x_wconf 86' lang='lat' dir='ltr'><strong>nem,</strong></span> <span class='ocrx_word' id='word_1_517' title='bbox 805 3761 898 3799; x_wconf 85' lang='lat' dir='ltr'><strong>nec</strong></span> <span class='ocrx_word' id='word_1_518' title='bbox 925 3761 1029 3800; x_wconf 82' lang='lat' dir='ltr'><strong>non</strong></span> <span class='ocrx_word' id='word_1_519' title='bbox 1053 3745 1123 3799; x_wconf 82' lang='lat' dir='ltr'><strong>ad</strong></span> <span class='ocrx_word' id='word_1_520' title='bbox 1152 3756 1360 3815; x_wconf 85' lang='lat' dir='ltr'><strong>peccata</strong></span> <span class='ocrx_word' id='word_1_521' title='bbox 1392 3746 1723 3816; x_wconf 84' lang='lat' dir='ltr'><strong>cleemosynis</strong></span> <span class='ocrx_word' id='word_1_522' title='bbox 1759 3745 2082 3800; x_wconf 83' lang='lat' dir='ltr'><strong>redmtendu.</strong></span> 
     </span>
    </p>
   </div>
   <div class='ocr_carea' id='block_1_69' title="bbox 637 3835 2156 3908">
    <p class='ocr_par' dir='ltr' id='par_1_69' title="bbox 637 3835 2156 3908">
     <span class='ocr_line' id='line_1_69' title="bbox 637 3835 2156 3908; baseline -0.001 -15"><span class='ocrx_word' id='word_1_523' title='bbox 637 3839 725 3893; x_wconf 74' lang='grc'><strong>75.</strong></span> <span class='ocrx_word' id='word_1_524' title='bbox 772 3836 1020 3903; x_wconf 78' lang='lat' dir='ltr'><strong>Uiulate,</strong></span> <span class='ocrx_word' id='word_1_525' title='bbox 1076 3835 1281 3908; x_wconf 84' lang='lat' dir='ltr'><strong>inquit,</strong></span> <span class='ocrx_word' id='word_1_526' title='bbox 1333 3837 1542 3903; x_wconf 87' lang='lat' dir='ltr'><strong>iterum,</strong></span> <span class='ocrx_word' id='word_1_527' title='bbox 1599 3853 1751 3891; x_wconf 86' lang='lat' dir='ltr'><strong>naues</strong></span> <span class='ocrx_word' id='word_1_528' title='bbox 1806 3837 2156 3908; x_wconf 83' lang='lat' dir='ltr'><strong>Carthaginis,</strong></span> 
     </span>
    </p>
   </div>
   <div class='ocr_carea' id='block_1_70' title="bbox 563 3930 2158 4002">
    <p class='ocr_par' dir='ltr' id='par_1_70' title="bbox 563 3930 2158 4002">
     <span class='ocr_line' id='line_1_70' title="bbox 563 3930 2158 4002; baseline -0.001 -16"><span class='ocrx_word' id='word_1_529' title='bbox 563 3932 806 4002; x_wconf 80' lang='lat' dir='ltr'><strong>quoniam</strong></span> <span class='ocrx_word' id='word_1_530' title='bbox 837 3931 988 4002; x_wconf 87' lang='lat' dir='ltr'><strong>periit</strong></span> <span class='ocrx_word' id='word_1_531' title='bbox 1019 3932 1238 3986; x_wconf 85' lang='lat' dir='ltr'><strong>munitio</strong></span> <span class='ocrx_word' id='word_1_532' title='bbox 1269 3940 1473 3997; x_wconf 82' lang='lat' dir='ltr'><strong>uestra;</strong></span> <span class='ocrx_word' id='word_1_533' title='bbox 1511 3940 1556 3984; x_wconf 92' lang='lat' dir='ltr'><strong>et</strong></span> <span class='ocrx_word' id='word_1_534' title='bbox 1585 3932 1680 3986; x_wconf 79' lang='lat' dir='ltr'><strong>erit</strong></span> <span class='ocrx_word' id='word_1_535' title='bbox 1726 3932 1777 3985; x_wconf 89' lang='lat' dir='ltr'><strong>in</strong></span> <span class='ocrx_word' id='word_1_536' title='bbox 1811 3930 1905 3984; x_wconf 78' lang='lat' dir='ltr'><strong>illa</strong></span> <span class='ocrx_word' id='word_1_537' title='bbox 1935 3930 2040 3996; x_wconf 84' lang='lat' dir='ltr'><strong>die,</strong></span> <span class='ocrx_word' id='word_1_538' title='bbox 2071 3947 2158 3984; x_wconf 87' lang='lat' dir='ltr'><strong>re-</strong></span> 
     </span>
    </p>
   </div>
   <div class='ocr_carea' id='block_1_71' title="bbox 560 4022 2158 4097">
    <p class='ocr_par' dir='ltr' id='par_1_71' title="bbox 560 4022 2158 4097">
     <span class='ocr_line' id='line_1_71' title="bbox 560 4022 2158 4097; baseline -0.001 -18"><span class='ocrx_word' id='word_1_539' title='bbox 560 4024 816 4094; x_wconf 82' lang='lat' dir='ltr'><strong>linquetur</strong></span> <span class='ocrx_word' id='word_1_540' title='bbox 859 4022 1032 4095; x_wconf 79' lang='lat' dir='ltr'><strong>Tyrus</strong></span> <span class='ocrx_word' id='word_1_541' title='bbox 1083 4023 1256 4097; x_wconf 83' lang='lat' dir='ltr'><strong>(Esai.</strong></span> <span class='ocrx_word' id='word_1_542' title='bbox 1290 4040 1450 4091; x_wconf 64' lang='grc' dir='ltr'>χχιιι,</span> <span class='ocrx_word' id='word_1_543' title='bbox 1482 4022 1596 4094; x_wconf 74' lang='lat' dir='ltr'><strong>M).</strong></span> <span class='ocrx_word' id='word_1_544' title='bbox 1645 4024 1709 4079; x_wconf 87' lang='lat' dir='ltr'><strong>Et</strong></span> <span class='ocrx_word' id='word_1_545' title='bbox 1737 4023 1874 4078; x_wconf 87' lang='lat' dir='ltr'><strong>infra</strong></span> <span class='ocrx_word' id='word_1_546' title='bbox 1901 4042 1913 4076; x_wconf 87' lang='lat'><strong>:</strong></span> <span class='ocrx_word' id='word_1_547' title='bbox 1942 4023 2158 4093; x_wconf 78' lang='lat' dir='ltr'><strong>Eritque</strong></span> 
     </span>
    </p>
   </div>
   <div class='ocr_carea' id='block_1_72' title="bbox 558 4115 2157 4188">
    <p class='ocr_par' dir='ltr' id='par_1_72' title="bbox 558 4115 2157 4188">
     <span class='ocr_line' id='line_1_72' title="bbox 558 4115 2157 4188; baseline 0.001 -20"><span class='ocrx_word' id='word_1_548' title='bbox 558 4127 672 4187; x_wconf 78' lang='lat' dir='ltr'><strong>post</strong></span> <span class='ocrx_word' id='word_1_549' title='bbox 702 4118 1027 4188; x_wconf 78' lang='lat' dir='ltr'><strong>septuaginta</strong></span> <span class='ocrx_word' id='word_1_550' title='bbox 1054 4133 1221 4171; x_wconf 91' lang='lat' dir='ltr'><strong>annos</strong></span> <span class='ocrx_word' id='word_1_551' title='bbox 1273 4116 1438 4187; x_wconf 80' lang='lat' dir='ltr'><strong>Tyrus</strong></span> <span class='ocrx_word' id='word_1_552' title='bbox 1467 4126 1522 4171; x_wconf 88' lang='lat' dir='ltr'><strong>ut</strong></span> <span class='ocrx_word' id='word_1_553' title='bbox 1567 4117 1825 4170; x_wconf 88' lang='lat' dir='ltr'><strong>canticum</strong></span> <span class='ocrx_word' id='word_1_554' title='bbox 1875 4115 2157 4170; x_wconf 88' lang='lat' dir='ltr'><strong>meretricis</strong></span> 
     </span>
    </p>
   </div>
   <div class='ocr_carea' id='block_1_73' title="bbox 568 4208 2155 4281">
    <p class='ocr_par' dir='ltr' id='par_1_73' title="bbox 568 4208 2155 4281">
     <span class='ocr_line' id='line_1_73' title="bbox 568 4208 2155 4281; baseline 0.001 -19"><span class='ocrx_word' id='word_1_555' title='bbox 568 4208 736 4281; x_wconf 87' lang='lat' dir='ltr'><strong>(Ibid.</strong></span> <span class='ocrx_word' id='word_1_556' title='bbox 774 4209 888 4281; x_wconf 80' lang='lat' dir='ltr'><strong>l5).</strong></span> <span class='ocrx_word' id='word_1_557' title='bbox 923 4209 1057 4266; x_wconf 82' lang='lat' dir='ltr'><strong>Vide</strong></span> <span class='ocrx_word' id='word_1_558' title='bbox 1103 4211 1299 4280; x_wconf 89' lang='lat' dir='ltr'><strong>quibus</strong></span> <span class='ocrx_word' id='word_1_559' title='bbox 1328 4212 1509 4266; x_wconf 85' lang='lat' dir='ltr'><strong>verbis</strong></span> <span class='ocrx_word' id='word_1_560' title='bbox 1532 4222 1714 4265; x_wconf 84' lang='lat' dir='ltr'><strong>utatur</strong></span> <span class='ocrx_word' id='word_1_561' title='bbox 1740 4209 2023 4280; x_wconf 64' lang='lat' dir='ltr'><strong>proriheta,</strong></span> <span class='ocrx_word' id='word_1_562' title='bbox 2052 4223 2155 4264; x_wconf 89' lang='lat' dir='ltr'><strong>nec</strong></span> 
     </span>
    </p>
   </div>
   <div class='ocr_carea' id='block_1_74' title="bbox 561 4295 2156 4369">
    <p class='ocr_par' dir='ltr' id='par_1_74' title="bbox 561 4295 2156 4369">
     <span class='ocr_line' id='line_1_74' title="bbox 561 4295 2156 4369; baseline 0.003 -15"><span class='ocrx_word' id='word_1_563' title='bbox 561 4298 791 4369; x_wconf 86' lang='lat' dir='ltr'><strong>refugiat</strong></span> <span class='ocrx_word' id='word_1_564' title='bbox 830 4301 1116 4356; x_wconf 81' lang='lat' dir='ltr'><strong>verborum</strong></span> <span class='ocrx_word' id='word_1_565' title='bbox 1159 4301 1466 4356; x_wconf 86' lang='lat' dir='ltr'><strong>istiusmodi</strong></span> <span class='ocrx_word' id='word_1_566' title='bbox 1500 4301 1784 4356; x_wconf 76' lang='lat' dir='ltr'><strong>vilitatem.</strong></span> <span class='ocrx_word' id='word_1_567' title='bbox 1827 4295 1937 4357; x_wconf 69' lang='lat' dir='ltr'><strong>Nos</strong></span> <span class='ocrx_word' id='word_1_568' title='bbox 1988 4303 2156 4358; x_wconf 86' lang='lat' dir='ltr'><strong>inter-</strong></span> 
     </span>
    </p>
   </div>
   <div class='ocr_carea' id='block_1_75' title="bbox 560 4390 2152 4466">
    <p class='ocr_par' dir='ltr' id='par_1_75' title="bbox 560 4390 2152 4466">
     <span class='ocr_line' id='line_1_75' title="bbox 560 4390 2152 4466; baseline 0.003 -20"><span class='ocrx_word' id='word_1_569' title='bbox 560 4390 688 4446; x_wconf 89' lang='lat' dir='ltr'><strong>dum</strong></span> <span class='ocrx_word' id='word_1_570' title='bbox 719 4391 1052 4463; x_wconf 76' lang='lat' dir='ltr'><strong>refugimus;</strong></span> <span class='ocrx_word' id='word_1_571' title='bbox 1086 4409 1192 4448; x_wconf 87' lang='lat' dir='ltr'><strong>non</strong></span> <span class='ocrx_word' id='word_1_572' title='bbox 1233 4394 1376 4461; x_wconf 83' lang='lat' dir='ltr'><strong>quod</strong></span> <span class='ocrx_word' id='word_1_573' title='bbox 1422 4395 1597 4456; x_wconf 87' lang='lat' dir='ltr'><strong>nobis.</strong></span> <span class='ocrx_word' id='word_1_574' title='bbox 1637 4410 1796 4464; x_wconf 86' lang='lat' dir='ltr'><strong>quam</strong></span> <span class='ocrx_word' id='word_1_575' title='bbox 1836 4395 1943 4449; x_wconf 86' lang='lat' dir='ltr'><strong>illis</strong></span> <span class='ocrx_word' id='word_1_576' title='bbox 1973 4395 2152 4466; x_wconf 86' lang='lat' dir='ltr'><strong>lingua</strong></span> 
     </span>
    </p>
   </div>
   <div class='ocr_carea' id='block_1_76' title="bbox 559 4483 2148 4556">
    <p class='ocr_par' dir='ltr' id='par_1_76' title="bbox 559 4483 2148 4556">
     <span class='ocr_line' id='line_1_76' title="bbox 559 4483 2148 4556; baseline 0.002 -17"><span class='ocrx_word' id='word_1_577' title='bbox 559 4485 628 4539; x_wconf 87' lang='lat' dir='ltr'><strong>sit</strong></span> <span class='ocrx_word' id='word_1_578' title='bbox 656 4484 856 4539; x_wconf 85' lang='lat' dir='ltr'><strong>castior</strong></span> <span class='ocrx_word' id='word_1_579' title='bbox 887 4519 901 4548; x_wconf 87' lang='lat'><strong>,</strong></span> <span class='ocrx_word' id='word_1_580' title='bbox 935 4483 1030 4538; x_wconf 87' lang='lat' dir='ltr'><strong>sed</strong></span> <span class='ocrx_word' id='word_1_581' title='bbox 1072 4485 1371 4539; x_wconf 85' lang='lat' dir='ltr'><strong>auctoritas</strong></span> <span class='ocrx_word' id='word_1_582' title='bbox 1400 4485 1644 4540; x_wconf 90' lang='lat' dir='ltr'><strong>inferior.</strong></span> <span class='ocrx_word' id='word_1_583' title='bbox 1693 4485 1861 4556; x_wconf 82' lang='lat' dir='ltr'><strong>Major</strong></span> <span class='ocrx_word' id='word_1_584' title='bbox 1890 4488 2033 4542; x_wconf 87' lang='lat' dir='ltr'><strong>enim</strong></span> <span class='ocrx_word' id='word_1_585' title='bbox 2070 4489 2148 4542; x_wconf 89' lang='lat' dir='ltr'><strong>vis</strong></span> 
     </span>
    </p>
   </div>
   <div class='ocr_carea' id='block_1_77' title="bbox 2261 3281 3850 3356">
    <p class='ocr_par' dir='ltr' id='par_1_77' title="bbox 2261 3281 3850 3356">
     <span class='ocr_line' id='line_1_77' title="bbox 2261 3281 3850 3356; baseline -0.004 -14"><span class='ocrx_word' id='word_1_586' title='bbox 2261 3290 2477 3356; x_wconf 75' lang='lat' dir='ltr'><strong>Quanto</strong></span> <span class='ocrx_word' id='word_1_587' title='bbox 2525 3286 2700 3354; x_wconf 76' lang='lat' dir='ltr'><strong>magis</strong></span> <span class='ocrx_word' id='word_1_588' title='bbox 2733 3301 2830 3339; x_wconf 87' lang='lat' dir='ltr'><strong>nos</strong></span> <span class='ocrx_word' id='word_1_589' title='bbox 2859 3293 3074 3355; x_wconf 87' lang='lat' dir='ltr'><strong>oportet</strong></span> <span class='ocrx_word' id='word_1_590' title='bbox 3100 3284 3343 3354; x_wconf 77' lang='lat' dir='ltr'><strong>separari</strong></span> <span class='ocrx_word' id='word_1_591' title='bbox 3377 3295 3406 3337; x_wconf 86' lang='grc' dir='ltr'><strong>ιι</strong></span> <span class='ocrx_word' id='word_1_592' title='bbox 3430 3282 3688 3345; x_wconf 78' lang='lat' dir='ltr'><strong>diabolo,</strong></span> <span class='ocrx_word' id='word_1_593' title='bbox 3725 3281 3770 3335; x_wconf 83' lang='lat' dir='ltr'><strong>si</strong></span> <span class='ocrx_word' id='word_1_594' title='bbox 3799 3295 3850 3335; x_wconf 85' lang='lat' dir='ltr'><strong>se</strong></span> 
     </span>
    </p>
   </div>
   <div class='ocr_carea' id='block_1_78' title="bbox 2264 3374 3848 3443">
    <p class='ocr_par' dir='ltr' id='par_1_78' title="bbox 2264 3374 3848 3443">
     <span class='ocr_line' id='line_1_78' title="bbox 2264 3374 3848 3443; baseline -0.004 -10"><span class='ocrx_word' id='word_1_595' title='bbox 2264 3380 2358 3435; x_wconf 92' lang='lat' dir='ltr'><strong>ille</strong></span> <span class='ocrx_word' id='word_1_596' title='bbox 2389 3379 2649 3435; x_wconf 86' lang='lat' dir='ltr'><strong>discernit</strong></span> <span class='ocrx_word' id='word_1_597' title='bbox 2695 3393 2725 3432; x_wconf 88' lang='lat' dir='ltr'><strong>a</strong></span> <span class='ocrx_word' id='word_1_598' title='bbox 2764 3377 3016 3432; x_wconf 83' lang='lat' dir='ltr'><strong>Christo?</strong></span> <span class='ocrx_word' id='word_1_599' title='bbox 3045 3375 3114 3430; x_wconf 84' lang='lat' dir='ltr'><strong>Et</strong></span> <span class='ocrx_word' id='word_1_600' title='bbox 3141 3377 3186 3430; x_wconf 88' lang='lat' dir='ltr'><strong>si</strong></span> <span class='ocrx_word' id='word_1_601' title='bbox 3216 3377 3414 3431; x_wconf 82' lang='lat' dir='ltr'><strong>luimus</strong></span> <span class='ocrx_word' id='word_1_602' title='bbox 3451 3383 3474 3411; x_wconf 77' lang='grc' dir='ltr'>ε</span> <span class='ocrx_word' id='word_1_603' title='bbox 3507 3375 3559 3429; x_wconf 91' lang='lat' dir='ltr'><strong>ei</strong></span> <span class='ocrx_word' id='word_1_604' title='bbox 3596 3374 3650 3428; x_wconf 89' lang='lat' dir='ltr'><strong>in</strong></span> <span class='ocrx_word' id='word_1_605' title='bbox 3679 3375 3848 3443; x_wconf 78' lang='lat' dir='ltr'><strong>aliquo</strong></span> 
     </span>
    </p>
   </div>
   <div class='ocr_carea' id='block_1_79' title="bbox 2263 3469 3845 3542">
    <p class='ocr_par' dir='ltr' id='par_1_79' title="bbox 2263 3469 3845 3542">
     <span class='ocr_line' id='line_1_79' title="bbox 2263 3469 3845 3542; baseline -0.004 -15"><span class='ocrx_word' id='word_1_606' title='bbox 2263 3473 2508 3538; x_wconf 83' lang='lat' dir='ltr'><strong>obnoxii,</strong></span> <span class='ocrx_word' id='word_1_607' title='bbox 2538 3473 2650 3542; x_wconf 86' lang='lat' dir='ltr'><strong>jam</strong></span> <span class='ocrx_word' id='word_1_608' title='bbox 2681 3487 2787 3526; x_wconf 91' lang='lat' dir='ltr'><strong>non</strong></span> <span class='ocrx_word' id='word_1_609' title='bbox 2820 3486 3006 3526; x_wconf 86' lang='lat' dir='ltr'><strong>sumus</strong></span> <span class='ocrx_word' id='word_1_610' title='bbox 3033 3488 3044 3522; x_wconf 90' lang='lat'><strong>:</strong></span> <span class='ocrx_word' id='word_1_611' title='bbox 3073 3469 3418 3541; x_wconf 83' lang='lat' dir='ltr'><strong>confugimus</strong></span> <span class='ocrx_word' id='word_1_612' title='bbox 3443 3469 3509 3523; x_wconf 89' lang='lat' dir='ltr'><strong>ad</strong></span> <span class='ocrx_word' id='word_1_613' title='bbox 3542 3470 3808 3524; x_wconf 88' lang='lat' dir='ltr'><strong>medicum</strong></span> <span class='ocrx_word' id='word_1_614' title='bbox 3831 3509 3845 3532; x_wconf 85' lang='lat'><strong>,</strong></span> 
     </span>
    </p>
   </div>
   <div class='ocr_carea' id='block_1_80' title="bbox 2265 3563 3846 3635">
    <p class='ocr_par' dir='ltr' id='par_1_80' title="bbox 2265 3563 3846 3635">
     <span class='ocr_line' id='line_1_80' title="bbox 2265 3563 3846 3635; baseline -0.003 -17"><span class='ocrx_word' id='word_1_615' title='bbox 2265 3566 2486 3620; x_wconf 78' lang='lat' dir='ltr'><strong>vulnera</strong></span> <span class='ocrx_word' id='word_1_616' title='bbox 2512 3565 2793 3635; x_wconf 88' lang='lat' dir='ltr'><strong>superiora</strong></span> <span class='ocrx_word' id='word_1_617' title='bbox 2819 3565 3049 3619; x_wconf 87' lang='lat' dir='ltr'><strong>curavit.</strong></span> <span class='ocrx_word' id='word_1_618' title='bbox 3087 3564 3154 3618; x_wconf 85' lang='lat' dir='ltr'><strong>Et</strong></span> <span class='ocrx_word' id='word_1_619' title='bbox 3180 3564 3224 3618; x_wconf 84' lang='lat' dir='ltr'><strong>si</strong></span> <span class='ocrx_word' id='word_1_620' title='bbox 3257 3563 3382 3633; x_wconf 85' lang='lat' dir='ltr'><strong>quid</strong></span> <span class='ocrx_word' id='word_1_621' title='bbox 3411 3571 3663 3632; x_wconf 84' lang='lat' dir='ltr'><strong>superest</strong></span> <span class='ocrx_word' id='word_1_622' title='bbox 3705 3577 3846 3616; x_wconf 69' lang='lat' dir='ltr'><strong>acer-</strong></span> 
     </span>
    </p>
   </div>
   <div class='ocr_carea' id='block_1_81' title="bbox 2265 3655 3845 3727">
    <p class='ocr_par' dir='ltr' id='par_1_81' title="bbox 2265 3655 3845 3727">
     <span class='ocr_line' id='line_1_81' title="bbox 2265 3655 3845 3727; baseline -0.006 -11"><span class='ocrx_word' id='word_1_623' title='bbox 2265 3660 2472 3727; x_wconf 82' lang='lat' dir='ltr'><strong>bitatis,</strong></span> <span class='ocrx_word' id='word_1_624' title='bbox 2500 3659 2709 3715; x_wconf 87' lang='lat' dir='ltr'><strong>medela</strong></span> <span class='ocrx_word' id='word_1_625' title='bbox 2760 3673 2866 3714; x_wconf 92' lang='lat' dir='ltr'><strong>non</strong></span> <span class='ocrx_word' id='word_1_626' title='bbox 2917 3658 3110 3713; x_wconf 88' lang='lat' dir='ltr'><strong>deerit.</strong></span> <span class='ocrx_word' id='word_1_627' title='bbox 3151 3658 3218 3712; x_wconf 83' lang='lat' dir='ltr'><strong>Et</strong></span> <span class='ocrx_word' id='word_1_628' title='bbox 3260 3658 3304 3712; x_wconf 91' lang='lat' dir='ltr'><strong>si</strong></span> <span class='ocrx_word' id='word_1_629' title='bbox 3331 3656 3459 3726; x_wconf 85' lang='lat' dir='ltr'><strong>quid</strong></span> <span class='ocrx_word' id='word_1_630' title='bbox 3489 3655 3698 3724; x_wconf 74' lang='lat' dir='ltr'><strong>injuria:</strong></span> <span class='ocrx_word' id='word_1_631' title='bbox 3729 3655 3845 3707; x_wconf 73' lang='lat' dir='ltr'><strong>feci—</strong></span> 
     </span>
    </p>
   </div>
   <div class='ocr_carea' id='block_1_82' title="bbox 2261 3749 3843 3821">
    <p class='ocr_par' dir='ltr' id='par_1_82' title="bbox 2261 3749 3843 3821">
     <span class='ocr_line' id='line_1_82' title="bbox 2261 3749 3843 3821; baseline -0.004 -15"><span class='ocrx_word' id='word_1_632' title='bbox 2261 3768 2404 3816; x_wconf 87' lang='lat' dir='ltr'><strong>mus,</strong></span> <span class='ocrx_word' id='word_1_633' title='bbox 2431 3768 2640 3808; x_wconf 90' lang='lat' dir='ltr'><strong>memor</strong></span> <span class='ocrx_word' id='word_1_634' title='bbox 2666 3767 2773 3807; x_wconf 91' lang='lat' dir='ltr'><strong>non</strong></span> <span class='ocrx_word' id='word_1_635' title='bbox 2796 3751 2921 3815; x_wconf 92' lang='lat' dir='ltr'><strong>erit,</strong></span> <span class='ocrx_word' id='word_1_636' title='bbox 2943 3751 3032 3821; x_wconf 90' lang='lat' dir='ltr'><strong>qui</strong></span> <span class='ocrx_word' id='word_1_637' title='bbox 3058 3751 3227 3806; x_wconf 88' lang='lat' dir='ltr'><strong>semel</strong></span> <span class='ocrx_word' id='word_1_638' title='bbox 3251 3751 3488 3804; x_wconf 87' lang='lat' dir='ltr'><strong>donavit.</strong></span> <span class='ocrx_word' id='word_1_639' title='bbox 3516 3749 3585 3804; x_wconf 84' lang='lat' dir='ltr'><strong>Et</strong></span> <span class='ocrx_word' id='word_1_640' title='bbox 3604 3751 3648 3803; x_wconf 92' lang='lat' dir='ltr'><strong>si</strong></span> <span class='ocrx_word' id='word_1_641' title='bbox 3674 3750 3843 3819; x_wconf 80' lang='lat' dir='ltr'><strong>gravia</strong></span> 
     </span>
    </p>
   </div>
   <div class='ocr_carea' id='block_1_83' title="bbox 2262 3843 3844 3914">
    <p class='ocr_par' dir='ltr' id='par_1_83' title="bbox 2262 3843 3844 3914">
     <span class='ocr_line' id='line_1_83' title="bbox 2262 3843 3844 3914; baseline -0.003 -16"><span class='ocrx_word' id='word_1_642' title='bbox 2262 3843 2612 3914; x_wconf 85' lang='lat' dir='ltr'><strong>deliquimus,</strong></span> <span class='ocrx_word' id='word_1_643' title='bbox 2647 3859 2900 3914; x_wconf 87' lang='lat' dir='ltr'><strong>maguum</strong></span> <span class='ocrx_word' id='word_1_644' title='bbox 2949 3843 3217 3898; x_wconf 84' lang='lat' dir='ltr'><strong>medicum</strong></span> <span class='ocrx_word' id='word_1_645' title='bbox 3249 3843 3582 3909; x_wconf 88' lang='lat' dir='ltr'><strong>invenimus,</strong></span> <span class='ocrx_word' id='word_1_646' title='bbox 3609 3855 3844 3909; x_wconf 74' lang='lat' dir='ltr'><strong>magnam</strong></span> 
     </span>
    </p>
   </div>
   <div class='ocr_carea' id='block_1_84' title="bbox 2261 3935 3842 4008">
    <p class='ocr_par' dir='ltr' id='par_1_84' title="bbox 2261 3935 3842 4008">
     <span class='ocr_line' id='line_1_84' title="bbox 2261 3935 3842 4008; baseline -0.001 -18"><span class='ocrx_word' id='word_1_647' title='bbox 2261 3937 2584 3992; x_wconf 88' lang='lat' dir='ltr'><strong>medicinam</strong></span> <span class='ocrx_word' id='word_1_648' title='bbox 2609 3937 2796 4008; x_wconf 60' lang='lat' dir='ltr'><strong>gratia;</strong></span> <span class='ocrx_word' id='word_1_649' title='bbox 2819 3936 2938 4007; x_wconf 88' lang='lat' dir='ltr'><strong>ejus</strong></span> <span class='ocrx_word' id='word_1_650' title='bbox 2957 3937 3266 4006; x_wconf 85' lang='lat' dir='ltr'><strong>accepimus</strong></span> <span class='ocrx_word' id='word_1_651' title='bbox 3293 3935 3398 4008; x_wconf 90' lang='lat' dir='ltr'><strong>(De</strong></span> <span class='ocrx_word' id='word_1_652' title='bbox 3421 3937 3627 4005; x_wconf 60' lang='lat' dir='ltr'><strong>punit,</strong></span> <span class='ocrx_word' id='word_1_653' title='bbox 3651 3937 3770 3989; x_wconf 77' lang='lat' dir='ltr'><strong>dist.</strong></span> <span class='ocrx_word' id='word_1_654' title='bbox 3798 3935 3842 3996; x_wconf 88' lang='lat' dir='ltr'><strong>l,</strong></span> 
     </span>
    </p>
   </div>
   <div class='ocr_carea' id='block_1_85' title="bbox 2259 4029 3842 4103">
    <p class='ocr_par' dir='ltr' id='par_1_85' title="bbox 2259 4029 3842 4103">
     <span class='ocr_line' id='line_1_85' title="bbox 2259 4029 3842 4103; baseline -0.001 -18"><span class='ocrx_word' id='word_1_655' title='bbox 2259 4047 2378 4102; x_wconf 85' lang='lat' dir='ltr'><strong>cap.</strong></span> <span class='ocrx_word' id='word_1_656' title='bbox 2411 4029 2718 4103; x_wconf 82' lang='lat' dir='ltr'><strong>Medicina).</strong></span> <span class='ocrx_word' id='word_1_657' title='bbox 2755 4034 2942 4103; x_wconf 86' lang='lat' dir='ltr'><strong>Magna</strong></span> <span class='ocrx_word' id='word_1_658' title='bbox 2970 4031 3116 4087; x_wconf 92' lang='lat' dir='ltr'><strong>enim</strong></span> <span class='ocrx_word' id='word_1_659' title='bbox 3158 4030 3426 4087; x_wconf 88' lang='lat' dir='ltr'><strong>medicina</strong></span> <span class='ocrx_word' id='word_1_660' title='bbox 3452 4030 3597 4086; x_wconf 90' lang='lat' dir='ltr'><strong>tollit</strong></span> <span class='ocrx_word' id='word_1_661' title='bbox 3639 4040 3842 4102; x_wconf 69' lang='lat' dir='ltr'><strong>peccata</strong></span> 
     </span>
    </p>
   </div>
   <div class='ocr_carea' id='block_1_86' title="bbox 2259 4141 2471 4195">
    <p class='ocr_par' dir='ltr' id='par_1_86' title="bbox 2259 4141 2471 4195">
     <span class='ocr_line' id='line_1_86' title="bbox 2259 4141 2471 4195; baseline -0.009 -13"><span class='ocrx_word' id='word_1_662' title='bbox 2259 4141 2471 4195; x_wconf 88' lang='lat' dir='ltr'><strong>magna.</strong></span> 
     </span>
    </p>
   </div>
   <div class='ocr_carea' id='block_1_87' title="bbox 2331 4217 3842 4289">
    <p class='ocr_par' dir='ltr' id='par_1_87' title="bbox 2331 4217 3842 4289">
     <span class='ocr_line' id='line_1_87' title="bbox 2331 4217 3842 4289; baseline -0.004 -15"><span class='ocrx_word' id='word_1_663' title='bbox 2331 4220 2420 4275; x_wconf 83' lang='lat'><strong>76.</strong></span> <span class='ocrx_word' id='word_1_664' title='bbox 2462 4219 2738 4276; x_wconf 83' lang='lat' dir='ltr'><strong>Habemus</strong></span> <span class='ocrx_word' id='word_1_665' title='bbox 2761 4219 2924 4275; x_wconf 87' lang='lat' dir='ltr'><strong>etiam</strong></span> <span class='ocrx_word' id='word_1_666' title='bbox 2949 4220 3100 4289; x_wconf 89' lang='lat' dir='ltr'><strong>plura</strong></span> <span class='ocrx_word' id='word_1_667' title='bbox 3122 4217 3388 4284; x_wconf 89' lang='lat' dir='ltr'><strong>subsidia,</strong></span> <span class='ocrx_word' id='word_1_668' title='bbox 3413 4217 3608 4289; x_wconf 92' lang='lat' dir='ltr'><strong>quibus</strong></span> <span class='ocrx_word' id='word_1_669' title='bbox 3636 4225 3842 4287; x_wconf 82' lang='lat' dir='ltr'><strong>peccata</strong></span> 
     </span>
    </p>
   </div>
   <div class='ocr_carea' id='block_1_88' title="bbox 2260 4312 3841 4383">
    <p class='ocr_par' dir='ltr' id='par_1_88' title="bbox 2260 4312 3841 4383">
     <span class='ocr_line' id='line_1_88' title="bbox 2260 4312 3841 4383; baseline -0.002 -14"><span class='ocrx_word' id='word_1_670' title='bbox 2260 4324 2445 4370; x_wconf 90' lang='lat' dir='ltr'><strong>nostra</strong></span> <span class='ocrx_word' id='word_1_671' title='bbox 2476 4314 2823 4370; x_wconf 85' lang='lat' dir='ltr'><strong>redimamus.</strong></span> <span class='ocrx_word' id='word_1_672' title='bbox 2865 4313 3160 4370; x_wconf 86' lang='lat' dir='ltr'><strong>Pecuniam</strong></span> <span class='ocrx_word' id='word_1_673' title='bbox 3189 4313 3357 4369; x_wconf 88' lang='lat' dir='ltr'><strong>babes</strong></span> <span class='ocrx_word' id='word_1_674' title='bbox 3381 4353 3396 4379; x_wconf 92' lang='lat'><strong>,</strong></span> <span class='ocrx_word' id='word_1_675' title='bbox 3429 4312 3637 4368; x_wconf 89' lang='lat' dir='ltr'><strong>redime</strong></span> <span class='ocrx_word' id='word_1_676' title='bbox 3664 4325 3841 4383; x_wconf 79' lang='lat' dir='ltr'><strong>pecca-</strong></span> 
     </span>
    </p>
   </div>
   <div class='ocr_carea' id='block_1_89' title="bbox 2258 4402 3841 4473">
    <p class='ocr_par' dir='ltr' id='par_1_89' title="bbox 2258 4402 3841 4473">
     <span class='ocr_line' id='line_1_89' title="bbox 2258 4402 3841 4473; baseline -0.004 -11"><span class='ocrx_word' id='word_1_677' title='bbox 2258 4414 2369 4462; x_wconf 90' lang='lat' dir='ltr'><strong>tum</strong></span> <span class='ocrx_word' id='word_1_678' title='bbox 2405 4416 2574 4462; x_wconf 92' lang='lat' dir='ltr'><strong>tuum.</strong></span> <span class='ocrx_word' id='word_1_679' title='bbox 2605 4404 2724 4461; x_wconf 75' lang='lat' dir='ltr'><strong>Non</strong></span> <span class='ocrx_word' id='word_1_680' title='bbox 2753 4405 2964 4460; x_wconf 87' lang='lat' dir='ltr'><strong>venalis</strong></span> <span class='ocrx_word' id='word_1_681' title='bbox 2991 4414 3077 4460; x_wconf 89' lang='lat' dir='ltr'><strong>est</strong></span> <span class='ocrx_word' id='word_1_682' title='bbox 3102 4405 3384 4472; x_wconf 85' lang='lat' dir='ltr'><strong>Dominus,</strong></span> <span class='ocrx_word' id='word_1_683' title='bbox 3414 4402 3509 4460; x_wconf 91' lang='lat' dir='ltr'><strong>sed</strong></span> <span class='ocrx_word' id='word_1_684' title='bbox 3541 4415 3597 4458; x_wconf 93' lang='lat' dir='ltr'><strong>tu</strong></span> <span class='ocrx_word' id='word_1_685' title='bbox 3623 4404 3737 4473; x_wconf 81' lang='lat' dir='ltr'><strong>ipse</strong></span> <span class='ocrx_word' id='word_1_686' title='bbox 3759 4417 3841 4455; x_wconf 85' lang='lat' dir='ltr'><strong>ve-</strong></span> 
     </span>
    </p>
   </div>
   <div class='ocr_carea' id='block_1_90' title="bbox 2256 4497 3838 4566">
    <p class='ocr_par' dir='ltr' id='par_1_90' title="bbox 2256 4497 3838 4566">
     <span class='ocr_line' id='line_1_90' title="bbox 2256 4497 3838 4566; baseline -0.003 -11"><span class='ocrx_word' id='word_1_687' title='bbox 2256 4500 2394 4555; x_wconf 87' lang='lat' dir='ltr'><strong>nalis</strong></span> <span class='ocrx_word' id='word_1_688' title='bbox 2422 4514 2503 4556; x_wconf 88' lang='lat' dir='ltr'><strong>es.</strong></span> <span class='ocrx_word' id='word_1_689' title='bbox 2551 4499 2796 4555; x_wconf 88' lang='lat' dir='ltr'><strong>Peccatis</strong></span> <span class='ocrx_word' id='word_1_690' title='bbox 2845 4500 2951 4555; x_wconf 89' lang='lat' dir='ltr'><strong>tuis</strong></span> <span class='ocrx_word' id='word_1_691' title='bbox 3014 4499 3374 4555; x_wconf 88' lang='lat' dir='ltr'><strong>venumdatus</strong></span> <span class='ocrx_word' id='word_1_692' title='bbox 3423 4513 3503 4566; x_wconf 82' lang='lat' dir='ltr'><strong>es,</strong></span> <span class='ocrx_word' id='word_1_693' title='bbox 3547 4497 3751 4554; x_wconf 90' lang='lat' dir='ltr'><strong>redime</strong></span> <span class='ocrx_word' id='word_1_694' title='bbox 3794 4507 3838 4550; x_wconf 88' lang='lat' dir='ltr'><strong>te</strong></span> 
     </span>
    </p>
   </div>
   <div class='ocr_carea' id='block_1_91' title="bbox 558 4567 3834 4662">
    <p class='ocr_par' dir='ltr' id='par_1_91' title="bbox 558 4567 3834 4662">
     <span class='ocr_line' id='line_1_91' title="bbox 558 4567 3834 4662; baseline -0.001 -32"><span class='ocrx_word' id='word_1_695' title='bbox 558 4590 740 4630; x_wconf 91' lang='lat' dir='ltr'><strong>rerum</strong></span> <span class='ocrx_word' id='word_1_696' title='bbox 769 4574 824 4628; x_wconf 91' lang='lat' dir='ltr'><strong>iu</strong></span> <span class='ocrx_word' id='word_1_697' title='bbox 857 4574 1043 4630; x_wconf 85' lang='lat' dir='ltr'><strong>talium</strong></span> <span class='ocrx_word' id='word_1_698' title='bbox 1081 4577 1433 4646; x_wconf 86' lang='lat' dir='ltr'><strong>expressione</strong></span> <span class='ocrx_word' id='word_1_699' title='bbox 1475 4593 1784 4632; x_wconf 82' lang='lat' dir='ltr'><strong>sermonum</strong></span> <span class='ocrx_word' id='word_1_700' title='bbox 1813 4587 1930 4658; x_wconf 88' lang='lat' dir='ltr'><strong>est;</strong></span> <span class='ocrx_word' id='word_1_701' title='bbox 1970 4586 2028 4634; x_wconf 87' lang='lat' dir='ltr'><strong>ut</strong></span> <span class='ocrx_word' id='word_1_702' title='bbox 2055 4581 2148 4651; x_wconf 89' lang='lat' dir='ltr'><strong>qui</strong></span> <span class='ocrx_word' id='word_1_703' title='bbox 2178 4567 2228 4628; x_wconf 90' lang='lat' dir='ltr'><strong>D</strong></span> <span class='ocrx_word' id='word_1_704' title='bbox 2255 4593 2509 4662; x_wconf 66' lang='lat' dir='ltr'><strong>operibus</strong></span> <span class='ocrx_word' id='word_1_705' title='bbox 2543 4594 2670 4660; x_wconf 38' lang='lat' dir='ltr'><strong>mis.</strong></span> <span class='ocrx_word' id='word_1_706' title='bbox 2699 4591 2906 4648; x_wconf 65' lang='lat' dir='ltr'><strong>redime</strong></span> <span class='ocrx_word' id='word_1_707' title='bbox 2943 4601 2996 4647; x_wconf 68' lang='grc' dir='ltr'>ιθ</span> <span class='ocrx_word' id='word_1_708' title='bbox 3024 4593 3249 4662; x_wconf 63' lang='lat' dir='ltr'><strong>pecunia</strong></span> <span class='ocrx_word' id='word_1_709' title='bbox 3281 4603 3388 4646; x_wconf 50' lang='lat' dir='ltr'><strong>tua.</strong></span> <span class='ocrx_word' id='word_1_710' title='bbox 3426 4590 3561 4647; x_wconf 66' lang='lat' dir='ltr'><strong>Vilis</strong></span> <span class='ocrx_word' id='word_1_711' title='bbox 3587 4589 3834 4660; x_wconf 54' lang='lat' dir='ltr'><strong>pecunia,</strong></span> 
     </span>
    </p>
   </div>
   <div class='ocr_carea' id='block_1_92' title="bbox 556 4666 2144 4733">
    <p class='ocr_par' dir='ltr' id='par_1_92' title="bbox 556 4666 2144 4733">
     <span class='ocr_line' id='line_1_92' title="bbox 556 4666 2144 4733; baseline 0.004 -10"><span class='ocrx_word' id='word_1_712' title='bbox 556 4666 754 4723; x_wconf 79' lang='lat' dir='ltr'><strong>deliula</strong></span> <span class='ocrx_word' id='word_1_713' title='bbox 788 4681 892 4721; x_wconf 91' lang='lat' dir='ltr'><strong>non</strong></span> <span class='ocrx_word' id='word_1_714' title='bbox 925 4669 1275 4733; x_wconf 78' lang='lat' dir='ltr'><strong>erubescunt,</strong></span> <span class='ocrx_word' id='word_1_715' title='bbox 1308 4670 1630 4726; x_wconf 68' lang='lat' dir='ltr'><strong>erubescant</strong></span> <span class='ocrx_word' id='word_1_716' title='bbox 1664 4672 1750 4726; x_wconf 92' lang='lat' dir='ltr'><strong>vel</strong></span> <span class='ocrx_word' id='word_1_717' title='bbox 1784 4677 2002 4728; x_wconf 87' lang='lat' dir='ltr'><strong>nomina</strong></span> <span class='ocrx_word' id='word_1_718' title='bbox 2048 4673 2144 4730; x_wconf 81' lang='lat' dir='ltr'><strong>de-</strong></span> 
     </span>
    </p>
   </div>
   <div class='ocr_carea' id='block_1_93' title="bbox 553 4761 2142 4835">
    <p class='ocr_par' dir='ltr' id='par_1_93' title="bbox 553 4761 2142 4835">
     <span class='ocr_line' id='line_1_93' title="bbox 553 4761 2142 4835; baseline 0.003 -17"><span class='ocrx_word' id='word_1_719' title='bbox 553 4764 829 4818; x_wconf 89' lang='lat' dir='ltr'><strong>lictorum.</strong></span> <span class='ocrx_word' id='word_1_720' title='bbox 885 4761 1096 4832; x_wconf 77' lang='lat' dir='ltr'><strong>Eritque</strong></span> <span class='ocrx_word' id='word_1_721' title='bbox 1135 4761 1334 4833; x_wconf 81' lang='lat' dir='ltr'><strong>Tyrus,</strong></span> <span class='ocrx_word' id='word_1_722' title='bbox 1369 4764 1574 4835; x_wconf 88' lang='lat' dir='ltr'><strong>inquit,</strong></span> <span class='ocrx_word' id='word_1_723' title='bbox 1609 4777 1661 4819; x_wconf 88' lang='lat' dir='ltr'><strong>ut</strong></span> <span class='ocrx_word' id='word_1_724' title='bbox 1692 4768 1947 4820; x_wconf 86' lang='lat' dir='ltr'><strong>canticum</strong></span> <span class='ocrx_word' id='word_1_725' title='bbox 1977 4785 2142 4823; x_wconf 85' lang='lat' dir='ltr'><strong>mere-</strong></span> 
     </span>
    </p>
   </div>
   <div class='ocr_carea' id='block_1_94' title="bbox 552 4854 2144 4926">
    <p class='ocr_par' dir='ltr' id='par_1_94' title="bbox 552 4854 2144 4926">
     <span class='ocr_line' id='line_1_94' title="bbox 552 4854 2144 4926; baseline 0.006 -17"><span class='ocrx_word' id='word_1_726' title='bbox 552 4856 715 4910; x_wconf 87' lang='lat' dir='ltr'><strong>tricis.</strong></span> <span class='ocrx_word' id='word_1_727' title='bbox 753 4854 890 4910; x_wconf 85' lang='lat' dir='ltr'><strong>Vide</strong></span> <span class='ocrx_word' id='word_1_728' title='bbox 917 4870 984 4910; x_wconf 91' lang='lat' dir='ltr'><strong>ne</strong></span> <span class='ocrx_word' id='word_1_729' title='bbox 1009 4870 1130 4909; x_wconf 87' lang='lat' dir='ltr'><strong>cum</strong></span> <span class='ocrx_word' id='word_1_730' title='bbox 1156 4855 1350 4926; x_wconf 89' lang='lat' dir='ltr'><strong>aliquis</strong></span> <span class='ocrx_word' id='word_1_731' title='bbox 1377 4858 1498 4913; x_wconf 80' lang='lat' dir='ltr'><strong>illos</strong></span> <span class='ocrx_word' id='word_1_732' title='bbox 1523 4858 1719 4916; x_wconf 90' lang='lat' dir='ltr'><strong>choros</strong></span> <span class='ocrx_word' id='word_1_733' title='bbox 1743 4860 1768 4898; x_wconf 73' lang='grc' dir='ltr'>δ</span> <span class='ocrx_word' id='word_1_734' title='bbox 1800 4862 1998 4918; x_wconf 88' lang='lat' dir='ltr'><strong>viderit</strong></span> <span class='ocrx_word' id='word_1_735' title='bbox 2031 4873 2144 4918; x_wconf 88' lang='lat' dir='ltr'><strong>tur-</strong></span> 
     </span>
    </p>
   </div>
   <div class='ocr_carea' id='block_1_95' title="bbox 557 4941 2142 5026">
    <p class='ocr_par' dir='ltr' id='par_1_95' title="bbox 557 4941 2142 5026">
     <span class='ocr_line' id='line_1_95' title="bbox 557 4941 2142 5026; baseline 0.007 -21"><span class='ocrx_word' id='word_1_736' title='bbox 557 4951 644 5020; x_wconf 89' lang='lat' dir='ltr'><strong>pia</strong></span> <span class='ocrx_word' id='word_1_737' title='bbox 674 4941 840 5006; x_wconf 89' lang='lat' dir='ltr'><strong>verba</strong></span> <span class='ocrx_word' id='word_1_738' title='bbox 883 4959 1128 5015; x_wconf 81' lang='lat' dir='ltr'><strong>cantare,</strong></span> <span class='ocrx_word' id='word_1_739' title='bbox 1172 4947 1518 5007; x_wconf 84' lang='lat' dir='ltr'><strong>dicat:Ecce</strong></span> <span class='ocrx_word' id='word_1_740' title='bbox 1546 4953 1723 5026; x_wconf 82' lang='lat' dir='ltr'><strong>Tyrus</strong></span> <span class='ocrx_word' id='word_1_741' title='bbox 1771 4943 1907 5012; x_wconf 78' lang='lat' dir='ltr'><strong>iacta</strong></span> <span class='ocrx_word' id='word_1_742' title='bbox 1954 4968 2039 5014; x_wconf 90' lang='lat' dir='ltr'><strong>est</strong></span> <span class='ocrx_word' id='word_1_743' title='bbox 2084 4969 2142 5016; x_wconf 92' lang='lat' dir='ltr'><strong>ut</strong></span> 
     </span>
    </p>
   </div>
   <div class='ocr_carea' id='block_1_96' title="bbox 622 5099 2135 5176">
    <p class='ocr_par' dir='ltr' id='par_1_96' title="bbox 622 5099 2135 5176">
     <span class='ocr_line' id='line_1_96' title="bbox 622 5099 2135 5176; baseline 0.009 -25"><span class='ocrx_word' id='word_1_744' title='bbox 622 5110 650 5139; x_wconf 66' lang='grc' dir='ltr'><strong>α</strong></span> <span class='ocrx_word' id='word_1_745' title='bbox 691 5100 834 5176; x_wconf 55' lang='grc' dir='ltr'><strong>μὴ.</strong></span> <span class='ocrx_word' id='word_1_746' title='bbox 882 5110 1018 5164; x_wconf 77' lang='lat' dir='ltr'><strong>vet.,</strong></span> <span class='ocrx_word' id='word_1_747' title='bbox 1053 5099 1349 5176; x_wconf 62' lang='lat' dir='ltr'><strong>Iustitiaque</strong></span> <span class='ocrx_word' id='word_1_748' title='bbox 1373 5102 1582 5176; x_wconf 67' lang='lat' dir='ltr'><strong>repletae</strong></span> <span class='ocrx_word' id='word_1_749' title='bbox 1637 5117 1763 5172; x_wconf 85' lang='lat' dir='ltr'><strong>potu</strong></span> <span class='ocrx_word' id='word_1_750' title='bbox 1805 5108 2135 5176; x_wconf 79' lang='lat' dir='ltr'><strong>inhabitant,</strong></span> 
     </span>
    </p>
   </div>
   <div class='ocr_carea' id='block_1_97' title="bbox 551 5171 2140 5253">
    <p class='ocr_par' dir='ltr' id='par_1_97' title="bbox 551 5171 2140 5253">
     <span class='ocr_line' id='line_1_97' title="bbox 551 5171 2140 5253; baseline 0.005 -25"><span class='ocrx_word' id='word_1_751' title='bbox 551 5185 668 5253; x_wconf 30' lang='lat' dir='ltr'><strong>etc:</strong></span> <span class='ocrx_word' id='word_1_752' title='bbox 692 5171 851 5226; x_wconf 80' lang='lat' dir='ltr'><strong>Rom.</strong></span> <span class='ocrx_word' id='word_1_753' title='bbox 879 5185 1000 5227; x_wconf 91' lang='lat' dir='ltr'><strong>cum</strong></span> <span class='ocrx_word' id='word_1_754' title='bbox 1029 5188 1140 5253; x_wconf 87' lang='lat' dir='ltr'><strong>uno</strong></span> <span class='ocrx_word' id='word_1_755' title='bbox 1167 5172 1298 5253; x_wconf 72' lang='lat' dir='ltr'><strong>Vat_._</strong></span> <span class='ocrx_word' id='word_1_756' title='bbox 1316 5175 1466 5237; x_wconf 68' lang='lat' dir='ltr'><strong>cod.,</strong></span> <span class='ocrx_word' id='word_1_757' title='bbox 1487 5172 1551 5228; x_wconf 88' lang='lat' dir='ltr'><strong>In</strong></span> <span class='ocrx_word' id='word_1_758' title='bbox 1581 5171 1781 5253; x_wconf 80' lang='lat' dir='ltr'><strong>insulas</strong></span> <span class='ocrx_word' id='word_1_759' title='bbox 1803 5182 1994 5253; x_wconf 64' lang='lat' dir='ltr'><strong>repleto</strong></span> <span class='ocrx_word' id='word_1_760' title='bbox 2016 5171 2140 5253; x_wconf 77' lang='lat' dir='ltr'><strong>potu</strong></span> 
     </span>
    </p>
   </div>
   <div class='ocr_carea' id='block_1_98' title="bbox 551 5244 2143 5314">
    <p class='ocr_par' dir='ltr' id='par_1_98' title="bbox 551 5244 2143 5314">
     <span class='ocr_line' id='line_1_98' title="bbox 551 5244 2143 5314; baseline 0.009 -22"><span class='ocrx_word' id='word_1_761' title='bbox 551 5245 794 5314; x_wconf 79' lang='lat' dir='ltr'><strong>nariganl</strong></span> <span class='ocrx_word' id='word_1_762' title='bbox 823 5259 1063 5314; x_wconf 77' lang='lat' dir='ltr'><strong>corpora.</strong></span> <span class='ocrx_word' id='word_1_763' title='bbox 1093 5251 1199 5298; x_wconf 84' lang='lat' dir='ltr'><strong>etc.</strong></span> <span class='ocrx_word' id='word_1_764' title='bbox 1254 5244 1382 5298; x_wconf 81' lang='lat' dir='ltr'><strong>Mss.</strong></span> <span class='ocrx_word' id='word_1_765' title='bbox 1408 5261 1538 5299; x_wconf 80' lang='lat' dir='ltr'><strong>vero</strong></span> <span class='ocrx_word' id='word_1_766' title='bbox 1567 5250 1780 5313; x_wconf 73' lang='lat' dir='ltr'><strong>partim,</strong></span> <span class='ocrx_word' id='word_1_767' title='bbox 1816 5244 2026 5306; x_wconf 55' lang='lat' dir='ltr'><strong>Insulae</strong></span> <span class='ocrx_word' id='word_1_768' title='bbox 2062 5270 2143 5307; x_wconf 83' lang='lat' dir='ltr'><strong>re-</strong></span> 
     </span>
    </p>
   </div>
   <div class='ocr_carea' id='block_1_99' title="bbox 549 5312 2144 5388">
    <p class='ocr_par' dir='ltr' id='par_1_99' title="bbox 549 5312 2144 5388">
     <span class='ocr_line' id='line_1_99' title="bbox 549 5312 2144 5388; baseline 0.004 -17"><span class='ocrx_word' id='word_1_769' title='bbox 549 5312 712 5388; x_wconf 74' lang='lat' dir='ltr'><strong>pletas</strong></span> <span class='ocrx_word' id='word_1_770' title='bbox 751 5312 1285 5384; x_wconf 83' lang='lat' dir='ltr'><strong>potuiuhabitabant,</strong></span> <span class='ocrx_word' id='word_1_771' title='bbox 1313 5317 1524 5388; x_wconf 78' lang='lat' dir='ltr'><strong>partim</strong></span> <span class='ocrx_word' id='word_1_772' title='bbox 1570 5312 1883 5384; x_wconf 13' lang='lat' dir='ltr'><strong>inobiscum,</strong></span> <span class='ocrx_word' id='word_1_773' title='bbox 1936 5322 2144 5380; x_wconf 83' lang='lat' dir='ltr'><strong>Insulas</strong></span> 
     </span>
    </p>
   </div>
   <div class='ocr_carea' id='block_1_100' title="bbox 548 5386 2137 5457">
    <p class='ocr_par' dir='ltr' id='par_1_100' title="bbox 548 5386 2137 5457">
     <span class='ocr_line' id='line_1_100' title="bbox 548 5386 2137 5457; baseline 0.006 -20"><span class='ocrx_word' id='word_1_774' title='bbox 548 5386 740 5457; x_wconf 73' lang='lat' dir='ltr'><strong>repleta</strong></span> <span class='ocrx_word' id='word_1_775' title='bbox 774 5397 917 5451; x_wconf 84' lang='lat' dir='ltr'><strong>potu.</strong></span> <span class='ocrx_word' id='word_1_776' title='bbox 947 5396 1052 5457; x_wconf 82' lang='lat' dir='ltr'><strong>etc.</strong></span> <span class='ocrx_word' id='word_1_777' title='bbox 1089 5389 1264 5452; x_wconf 76' lang='lat' dir='ltr'><strong>Aliqui</strong></span> <span class='ocrx_word' id='word_1_778' title='bbox 1294 5386 1512 5442; x_wconf 81' lang='lat' dir='ltr'><strong>demunt</strong></span> <span class='ocrx_word' id='word_1_779' title='bbox 1543 5389 1636 5442; x_wconf 83' lang='lat' dir='ltr'><strong>sed</strong></span> <span class='ocrx_word' id='word_1_780' title='bbox 1662 5388 1936 5447; x_wconf 78' lang='lat' dir='ltr'><strong>inferioris</strong></span> <span class='ocrx_word' id='word_1_781' title='bbox 1961 5405 2098 5448; x_wconf 64' lang='lat' dir='ltr'><strong>nota!</strong></span> <span class='ocrx_word' id='word_1_782' title='bbox 2126 5413 2137 5447; x_wconf 95' lang='lat'>:</span> 
     </span>
    </p>
   </div>
   <div class='ocr_carea' id='block_1_101' title="bbox 552 5456 1671 5528">
    <p class='ocr_par' dir='ltr' id='par_1_101' title="bbox 552 5456 1671 5528">
     <span class='ocr_line' id='line_1_101' title="bbox 552 5456 1671 5528; baseline 0.004 -19"><span class='ocrx_word' id='word_1_783' title='bbox 552 5456 747 5528; x_wconf 68' lang='lat' dir='ltr'><strong>Insulae</strong></span> <span class='ocrx_word' id='word_1_784' title='bbox 767 5470 880 5523; x_wconf 69' lang='lat' dir='ltr'><strong>quia</strong></span> <span class='ocrx_word' id='word_1_785' title='bbox 907 5456 1115 5528; x_wconf 75' lang='lat' dir='ltr'><strong>repletce</strong></span> <span class='ocrx_word' id='word_1_786' title='bbox 1146 5471 1268 5528; x_wconf 85' lang='lat' dir='ltr'><strong>potu</strong></span> <span class='ocrx_word' id='word_1_787' title='bbox 1299 5459 1536 5523; x_wconf 86' lang='lat' dir='ltr'><strong>invitant,</strong></span> <span class='ocrx_word' id='word_1_788' title='bbox 1564 5469 1671 5522; x_wconf 77' lang='lat' dir='ltr'><strong>etc.</strong></span> 
     </span>
    </p>
   </div>
   <div class='ocr_carea' id='block_1_102' title="bbox 623 5525 2136 5599">
    <p class='ocr_par' dir='ltr' id='par_1_102' title="bbox 623 5525 2136 5599">
     <span class='ocr_line' id='line_1_102' title="bbox 623 5525 2136 5599; baseline 0.007 -20"><span class='ocrx_word' id='word_1_789' title='bbox 623 5527 648 5564; x_wconf 67' lang='grc' dir='ltr'>ι)</span> <span class='ocrx_word' id='word_1_790' title='bbox 688 5525 889 5580; x_wconf 88' lang='lat' dir='ltr'><strong>Omnes</strong></span> <span class='ocrx_word' id='word_1_791' title='bbox 933 5525 1092 5599; x_wconf 78' lang='lat' dir='ltr'><strong>edil.,</strong></span> <span class='ocrx_word' id='word_1_792' title='bbox 1136 5525 1315 5583; x_wconf 76' lang='lat' dir='ltr'><strong>uiderit</strong></span> <span class='ocrx_word' id='word_1_793' title='bbox 1359 5532 1443 5596; x_wconf 88' lang='lat' dir='ltr'><strong>pia</strong></span> <span class='ocrx_word' id='word_1_794' title='bbox 1495 5531 1652 5591; x_wconf 76' lang='lat' dir='ltr'><strong>verba</strong></span> <span class='ocrx_word' id='word_1_795' title='bbox 1701 5541 1944 5599; x_wconf 86' lang='lat' dir='ltr'><strong>cantare,</strong></span> <span class='ocrx_word' id='word_1_796' title='bbox 1978 5535 2136 5590; x_wconf 87' lang='lat' dir='ltr'><strong>dicat.</strong></span> 
     </span>
    </p>
   </div>
   <div class='ocr_carea' id='block_1_103' title="bbox 555 5596 2138 5670">
    <p class='ocr_par' dir='ltr' id='par_1_103' title="bbox 555 5596 2138 5670">
     <span class='ocr_line' id='line_1_103' title="bbox 555 5596 2138 5670; baseline 0.006 -18"><span class='ocrx_word' id='word_1_797' title='bbox 555 5599 666 5652; x_wconf 87' lang='lat' dir='ltr'><strong>Duo</strong></span> <span class='ocrx_word' id='word_1_798' title='bbox 689 5596 1079 5670; x_wconf 13' lang='lat' dir='ltr'><strong>mss.,ividerit.</strong></span> <span class='ocrx_word' id='word_1_799' title='bbox 1111 5600 1248 5654; x_wconf 83' lang='lat' dir='ltr'><strong>dicat</strong></span> <span class='ocrx_word' id='word_1_800' title='bbox 1289 5602 1376 5670; x_wconf 80' lang='lat' dir='ltr'><strong>pia</strong></span> <span class='ocrx_word' id='word_1_801' title='bbox 1402 5603 1552 5658; x_wconf 82' lang='lat' dir='ltr'><strong>verba</strong></span> <span class='ocrx_word' id='word_1_802' title='bbox 1579 5606 1797 5658; x_wconf 84' lang='lat' dir='ltr'><strong>cantari.</strong></span> <span class='ocrx_word' id='word_1_803' title='bbox 1832 5596 2020 5660; x_wconf 77' lang='lat' dir='ltr'><strong>Melius</strong></span> <span class='ocrx_word' id='word_1_804' title='bbox 2047 5607 2138 5661; x_wconf 85' lang='lat' dir='ltr'><strong>alii</strong></span> 
     </span>
    </p>
   </div>
   <div class='ocr_carea' id='block_1_104' title="bbox 547 5669 1447 5740">
    <p class='ocr_par' dir='ltr' id='par_1_104' title="bbox 547 5669 1447 5740">
     <span class='ocr_line' id='line_1_104' title="bbox 547 5669 1447 5740; baseline 0.032 -29"><span class='ocrx_word' id='word_1_805' title='bbox 547 5669 875 5740; x_wconf 75' lang='lat' dir='ltr'><strong>qunS_SeCuli</strong></span> <span class='ocrx_word' id='word_1_806' title='bbox 902 5684 1108 5723; x_wconf 88' lang='lat' dir='ltr'><strong>sumus.</strong></span> <span class='ocrx_word' id='word_1_807' title='bbox 1199 5725 1206 5740; x_wconf 82' lang='lat'><strong>._</strong></span> <span class='ocrx_word' id='word_1_808' title='bbox 1293 5669 1298 5670; x_wconf 16' lang='grc' dir='ltr'><em>ν</em></span> <span class='ocrx_word' id='word_1_809' title='bbox 1443 5733 1447 5740; x_wconf 93' lang='grc'>.</span> 
     </span>
    </p>
   </div>
   <div class='ocr_carea' id='block_1_105' title="bbox 625 5737 2135 5811">
    <p class='ocr_par' dir='ltr' id='par_1_105' title="bbox 625 5737 2135 5811">
     <span class='ocr_line' id='line_1_105' title="bbox 625 5737 2135 5811; baseline 0.009 -22"><span class='ocrx_word' id='word_1_810' title='bbox 625 5751 660 5780; x_wconf 75' lang='grc' dir='ltr'><strong>ε.</strong></span> <span class='ocrx_word' id='word_1_811' title='bbox 691 5737 765 5790; x_wconf 86' lang='lat' dir='ltr'><strong>Ita</strong></span> <span class='ocrx_word' id='word_1_812' title='bbox 793 5753 921 5792; x_wconf 88' lang='lat' dir='ltr'><strong>mss.</strong></span> <span class='ocrx_word' id='word_1_813' title='bbox 945 5748 1105 5809; x_wconf 87' lang='lat' dir='ltr'><strong>atque</strong></span> <span class='ocrx_word' id='word_1_814' title='bbox 1130 5738 1260 5797; x_wconf 88' lang='lat' dir='ltr'><strong>edit.</strong></span> <span class='ocrx_word' id='word_1_815' title='bbox 1312 5737 1520 5811; x_wconf 87' lang='lat' dir='ltr'><strong>omnes,</strong></span> <span class='ocrx_word' id='word_1_816' title='bbox 1572 5757 1795 5811; x_wconf 82' lang='lat' dir='ltr'><strong>excepta</strong></span> <span class='ocrx_word' id='word_1_817' title='bbox 1836 5745 1991 5801; x_wconf 75' lang='lat' dir='ltr'><strong>Rom.</strong></span> <span class='ocrx_word' id='word_1_818' title='bbox 2047 5747 2135 5802; x_wconf 88' lang='lat' dir='ltr'><strong>ubi</strong></span> 
     </span>
    </p>
   </div>
   <div class='ocr_carea' id='block_1_106' title="bbox 548 5811 2133 5896">
    <p class='ocr_par' dir='ltr' id='par_1_106' title="bbox 548 5811 2133 5896">
     <span class='ocr_line' id='line_1_106' title="bbox 548 5811 2133 5896; baseline 0.015 -39"><span class='ocrx_word' id='word_1_819' title='bbox 548 5811 763 5882; x_wconf 76' lang='lat' dir='ltr'><strong>legitur,</strong></span> <span class='ocrx_word' id='word_1_820' title='bbox 791 5816 836 5860; x_wconf 90' lang='lat' dir='ltr'><strong>et</strong></span> <span class='ocrx_word' id='word_1_821' title='bbox 865 5824 1047 5882; x_wconf 83' lang='lat' dir='ltr'><strong>vagare</strong></span> <span class='ocrx_word' id='word_1_822' title='bbox 1073 5813 1328 5871; x_wconf 51' lang='lat' dir='ltr'><strong>caritatem</strong></span> <span class='ocrx_word' id='word_1_823' title='bbox 1348 5816 1799 5892; x_wconf 50' lang='lat' dir='ltr'><strong>meretrimLXX,</strong></span> <span class='ocrx_word' id='word_1_824' title='bbox 1827 5820 2133 5896; x_wconf 78' lang='grc' dir='ltr'><strong>ῥέμϐενσον,</strong></span> 
     </span>
    </p>
   </div>
   <div class='ocr_carea' id='block_1_107' title="bbox 2253 4681 3840 4776">
    <p class='ocr_par' dir='ltr' id='par_1_107' title="bbox 2253 4681 3840 4754">
     <span class='ocr_line' id='line_1_107' title="bbox 2253 4681 3840 4754; baseline -0.004 -16"><span class='ocrx_word' id='word_1_825' title='bbox 2253 4683 2350 4740; x_wconf 89' lang='lat' dir='ltr'><strong>sed</strong></span> <span class='ocrx_word' id='word_1_826' title='bbox 2384 4684 2621 4754; x_wconf 85' lang='lat' dir='ltr'><strong>pretiosa</strong></span> <span class='ocrx_word' id='word_1_827' title='bbox 2651 4693 2734 4740; x_wconf 90' lang='lat' dir='ltr'><strong>est</strong></span> <span class='ocrx_word' id='word_1_828' title='bbox 2763 4684 3161 4740; x_wconf 89' lang='lat' dir='ltr'><strong>misericordia.</strong></span> <span class='ocrx_word' id='word_1_829' title='bbox 3198 4682 3561 4754; x_wconf 74' lang='lat' dir='ltr'><strong>Eleemosgna,</strong></span> <span class='ocrx_word' id='word_1_830' title='bbox 3593 4681 3780 4751; x_wconf 85' lang='lat' dir='ltr'><strong>inquit,</strong></span> <span class='ocrx_word' id='word_1_831' title='bbox 3811 4695 3840 4732; x_wconf 88' lang='lat' dir='ltr'><strong>a</strong></span> 
     </span>
    </p>
   </div>
   <div class='ocr_carea' id='block_1_108' title="bbox 2251 4773 3839 4848">
    <p class='ocr_par' dir='ltr' id='par_1_108' title="bbox 2251 4773 3839 4848">
     <span class='ocr_line' id='line_1_108' title="bbox 2251 4773 3839 4848; baseline -0.005 -16"><span class='ocrx_word' id='word_1_832' title='bbox 2251 4786 2459 4846; x_wconf 84' lang='lat' dir='ltr'><strong>peccato</strong></span> <span class='ocrx_word' id='word_1_833' title='bbox 2489 4778 2664 4832; x_wconf 88' lang='lat' dir='ltr'><strong>liberat</strong></span> <span class='ocrx_word' id='word_1_834' title='bbox 2695 4777 2860 4848; x_wconf 84' lang='lat' dir='ltr'><strong>(Tob.</strong></span> <span class='ocrx_word' id='word_1_835' title='bbox 2893 4793 2992 4843; x_wconf 83' lang='lat' dir='ltr'><strong>xtl,</strong></span> <span class='ocrx_word' id='word_1_836' title='bbox 3025 4775 3105 4848; x_wconf 91' lang='lat'><strong>9).</strong></span> <span class='ocrx_word' id='word_1_837' title='bbox 3140 4776 3208 4831; x_wconf 84' lang='lat' dir='ltr'><strong>Et</strong></span> <span class='ocrx_word' id='word_1_838' title='bbox 3249 4773 3376 4831; x_wconf 80' lang='lat' dir='ltr'><strong>alibi</strong></span> <span class='ocrx_word' id='word_1_839' title='bbox 3423 4775 3551 4829; x_wconf 88' lang='lat' dir='ltr'><strong>dicit</strong></span> <span class='ocrx_word' id='word_1_840' title='bbox 3580 4793 3593 4828; x_wconf 91' lang='lat'>:</span> <span class='ocrx_word' id='word_1_841' title='bbox 3629 4773 3839 4828; x_wconf 58' lang='lat' dir='ltr'><strong>Rcdcm.</strong></span> 
     </span>
    </p>
   </div>
   <div class='ocr_carea' id='block_1_109' title="bbox 2207 4868 3840 4946">
    <p class='ocr_par' dir='ltr' id='par_1_109' title="bbox 2207 4868 3840 4946">
     <span class='ocr_line' id='line_1_109' title="bbox 2207 4868 3840 4946; baseline -0.002 -22"><span class='ocrx_word' id='word_1_842' title='bbox 2207 4873 2358 4942; x_wconf 56' lang='lat' dir='ltr'><strong>“ptio</strong></span> <span class='ocrx_word' id='word_1_843' title='bbox 2389 4872 2517 4936; x_wconf 83' lang='lat' dir='ltr'><strong>viri,</strong></span> <span class='ocrx_word' id='word_1_844' title='bbox 2543 4872 2736 4927; x_wconf 79' lang='lat' dir='ltr'><strong>divitia:</strong></span> <span class='ocrx_word' id='word_1_845' title='bbox 2759 4875 2872 4944; x_wconf 88' lang='lat' dir='ltr'><strong>ejus</strong></span> <span class='ocrx_word' id='word_1_846' title='bbox 2901 4871 3084 4946; x_wconf 81' lang='lat' dir='ltr'><strong>(Prov.</strong></span> <span class='ocrx_word' id='word_1_847' title='bbox 3119 4886 3239 4935; x_wconf 85' lang='lat' dir='ltr'><strong>xm,</strong></span> <span class='ocrx_word' id='word_1_848' title='bbox 3268 4869 3344 4934; x_wconf 84' lang='lat'><strong>8).</strong></span> <span class='ocrx_word' id='word_1_849' title='bbox 3375 4870 3440 4924; x_wconf 87' lang='lat' dir='ltr'><strong>Et</strong></span> <span class='ocrx_word' id='word_1_850' title='bbox 3462 4870 3515 4924; x_wconf 90' lang='lat' dir='ltr'><strong>in</strong></span> <span class='ocrx_word' id='word_1_851' title='bbox 3550 4868 3840 4939; x_wconf 80' lang='lat' dir='ltr'><strong>Evangelio</strong></span> 
     </span>
    </p>
   </div>
   <div class='ocr_carea' id='block_1_110' title="bbox 2250 4963 3840 5020">
    <p class='ocr_par' dir='ltr' id='par_1_110' title="bbox 2250 4963 3840 5020">
     <span class='ocr_line' id='line_1_110' title="bbox 2250 4963 3840 5020; baseline -0.003 -2"><span class='ocrx_word' id='word_1_852' title='bbox 2250 4963 2512 5020; x_wconf 85' lang='lat' dir='ltr'><strong>Dominus</strong></span> <span class='ocrx_word' id='word_1_853' title='bbox 2558 4965 2687 5020; x_wconf 88' lang='lat' dir='ltr'><strong>dicit</strong></span> <span class='ocrx_word' id='word_1_854' title='bbox 2732 4983 2745 5020; x_wconf 94' lang='lat'>:</span> <span class='ocrx_word' id='word_1_855' title='bbox 2789 4963 2962 5020; x_wconf 82' lang='lat' dir='ltr'><strong>Facite</strong></span> <span class='ocrx_word' id='word_1_856' title='bbox 3009 4965 3150 5019; x_wconf 84' lang='lat' dir='ltr'><strong>vobis</strong></span> <span class='ocrx_word' id='word_1_857' title='bbox 3191 4964 3384 5018; x_wconf 87' lang='lat' dir='ltr'><strong>amicos</strong></span> <span class='ocrx_word' id='word_1_858' title='bbox 3437 4968 3502 5019; x_wconf 88' lang='lat' dir='ltr'><strong>de</strong></span> <span class='ocrx_word' id='word_1_859' title='bbox 3556 4977 3840 5018; x_wconf 84' lang='lat' dir='ltr'><strong>ntammona</strong></span> 
     </span>
    </p>
   </div>
   <div class='ocr_carea' id='block_1_111' title="bbox 2248 5111 3838 5193">
    <p class='ocr_par' dir='ltr' id='par_1_111' title="bbox 2248 5111 3838 5193">
     <span class='ocr_line' id='line_1_111' title="bbox 2248 5111 3838 5193; baseline -0.004 -21"><span class='ocrx_word' id='word_1_860' title='bbox 2248 5117 2395 5193; x_wconf 57' lang='grc' dir='ltr'><strong>πᾲλις</strong></span> <span class='ocrx_word' id='word_1_861' title='bbox 2443 5116 2632 5193; x_wconf 55' lang='grc' dir='ltr'><strong>πόρνῃ.</strong></span> <span class='ocrx_word' id='word_1_862' title='bbox 2685 5113 2943 5181; x_wconf 76' lang='lat' dir='ltr'><strong>Qumtlam</strong></span> <span class='ocrx_word' id='word_1_863' title='bbox 3007 5121 3187 5168; x_wconf 80' lang='lat' dir='ltr'><strong>tamen</strong></span> <span class='ocrx_word' id='word_1_864' title='bbox 3241 5112 3578 5193; x_wconf 76' lang='lat' dir='ltr'><strong>exemplaria</strong></span> <span class='ocrx_word' id='word_1_865' title='bbox 3647 5111 3838 5193; x_wconf 80' lang='lat' dir='ltr'><strong>habent</strong></span> 
     </span>
    </p>
   </div>
   <div class='ocr_carea' id='block_1_112' title="bbox 2249 5183 3836 5259">
    <p class='ocr_par' dir='ltr' id='par_1_112' title="bbox 2249 5183 3836 5259">
     <span class='ocr_line' id='line_1_112' title="bbox 2249 5183 3836 5259; baseline -0.003 -19"><span class='ocrx_word' id='word_1_866' title='bbox 2249 5187 2413 5250; x_wconf 82' lang='grc' dir='ltr'><strong>πόλιν,</strong></span> <span class='ocrx_word' id='word_1_867' title='bbox 2447 5183 2895 5259; x_wconf 66' lang='lat' dir='ltr'><strong>et&#39;llieroiiymus</strong></span> <span class='ocrx_word' id='word_1_868' title='bbox 2925 5193 3209 5259; x_wconf 60' lang='lat' dir='ltr'><strong>utramque</strong></span> <span class='ocrx_word' id='word_1_869' title='bbox 3241 5185 3530 5238; x_wconf 76' lang='lat' dir='ltr'><strong>lcetioiiem</strong></span> <span class='ocrx_word' id='word_1_870' title='bbox 3561 5183 3836 5259; x_wconf 71' lang='lat' dir='ltr'><strong>amplexus</strong></span> 
     </span>
    </p>
   </div>
   <div class='ocr_carea' id='block_1_113' title="bbox 2249 5255 3835 5326">
    <p class='ocr_par' dir='ltr' id='par_1_113' title="bbox 2249 5255 3835 5326">
     <span class='ocr_line' id='line_1_113' title="bbox 2249 5255 3835 5326; baseline -0.003 -15"><span class='ocrx_word' id='word_1_871' title='bbox 2249 5265 2352 5311; x_wconf 86' lang='lat' dir='ltr'><strong>est.</strong></span> <span class='ocrx_word' id='word_1_872' title='bbox 2389 5259 2590 5314; x_wconf 80' lang='lat' dir='ltr'><strong>ibidem</strong></span> <span class='ocrx_word' id='word_1_873' title='bbox 2623 5255 2756 5314; x_wconf 54' lang='lat' dir='ltr'><strong>mss;</strong></span> <span class='ocrx_word' id='word_1_874' title='bbox 2787 5260 2913 5324; x_wconf 85' lang='lat' dir='ltr'><strong>duo,</strong></span> <span class='ocrx_word' id='word_1_875' title='bbox 2947 5256 3015 5311; x_wconf 89' lang='lat' dir='ltr'><strong>Et</strong></span> <span class='ocrx_word' id='word_1_876' title='bbox 3040 5259 3136 5310; x_wconf 90' lang='lat' dir='ltr'><strong>erit</strong></span> <span class='ocrx_word' id='word_1_877' title='bbox 3158 5265 3269 5326; x_wconf 86' lang='lat' dir='ltr'><strong>post</strong></span> <span class='ocrx_word' id='word_1_878' title='bbox 3302 5265 3498 5308; x_wconf 83' lang='lat' dir='ltr'><strong>centum</strong></span> <span class='ocrx_word' id='word_1_879' title='bbox 3523 5255 3835 5322; x_wconf 79' lang='lat' dir='ltr'><strong>septuaginta</strong></span> 
     </span>
    </p>
   </div>
   <div class='ocr_carea' id='block_1_114' title="bbox 2251 5327 3832 5395">
    <p class='ocr_par' dir='ltr' id='par_1_114' title="bbox 2251 5327 3832 5395">
     <span class='ocr_line' id='line_1_114' title="bbox 2251 5327 3832 5395; baseline -0.001 -17"><span class='ocrx_word' id='word_1_880' title='bbox 2251 5344 2436 5382; x_wconf 86' lang='lat' dir='ltr'><strong>annos.</strong></span> <span class='ocrx_word' id='word_1_881' title='bbox 2489 5331 2590 5383; x_wconf 87' lang='lat' dir='ltr'><strong>Alii</strong></span> <span class='ocrx_word' id='word_1_882' title='bbox 2646 5341 2701 5383; x_wconf 85' lang='lat' dir='ltr'><strong>et</strong></span> <span class='ocrx_word' id='word_1_883' title='bbox 2744 5329 2878 5384; x_wconf 78' lang='lat' dir='ltr'><strong>edit.</strong></span> <span class='ocrx_word' id='word_1_884' title='bbox 2931 5327 2998 5381; x_wconf 87' lang='lat' dir='ltr'><strong>Et</strong></span> <span class='ocrx_word' id='word_1_885' title='bbox 3030 5329 3124 5382; x_wconf 86' lang='lat' dir='ltr'><strong>erit</strong></span> <span class='ocrx_word' id='word_1_886' title='bbox 3155 5338 3268 5394; x_wconf 86' lang='lat' dir='ltr'><strong>post</strong></span> <span class='ocrx_word' id='word_1_887' title='bbox 3295 5327 3616 5395; x_wconf 85' lang='lat' dir='ltr'><strong>septuaginta</strong></span> <span class='ocrx_word' id='word_1_888' title='bbox 3640 5341 3832 5390; x_wconf 87' lang='lat' dir='ltr'><strong>annos;</strong></span> 
     </span>
    </p>
   </div>
   <div class='ocr_carea' id='block_1_115' title="bbox 2250 5396 3828 5467">
    <p class='ocr_par' dir='ltr' id='par_1_115' title="bbox 2250 5396 3828 5467">
     <span class='ocr_line' id='line_1_115' title="bbox 2250 5396 3828 5467; baseline 0 -18"><span class='ocrx_word' id='word_1_889' title='bbox 2250 5399 2393 5466; x_wconf 89' lang='lat' dir='ltr'><strong>quod</strong></span> <span class='ocrx_word' id='word_1_890' title='bbox 2421 5415 2542 5455; x_wconf 87' lang='lat' dir='ltr'><strong>cum</strong></span> <span class='ocrx_word' id='word_1_891' title='bbox 2568 5399 2733 5454; x_wconf 79' lang='lat' dir='ltr'><strong>LXX.</strong></span> <span class='ocrx_word' id='word_1_892' title='bbox 2761 5401 2992 5467; x_wconf 78' lang='lat' dir='ltr'><strong>lutei-pr.</strong></span> <span class='ocrx_word' id='word_1_893' title='bbox 3019 5412 3081 5454; x_wconf 83' lang='lat' dir='ltr'><strong>ac</strong></span> <span class='ocrx_word' id='word_1_894' title='bbox 3109 5399 3331 5466; x_wconf 73' lang='lat' dir='ltr'><strong>Vulgata</strong></span> <span class='ocrx_word' id='word_1_895' title='bbox 3361 5408 3539 5450; x_wconf 79' lang='lat' dir='ltr'><strong>uOSIra</strong></span> <span class='ocrx_word' id='word_1_896' title='bbox 3569 5396 3828 5467; x_wconf 80' lang='lat' dir='ltr'><strong>congruit.</strong></span> 
     </span>
    </p>
   </div>
   <div class='ocr_carea' id='block_1_116' title="bbox 2318 5465 3832 5536">
    <p class='ocr_par' dir='ltr' id='par_1_116' title="bbox 2318 5465 3832 5536">
     <span class='ocr_line' id='line_1_116' title="bbox 2318 5465 3832 5536; baseline -0.003 -12"><span class='ocrx_word' id='word_1_897' title='bbox 2318 5467 2342 5506; x_wconf 74' lang='grc' dir='ltr'>ἀ</span> <span class='ocrx_word' id='word_1_898' title='bbox 2384 5470 2586 5524; x_wconf 89' lang='lat' dir='ltr'><strong>Omnes</strong></span> <span class='ocrx_word' id='word_1_899' title='bbox 2617 5470 2747 5524; x_wconf 88' lang='lat' dir='ltr'><strong>edit.</strong></span> <span class='ocrx_word' id='word_1_900' title='bbox 2772 5478 2825 5525; x_wconf 88' lang='lat' dir='ltr'><strong>et</strong></span> <span class='ocrx_word' id='word_1_901' title='bbox 2865 5465 3018 5534; x_wconf 76' lang='lat' dir='ltr'><strong>pauci</strong></span> <span class='ocrx_word' id='word_1_902' title='bbox 3049 5465 3314 5533; x_wconf 10' lang='lat' dir='ltr'><strong>mss.,iﬁti</strong></span> <span class='ocrx_word' id='word_1_903' title='bbox 3357 5467 3546 5522; x_wconf 78' lang='lat' dir='ltr'><strong>Dauid.</strong></span> <span class='ocrx_word' id='word_1_904' title='bbox 3595 5465 3698 5520; x_wconf 80' lang='lat' dir='ltr'><strong>Alii</strong></span> <span class='ocrx_word' id='word_1_905' title='bbox 3725 5467 3832 5536; x_wconf 89' lang='lat' dir='ltr'><strong>plu-</strong></span> 
     </span>
    </p>
   </div>
   <div class='ocr_carea' id='block_1_117' title="bbox 2246 5540 3768 5610">
    <p class='ocr_par' dir='ltr' id='par_1_117' title="bbox 2246 5540 3768 5610">
     <span class='ocr_line' id='line_1_117' title="bbox 2246 5540 3768 5610; baseline -0.003 -18"><span class='ocrx_word' id='word_1_906' title='bbox 2246 5555 2333 5594; x_wconf 82' lang='lat' dir='ltr'><strong>res</strong></span> <span class='ocrx_word' id='word_1_907' title='bbox 2356 5551 2407 5594; x_wconf 84' lang='lat' dir='ltr'><strong>ct</strong></span> <span class='ocrx_word' id='word_1_908' title='bbox 2437 5543 2674 5610; x_wconf 85' lang='lat' dir='ltr'><strong>potiores</strong></span> <span class='ocrx_word' id='word_1_909' title='bbox 2695 5557 2815 5595; x_wconf 87' lang='lat' dir='ltr'><strong>cum</strong></span> <span class='ocrx_word' id='word_1_910' title='bbox 2848 5541 3054 5602; x_wconf 83' lang='lat' dir='ltr'><strong>Bibliis,</strong></span> <span class='ocrx_word' id='word_1_911' title='bbox 3083 5541 3160 5608; x_wconf 78' lang='lat' dir='ltr'><strong>ﬁli</strong></span> <span class='ocrx_word' id='word_1_912' title='bbox 3195 5540 3306 5592; x_wconf 84' lang='lat' dir='ltr'><strong>Dei.</strong></span> <span class='ocrx_word' id='word_1_913' title='bbox 3688 5608 3696 5610; x_wconf 23' lang='grc' dir='ltr'><strong>Α</strong></span> <span class='ocrx_word' id='word_1_914' title='bbox 3758 5579 3768 5588; x_wconf 95' lang='grc'>.</span> 
     </span>
    </p>
   </div>
   <div class='ocr_carea' id='block_1_118' title="bbox 2320 5608 3829 5682">
    <p class='ocr_par' dir='ltr' id='par_1_118' title="bbox 2320 5608 3829 5682">
     <span class='ocr_line' id='line_1_118' title="bbox 2320 5608 3829 5682; baseline -0.003 -17"><span class='ocrx_word' id='word_1_915' title='bbox 2320 5622 2342 5648; x_wconf 71' lang='grc' dir='ltr'><strong><em>ε</em></strong></span> <span class='ocrx_word' id='word_1_916' title='bbox 2386 5608 2458 5666; x_wconf 80' lang='lat' dir='ltr'><strong>Ita</strong></span> <span class='ocrx_word' id='word_1_917' title='bbox 2493 5627 2625 5666; x_wconf 60' lang='lat' dir='ltr'><strong>mss.</strong></span> <span class='ocrx_word' id='word_1_918' title='bbox 2663 5628 2757 5666; x_wconf 74' lang='lat' dir='ltr'><strong>sex</strong></span> <span class='ocrx_word' id='word_1_919' title='bbox 2780 5613 2999 5682; x_wconf 72' lang='lat' dir='ltr'><strong>optimm</strong></span> <span class='ocrx_word' id='word_1_920' title='bbox 3032 5622 3193 5664; x_wconf 69' lang='grc' dir='ltr'>ιιοιειι.</span> <span class='ocrx_word' id='word_1_921' title='bbox 3224 5611 3351 5673; x_wconf 80' lang='lat' dir='ltr'><strong>Alii,</strong></span> <span class='ocrx_word' id='word_1_922' title='bbox 3377 5626 3437 5663; x_wconf 87' lang='lat' dir='ltr'><strong>ac</strong></span> <span class='ocrx_word' id='word_1_923' title='bbox 3461 5610 3621 5676; x_wconf 84' lang='lat' dir='ltr'><strong>edit.,</strong></span> <span class='ocrx_word' id='word_1_924' title='bbox 3654 5608 3698 5682; x_wconf 82' lang='lat' dir='ltr'><strong>ei</strong></span> <span class='ocrx_word' id='word_1_925' title='bbox 3738 5609 3829 5660; x_wconf 76' lang='lat' dir='ltr'><strong>ali-</strong></span> 
     </span>
    </p>
   </div>
   <div class='ocr_carea' id='block_1_119' title="bbox 2240 5679 3822 5756">
    <p class='ocr_par' dir='ltr' id='par_1_119' title="bbox 2240 5679 3822 5756">
     <span class='ocr_line' id='line_1_119' title="bbox 2240 5679 3822 5756; baseline -0.001 -21"><span class='ocrx_word' id='word_1_926' title='bbox 2240 5685 2449 5756; x_wconf 70' lang='lat' dir='ltr'><strong>quando</strong></span> <span class='ocrx_word' id='word_1_927' title='bbox 2471 5684 2704 5747; x_wconf 73' lang='lat' dir='ltr'><strong>obnoxii,</strong></span> <span class='ocrx_word' id='word_1_928' title='bbox 2726 5679 2844 5756; x_wconf 75' lang='lat' dir='ltr'><strong>jam</strong></span> <span class='ocrx_word' id='word_1_929' title='bbox 2871 5700 2971 5738; x_wconf 90' lang='lat' dir='ltr'><strong>non</strong></span> <span class='ocrx_word' id='word_1_930' title='bbox 2999 5685 3158 5737; x_wconf 84' lang='lat' dir='ltr'><strong>simus</strong></span> <span class='ocrx_word' id='word_1_931' title='bbox 3184 5700 3201 5736; x_wconf 91' lang='lat'><strong><em>:</em></strong></span> <span class='ocrx_word' id='word_1_932' title='bbox 3241 5683 3598 5756; x_wconf 69' lang='lat' dir='ltr'><strong>confugiamus</strong></span> <span class='ocrx_word' id='word_1_933' title='bbox 3628 5679 3696 5732; x_wconf 88' lang='lat' dir='ltr'><strong>ad</strong></span> <span class='ocrx_word' id='word_1_934' title='bbox 3727 5696 3822 5734; x_wconf 84' lang='lat' dir='ltr'><strong>me-</strong></span> 
     </span>
    </p>
   </div>
   <div class='ocr_carea' id='block_1_120' title="bbox 2241 5751 3826 5881">
    <p class='ocr_par' dir='ltr' id='par_1_120' title="bbox 2241 5751 3826 5881">
     <span class='ocr_line' id='line_1_120' title="bbox 2241 5751 3826 5881; baseline 0.001 -75"><span class='ocrx_word' id='word_1_935' title='bbox 2241 5751 2436 5881; x_wconf 51' lang='lat' dir='ltr'><strong>:libcum,</strong></span> <span class='ocrx_word' id='word_1_936' title='bbox 2461 5756 2572 5823; x_wconf 84' lang='lat' dir='ltr'><strong>qui,</strong></span> <span class='ocrx_word' id='word_1_937' title='bbox 2596 5765 2706 5810; x_wconf 92' lang='lat' dir='ltr'><strong>etc.</strong></span> <span class='ocrx_word' id='word_1_938' title='bbox 2726 5751 2841 5812; x_wconf 65' lang='lat' dir='ltr'><strong>&#39;Sed</strong></span> <span class='ocrx_word' id='word_1_939' title='bbox 2884 5757 2984 5810; x_wconf 90' lang='lat' dir='ltr'><strong>hoc</strong></span> <span class='ocrx_word' id='word_1_940' title='bbox 3008 5756 3186 5810; x_wconf 90' lang='lat' dir='ltr'><strong>tninus</strong></span> <span class='ocrx_word' id='word_1_941' title='bbox 3214 5751 3441 5832; x_wconf 82' lang='lat' dir='ltr'><strong>quadrat</strong></span> <span class='ocrx_word' id='word_1_942' title='bbox 3459 5767 3582 5810; x_wconf 89' lang='lat' dir='ltr'><strong>cum</strong></span> <span class='ocrx_word' id='word_1_943' title='bbox 3603 5765 3826 5829; x_wconf 58' lang='lat' dir='ltr'><strong>sequetur</strong></span> 
     </span>
     <span class='ocr_line' id='line_1_121' title="bbox 2264 5839 2402 5881; baseline 0.022 -3"><span class='ocrx_word' id='word_1_944' title='bbox 2264 5839 2276 5878; x_wconf 81' lang='grc' dir='ltr'><strong>ι</strong></span> <span class='ocrx_word' id='word_1_945' title='bbox 2322 5839 2402 5881; x_wconf 89' lang='lat' dir='ltr'><strong>us.</strong></span> 
     </span>
    </p>
   </div>
   <div class='ocr_carea' id='block_1_121' title="bbox 2240 5831 2402 5884">
    <p class='ocr_par' dir='ltr' id='par_1_121' title="bbox 2240 5831 2402 5884">
     <span class='ocr_line' id='line_1_122' title="bbox 2240 5831 2402 5884; baseline 0.031 -6"><span class='ocrx_word' id='word_1_946' title='bbox 2240 5831 2402 5884; x_wconf 82' lang='lat' dir='ltr'><strong>tibus.</strong></span> 
     </span>
    </p>
   </div>
  </div>
