4066 6360
226 337 338 394 725

1275 322 1362 378 DE
1401 319 1555 378 ELIA
1599 317 1685 373 ET
1720 314 1995 374 JEJUNIO
2031 313 2234 371 LIBER
2274 309 2474 368 UNUS.

3424 299 3530 356 7%

228 453 526 525 iniquitatis
555 450 712 520 (Luc.
747 465 860 512 xw,
891 446 968 518 9).
1015 443 1082 499 Et
1112 453 1321 498 veneno
1349 439 1656 508 frequenter
1685 432 1826 487 anti-
1853 434 1900 491 Α
1935 440 2066 518 lens,
2115 429 2182 482 ad
2230 426 2539 481 destinatum
2569 436 2751 525 sequor
2777 419 3005 475 brevium
3034 414 3267 525 (ρὴἱιὶρ.
3300 413 3522 525 nudis).

230 546 424 603 dotum
456 553 807 612 temperatur,
842 538 944 594 hoc
969 545 1055 593 est
1074 577 1089 602 ,
1114 545 1380 588 venenum
1410 541 1618 582 veneno
1646 522 1828 578 exclu-

229 639 403 695 ditur.
435 635 661 692 Veneno
687 649 834 689 mors
860 630 1161 700 repellitur,
1190 625 1299 679 vita
1323 625 1588 676 servatur.
1623 616 1730 670 Fac
1773 623 1828 668 et

232 739 292 786 tu
323 729 474 800 quasi
501 721 674 783 borius
697 727 1041 797 diSpensator
1069 721 1136 775 de
1168 719 1532 772 instrumento
1579 708 1828 765 avaritiae

234 823 537 878 subsidium
567 817 971 884 misericordi-.13,
1005 809 1330 870 sinceritatis
1354 805 1580 879 gratiam
1604 802 1672 858 de
1701 815 1824 857 cor-

234 915 508 988 ruptiouis
538 913 814 970 illecebra.

809 1042 1039 1102 CAPUT
1079 1039 1220 1097 XXI.

239 1163 516 1236 PrOphetis
557 1161 711 1216 etiam
739 1161 917 1231 futura
949 1157 1220 1229 prtrsentia
1258 1170 1368 1208 esse
1392 1169 1408 1206 :
1436 1153 1554 1206 item
1587 1148 1834 1203 mundum

309 1273 372 1316 ea;
397 1253 566 1308 Esaia:
579 1253 818 1309 vaticinia
838 1268 941 1306 non
965 1251 1161 1324 injuria
1193 1245 1578 1310 destruendum,
1597 1242 1664 1296 ad
1681 1255 1834 1312 quam

308 1368 416 1406 rem
444 1351 807 1406 illustrandum
851 1349 1148 1420 perelegans
1193 1345 1464 1400 adhibetur
1490 1340 1644 1396 stadii
1697 1356 1836 1394 com-

308 1448 532 1519 paratio.
570 1445 746 1518 Hujus
782 1444 1058 1498 occasione
1085 1458 1175 1495 nos
1207 1440 1426 1494 athletas
1453 1453 1558 1491 esse
1584 1445 1732 1502 atque
1769 1433 1836 1487 ad

301 1556 559 1606 coronam
589 1538 814 1593 exerceri
843 1536 1022 1591 sedulo
1053 1543 1284 1604 oportere
1327 1540 1530 1583 sanctus
1575 1511 1753 1592 docet;
1775 1541 1835 1579 ac

313 1631 521 1685 tandem
548 1629 809 1684 Christum
838 1637 893 1682 ut
919 1629 1192 1680 aduentum
1216 1639 1363 1677 suum
1387 1627 1625 1686 maturet,
1651 1634 1838 1690 appre-

311 1733 477 1778 catur.

1933 515 2162 579 Athletae
2193 537 2320 592 ergo
2342 533 2551 586 sumus,
2581 503 2822 588 legitime
2852 499 3173 569 certandum
3215 509 3320 564 est.
3363 496 3527 561 Multa

1931 613 2222 669 laetaniina
2249 620 2375 667 sunt
2404 629 2417 665 :
2450 619 2505 666 et
2545 607 2636 680 qui
2668 597 2828 662 hodie
2859 599 3036 660 victus
3066 607 3180 670 est,
3207 605 3328 656 cras
3355 613 3412 653 se
3442 603 3528 652 re-

1929 711 2104 779 parat.
2140 708 2277 759 Ante
2305 703 2371 758 ad
2401 703 2646 758 bravium
2675 695 3046 762 contenditur,
3075 694 3260 766 postea
3283 690 3348 747 ad
3368 697 3526 746 coro-

1931 775 2078 855 nam.
2120 796 2387 868 Numquid
2411 796 2611 850 athleta
2633 794 2744 848 otio
2773 799 2950 855 vacat,
2977 803 3100 845 cum
3124 786 3291 842 semel
3321 775 3530 840 dederit

1933 887 2220 947 certamini
2254 905 2450 943 nomen
2478 887 2670 942 suum?
2701 877 3002 941 Exercetur
3022 879 3285 954 quotidie,
3315 879 3531 948 ungitur

1941 984 2206 1056 quotidie.
2241 982 2360 1053 Ipse
2388 981 2542 1036 cibus
2569 981 2618 1036 ei
2647 971 2978 1050 agonisticus
3021 974 3180 1030 datur
3199 1016 3214 1040 ,
3245 970 3529 1040 disciplina

1937 1076 2201 1147 exigitur,
2230 1072 2550 1130 castimonia
2576 1069 2896 1126 custoditur.
2929 1069 2994 1123 Et
3020 1074 3074 1122 tu
3097 1063 3294 1121 dedisti
3328 1069 3528 1117 nomen

1939 1178 2089 1224 tuum
2117 1167 2182 1223 ad
2208 1180 2434 1236 agonem
2463 1163 2684 1228 Christi,
2712 1159 3080 1230 subscripsisti
3106 1157 3172 1212 ad
3193 1153 3532 1227 competitio-

1941 1280 2063 1319 nem
2093 1277 2307 1317 coronae
2333 1278 2346 1314 :
2373 1257 2652 1323 meditare,
2697 1270 2976 1320 exercere,
3002 1259 3205 1322 ungere
3231 1250 3352 1304 oleo
3398 1245 3534 1301 laeti-

1941 1357 2049 1423 tim,
2082 1365 2355 1427 unguento
2382 1349 2680 1408 exinanito.
2712 1348 2877 1404 Cibus
2907 1351 3030 1402 tuus
3051 1347 3202 1401 cibus
3226 1341 3536 1399 sobrietatis

1941 1448 2030 1514 sit,
2065 1423 2198 1502 nihil
2227 1446 2422 1502 habeat
2443 1441 2896 1515 intemperantia),
2922 1437 3054 1494 nihil
3084 1437 3331 1492 luxuriae.
3363 1423 3532 1489 Pctus

1944 1552 2064 1596 tuus
2089 1540 2334 1612 parcior,
2377 1557 2442 1594 ne
2489 1537 2617 1609 quid
2673 1535 2951 1592 ebrietatis
2993 1531 3219 1599 obrepat
3261 1545 3275 1582 :
3322 1521 3534 1583 castodi

1943 1632 2188 1707 corporis
2216 1633 2613 1700 castitttOttiattt,
2638 1641 2696 1686 ut
2723 1629 2902 1701 possis
2923 1639 3046 1682 esse
3075 1623 3273 1678 habilis
3291 1621 3356 1676 ad
3380 1627 3537 1675 coro-

1941 1745 2086 1793 nam,
2145 1745 2213 1783 ne
2241 1725 2569 1782 existimatio
2609 1733 2696 1778 tua
2747 1721 2983 1777 offendat
3029 1716 3363 1788 spectatoris
3407 1711 3537 1766 alie-

313 1836 402 1890 77.
446 1835 656 1891 Audisti
686 1833 812 1904 quid
839 1833 1036 1888 lectum
1067 1831 1136 1885 sit
1161 1829 1320 1883 hodie
1353 1847 1364 1879 :
1402 1826 1534 1881 Ecce
1562 1825 1694 1879 venit
1723 1819 1830 1877 Do-
1867 1833 1916 1893 Β
1941 1833 2108 1889 ctmn,
2128 1839 2194 1876 ne
2226 1831 2277 1876 te
2300 1820 2538 1874 fautores
2569 1817 2641 1872 tui
2674 1816 3034 1888 negligentem
3060 1812 3283 1867 videant
3303 1815 3356 1864 et
3376 1807 3536 1863 deSe-

235 1929 409 1982 minus
437 1927 728 1997 disperdere
749 1926 916 1980 orbem
943 1934 1193 1977 terrarum
1235 1919 1403 1992 (Esai.
1433 1935 1546 1984 xui,
1578 1915 1655 1987 5).
1689 1916 1833 1982 Qua-

237 2024 285 2078 si
317 2037 475 2076 manu
523 2032 744 2075 sanctus
775 2019 1034 2090 propheta
1066 2017 1438 2078 demonstret,
1469 2013 1623 2082 quasi
1663 2010 1833 2064 oculis

236 2115 620 2170 advenientem
646 2112 819 2167 videat
849 2110 1031 2181 judicii
1057 2109 1224 2174 diem,
1255 2108 1324 2160 ita
1353 2107 1516 2160 dicit:
1546 2101 1682 2159 Ecce
1701 2103 1834 2158 venit

237 2206 495 2261 Dominus
523 2195 820 2278 disperdere
864 2202 1035 2257 orbem
1075 2212 1347 2254 terrarum.
1396 2191 1566 2252 Immo
1611 2196 1734 2266 quia
1779 2195 1831 2249 in

233 2301 432 2368 Spiritu
463 2297 742 2370 prophetis
789 2297 952 2352 etiam
1004 2310 1121 2364 qum
1173 2293 1349 2346 futura
1404 2299 1530 2345 sunt
1561 2301 1830 2355 tamquam

232 2393 524 2463 praesentia
554 2393 890 2456 revelantur,
943 2387 1066 2444 ideo
1093 2403 1212 2458 qua:
1243 2385 1482 2450 videbat,
1518 2382 1671 2437 nobis
1700 2395 1833 2450 quo-

230 2502 343 2556 que
387 2487 763 2541 demonstrare
791 2481 1082 2553 cupiebat,
1112 2489 1169 2534 ut
1200 2494 1297 2534 nos
1322 2477 1388 2531 ad
1419 2472 1829 2531 conversionem

230 2580 302 2635 ab
331 2595 518 2646 errore
549 2585 848 2633 revocaret.

313 2674 401 2729 78.
445 2673 553 2728 Nec
582 2672 762 2726 tamen
793 2669 1074 2740 quisquam
1106 2666 1276 2736 frangi
1309 2657 1501 2729 debet,
1531 2677 1652 2716 cum
1687 2657 1834 2714 audit

231 2769 360 2841 quia
392 2767 668 2837 distierdet
721 2767 984 2820 Dominus
1013 2762 1199 2816 orbem
1230 2769 1513 2814 terrarum.
1572 2753 1650 2810 Ne
1697 2753 1834 2810 forte

232 2865 382 2918 dicat
409 2882 419 2915 :
456 2863 618 2928 Esto,
662 2876 762 2915 nos
793 2859 972 2929 gravia
1002 2868 1220 2927 peccata
1248 2852 1617 2908 commisimus
1649 2893 1663 2916 ,
1706 2839 1833 2919 quid

230 2954 466 3024 deliquit
494 2954 711 3015 caelum,
740 2950 868 3020 quid
894 2960 1057 3015 terra,
1091 2947 1215 3017 quid
1250 2961 1420 3012 mare,
1449 2955 1506 2998 ut
1528 2953 1582 2999 et
1607 2943 1693 2997 illa
1723 2940 1835 2996 dis-

231 3045 463 3118 perdat?
494 3045 604 3099 Cur
653 3043 846 3113 peribit
891 3052 994 3096 tam
1031 3040 1254 3109 pulcher
1305 3036 1564 3091 ornatus?
1597 3036 1820 3105 Augusti

231 3149 322 3195 est
352 3141 517 3194 animi
551 3137 854 3193 istiusmodi
881 3135 1084 3206 opinio.
1109 3133 1374 3189 Caeterum
1409 3133 1452 3186 si
1482 3131 1642 3186 altius
1679 3143 1834 3200 speco

1937 1927 2080 1972 rant.
2137 1916 2396 1987 Spectaut
2445 1923 2499 1970 te
2549 1907 2908 1981 Archaugeli,
2966 1917 3022 1964 et
3069 1905 3372 1961 Potesta'tes
3405 1942 3419 1967 ,
3476 1903 3532 1954 et

1946 2011 2370 2073 Daminatioues,
2392 2017 2448 2063 et
2470 1997 2558 2061 illa
2589 2003 2916 2073 Angelorum
2946 2000 3133 2057 decem
3157 1997 3325 2053 millia
3344 1991 3533 2050 decem

1949 2103 2198 2158 millium.
2226 2101 2338 2158 Sub
2367 2099 2529 2154 tantis
2555 2096 2952 2171 spectatoribus
2981 2090 3327 2154 erubesCere,
3357 2083 3538 2140 consi-

1937 2195 2063 2252 dera
2093 2211 2250 2266 quam
2284 2193 2676 2248 dedecorosum
2710 2185 2799 2243 sit.
2850 2185 3134 2256 Ingressus
3176 2171 3414 2237 Stadium
3445 2220 3460 2244 ,
3509 2171 3535 2211 ίι

1937 2287 2161 2360 pulvere
2192 2286 2427 2357 rigorem
2456 2284 2651 2337 anima:
2684 2277 2789 2335 tua:
2819 2277 3015 2341 excita,
3047 2269 3284 2329 lacertos
3313 2273 3531 2326 excute.

1937 2381 2267 2451 Progressus
2298 2379 2351 2432 in
2393 2390 2651 2440 scamma,
2684 2387 2908 2428 necesse
2939 2377 3022 2426 est
3055 2377 3112 2422 ut
3141 2363 3380 2435 excipias
3417 2360 3538 2434 pul-

1938 2489 2147 2539 verem,
2173 2471 2372 2526 subeas
2393 2469 2565 2526 αδειὶνὶ
2587 2467 2720 2522 solis
2742 2463 3101 2534 ﬂagrantiam.
3129 2449 3324 2516 Gravis
3347 2461 3534 2522 aestus,

1941 2570 2034 2626 sed
2061 2569 2235 2624 dulcis
2261 2567 2486 2622 victoria
2513 2583 2526 2618 :
2555 2563 2783 2618 molesta
2811 2559 2984 2630 caligo
3007 2555 3269 2626 pulveris,
3291 2552 3383 2608 sed
3418 2563 3540 2621 Spe-

1941 2669 2091 2722 ciosa
2117 2664 2427 2720 tolerantia.
2461 2659 2632 2716 Nemo
2655 2649 2886 2714 stadium
2921 2651 3329 2737 pulverulentus
3357 2647 3541 2718 ingre—

1937 2763 2102 2829 ditur,
2133 2759 2228 2815 sed
2257 2757 2688 2830 pulverulentum
2717 2747 2950 2807 reddunt
2971 2733 3290 2804 certamina.
3315 2733 3395 2798 ibi
3418 2739 3502 2796 col
3523 2773 3537 2786 ι

1942 2859 2125 2927 ligitur
2154 2856 2348 2927 pulvis,
2385 2852 2472 2906 ubi
2505 2851 2684 2922 palma
2744 2843 3080 2916 proliouitur.
3127 2831 3297 2895 Nemo
3338 2835 3535 2892 iterutii

1939 2951 2145 3005 nitidus
2172 2955 2484 3010 coronatur,
2517 2939 2947 3013 pulverulentum
2975 2927 3130 2989 decet
3152 2929 3403 2986 victoria.

2008 3039 2099 3096 80.
2145 3039 2277 3094 Veni
2307 3053 2456 3106 ergo,
2487 3031 2713 3089 Domine
2740 3029 2865 3085 Jesu
2889 3071 2904 3094 ,
2951 3033 3109 3082 exeat
3150 3036 3350 3078 corona
3401 3015 3491 3074 tua
3519 3061 3534 3086 ,

1937 3132 2160 3187 admitte
2193 3133 2432 3184 victores
2464 3127 2515 3180 in
2561 3124 2827 3193 requiem,
2873 3119 3047 3174 victos
3074 3107 3139 3171 ad
3169 3112 3542 3184 compunctib-

233 3243 340 3297 tes,
376 3231 618 3285 invenies
651 3229 752 3284 hoc
791 3243 913 3283 esse
944 3241 1040 3297 pro
1099 3225 1255 3281 nobs
1278 3265 1292 3291 ,
1343 3223 1482 3294 quod
1525 3235 1680 3294 putas
1708 3219 1830 3276 esse
1860 3223 1904 3285 C
1941 3241 2084 3279 nem.
2121 3223 2186 3278 Et
2213 3224 2255 3276 si
2287 3218 2558 3290 disperdis
2585 3217 2768 3271 orbem
2802 3223 3093 3273 terrarum,
3120 3207 3272 3279 plura
3305 3213 3429 3260 sunt
3456 3193 3540 3258 in-

230 3331 423 3379 contra
450 3336 546 3376 nos
574 3339 584 3373 :
599 3320 864 3391 judicabis
888 3315 986 3372 hoc
1009 3333 1128 3372 esse
1151 3333 1249 3388 pro
1269 3315 1487 3381 "tundo,
1545 3313 1688 3383 quod
1735 3312 1828 3366 ad-

233 3431 456 3472 versum
505 3414 765 3470 mundum
817 3411 1118 3467 arbitraris.
1166 3409 1282 3463 Non
1339 3424 1556 3477 semper
1603 3406 1834 3460 stadium

231 3509 495 3566 refertum
522 3505 685 3581 560
705 3517 791 3562 est
812 3503 1232 3575 Spectatoribus,
1262 3518 1366 3556 non
1410 3515 1629 3570 semper
1658 3509 1835 3554 certa.

233 3603 477 3659 minibus
507 3602 829 3671 inquietum,
860 3615 966 3654 non
999 3613 1215 3667 semper
1235 3604 1546 3651 concretum
1576 3593 1831 3663 pulvere:

233 3698 335 3753 sed
373 3698 588 3768 quando
620 3694 940 3758 certamina,
972 3703 1098 3748 tunc
1124 3690 1352 3761 poiuilus
1394 3688 1447 3742 in
1493 3685 1834 3756 spectaculo,

238 3793 470 3845 luctator
501 3791 555 3844 in
583 3799 901 3852 scammate,
943 3784 1114 3856 pulvis
1145 3784 1198 3838 in
1241 3783 1438 3838 stadio.
1477 3780 1572 3836 Ubi
1607 3779 1834 3834 decursa
1867 3783 1874 3787 ‘

236 3883 563 3947 Certamina,
597 3894 900 3936 conventus
921 3879 1169 3940 solvitur,
1203 3874 1430 3929 discedit
1471 3872 1840 3941 unusquisque

241 3986 339 4030 aut
366 3978 540 4028 victor
591 3974 654 4026 ad
705 3973 931 4042 gratiam
961 4012 976 4038 ,
1029 3978 1121 4022 aut
1152 3969 1327 4022 victus
1357 3964 1422 4019 ad
1451 3965 1798 4034 opprobrium
1825 3984 1838 4019 :

244 4064 432 4122 evehit
457 4078 656 4118 corona
690 4067 985 4125 victorem,
1037 4061 1236 4113 victum
1264 4057 1459 4128 premit
1492 4055 1839 4121 verecundia,

243 4157 395 4227 angit
422 4156 638 4225 injuria.
659 4155 710 4209 Si
731 4154 850 4223 quis
867 4168 1000 4222 ergo
1023 4162 1210 4223 postea
1232 4151 1564 4222 ingrediatur
1584 4149 1840 4216 stadium,

248 4251 436 4305 videat
466 4263 693 4303 vacuum
737 4247 1100 4313 celebritatis,
1140 4246 1287 4300 dicat
1325 4242 1704 4316 sgoumbetw:
1735 4241 1845 4296 Cur

246 4353 409 4398 vacat
442 4334 703 4406 stadium;
737 4355 833 4395 cur
861 4340 1023 4394 silent
1063 4337 1394 4403 certamina;
1427 4349 1526 4391 cur
1581 4335 1842 4390 solemnia

249 4434 953 4506 feriantur?Respondebit
1004 4435 1095 4506 qui
1147 4433 1306 4504 agoni
1359 4429 1848 4502 praeest:0portct

253 4529 602 4598 requiescere
631 4529 886 4593 athletas,
920 4527 1261 4598 requiescere
1307 4534 1662 4596 spectatores.
1715 4523 1846 4592 Quis

1942 3316 2172 3372 visibilia
2196 3321 2362 3383 opera
2395 3324 2504 3377 tua,
2530 3324 2689 3378 quam
2719 3322 2839 3376 quae
2862 3302 3115 3358 vidimus.
3135 3297 3237 3366 Qui
3267 3291 3543 3365 angustio-

1943 3411 2018 3466 ris
2049 3419 2131 3464 cst
2160 3407 2354 3472 animi,
2379 3405 2468 3459 illa
2497 3419 2603 3459 non
2649 3401 2845 3465 cernit,
2875 3389 3023 3452 dolet
3064 3391 3208 3465 quod
3258 3388 3542 3461 diSperdas

1940 3510 2127 3565 orbem
2161 3517 2427 3562 terrarum
2463 3521 2476 3558 :
2511 3503 2604 3558 sed
2634 3502 2724 3572 qui
2754 3500 2903 3554 novit
2929 3506 3177 3567 spectare
3221 3506 3340 3564 quae
3391 3479 3534 3543 invi-

1941 3603 2119 3657 sibilia
2147 3609 2291 3665 suut,
2318 3597 2514 3670 gaudet
2538 3605 2595 3650 ut
2621 3595 2827 3655 venias,
2848 3602 2901 3645 et
2929 3605 3119 3645 omnes
3149 3586 3368 3642 liberes.
3392 3579 3543 3638 Gali-

1939 3700 2066 3755 dent
2090 3699 2303 3752 athletae
2332 3695 2421 3763 qui
2456 3701 2679 3762 possunt
2705 3687 2863 3761 561
2882 3688 3062 3742 dicere
3089 3675 3299 3738 :Veniat
3323 3694 3538 3754 regnum

1943 3805 2110 3856 tuum,
2140 3793 2229 3863 ﬁat
2258 3791 2494 3845 uoluntas
2517 3798 2602 3840 tua
2623 3787 2751 3840 sicut
2780 3787 2832 3837 in
2862 3783 2984 3836 caelo
3007 3791 3052 3834 et
3083 3781 3136 3833 in
3165 3765 3531 3848 terra(Matth.

1943 3903 2016 3951 vt,
2061 3855 2172 3954 ιοῇ.
2231 3881 2498 3938 Gaudebit
2549 3886 2794 3933 creatura
2856 3872 3077 3936 mundi,
3123 3879 3181 3924 ut
3223 3883 3253 3921 a
3306 3855 3544 3920 vanitate

1948 3977 2136 4031 mundi
2177 3976 2329 4029 istius
2359 3975 2634 4034 liberetur,
2653 3981 2929 4039 quaenuuc
2949 3959 3371 4033 congemiscitet
3413 3971 3537 4027 par-

1948 4070 2109 4133 turit;
2144 4069 2265 4136 quia
2298 4065 2516 4119 vanitati
2548 4063 2707 4118 etiam
2739 4061 2826 4115 illa
2854 4059 3102 4113 creatura
3139 4054 3380 4122 subjecta
3421 4061 3540 4116 eet,

1946 4160 2119 4215 donec
2137 4157 2520 4227 multiplicetur
2533 4152 2754 4222 adoptio
2773 4152 3004 4205 ﬁliorum
3015 4155 3092 4212 ,et
3109 4145 3278 4202 totius
3293 4141 3540 4212 corporis

1947 4252 2251 4322 redemptio
2271 4249 2624 4318 compleatur.
2651 4244 2706 4298 In
2728 4246 2870 4300 bona
2899 4253 3032 4311 ergo
3051 4236 3327 4309 disperdet
3349 4236 3540 4289 urbem

1952 4354 2236 4399 terrarum.
2285 4341 2399 4396 Erit
2431 4339 2627 4394 etenim
2657 4334 2852 4392 ctelum
2888 4345 3085 4390 novum
3116 4373 3131 4398 ,
3179 4339 3234 4386 et
3279 4334 3388 4385 nox
3433 4331 3545 4381 non
3602 4401 3604 4404 ι

1949 4441 2053 4500 erit
2079 4436 2332 4507 amplius.
2371 4433 2610 4504 Denique
2633 4429 2913 4496 revelabit,
2948 4425 3144 4497 inquit,
3179 4419 3370 4478 faciem
3402 4419 3546 4490 eius,

1953 4544 2010 4588 ut
2032 4532 2270 4588 revelata
2294 4530 2426 4585 lacie
2451 4535 2760 4599 spectemus
2786 4523 3014 4594 gloriam
3035 4519 3236 4576 Christi
3259 4513 3441 4587 (lCor.
3459 4521 3546 4578 tu,

249 4623 396 4677 enim
425 4620 622 4678 laboris
654 4631 736 4675 est
758 4620 983 4684 fructus,
1035 4619 1139 4674 nisi
1169 4619 1380 4689 requies
1407 4628 1529 4688 post
1557 4616 1842 4671 laborem?
1875 4621 1920 4681 D
1952 4625 2062 4699 ιδ),

247 4711 512 4772 Similiter
543 4722 597 4769 ct
625 4714 771 4768 orbis
801 4722 1065 4767 terrarum
1095 4709 1386 4782 aliquando
1423 4707 1713 4766 solvendus
1737 4718 1840 4773 cst,

251 4817 311 4864 ut
338 4809 414 4863 sit
443 4808 658 4878 requies
687 4806 944 4876 fatigatis.

325 4900 416 4955 79.
458 4900 691 4955 Athleta:
719 4915 925 4965 sumus,
958 4899 1008 4951 in
1037 4895 1268 4966 quodam
1300 4897 1474 4951 stadio
1502 4896 1843 4953 decernimus

255 4992 505 5062 spiritali.
539 4992 777 5062 Denique
799 4994 968 5046 bonus
999 4989 1200 5043 athleta
1222 4988 1434 5043 dicebat
1461 5008 1472 5041 :
1508 4989 1655 5043 Facti
1672 5008 1849 5046 sumus

259 5085 607 5154 spectaculum
635 5085 793 5157 hujus
822 5083 999 5136 mundi
1029 5081 1071 5150 (i
1103 5078 1223 5135 Cor.
1256 5097 1327 5143 tv,
1361 5079 1434 5150 9).
1470 5081 1533 5134 Et
1560 5082 1683 5136 alibi
1717 5100 1728 5134 :
1762 5082 1821 5136 Si

261 5196 433 5244 curro,
477 5197 579 5234 non
627 5189 680 5232 ut
732 5180 784 5232 in
829 5177 1218 5232 iurertum:sic
1248 5175 1432 5239 enitor,
1461 5191 1564 5228 non
1601 5186 1654 5227 ut
1680 5191 1852 5228 aerem

263 5275 464 5328 credens
488 5290 506 5339 ;
537 5273 628 5327 sed
653 5264 848 5340 castigo
878 5287 1062 5340 corpus
1093 5286 1260 5323 ineunt
1306 5269 1357 5342 (I
1389 5268 1508 5322 Cor.
1541 5284 1615 5334 ιι,
1643 5265 1760 5336 26).
1789 5263 1857 5322 lit

263 5365 388 5420 alibi
418 5385 429 5420 :
462 5365 747 5436 Superiora
777 5363 1070 5417 obliviscens
1097 5404 1110 5427 ,
1143 5372 1189 5416 et
1219 5377 1334 5433 qum
1360 5372 1478 5415 sunt
1502 5363 1676 5432 priora
1699 5376 1856 5432 appe-

333 5562 364 5601 ,ιι
411 5552 563 5613 Mss.,
597 5549 845 5609 stadium,
892 5549 1112 5616 rigorem
1140 5546 1325 5599 anima:
1350 5554 1448 5598 tute
1468 5544 1653 5598 excita.
1679 5543 1861 5598 Bonus

271 5638 495 5686 sensus;
524 5631 705 5675 tamen
749 5615 958 5672 videtur
986 5625 1202 5669 sanctus
1241 5616 1438 5670 Doctor
1479 5615 1544 5668 ad
1573 5631 1632 5667 ea
1685 5615 1860 5681 respi-

272 5709 560 5762 cere,qua:
601 5693 654 5746 in
697 5686 1082 5744 certaminibus
1113 5702 1211 5762 usu
1253 5687 1558 5762 veniebant.
1603 5685 1863 5741 Solebant

277 5757 774 5818 autem'luctatores
801 5770 1081 5828 postquam
1113 5757 1312 5824 inuncti
1333 5759 1581 5822 fuissent,
1603 5774 1669 5812 ne
1695 5773 1859 5828 metu-

278 5834 373 5895 bra
407 5845 678 5891 ceromate
710 5827 912 5895 lubrica
941 5827 1198 5906 prehendi
1231 5843 1333 5883 non
1353 5839 1595 5904 possent,
1615 5827 1714 5884 sibi
1747 5827 1866 5900 puls-

2521 4745 2751 4814 CAPUT
2789 4744 2955 4810 XX“.
3039 4749 3045 4758 ’

1963 4877 2263 4948 Fugiendas
2303 4872 2730 4934 comessationes,
2777 4883 2838 4921 ne
2875 4883 2929 4920 se
2953 4883 2986 4920 a
3017 4863 3160 4918 nobis
3201 4835 3550 4948 negassem

2027 4947 2191 5023 lenitis
2244 4975 2479 5037 separet,
2535 4973 2581 5017 et
2634 4959 2890 5032 quomodo
2946 4957 3118 5010 adhuc
3172 4953 3357 5007 veniat.
3414 4947 3548 5003 Item

2026 5076 2276 5131 quosnam
2302 5035 2528 5114 rescindi
2551 5057 2730 5131 jubeat
2761 5047 3076 5126 Apostolus?
3107 5039 3231 5102 Post
3274 5035 3379 5098 itare
3421 5059 3550 5096 non-

2028 5153 2151 5205 dum
2201 5151 2442 5220 baptizati
2473 5150 2540 5203 ad
2570 5151 2702 5202 hanc
2742 5155 2933 5216 trpttam
2974 5141 3195 5214 gratiam
3225 5137 3506 5220 invitantur
3532 5172 3550 5200 ,

2031 5213 2353 5313 explosis'ad
2383 5251 2664 5297 extremum
2694 5213 3032 5310 quorumdam
3057 5213 3490 5286 mutationibus.

2033 5362 2122 5415 8i.
2165 5361 2524 5416 Advertamus
2563 5370 2694 5427 ergo
2726 5355 2778 5408 in
2825 5351 3001 5406 stadio
3030 5343 3307 5402 constituti
3337 5341 3555 5412 quantis

1968 5561 2161 5614 verem
2205 5541 2568 5614 adspergere,
2601 5523 2740 5614 quod
2785 5529 3176 5614 aphen‘facer'e
3220 5523 3557 5606 dictitabant.

1969 5595 2899 5684 Unde7hicwpiia‘iiirendreivident'ur
2925 5603 3054 5684 edit.
3079 5600 3252 5684 idque
3291 5595 3558 5684 maxime,

1967 5667 2122 5756 (illati
2147 5667 2563 5756 phis-inerma
2585 5698 2614 5756 ος
2636 5681 2687 5733 in
2716 5695 2744 5731 υ
2771 5673 3116 5756 commutati,
3138 5667 3204 5726 sc
3225 5682 3409 5724 vocem
3437 5667 3560 5739 put»

1971 5745 2103 5827 uere,
2135 5745 2471 5830 praetermitti
2503 5752 2570 5806 ab
2601 5745 2990 5822 ignorantibus.
