4066 6360
198 351 307 409 τὲθ
919 347 1008 405 DE
1049 343 1386 404 NABUTHE
1424 341 1857 400 JEZRAELITA
1893 340 2098 399 LIBER
2138 339 2340 400 UNUS.
2389 336 2784 398 ADMONITIO.
3404 341 3512 400 730

195 467 326 521 dum
354 466 658 537 loquebatur
677 509 691 531 ,
727 463 944 519 inveniri
975 479 1227 534 pauperes
1257 471 1359 516 tam
1387 460 1516 514 diris
1549 457 1716 513 modis
1747 457 2031 529 exagitatos
2059 458 2421 529 diuexatosque
2440 499 2455 523 ,
2489 467 2544 511 ttt
2574 461 2852 530 profugere
2879 470 2943 510 ex
2969 455 3137 521 patria
3162 471 3227 511 ne
3253 457 3362 513 illic
3383 459 3520 530 fame

195 572 262 611 ac
291 557 500 610 miseria
534 557 832 620 interirent,
865 565 1186 626 cogerentur.
1219 551 1286 607 ld
1335 568 1538 606 summa
1578 543 1692 605 cum
1723 551 2036 604 vehementia
2066 552 2340 619 exprobrat
2370 549 2510 605 ltisce
2547 550 2822 615 divitibus,
2867 551 3050 621 quibus
3076 550 3230 605 etiant
3274 567 3338 607 ea:
3380 561 3524 621 parte

198 649 374 720 prima
406 660 684 722 proposita:
711 648 942 702 historice
972 650 1284 701 demonstrat
1313 643 1453 716 (Cap
1507 643 1572 709 9.,
1625 659 1765 696 num.
1800 641 1835 696 4
1862 651 1909 696 et
1941 647 2086 709 seq.)
2134 642 2275 708 ipsos
2321 640 2500 696 mediis
2539 643 2593 695 itt
2625 641 2817 696 divitiis
2861 657 3013 708 quant
3043 657 3225 710 egenos
3265 643 3514 708 quoslibet

197 745 367 813 magis
397 760 540 814 egere
568 761 586 798 :
615 745 665 797 itt
697 743 894 812 rapinis
923 740 1071 812 (Cap.
1099 740 1151 794 5.
1173 755 1318 792 num.
1355 738 1409 792 Η
1443 745 1491 789 et
1511 738 1640 804 seq.)
1673 734 1943 803 propriam
1972 734 2242 786 utilitatent
2265 733 2434 785 minus
2463 748 2689 799 qua’rere
2707 749 2858 803 quam
2879 731 3090 802 inopum
3112 732 3466 800 spoliationent
3491 749 3510 788 :

200 849 460 906 postremo
491 843 504 899 (
527 837 656 904 Cap.
690 835 723 888 5
742 877 756 900 ,
786 851 929 888 nunt.
960 838 990 886 9
1019 843 1067 886 et
1090 847 1191 900 seq.
1204 843 1221 900 )
1249 829 1543 882 εοηηηάιιη
1567 825 1925 880 abstinentiam
1953 835 2104 891 atque
2129 823 2358 876 convivia
2389 838 2452 877 ea:
2484 838 2630 888 wquo
2659 822 2857 876 miseris
2883 821 2989 876 illis
3009 822 3281 894 perniciem
3311 823 3518 892 adferre

197 931 386 986 solere.
425 930 554 986 Tum
585 931 734 1003 (Cap.
767 933 832 992 6.
867 947 1012 985 nuttt.
1044 929 1114 984 29
1144 939 1189 982 et
1218 927 1352 996 seq.)
1384 928 1617 980 eximito
1647 940 1704 977 eo
1736 924 1846 976 loco
1889 918 2160 990 Evangelii
2191 919 2273 971 ubi
2313 917 2588 986 opulentus
2631 916 2841 988 quidam
2883 915 3068 987 horrea
3097 931 3227 970 nova
3269 915 3514 971 veteribus

198 1025 475 1080 destructis
500 1027 824 1096 exaedificare
853 1026 1084 1096 cogitans
1117 1023 1408 1083 inducitur,
1439 1035 1588 1090 quam
1616 1018 1683 1072 sit
1709 1017 1892 1087 infelix
1917 1011 2313 1082 locupletiorum
2341 1009 2570 1063 conditio
2589 1049 2604 1073 ,
2634 1007 2896 1080 patefacit.
2922 1004 3049 1096 No.1;
3069 1009 3137 1060 ad
3157 1019 3515 1079 argumentum

194 1134 350 1172 suum
381 1120 582 1173 rediens
613 1095 780 1187 (Cap.
821 1095 925 1177 H,
947 1133 1089 1170 nunt.
1126 1114 1196 1168 46
1225 1124 1275 1167 et
1307 1110 1452 1183 seq.)
1481 1110 1646 1178 aperit
1672 1124 1774 1176 qua
1816 1107 2014 1160 ratione
2054 1101 2264 1156 Iezabel
2294 1112 2350 1154 ut
2391 1099 2626 1170 conjugis
2667 1099 2744 1152 sui
2777 1096 2970 1151 Achabi
2997 1095 3360 1152 obsecundaret
3396 1114 3517 1152 ava-

194 1211 366 1274 ritia,
399 1212 800 1283 funestissimam
830 1227 1002 1265 necem
1033 1208 1292 1264 Nabutha:
1318 1205 1568 1259 intulerit.
1602 1200 1682 1255 Ea
1711 1199 1981 1254 occasione
2005 1197 2280 1265 insurgens
2309 1198 2554 1245 adversus
2585 1191 2766 1244 divites
2803 1189 2884 1243 sui
2913 1190 3152 1259 (corporis
3182 1191 3234 1244 in
3268 1205 3517 1262 pauperes

190 1305 360 1358 nihilo
390 1281 744 1360 clementiores
771 1321 926 1376 quam
959 1304 1134 1357 Achab
1165 1312 1212 1354 et
1241 1299 1452 1354 Jrzabel
1473 1339 1486 1361 ,
1519 1313 1602 1352 eos
1629 1297 1780 1349 etiam
1811 1303 1963 1360 atque
1988 1290 2140 1344 etiam
2166 1287 2402 1340 admonet
2423 1324 2438 1348 ,
2461 1289 2669 1336 careant
2691 1296 2753 1334 ne
2781 1281 2997 1332 istorum
3026 1281 3240 1333 crimina
3265 1281 3516 1335 imitando

191 1395 377 1448 eadem
407 1413 606 1469 quoque
637 1371 906 1450 incurrant
949 1393 1228 1462 supplicia.
1265 1390 1479 1459 Quoque
1527 1388 1580 1442 id
1613 1385 1916 1459 persuadeat
1947 1381 2212 1453 efficacius
2236 1420 2250 1444 ,
2299 1377 2414 1445 quis
2457 1375 2712 1469 legitimus
2757 1371 3054 1469 divitiarum
3081 1389 3213 1469 usus
3242 1372 3340 1433 sit.
3372 1379 3520 1469 docet

186 1487 208 1558 (
233 1483 366 1560 Cap.
401 1461 467 1542 i2
488 1461 674 1552 ,'nunt.
710 1487 781 1542 52
807 1499 852 1541 et
883 1503 988 1556 seq.
1011 1461 1060 1554 );
1093 1502 1154 1538 ac
1182 1484 1337 1538 simul
1363 1498 1514 1550 quam
1547 1479 1742 1534 nullius
1768 1475 2047 1530 soliditatis
2075 1471 2180 1525 illa:
2203 1469 2334 1531 sint,
2363 1466 2547 1560 probat
2572 1461 2734 1560 (Cap.
2767 1463 2832 1517 15
2863 1472 2910 1516 et
2945 1461 3044 1560 16)
3068 1464 3520 1560 inserta—perbrevi

183 1549 518 1651 expositione
547 1583 702 1636 totius
733 1581 918 1652 psalmi
949 1549 1120 1640 txvxiv.
1145 1593 1295 1647 quem
1326 1575 1449 1628 scite
1475 1571 1751 1625 admodum
1787 1566 2063 1638 proposita’
2093 1568 2296 1632 coaptat
2327 1556 2572 1652 materiai.
2604 1553 2684 1608 Ad
2708 1563 2992 1652 extremum
3025 1549 3191 1652 (Cap.
3231 1552 3516 1652 {ipim-tn.

187 1645 301 1740 70)
333 1673 546 1744 repetito
571 1645 797 1746 ejusdem
831 1671 1024 1724 Achabi
1049 1645 1280 1738 exemplo
1308 1666 1438 1720 tnhil
1479 1665 1646 1717 terius
1684 1677 1792 1714 esse
1817 1657 2038 1712 adstruit
2077 1671 2229 1746 quam
2259 1653 2395 1720 quod
2425 1649 2604 1746 ultimo
2633 1645 2901 1746 memorati
2927 1646 3110 1746 psalmi
3141 1645 3392 1700 versiculo
3419 1646 3512 1704 de-

182 1735 460 1830 claratur,
494 1735 658 1819 Deum
691 1765 881 1818 scilicet
905 1764 1153 1816 adversus
1177 1735 1320 1830 reges
1351 1768 1497 1810 terra:
1529 1771 1582 1808 se
1612 1768 1665 1806 se
1697 1751 1920 1820 prcebere
1948 1745 2223 1802 terribiltm
2245 1783 2260 1810 ,
2293 1757 2354 1795 ac
2383 1740 2620 1809 spiritunt
2663 1739 2869 1810 auferre
2903 1735 3195 1807 principum
3226 1751 3404 1791 eorum
3425 1777 3441 1804 ,
3490 1753 3523 1791 α

194 1857 390 1928 quibus
418 1869 522 1911 tam
553 1859 797 1912 atrociter
829 1868 1002 1910 tenues
1029 1857 1240 1920 inaputn
1271 1851 1543 1921 facultates
1568 1844 1907 1900 invaduntur.

267 1951 395 2004 Cum
426 1961 600 2004 autem
631 1967 695 2004 ea:
720 1951 782 2004 iis
809 1964 924 2019 qua:
948 1963 1109 2019 supra
1135 1945 1362 1999 diximus
1381 1985 1393 1996 .
1423 1941 1709 2009 intelligere
1735 1941 1800 1992 sit
1827 1941 1922 1991 hac
1946 1937 1996 1989 itt
2029 1934 2197 2005 apella
2224 1933 2386 1987 multo
2417 1927 2808 2003 frequentiorem
2839 1926 3040 2019 Achabi
3068 1943 3222 1996 quam
3261 1925 3522 1984 Nabutth

183 2043 310 2112 fieri
339 2046 643 2098 mentionem
669 2085 683 2107 ,
717 2018 852 2111 forte
880 2018 1104 2106 cuipiam
1137 2054 1320 2110 rogare
1348 2038 1550 2095 lubeat.
1582 2050 1676 2086 cur
1705 2032 1781 2086 illi
1809 2046 1910 2084 non
1935 2029 2106 2101 potius
2135 2026 2300 2080 indita
2326 2023 2476 2096 fuerit
2498 2021 2768 2112 inscriptio
2787 2063 2802 2085 ,
2843 2018 2910 2074 de
2946 2018 3137 2112 _Aclta|t
3165 2035 3290 2112 rege
3309 2061 3323 2086 ,
3364 2037 3517 2089 quant

183 2109 266 2193 de
290 2135 538 2192 Nstlttllhe
557 2109 845 2192 Jt-zraelita
870 2176 884 2198 ,
911 2136 987 2188 vel
1015 2133 1082 2186 de
1107 2109 1353 2186 sumne
1383 2141 1617 2198 paupere
1637 2167 1652 2186 .
1683 2133 1738 2178 ut
1769 2120 2094 2178 vetustissimi
2122 2135 2242 2172 ntss.
2273 2131 2384 2187 pra:
2413 2131 2466 2168 se
2493 2116 2684 2184 ferunt.
2712 2109 3031 2178 Responderi
3065 2126 3164 2164 non
3194 2111 3520 2167 incommode

185 2235 398 2299 potest,
430 2227 527 2280 hoc
561 2225 886 2282 tribuenduttt
918 2223 1082 2278 sancti
1112 2220 1368 2275 Antistitis
1408 2217 1571 2272 amori
1601 2233 1721 2285 erga
1764 2232 1791 2284 ρ

1912 2230 2011 2268 rres
2035 2253 2048 2276 ,
2091 2225 2308 2280 quorum
2345 2208 2511 2281 gratia
2551 2205 2605 2258 in
2651 2219 2710 2258 eo
2749 2210 2970 2256 tractatu
2999 2218 3099 2256 non
3122 2219 3286 2274 pauca
3315 2204 3518 2258 disserit

183 2333 312 2388 qua:
339 2320 406 2371 ad
426 2319 831 2372 consolationem
863 2331 1036 2369 eorum
1067 2313 1372 2376 conferant;
1401 2320 1446 2363 et
1474 2325 1602 2377 quos
1631 2303 1789 2377 (Cap.

1915 2305 2178 2366 n.1(i;c.
2213 2302 2277 2366 6,
2313 2297 2562 2363 n.‘29;c.
2595 2294 2692 2359 M,
2720 2293 2980 2357 n.60;c.
3016 2293 3112 2359 t6,
3139 2311 3192 2348 n.
3221 2294 3287 2350 67
3309 2305 3355 2350 et
3376 2295 3511 2368 seq.)

182 2387 382 2460 ibidem
413 2408 832 2477 locupletioribus
861 2423 962 2459 non
1007 2414 1203 2456 tantum
1233 2411 1432 2472 a‘qual,
1468 2399 1558 2454 sed
1590 2399 1740 2452 etiam
1772 2395 2066 2467 anteponit.
2113 2403 2286 2461 utpote
2339 2390 2592 2462 feliciores
2632 2388 2685 2441 in
2730 2403 2823 2441 sua
2862 2388 3140 2450 tenuitate.
3180 2405 3242 2442 ac
3273 2387 3380 2442 Deo
3407 2389 3512 2457 ipsi

183 2499 524 2565 acceptiores.
574 2498 824 2553 Ca'terum
853 2495 1141 2564 exemplum
1173 2496 1269 2548 hoc
1312 2493 1552 2563 pauperis
1593 2491 1748 2560 regite
1779 2487 2053 2557 cupiditati
2080 2502 2183 2539 non
2210 2483 2532 2553 obsequentis
2573 2479 2852 2534 admodum
2887 2480 3143 2548 placuisse
3181 2480 3302 2536 huic
3340 2492 3514 2537 nostro

193 2587 417 2644 Doctori
447 2607 547 2645 non
578 2592 741 2645 solum
774 2606 888 2660 quia
913 2591 994 2642 hic
1025 2589 1269 2660 leguntur
1294 2587 1485 2641 indicio
1513 2596 1662 2650 sunt;
1688 2600 1862 2638 verum
1888 2584 2038 2637 etiam
2067 2580 2206 2644 quod
2248 2581 2355 2643 iant
2379 2578 2558 2642 eodem
2585 2577 2677 2630 illo
2717 2575 2950 2644 exemplo
2976 2592 3098 2630 usus
3137 2575 3306 2645 fuerat
3331 2619 3348 2643 ,
3375 2587 3434 2632 ut
3460 2594 3517 2633 se

189 2681 314 2752 ipse
341 2683 673 2750 confirma'et
700 2683 1088 2748 stintularetque
1112 2682 1180 2733 ad
1207 2682 1543 2734 resistendum
1573 2676 1902 2749 imperatori,
1936 2693 1966 2728 u
1991 2691 2090 2744 quo
2119 2671 2344 2726 Iustina?
2375 2671 2622 2726 instinctu
2645 2667 3027 2725 Catholicorum
3054 2669 3296 2724 ecclesias
3315 2673 3518 2726 tradere

184 2772 407 2827 Arianis
431 2771 708 2840 jubebatur
736 2789 752 2827 :
782 2771 1027 2827 Nttltullte
1056 2773 1196 2825 vites
1227 2786 1350 2826 Suus
1371 2814 1385 2835 ,
1428 2770 1592 2838 inquit
1636 2766 1868 2835 (Contra
1899 2767 2033 2822 Aur.
2069 2767 2132 2820 de
2158 2764 2322 2820 Basil.
2346 2765 2363 2835 )
2385 2807 2400 2830 ,
2431 2765 2517 2819 vel
2567 2764 2785 2833 proprio
2825 2777 3019 2818 cruore
3057 2762 3314 2818 detrudit.
3345 2763 3400 2819 Si
3425 2763 3521 2821 ille

184 2865 410 2919 vineam
439 2869 545 2919 non
576 2864 797 2919 tradidit
837 2880 1022 2928 suum,
1073 2879 1172 2918 nos
1205 2862 1480 2917 trademus
1521 2861 1816 2917 Ecclesium
1858 2858 2120 2913 Cltristi?.
2157 2896 2195 2910 ..
2238 2855 2293 2912 Si
2336 2855 2429 2911 ille
2471 2864 2679 2924 patrum
2725 2852 3094 2908 hzl-reditatem
3135 2869 3242 2908 non
3274 2853 3515 2923 tradidit,

187 2968 302 3025 ego
343 2953 550 3009 tradam
589 2952 789 3009 Christi
828 2953 1248 3010 ltmreditatem?
1300 2953 1451 3009 Absit
1510 2964 1565 3009 ιιι
1624 2953 1830 3008 tradam
1891 2948 2263 3006 hereditatem
2315 2957 2568 3020 patrum,
2612 2947 2715 3004 hoc
2754 2957 2837 3003 cst
2885 2945 3258 3003 [nereditatem
3307 2946 3514 3020 Diony-

185 3045 262 3100 sii
289 3088 304 3110 ,
361 3053 467 3099 etc.

268 3132 391 3190 Hoc
416 3136 528 3188 loco
555 3135 988 3191 dissimulandum
1019 3154 1118 3192 non
1143 3147 1212 3192 est
1238 3137 1561 3192 Ambrosium
1601 3154 1662 3192 ex
1703 3136 1982 3192 Basilianis
2007 3136 2246 3190 'ltomiliis
2273 3176 2290 3202 ,
2317 3134 2386 3190 de.
2418 3133 2653 3190 Avaritia
2675 3176 2689 3200 ,
2729 3143 2776 3188 et
2805 3133 2855 3188 in
2892 3132 3520 3217 Ditescentes'nonnulla

191 3234 490 3280 mutuatum
513 3244 638 3283 esse.
666 3225 815 3282 Illud
846 3231 1026 3282 evincit
1057 3231 1132 3282 vel
1156 3229 1266 3282 sola
1293 3228 1511 3299 afﬁnitas
1553 3227 1750 3300 (Basil.
1773 3272 1786 3294 ,
1825 3227 1981 3283 Hom.
2022 3227 2086 3282 de
2120 3229 2312 3293 Avar.;
2347 3226 2519 3282 Ambr.
2543 3268 2560 3294 ,
2589 3243 2705 3296 cap.
2737 3227 2804 3292 5,
2835 3243 2974 3279 num.
3018 3225 3082 3280 2|
3119 3237 3166 3280 et
3217 3226 3351 3297 seq.)
3409 3225 3517 3280 cle-

188 3319 619 3390 gantissitnarttttt
647 3337 820 3374 eorum
868 3321 1268 3391 descriptionum
1311 3321 1495 3387 quibus
1541 3324 1679 3392 apud
1713 3330 2002 3386 utrumque,
2036 3319 2198 3390 patris
2243 3318 2514 3390 cujusdam
2546 3333 2705 3371 unum
2733 3334 2760 3369 e
2785 3316 2977 3380 liberis,
3023 3315 3092 3368 ad
3113 3317 3326 3370 alendos
3355 3317 3514 3383 alios,

190 3409 416 3464 vendere
440 3413 621 3475 coacti,
651 3412 799 3465 dolor
825 3423 974 3481 atque
998 3424 1150 3465 cestus
1181 3420 1285 3464 tattt
1318 3411 1569 3464 concitato
1597 3410 1800 3464 dicendi
1830 3428 2011 3482 genere
2039 3424 2246 3480 tamque
2275 3409 2344 3462 ad
2375 3409 2649 3464 movendos
2683 3409 2882 3463 animos
2919 3407 3107 3463 idoneo
3133 3409 3514 3474 exprimuntur.

193 3503 261 3558 Si
284 3503 413 3573 quid
440 3515 688 3574 prceterea
712 3521 774 3559 ea:
797 3503 989 3558 Basilio
1015 3505 1340 3570 desumptum
1362 3502 1446 3556 hic
1475 3504 1752 3574 reperitur,
1788 3502 1842 3556 id
1865 3504 2065 3567 quidem
2099 3506 2260 3574 ferme
2290 3501 2421 3555 nihil
2447 3499 2591 3554 aliud
2631 3511 2705 3554 est
2737 3499 2837 3553 nisi
2868 3514 3045 3568 pauca:
3083 3499 3366 3561 sentetttic.
3387 3514 3516 3569 quas

195 3596 326 3651 ltinc
352 3597 476 3652 inde
500 3611 763 3669 excerptas
787 3599 1014 3654 Sanctus
1043 3610 1214 3652 noster
1241 3615 1350 3653 sure
1379 3599 1610 3653 materia:
1634 3597 2054 3653 accommodarit.
2093 3596 2158 3651 Et
2184 3597 2281 3651 hoc
2315 3612 2513 3652 ontttent
2541 3605 2686 3649 castra
2723 3592 3118 3648 controversiam
3148 3607 3256 3647 esse
3283 3607 3385 3645 non
3425 3590 3518 3645 ibit

191 3687 439 3757 inﬁtias,
471 3689 558 3758 qui
586 3689 989 3745 consideraverit
1019 3691 1223 3744 beatum
1245 3689 1498 3744 Basiliam
1525 3707 1624 3744 non
1656 3691 1754 3744 nisi
1785 3691 1942 3744 obiter
1981 3690 2044 3744 de
2072 3689 2248 3744 Achab
2277 3701 2323 3744 et
2365 3688 2607 3743 Nabuthe
2637 3687 2806 3758 loqui,
2849 3685 2913 3740 de
2937 3685 3134 3757 psalmo
3163 3694 3331 3739 autettt
3371 3698 3518 3740 uxv

195 3793 416 3849 prorsus
438 3789 632 3842 tacere,
666 3781 719 3833 itt
743 3781 924 3852 quibus
952 3792 1123 3835 tamen
1149 3783 1417 3850 potissima
1457 3799 1580 3850 pars
1605 3783 1953 3836 Antbrosiana:
1978 3783 2424 3837 contmentationis
2450 3783 2616 3853 posita
2641 3790 2734 3836 est.

275 3867 329 3922 Ν
338 3869 503 3923 ullunt
545 3886 698 3938 porro
741 3888 803 3925 ea:
845 3871 1003 3943 hujus
1034 3876 1204 3942 operis
1235 3874 1450 3926 lectione
1493 3884 1853 3952 argumentum
1881 3891 2056 3929 eruere
2082 3876 2249 3946 possis
2273 3916 2287 3940 ,
2333 3877 2469 3928 unde
2499 3875 2698 3943 liquido
2734 3873 2966 3940 eiusdem
3002 3883 3130 3928 tetas
3157 3874 3514 3944 cognoscatur.

195 3959 441 4014 Attamen
490 3976 591 4013 non
620 3959 750 4014 nihil
799 3962 865 4014 ad
913 3962 1045 4015 hanc
1095 3979 1204 4016 rem
1248 3964 1654 4034 investigandum
1700 3966 1898 4018 videtur
1943 3966 2258 4034 pra'lucere,
2311 3972 2446 4032 quod
2479 3967 2585 4019 illic
2634 3964 2798 4037 (Cap.
2851 3967 2950 4028 Η,
2985 3983 3127 4019 num.
3171 3966 3268 4030 6|,
3297 3973 3417 4018 etc.
3461 3963 3517 4031 5,

198 4068 351 4105 num.
380 4050 451 4106 ΞΟ
477 4061 522 4104 ει
548 4052 688 4122 seq.)
715 4063 960 4106 narratur
986 4053 1048 4106 de
1071 4058 1360 4123 potentiutn
1377 4098 1391 4122 ,
1418 4056 1688 4109 consulum
1712 4097 1726 4119 ,
1756 4058 2044 4130 principum
2073 4072 2224 4127 atque
2247 4061 2546 4127 optimatum
2577 4059 2793 4113 araritia
2821 4075 2840 4113 :
2859 4075 2974 4129 qua:
2993 4058 3196 4129 quidem
3218 4073 3278 4111 eo
3303 4056 3524 4127 feritatis

201 4158 299 4213 per
328 4141 438 4196 lucc
464 4153 698 4213 tempora
727 4144 1029 4208 devenerat,
1073 4155 1125 4197 ttt
1158 4162 1412 4215 pauperes
1443 4148 1510 4200 ad
1549 4151 1841 4200 vertendum
1885 4150 2048 4202 solum
2068 4191 2083 4214 ,
2131 4149 2436 4203 deserendas
2473 4154 2753 4223 conjuges,
2802 4151 2985 4206 liberos
3015 4169 3078 4206 ne
3107 4155 3243 4223 fame
3268 4150 3324 4204 in
3350 4148 3525 4223 patria

197 4250 301 4289 sua
331 4233 582 4300 perirent,
611 4235 936 4289 abducendos
967 4247 1288 4307 cogerentur.
1321 4236 1477 4291 Enim
1506 4254 1622 4291 vero
1653 4237 1904 4293 Paulinus
1929 4258 1960 4293 a
1983 4257 2082 4309 quo
2108 4243 2253 4295 nobis
2286 4242 2539 4297 Ambrosii
2570 4245 2674 4299 vita
2703 4245 3001 4298 transmissa
3025 4256 3100 4301 est
3120 4285 3136 4310 ,
3165 4243 3288 4299 dum
3325 4253 3526 4317 postre-

199 4343 315 4382 mas
346 4326 478 4381 beati
511 4327 762 4383 Prazsulis
791 4329 1015 4382 actiones
1043 4342 1319 4395 memorat,
1352 4332 1422 4384 ita
1453 4331 1678 4400 loquitur
1709 4347 1727 4384 :
1757 4331 2145 4401 Ingemiscebat
2175 4333 2528 4389 Vehementer
2557 4352 2680 4389 cum
2723 4335 2931 4391 videret
2978 4338 3212 4391 radicem
3255 4338 3519 4390 malorum

201 4418 446 4477 omnium
469 4423 748 4476 avaritiam
784 4422 1044 4492 pullulare
1067 4465 1080 4485 .
1105 4440 1226 4493 qua:
1266 4440 1438 4494 neque
1465 4425 1617 4493 capia
1644 4467 1658 4486 .
1690 4441 1864 4494 neque
1890 4425 2070 4494 inopia
2101 4427 2269 4481 tninui
2301 4437 2478 4498 potest
2498 4469 2515 4495 ,
2545 4433 2715 4501 magis
2742 4433 3021 4501 magisque
3046 4445 3296 4487 crescere
3329 4431 3382 4486 in
3422 4429 3524 4484 lto-
3586 4411 3589 4414 I

202 4515 441 4570 minibus
465 4556 479 4577 ,
510 4526 559 4570 et
591 4518 823 4570 maxime
871 4517 922 4569 itt
951 4517 1017 4570 iis
1046 4518 1134 4587 qui
1165 4520 1217 4570 in
1252 4517 1612 4585 potestatibus
1652 4528 1808 4572 etant
1849 4517 2160 4584 constituti;
2196 4519 2266 4574 ita
2298 4531 2354 4572 ut
2402 4520 2793 4576 interueniemli
2833 4525 2972 4593 apud
3017 4522 3139 4578 illos
3177 4519 3528 4592 gravissimus

203 4607 360 4662 labor
401 4616 579 4672 esset,
607 4609 697 4676 qui
730 4609 909 4662 omnia
957 4613 1130 4677 pretio
1157 4608 1556 4664 distrahebant.
1605 4611 1736 4676 Qum
1781 4625 1867 4663 res
1913 4625 1961 4679 ps
1979 4610 2088 4664 imo
2131 4625 2293 4666 omne
2335 4613 2535 4667 malum
2570 4613 2772 4667 invexit
2815 4612 3011 4680 Italim,
3041 4623 3094 4667 et
3125 4611 3322 4667 exinde
3345 4609 3527 4664 omnia

205 4708 435 4770 vergunt
468 4701 519 4754 in
551 4703 704 4770 pejus
731 4742 746 4766 ,
775 4712 876 4756 etc.
912 4701 1150 4773 (Paulin.
1177 4705 1229 4756 in
1278 4702 1396 4757 Vita
1428 4704 1489 4757 S.
1516 4702 1832 4774 Ambrosii).
1866 4701 2042 4757 Totius
2070 4715 2244 4758 autem
2271 4707 2484 4769 huiusce
2511 4706 2611 4760 loci
2639 4723 2754 4760 cum
2781 4708 2842 4758 iis
2869 4722 2981 4775 qtae
3007 4705 3059 4758 in
3089 4713 3307 4758 tractatu
3339 4703 3402 4754 de
3430 4717 3531 4770 quo

206 4793 411 4862 agimus
435 4833 448 4856 ,
482 4793 730 4846 dicuntur
755 4835 770 4859 ,
805 4795 970 4863 major
999 4805 1071 4848 est
1103 4811 1394 4857 consensio,
1431 4811 1587 4865 quattt
1632 4805 1683 4847 ut
1713 4795 1780 4846 ad
1811 4811 1870 4848 ea
1903 4796 2190 4862 respexisse
2212 4792 2467 4849 Paulinus
2495 4813 2598 4850 non
2622 4799 2875 4852 videatur.
2916 4795 2982 4850 Et
3026 4795 3255 4865 quamvis
3282 4794 3416 4847 idem
3443 4791 3533 4847 ille

206 4898 390 4939 auctor
413 4888 467 4938 itt
495 4885 779 4940 scribendis
799 4886 1057 4939 Ambrosii
1083 4887 1236 4958 gestis
1261 4887 1468 4939 minime
1495 4894 1695 4938 secutas
1727 4884 1877 4953 fuerit
1901 4896 2198 4939 accuratam
2224 4897 2512 4955 temporum
2540 4889 2821 4952 rationem;
2849 4887 2973 4940 satis
3000 4895 3164 4940 tamen
3191 4881 3531 4950 intelligimus

211 4977 320 5032 lure
349 4993 408 5031 eo
456 4978 554 5032 loci
584 4978 646 5032 ab
676 4979 790 5046 ipso
820 4994 929 5032 esse
955 4986 1264 5041 memorata,
1297 4976 1435 5041 quod
1476 4993 1648 5029 revera
1703 4976 1908 5028 illorum
1939 4991 2208 5044 procerum
2257 4976 2518 5044 cupiditas
2549 4994 2823 5046 numquam
2867 4974 3110 5030 exarserit
3159 4969 3488 5042 impotentius
3511 5011 3528 5036 ,

210 5083 362 5137 quam
390 5066 481 5120 sub
509 5078 790 5121 extremum
819 5066 1094 5120 Theodosii
1127 5067 1309 5137 Magni
1337 5067 1605 5136 imperiunt
1631 5081 1648 5120 :
1677 5083 1795 5119 cum
1823 5066 2054 5119 videlicet
2098 5065 2348 5137 Rufinum
2368 5108 2383 5133 ,
2419 5067 2724 5140 Eutrapiunt
2751 5113 2766 5135 ,
2795 5070 3023 5136 aliosque
3047 5068 3315 5137 praefectos
3359 5061 3530 5116 Casa-

213 5175 327 5212 reos
355 5161 406 5212 iu
433 5171 630 5212 tantam
659 5158 904 5211 invidiam
932 5169 1085 5227 atque
1114 5156 1291 5210 odium
1317 5173 1413 5210 sua
1443 5157 1660 5210 adduxit
1701 5157 1994 5228 rapacitas,
2024 5167 2081 5210 ut
2129 5156 2319 5212 Patres
2349 5161 2554 5215 concilii
2584 5159 3002 5230 Cartltaginensis
3040 5157 3104 5211 ab
3145 5153 3532 5224 imperatoribus

215 5263 439 5321 prapter
463 5251 809 5306 alﬂicliom'tn
835 5267 1130 5322 pauperum
1147 5265 1451 5323 (σθω-θηριων
1474 5261 1668 5319 petere.
1687 5260 1739 5302 ut
1758 5249 2069 5304 defensitt'e~
2091 5249 2170 5304 eis
2193 5249 2455 5304 adversus
2486 5251 2752 5319 potentias
2770 5248 2992 5302 divitum
3012 5263 3134 5302 cum
3153 5245 3526 5314 cpiscuporllttt

219 5344 529 5413 provisione
554 5345 874 5412 delegentur
905 5342 1102 5413 (Cone.
1135 5341 1382 5408 Cltl'i/lag.
1419 5356 1503 5405 Itt,
1546 5341 1854 5409 quibusdam
1879 5356 1944 5406 ν,
1983 5357 2099 5394 can.
2132 5341 2222 5413 9).
2255 5339 2376 5394 Non
2410 5350 2480 5394 est
2513 5339 2720 5393 dubinnt
2749 5339 2869 5406 quin
2899 5349 3018 5392 ante
3062 5337 3203 5404 ipsos
3233 5332 3530 5388 Ambmsitts

217 5450 414 5505 quoque
441 5452 590 5489 suam
640 5437 691 5488 in
722 5452 877 5488 causa
914 5445 1014 5488 tant
1045 5434 1132 5508 piq
1177 5435 1480 5486 charitatetn
1525 5431 1904 5497 nobilitaverit;
1952 5432 2087 5484 unde
2129 5432 2261 5484 nihil
2306 5435 2534 5499 profecto
2582 5428 2811 5482 videmus
2853 5427 3061 5489 obesse,
3114 5423 3385 5494 quominus
3431 5422 3528 5476 ltoc

221 5525 335 5594 ipso
365 5531 499 5598 forte
526 5528 743 5584 consilio
791 5516 1024 5581 eumdem
1057 5526 1240 5581 librant
1272 5542 1408 5580 anno
1455 5523 1562 5581 595
1587 5563 1604 5592 ,
1637 5535 1724 5576 aut
1764 5523 1868 5578 alio
1913 5526 2150 5594 proximo
2175 5565 2190 5594 ,
2235 5524 2481 5595 scriptum
2511 5521 2743 5576 dicamus
2775 5518 2955 5590 :iadeo
2985 5520 3112 5572 belle
3157 5519 3210 5572 itt
3249 5515 3305 5571 id
3352 5514 3524 5568 omnia

223 5633 545 5679 conveniunt.
