4066 6360
604 274 702 332 751

1929 269 2182 330 SANG'I'I
2219 271 2540 330 Δηθιιυεοιι

955 527 1973 710 SANCTI
2179 537 3545 710 AMBROSII
3715 601 3726 608 ·

1795 797 2371 887 MEDIDLANENSIS
2429 801 2766 887 EPISCOPI
3695 795 3704 804 ’

923 985 1190 1132 DE
1287 965 2248 1134 NABUTHE
2343 987 3570 1137 JEZRAELITA

1871 1235 2203 1314 LIBER
2286 1241 2558 1316 UNUS
2600 1237 2660 1312 ³.

2413 1393 2796 1410 -ι--ι--ο

1843 1405 1987 1422 --η
2054 1405 2105 1423 ,,
2659 1405 2796 1410 ,F—

1020 1507 1182 1583 δοῦ
1219 1505 1446 1564 CAPUT
1485 1505 1774 1564 PRIMUM.

613 1643 888 1713 Quomodo
919 1645 1153 1712 exemplo
1186 1641 1430 1700 Nabutlte
1461 1653 1506 1699 et
1544 1641 1715 1698 Achab
1747 1657 1997 1716 pauperes
2033 1643 2202 1713 quoti-

675 1741 758 1796 die
812 1757 844 1794 a
892 1731 1133 1796 divitibus
1183 1743 1542 1811 opprimantur
1559 1757 1580 1805 ;
1630 1757 1743 1794 cum
1791 1750 1958 1794 tamen
2011 1749 2200 1792 natura

680 1851 854 1890 omnes
902 1835 1123 1900 wquales
1165 1836 1500 1906 produxerit,
1551 1845 1598 1890 et
1640 1834 1932 1907 sepulcrum
1980 1834 2202 1903 atquales

676 1928 896 2000 accipiat
929 1943 948 1982 :
977 1943 1076 1998 qua
1105 1927 1167 1982 de
1197 1945 1252 1982 re
1279 1925 1583 1984 Ambrosius
1609 1928 1798 2000 fastum
1830 1943 1888 1981 ac
1931 1927 2200 1983 stultitiam

674 2025 890 2080 divitum
921 2028 1214 2082 insectatur.

675 2163 728 2217 l.
771 2161 1020 2218 Nabuthe
1049 2163 1274 2220 historia
1303 2175 1552 2236 tempore
1581 2173 1736 2220 vetus
1766 2173 1870 2230 est,
1895 2179 1992 2218 usu
2021 2163 2202 2234 quoti-

600 2255 781 2311 diana.
817 2256 950 2322 Quis
990 2257 1134 2312 enim
1168 2257 1394 2314 divitum
1431 2271 1539 2314 non
1579 2256 1824 2329 quotidie
1863 2255 2202 2326 concupiscit

599 2349 816 2406 aliena?
845 2349 980 2419 Quis
1015 2351 1559 2418 epulentissimorum
1599 2365 1706 2408 non
1753 2351 2042 2407 exturbare
2071 2365 2202 2406 con-

601 2445 777 2498 tendit
803 2445 1044 2515 agellulo
1087 2459 1187 2500 suo
1223 2459 1513 2517 pauperem
1539 2491 1553 2515 ,
1599 2457 1762 2518 atque
1815 2449 2030 2516 inopem
2071 2445 2202 2501 aviti

603 2540 746 2592 ruris
775 2539 1058 2593 eliminare
1081 2539 1310 2595 ﬁnibus?
1337 2542 1470 2609 Quis
1495 2549 1789 2596 contentus
1817 2551 1901 2596 est
1927 2539 2068 2595 suo?
2093 2541 2200 2596 Cu-

601 2631 690 2699 jus
731 2647 836 2684 non
867 2629 1164 2687 inﬂammet
1205 2632 1388 2687 divitis
1417 2635 1653 2688 animum
1681 2633 1856 2688 vicina
1891 2632 2200 2703 possessio?

605 2721 722 2776 Non
751 2723 913 2792 igitur
939 2737 1079 2778 unus
1122 2722 1310 2780 Achab
1349 2736 1506 2780 natus
1543 2737 1665 2782 est:
1711 2725 1805 2782 sed
1827 2765 1841 2791 ,
1873 2726 2014 2796 ηυοά
2044 2726 2198 2795 pejus

603 2825 720 2884 est,
749 2819 994 2888 quotidie
1017 2817 1206 2875 Achab
1227 2820 1488 2888 nascitur,
1534 2829 1588 2876 et
1620 2835 1912 2891 numquam
1943 2820 2064 2875 huic
2087 2835 2194 2874 ste-

2225 1511 2278 1573 Α
2308 1523 2427 1564 mur
2445 1551 2462 1576 ,
2495 1514 2662 1568 nescit
2691 1515 2908 1586 quando
2933 1516 3236 1573 deﬁcimus.
3267 1521 3472 1576 Omnes
3501 1519 3726 1576 similes
3749 1535 3898 1586 creat.

2305 1619 2495 1660 omnes
2513 1607 2719 1662 similes
2739 1609 2950 1679 gremio
2971 1611 3174 1666 claudit
3193 1613 3454 1682 sepulcri.
3479 1612 3618 1680 Quis
3639 1613 3898 1668 discernat

2305 1699 2516 1766 species
2558 1703 2939 1757 mortuorum?
2977 1703 3246 1774 Redoperi
3281 1714 3518 1771 terram,
3557 1717 3614 1760 et
3643 1707 3692 1760 si
3721 1715 3894 1776 putes.

2305 1789 2534 1846 divitem
2555 1793 2923 1862 deprehendo.
2951 1797 3252 1852 Eruderato
3277 1799 3440 1868 paulo
3465 1808 3594 1868 post
3623 1801 3896 1866 tumulum,

2307 1893 2361 1938 et
2393 1882 2436 1936 si
2465 1887 2750 1954 cognoscis
2775 1897 3058 1958 egentem,
3089 1905 3292 1960 argue;
3327 1891 3428 1946 nisi
3459 1891 3604 1948 forte
3647 1891 3758 1948 hoc
3799 1893 3896 1948 sola

2305 1975 2448 2045 quod
2475 1993 2597 2031 cum
2621 1978 2786 2034 divite
2815 1981 2968 2050 plura
2999 1993 3250 2052 pereunt.

2375 2071 2426 2124 5.
2471 2071 2673 2127 Serica:
2697 2083 2904 2142 vestes,
2937 2087 2990 2130 et
3037 2090 3172 2130 auro
3201 2077 3410 2132 intexta
3453 2077 3734 2132 velamina
3759 2079 3894 2148 ,qui-

2303 2161 2404 2218 bus
2443 2163 2628 2220 divitis
2653 2181 2850 2236 corpus
2891 2167 3130 2223 ambitur
3153 2207 3170 2234 ,
3201 2168 3402 2224 damna
3429 2171 3738 2225 viventium
3763 2213 3778 2236 ,
3805 2187 3890 2226 non

2305 2257 2546 2312 subsidia
2579 2258 2960 2317 defunctorum
2991 2271 3138 2317 sunt.
3177 2263 3526 2334 Unguentum
3549 2266 3762 2336 accipis
3783 2266 3810 2304 ιθ
3833 2269 3892 2320 di-

2305 2369 2422 2419 ves,
2453 2362 2510 2409 et
2543 2353 2741 2410 letidus
2769 2371 2830 2412 es
2859 2373 2873 2412 :
2901 2357 3082 2428 perdis
3111 2357 3346 2413 alienam
3375 2359 3649 2429 gratiam,
3685 2377 3784 2416 nec
3815 2375 3890 2414 ac-

2301 2447 2478 2517 quiris
2509 2456 2674 2504 luant.
2723 2450 2977 2506 llmredes
3007 2452 3270 2524 relinquis
3317 2455 3408 2523 qui
3455 2455 3694 2524 litigent.
3729 2455 3890 2510 [laure-

2305 2541 2462 2596 dibus
2485 2541 2750 2614 relinquis
2767 2547 3070 2614 depositum
3093 2547 3262 2616 magis
3287 2546 3730 2612 Inmreditarium,
3753 2563 3888 2615 quas:

2305 2635 2653 2690 commodum
2689 2636 3057 2692 voluntarium
3081 2679 3097 2704 ,
3127 2641 3218 2708 qui
3249 2637 3304 2693 id
3335 2639 3486 2706 quod
3533 2641 3786 2696 relictum
3825 2651 3890 2696 est

2303 2731 2551 2786 minuere
2577 2747 2640 2787 ac
2663 2733 2868 2788 violare
2889 2734 3198 2790 formident.
3225 2735 3282 2792 Si
3313 2735 3456 2806 frugi
3481 2735 3732 2790 ha‘redes
3757 2745 3878 2800 sunt,

2301 2823 2612 2878 custodiunt
2641 2843 2654 2878 :
2687 2825 2730 2878 si
2767 2823 3066 2892 luxuriosi,
3099 2827 3448 2882 exhauriunt.
3479 2827 3674 2895 itaque
3701 2827 3886 2881 authu-

605 2911 729 2967 culu
759 2914 1010 2968 moritur.
1053 2914 1111 2970 Si
1159 2931 1299 2970 unus
1341 2917 1567 2979 occidit,
1611 2925 1900 2987 assurgunt
1941 2915 2200 2987 plurimi:
2233 2919 2281 2978 Β
2309 2931 2407 2970 nos
2433 2916 2678 2972 lttcredes
2713 2928 2980 2988 perpetua
3007 2921 3340 2974 condemnas
3365 2921 3746 2976 sollicitudine
3775 2929 3882 2973 :Iut

605 3006 790 3077 plures
813 3008 902 3078 qui
933 3008 1162 3078 rapiant,
1189 3025 1350 3080 quam
1378 3011 1468 3081 qni
1500 3011 1767 3066 amittant.
1793 3009 1912 3065 Non
1939 3023 2078 3064 unus
2101 3008 2205 3064 Na-

603 3099 770 3156 butbe
797 3117 1004 3173 pauper
1031 3103 1245 3160 occisus
1266 3113 1348 3160 est
1374 3122 1387 3158 :
1409 3105 1654 3176 quotidie
1702 3101 1953 3158 Nalmthe
1995 3103 2201 3157 sterni-

603 3203 725 3262 tur,
754 3195 998 3266 quotidie
1043 3209 1250 3268 pauper
1277 3197 1564 3253 occiditur.
1597 3195 1712 3251 Hoc
1757 3205 1904 3251 metu
1933 3195 2200 3266 percitum

605 3284 904 3368 humanum
947 3299 1118 3359 genus
1157 3288 1432 3360 ceditjam
1477 3291 1588 3344 suis
1627 3287 1807 3354 terris,
1839 3289 2036 3358 migrat
2079 3299 2201 3341 eum

609 3383 849 3452 parvulis
877 3397 1086 3454 pauper
1125 3389 1355 3438 onustus
1381 3385 1606 3453 pignore
1629 3395 1730 3437 suo
1755 3397 1770 3434 :
1797 3382 2042 3452 sequitur
2071 3393 2204 3434 uxor

605 3473 950 3545 illacrymans
975 3485 1248 3546 tamquam
1302 3475 1368 3530 ad
1413 3477 1627 3530 bustum
1653 3481 2010 3544 prosequatur
2037 3473 2202 3527 mari-

609 3574 743 3620 tum.
797 3566 975 3620 Minus
1005 3577 1186 3622 tamen
1213 3565 1463 3636 deplorat
1488 3566 1578 3621 illa
1600 3609 1615 3634 ,
1641 3575 1766 3638 quae
1787 3565 1952 3620 deﬂet
1979 3577 2200 3620 suorum

609 3657 830 3724 funera;
851 3659 980 3728 quia
1011 3660 1111 3712 etsi
1141 3659 1324 3714 amisit
1361 3658 1610 3730 conjugis
1639 3657 1948 3729 praesidium
1971 3699 1986 3722 ,
2015 3657 2198 3727 sepul-

608 3763 759 3803 crum
789 3756 941 3804 teuct
965 3768 978 3803 ε
1003 3759 1058 3804 et
1087 3750 1132 3826 si
1159 3749 1298 3805 ﬁlios
1323 3765 1426 3805 non
1459 3761 1626 3818 tenet,
1654 3759 1830 3805 tamen
1853 3749 2066 3805 exsules
2093 3761 2200 3804 non

604 3844 786 3910 dolet,
817 3857 928 3900 non
961 3845 1186 3916 ingemit
1221 3845 1472 3917 graviora
1501 3843 1780 3900 funeribus
1809 3852 2010 3899 tenera:
2034 3843 2201 3913 prolis

599 3937 827 4008 jejttnia.

671 4033 727 4087 2.
769 4033 1065 4104 Quousque
1087 4033 1421 4100 extenditis,
1453 4032 1680 4100 divites,
1723 4033 1944 4088 insanas
1987 4033 2208 4103 cupidi-_

603 4125 777 4180 tates'l
817 4125 1087 4198 Numquid
1113 4127 1216 4180 soli
1253 4125 1620 4182 inltabitabitis
1643 4141 1807 4197 super
1827 4125 2065 4182 terram!
2091 4125 2202 4180 Cur

603 4216 806 4286 ejicitis
833 4229 1143 4274 consortem
1183 4229 1391 4274 natura:
1411 4219 1436 4271 ?
1465 4229 1517 4272 et
1557 4211 1846 4274 vindicatis
1885 4219 2198 4290 vobis'pos-

607 4309 906 4364 sessionem
957 4311 1200 4366 naturae?
1231 4312 1286 4365 ln
1327 4325 1614 4367 commune
1655 4313 1909 4368 omnibus
1947 4313 2202 4368 divitibus
2229 4315 2274 4376 α
2311 4307 2550 4372 festinat,
2581 4307 2720 4361 unde
2755 4311 2826 4360 sit
2856 4309 3070 4376 gravior
3097 4309 3250 4369 ruina
3277 4307 3517 4376 lapsuro.
3545 4301 3872 4363 Tolerabiiinr

606 4409 771 4469 atque
817 4403 1144 4472 pauperibus
1191 4413 1336 4460 terra
1385 4404 1610 4459 fundata
1649 4415 1774 4473 est,
1799 4421 1897 4461 cur
1921 4406 2073 4462 vobis
2114 4407 2202 4475 jus

605 4494 880 4565 proprium
911 4497 1040 4563 soli,
1066 4497 1282 4564 divites,
1315 4498 1620 4568 arrogatis?
1645 4497 1828 4553 Nescit
1851 4509 2040 4553 natura
2067 4497 2206 4555 divi-

607 4595 710 4652 tes,
743 4595 865 4657 quat
891 4601 1083 4642 omnes
1109 4601 1376 4660 pauperes
1399 4587 1564 4663 566
1581 4601 1826 4662 generat.
1851 4589 2034 4662 Neque
2056 4593 2200 4648 enim

606 4695 730 4736 cum
761 4683 1104 4738 vestimentis
1136 4685 1427 4751 nascimur,
1465 4699 1564 4740 nec
1592 4699 1714 4740 eum
1747 4695 1880 4739 auro
1901 4727 1916 4752 ,
1949 4693 2204 4756 argento-

603 4791 708 4845 que
738 4789 1082 4845 generamur.
1114 4775 1298 4834 Nudos
1325 4776 1464 4833 l‘udtt
1487 4779 1541 4833 in
1569 4777 1770 4846 lucem,
1803 4788 2025 4851 egentes
2052 4779 2200 4846 cibo,

599 4869 822 4932 amictu,
857 4869 1050 4939 poculo
1078 4887 1090 4924 :
1137 4867 1308 4927 nudos
1341 4871 1535 4944 recipit
1564 4881 1706 4927 terra
1729 4881 1865 4941 qttos
1893 4871 2083 4936 edidit,
2111 4879 2198 4926 ne-

598 4962 700 5016 scit
729 4961 863 5019 lines
911 4966 1317 5034 possessionum
1367 4967 1619 5036 sepulcro
1667 4965 1966 5022 includere.
1998 4969 2198 5037 Cespes

599 5063 860 5126 angustus
884 5071 1034 5127 aeque
1064 5067 1119 5113 et
1147 5060 1370 5129 pauperi
1401 5059 1641 5113 abundat
1668 5069 1721 5115 et
1747 5055 1900 5114 diviti
1927 5077 1940 5113 :
1964 5071 2018 5115 et
2053 5071 2196 5116 terra

599 5161 718 5216 qua:
745 5148 972 5203 viventis
997 5165 1104 5204 non
1135 5151 1278 5221 cepit
1305 5149 1560 5205 allectum
1580 5193 1594 5216 ,
1625 5157 1798 5206 totum
1831 5152 1941 5222 jam
1971 5151 2193 5207 divitem

599 5241 766 5311 capit.
808 5240 994 5298 Nescit
1031 5258 1161 5316 ergo
1193 5231 1382 5300 natura
1413 5243 1730 5300 diSoernere
1771 5247 1986 5316 quando
2017 5245 2195 5302 nasci-

673 5433 696 5494 ἒι
737 5423 986 5494 Scriptus
1016 5417 1155 5480 I‘ort‘e
1185 5428 1318 5483 circ.
1341 5441 1433 5494 an.
1467 5427 1595 5484 395.

668 5493 698 5532 ι’
741 5487 882 5550 Εὰἱιζ
912 5497 1036 5553 Am.
1063 5503 1118 5552 et
1141 5499 1296 5564 Era.,
1322 5487 1481 5567 diues,
1515 5509 1627 5568 post
1655 5509 1888 5553 mortuus
1919 5515 2002 5566 es,
2049 5511 2094 5553 et
2127 5500 2202 5567 re-

605 5567 750 5643 tidus
780 5584 832 5620 es
851 5585 878 5643 _;A
914 5568 1082 5634 Gi||.;
1133 5571 1272 5624 dives
1315 5567 1584 5643 postquam
1633 5581 1860 5624 mortuus
1911 5587 1996 5636 es,
2054 5579 2159 5624 etc.
2186 5613 2201 5635 ,

606 5635 796 5700 Rom,
826 5641 986 5714 dines.
1021 5651 1284 5714 mortuus,
1310 5635 1354 5696 et
1395 5635 1581 5714 fetidus
1619 5659 1691 5697 es.
1722 5643 1912 5696 Cuncti
1943 5635 2100 5705 nus”
2129 5643 2208 5694 di-

611 5722 718 5774 ves,
751 5718 798 5761 et
825 5710 1013 5782 fetida;
1035 5730 1104 5767 es.
1135 5710 1544 5782 Sequenliveru
1569 5715 1832 5770 sententia
1860 5729 2049 5768 omnes
2075 5715 2204 5768 edit.

2307 3009 2478 3064 malos
2505 3008 2750 3076 dimittis,
2785 3025 2892 3080 quo
2925 3021 3014 3066 tua
3041 3011 3179 3068 facta
3203 3013 3600 3070 condemnem.

2927 3143 3155 3203 CAPUT
3197 3147 3259 3204 Il.

2311 3263 2510 3320 Dirites
2539 3275 2730 3334 quanto
2755 3266 2918 3338 magis
2949 3267 3214 3320 abundant
3240 3283 3396 3321 censu
3419 3309 3436 3332 ,
3465 3277 3612 3323 tanto
3643 3267 3880 3338 pauperie-

2376 3375 2458 3412 res
2479 3357 2597 3412 esse
2621 3358 2830 3426 αἰγίδι-ιιι.
2879 3357 2946 3412 Icl
2975 3358 3152 3412 Achab
3196 3369 3242 3412 ct
3289 3358 3541 3414 Nabal/te
3587 3360 3878 3414 contentione

2378 3451 2592 3520 planum
2625 3453 2702 3520 ﬁt.
2751 3450 2879 3505 Mox
2907 3451 3169 3522 proposito
3203 3451 3502 3522 Scriptura:
3531 3463 3704 3516 terte,
3735 3450 3878 3518 petitio

2377 3544 2490 3610 illa,
2519 3543 2595 3597 Da
2625 3543 2778 3606 mihi,
2805 3560 2960 3614 quam
2991 3545 3192 3616 objecta
3219 3544 3304 3610 sit,
3339 3545 3708 3616 perpenditur.

2377 3659 2429 3711 4.
2475 3656 2585 3712 Sed
2617 3657 2742 3721 quid
2787 3657 3072 3712 arbitraris
3101 3658 3240 3728 quod
3269 3658 3397 3712 dum
3453 3659 3594 3713 vivis
3615 3701 3630 3720 .
3669 3655 3877 3712 abundas

2301 3747 2595 3804 omnibus?
2637 3749 2682 3805 0
2711 3749 2864 3806 dives
2887 3792 2900 3816 ,
2931 3752 3111 3807 nescis
3152 3765 3311 3821 quam
3339 3763 3554 3820 pauper
3583 3751 3660 3805 sis
3685 3793 3698 3814 ,
3743 3759 3874 3820 quam

2305 3844 2461 3913 inops
2497 3843 2590 3898 tibi
2625 3844 2738 3914 ipse
2764 3843 3016 3910 videaris,
3045 3844 3138 3914 qui
3169 3855 3218 3899 te
3241 3845 3464 3898 divitem
3497 3843 3668 3899 dicis!
3693 3845 3874 3912 Quanto

2307 3939 2426 4007 plus
2455 3937 2708 3992 habueris
2729 3980 2744 4004 ,
2781 3937 2900 4007 plus
2935 3937 3168 4006 requiris
3201 3955 3212 3991 :
3247 3935 3406 4010 567
3445 3947 3502 3992 et
3531 3937 3786 4008 quidquid
3809 3951 3874 3990 ac-

2303 4029 2558 4102 quisieris
2581 4072 2596 4094 ,
2625 4039 2803 4083 tamen
2833 4029 2927 4082 tibi
2955 4028 3134 4083 adhuc
3163 4029 3392 4098 indiges.
3433 4027 3874 4083 ιιιειτιιιιιηςιιυτιιι⁸

2305 4135 2399 4176 cro
2421 4123 2670 4188 avaritia,
2701 4137 2809 4177 non
2829 4124 3206 4194 restinguitur.
3225 4121 3388 4189 Quasi
3417 4121 3620 4193 gradus
3644 4119 3872 4194 quosdam

2303 4214 2576 4283 cupiditas
2611 4214 2770 4268 habet
2795 4234 2806 4267 :
2835 4229 2939 4284 quo
2965 4217 3148 4286 plures
3175 4215 3504 4280 ascenderit,
3527 4227 3598 4270 eo
3623 4215 3689 4268 ad
3711 4215 3871 4269 altiora

2309 4411 2487 4456 tamen
2523 4403 2624 4456 iste
2651 4417 2773 4457 cutn
2807 4402 2983 4457 minus
3023 4401 3286 4458 haberet:
3319 4413 3516 4457 census
3551 4405 3639 4459 sui
3663 4415 3872 4460 contem-

2307 4495 2861 4565 platione-mediocria
2887 4493 3224 4564 requirebat;
3250 4494 3566 4550 accessione
3593 4496 3868 4566 patrimonii

2307 4590 2536 4644 accessit
2567 4587 2874 4658 cupiditatis
2917 4601 3292 4658 augmentum.
3327 4587 3444 4642 Non
3481 4583 3602 4642 vult
3641 4605 3758 4643 esse
3797 4589 3872 4640 de-

2305 4699 2474 4754 gener
2501 4686 2663 4750 votis,
2697 4697 2900 4752 pauper
2927 4683 2976 4736 itt
3009 4683 3311 4738 desideriis.
3343 4682 3417 4737 lia
3449 4681 3557 4737 duo
3587 4681 3872 4738 intolcr.-.bi-

2307 4778 2375 4833 lia
2405 4777 2566 4832 simul
2594 4777 2790 4846 jungit,
2819 4785 2876 4830 ut
2907 4775 3247 4829 ambitiosam
3277 4787 3428 4845 spem
3457 4775 3646 4830 divitis
3669 4781 3869 4845 augeat,

2305 4883 2358 4927 et
2382 4887 2486 4926 non
2510 4869 2748 4940 deponat
2773 4869 3135 4925 mendicitatis
3163 4867 3432 4924 allectum.
3467 4867 3715 4939 Denique
3741 4868 3872 4922 decet

2305 4979 2406 5018 nos
2429 4963 2711 5034 Scriptura
2741 4963 2921 5018 divina
2967 4977 3128 5034 quam
3174 4962 3372 5018 misere
3403 4971 3598 5032 egeat,
3631 4961 3870 5018 mendicat

2306 5057 2541 5130 abjccte.

2377 5149 2430 5205 5.
2477 5149 2592 5206 iter
2621 5149 2805 5206 Achab
2835 5151 2888 5205 in
2921 5151 3086 5206 lsrael
3115 5161 3251 5218 erat,
3284 5161 3336 5206 et
3383 5163 3588 5221 pauper
3629 5149 3866 5205 Nabuthe.

2305 5245 2397 5302 ille
2429 5247 2579 5316 regni
2607 5245 2803 5316 opibus
2833 5239 3093 5301 adluebat
3119 5259 3135 5301 z
3167 5255 3188 5283 ο
3225 5247 3326 5301 iste
3345 5243 3560 5315 augusd
3588 5243 3694 5300 soli
3717 5241 3868 5312 cespi-

2307 5427 2625 5490 lzazredibus,
2657 5425 2904 5496 relinquis
2937 5425 3257 5494 tbpositum.
3287 5433 3394 5481 etc.
3425 5425 3530 5496 Alii
3561 5425 3747 5489 maiori
3787 5431 3868 5478 nti~

2307 5509 2492 5562 mero,
2533 5497 2778 5552 Hect-edes
2807 5495 3053 5567 relinquis
3101 5498 3185 5567 qui
3217 5497 3432 5568 litigent.
3467 5495 3766 5550 [latratibus
3799 5511 3866 5550 re-

2309 5573 2497 5640 linquis
2526 5569 2834 5641 depositnm.
2859 5579 2965 5623 etc.

2385 5637 2406 5676 δ
2448 5642 2522 5694 lla
2549 5637 2706 5694 Βίιιιι.
2739 5641 2869 5694 edit.
2896 5657 3017 5696 cum
3049 5655 3180 5694 mss.
3211 5639 3480 5698 omnibus.
3517 5649 3714 5707 praeter
3733 5637 3862 5692 Colit.

2314 5729 2477 5766 unum
2509 5713 2604 5785 ubi
2623 5715 2766 5781 legas
2794 5730 2808 5765 :
2833 5713 3074 5785 cespitem
3095 5713 3338 5785 pauperis
3365 5710 3500 5785 dives
3521 5709 3743 5785 ambiri}.
3763 5709 3858 5762 γει.

613 5789 662 5833 et
705 5795 847 5836 mss.
882 5781 1121 5854 aliqum,
1157 5780 1403 5848 [heredes
1441 5785 1711 5858 relinquis,
1743 5785 1832 5860 qui
1869 5785 2067 5857 litigent
2096 5800 2212 5844 cum
2313 5795 2494 5844 autem
2523 5780 2688 5855 edit.,’
2714 5792 2761 5844 et
2785 5780 2954 5840 tamen
2985 5780 3224 5858 cespitem
3251 5781 3488 5862 pauperis
3511 5780 3787 5852 ﬂagitabat.
