4066 6360
148 311 266 365 753

148 515 288 570 vitis
317 501 668 585 concupivit:
699 527 794 567 rex
837 511 950 588 sibi
971 525 1132 582 egere
1171 510 1316 565 visus
1360 523 1474 578 est,
1526 511 1650 581 quia
1682 511 1762 566 vi-

152 623 326 663 neunt
378 609 613 664 habebat
660 625 862 680 pauper
889 610 1118 665 vicinus.
1154 608 1285 676 Quis
1313 608 1473 679 igitur
1506 607 1599 662 tibi
1631 621 1765 678 pau-

151 715 263 770 per
297 701 544 767 videtur;
594 703 683 772 qui
715 715 1005 758 contentus
1033 712 1117 758 est
1147 718 1245 756 suo
1273 743 1289 769 ,
1329 716 1396 754 an
1426 699 1519 771 qui
1560 715 1762 756 concu-

155 795 330 864 piscit
376 792 650 851 alienum?
677 794 830 850 Alter
871 806 1018 851 certe
1061 811 1262 866 pauper
1305 810 1470 850 censu
1515 793 1760 861 videtur,

152 893 304 948 alter
345 902 428 948 est
474 907 675 963 pauper
703 892 919 947 affectu.
965 891 1205 969 Allectus
1250 889 1404 946 dives
1441 904 1604 961 egere
1650 905 1757 944 non

160 985 324 1042 novit
349 1003 362 1042 :
386 1001 584 1042 census
612 985 890 1041 abundans
921 985 1106 1054 nequit
1129 984 1279 1038 avari
1311 994 1499 1054 pectus
1531 981 1761 1052 replere.

157 1079 403 1150 Ideoque
424 1081 575 1134 dives
605 1077 833 1147 cupidus
855 1079 908 1132 iit
930 1077 1126 1132 invidia
1155 1075 1535 1148 possessionis,
1557 1086 1610 1128 et
1637 1088 1768 1144 pau-

159 1172 392 1242 pertatis
421 1170 642 1241 querela
682 1180 786 1226 est.
823 1170 930 1228 Sed
964 1172 1078 1241 jam
1110 1170 1419 1241 Scriptura}.
1447 1169 1609 1224 verba
1635 1183 1768 1224 con-

156 1265 491 1320 sideremus.
1659 1264 1666 1268 ‘

235 1360 290 1411 6.
335 1358 402 1414 Et
430 1359 625 1429 factum
654 1369 764 1424 est,
796 1358 1012 1428 inquit,
1045 1367 1159 1431 post
1191 1358 1300 1412 hazc
1322 1356 1508 1420 verba,
1549 1365 1657 1409 erat
1686 1355 1765 1409 vi-

163 1468 264 1507 nea
311 1450 557 1508 Nabuthe
583 1435 953 1508 Jesraelitte'in
983 1450 1153 1506 Israel
1169 1455 1327 1526 juxta
1355 1451 1566 1504 domum
1593 1448 1766 1503 Achab

158 1547 303 1618 regis
333 1546 606 1602 Samariat.
650 1545 718 1600 Et
747 1547 950 1603 locutus
979 1555 1052 1600 est
1083 1545 1258 1600 Achab
1298 1545 1366 1598 ad
1405 1542 1646 1597 Nabuthe
1682 1541 1767 1597 di-

159 1656 288 1693 cens
317 1655 334 1693 :
367 1637 448 1692 Da
490 1638 616 1693 mihi
647 1639 852 1694 vineam
882 1647 1025 1692 tuam
1046 1679 1062 1703 ,
1091 1645 1142 1694 et
1179 1638 1272 1691 erit
1317 1635 1445 1690 mihi
1480 1638 1534 1689 in
1561 1636 1768 1688 hortum

159 1733 400 1798 olerum;
427 1735 669 1805 quoniam
700 1734 1013 1804 prapinquat
1042 1732 1220 1786 domui
1251 1747 1376 1787 mete
1400 1747 1418 1785 :
1445 1741 1492 1784 et
1517 1729 1651 1785 dabo
1679 1729 1770 1783 tibi

1090 303 1188 375 DE
1227 301 1557 360 NABUTIIE
1595 303 2023 363 JEZRABLITA
2066 307 2273 365 LIBER
2314 305 2518 364 UNUS.

150 432 270 478 tem
309 421 645 493 possidebat.
692 418 835 475 Nihil
878 432 1081 491 pauper
1105 418 1174 474 de
1203 417 1640 489 possessionibus
1676 419 1759 474 di-
1781 429 1837 488 Α

3361 310 3464 369 Ίῖιι

2485 427 2714 486 CAPUT
2753 428 2856 496 lll.j-

1870 561 1990 645 h’on
2018 577 2121 621 tam
2146 573 2355 642 propter
2377 567 2652 622 utilitatem
2680 565 2859 621 divites
2885 566 3057 621 aliena
3087 564 3468 632 concupiscere,

1935 675 2088 726 quam
2137 671 2190 713 ut
2233 663 2366 715 alios
2399 663 2630 717 homines
2670 659 2972 715 excludant.
3010 655 3173 724 Quam
3210 659 3362 710 inane
3403 656 3467 708 sit

1936 753 2074 806 illud
2118 753 2468 819 desiderium,
2511 755 2649 823 quod
2696 771 2780 810 eos
2828 754 2994 808 brutis
3042 753 3167 822 ipsis
3197 750 3468 819 inferiores

1935 860 2046 900 esse
2073 846 2326 900 convincit
2360 861 2554 916 :qunm
2580 848 2734 901 etiam
2757 855 2901 914 turpe
2939 846 3004 900 sit
3028 851 3293 916 paternam
3339 857 3462 913 pos-

1937 941 2214 994 sessionem
2260 942 2322 994 ob
2364 940 2625 994 luxuriam
2673 941 2982 995 divendere:
3009 951 3264 1010 postremo
3308 947 3460 1010 quant

1941 1036 2271 1106 impatienter
2294 1035 2476 1090 divites
2497 1037 2755 1108 repulsam
2781 1035 2988 1106 ferant!

1943 1176 2029 1231 11.
2072 1174 2138 1229 Et
2167 1176 2265 1230 erit
2303 1175 2466 1241 mihi,
2496 1175 2698 1247 inquit,
2742 1176 2797 1229 in
2835 1175 3042 1230 hortum
3067 1175 3298 1230 olerum.
3342 1174 3468 1230 "asc

1869 1279 1991 1326 erat
2019 1269 2182 1340 igitur
2207 1268 2387 1324 omnis
2416 1268 2620 1323 insania
2644 1301 2662 1335 ,
2693 1268 2779 1322 hic
2817 1271 2993 1322 omnis
3020 1267 3169 1322 furor
3189 1309 3204 1330 ,
3254 1276 3313 1322 ut
3340 1283 3469 1335 spa-

1872 1363 2006 1417 tium
2036 1361 2234 1416 vilibus
2261 1361 2500 1418 oleribus
2531 1369 2888 1431 Quarreretur.
2918 1359 3034 1414 Non
3065 1370 3170 1414 tam
3199 1375 3330 1431 ergo
3365 1359 3470 1429 ipsi

1871 1456 2068 1525 cupitis
2105 1455 2258 1526 quasi
2298 1455 2429 1511 utile
2461 1455 2774 1526 possidere;
2812 1453 2907 1508 sed
2936 1454 3071 1508 alios
3097 1453 3258 1508 vultis
3279 1454 3468 1509 exclu-

1870 1547 2026 1603 dere.
2057 1546 2227 1617 Major
2258 1548 2411 1602 vobis
2441 1561 2571 1602 cura
2600 1547 2670 1602 de
2712 1561 3010 1616 pauperum
3046 1545 3268 1615 spoliis,
3302 1561 3466 1616 quant

1872 1641 1940 1696 de
1980 1641 2178 1695 vestris
2221 1641 2602 1696 emolumentis
2648 1650 2748 1695 est.
2785 1639 3042 1709 lnjuriam
3085 1649 3324 1693 vestram
3371 1651 3467 1707 pu-

1874 1738 2027 1805 tatis,
2074 1737 2118 1790 si
2161 1736 2286 1806 quid
2321 1751 2523 1806 pauper
2556 1736 2752 1791 habeat
2775 1779 2790 1804 ,
2827 1729 2970 1804 quod
3001 1735 3220 1806 dignum
3247 1749 3470 1806 posscs-

161 1843 263 1896 pro
285 1844 346 1882 ea
371 1829 530 1882 aliam
571 1829 771 1882 vineam
805 1843 824 1882 :
851 1829 895 1881 si
921 1843 1040 1882 tero
1085 1828 1338 1898 placuerit
1367 1826 1490 1890 tibi,
1519 1824 1651 1880 dabo
1677 1825 1767 1878 tibi
1799 1821 1843 1881 Β
1873 1829 2028 1884 sione
2049 1829 2232 1882 divitis
2252 1827 2280 1866 ιθ
2308 1829 2624 1882 a-stintetur.
2662 1819 2922 1882 Damnum
2948 1840 3186 1882 vestrum
3219 1825 3466 1892 creditis,

144 1925 148 1930 ’
161 1920 443 1991 pecuniam
491 1937 585 1990 pro
617 1921 764 1974 uinea
802 1920 901 1974 ista
923 1961 936 1986 ,
962 1931 1018 1972 et
1044 1919 1140 1972 erit
1172 1919 1296 1972 milti
1333 1919 1385 1972 in
1429 1921 1634 1972 hortum
1663 1921 1769 1972 ole-

161 2027 311 2066 rum:
338 2010 400 2064 Et
426 2010 556 2065 dixit
581 2009 827 2064 Nabuthe
847 2012 915 2065 ad
935 2009 1114 2065 Achab
1139 2027 1157 2064 .'
1190 2008 1312 2064 Non
1339 2010 1431 2080 ﬁat
1455 2008 1553 2064 hoc
1573 2027 1604 2064 a
1633 2009 1764 2075 Deo,

165 2117 224 2160 ut
253 2105 371 2160 dem
401 2108 490 2161 tibi
518 2106 869 2162 hareditatem
898 2119 1106 2179 patrum
1145 2124 1394 2164 meorum.
1439 2106 1507 2162 Et
1531 2109 1768 2163 turbatus

163 2209 244 2254 est
271 2201 482 2270 spiritus
512 2204 660 2274 ejus,
693 2212 740 2256 et
770 2203 1012 2256 dormivit
1057 2203 1112 2259 in
1155 2206 1285 2257 lecto
1328 2218 1422 2256 suo
1448 2243 1462 2264 .
1492 2212 1538 2256 et
1584 2201 1770 2256 velavit

163 2294 361 2363 [aciem
391 2310 554 2361 suam,
591 2303 762 2349 etnon
784 2294 1115 2348 manducauit
1144 2311 1332 2365 partem
1359 2293 1450 2366 (Ill
1476 2293 1606 2365 Reg.
1643 2309 1762 2361 XM,

165 2386 188 2440 1
214 2395 263 2439 et
284 2384 437 2457 δρψ).

244 2478 298 2533 7.
342 2477 682 2547 Exposuerat
721 2495 884 2550 supra
928 2480 1208 2552 Scriptura
1259 2480 1441 2535 divina
1485 2479 1583 2552 (lIl
1631 2479 1761 2551 Reg.

161 2584 290 2636 ιιι,
318 2568 436 2640 21),
461 2572 585 2641 quia
616 2569 840 2626 Elisa-us
861 2587 986 2628 cum
1015 2581 1162 2628 esset
1184 2587 1406 2644 pauper,
1432 2573 1649 2643 reliquit
1672 2573 1769 2628 ho—

161 2677 265 2718 ves
295 2673 519 2729 suos,et
547 2666 784 2718 cucurrit
815 2664 885 2719 ad
914 2665 1106 2730 Eliam,
1131 2675 1185 2719 et
1207 2665 1405 2720 occidit
1429 2680 1546 2730 eos,
1569 2675 1625 2720 et
1644 2681 1768 2720 ero-

157 2755 317 2824 gavit
344 2755 543 2825 populo
570 2797 584 2822 ,
617 2766 673 2811 et
711 2757 942 2812 adhaesit
973 2759 1272 2828 prophetat.
1324 2759 1402 2813 Ad
1433 2759 1768 2815 condemna-

163 2846 378 2900 tionem
412 2848 575 2918 igitur
604 2850 885 2918 przetttissa
912 2861 1033 2904 sunt
1058 2849 1273 2917 divitis,
1306 2852 1394 2922 qui
1424 2853 1475 2906 in
1507 2851 1611 2906 isto
1643 2867 1770 2921 rego

167 2940 526 3006 describitur,
552 2957 618 2996 eo
647 2941 790 3012 quod
819 2943 1023 2999 habens
1047 2943 1308 3000 beneficia
1339 2945 1434 3000 Dei
1452 2986 1468 3013 ,
1501 2947 1641 3000 sicut
1667 2947 1769 3002 iste

164 3032 385 3097 Achab,
414 3034 500 3087 cui
530 3033 794 3090 Dominus
816 3047 870 3090 et
893 3051 1114 3106 regnum
1153 3035 1404 3104 donavit,
1441 3047 1497 3092 et
1531 3038 1767 3108 pluviam

165 3115 305 3178 Elite
333 3125 471 3180 vatis
501 3127 748 3182 oratione
775 3129 1065 3196 concessit,
1097 3128 1277 3184 divina
1310 3129 1564 3185 mandata
1597 3131 1767 3186 viola-

168 3217 332 3270 verit.

245 3313 298 3365 8.
344 3310 639 3367 Audiamus
685 3328 816 3383 ergo
845 3314 972 3385 quid
1006 3314 1151 3370 dicat
1197 3333 1211 3370 :
1244 3315 1326 3370 Da
1360 3317 1521 3384 mihi,
1571 3317 1762 3389 inquit.

168 3404 306 3472 Quae
339 3405 443 3458 alia
475 3421 573 3461 vox
597 3407 809 3476 egentis
838 3411 962 3464 est?
997 3408 1130 3476 Qua:
1157 3426 1260 3466 vox
1289 3412 1392 3466 alia
1435 3412 1626 3483 stipem
1671 3429 1771 3484 pu-

169 3498 367 3552 blicam
409 3499 754 3569 postulantis,
783 3501 888 3556 nisi
916 3500 998 3555 Da
1025 3503 1184 3571 mihi,
1216 3504 1318 3559 hoc
1343 3515 1460 3571 est,
1493 3505 1559 3561 da
1602 3505 1732 3560 mihi
1753 3547 1768 3573 ,

172 3589 298 3659 quia
345 3605 478 3660 egeo
510 3608 523 3646 :
556 3591 621 3646 da
655 3593 819 3656 mihi,
853 3593 978 3664 quia
1027 3595 1171 3650 aliud
1204 3597 1416 3652 vivendi
1466 3597 1768 3653 subsidium

171 3683 370 3740 habere
403 3701 508 3740 non
543 3702 760 3756 possum
790 3705 804 3742 ε
838 3687 908 3744 da
937 3689 1097 3754 utilti,
1127 3692 1252 3761 quia
1280 3707 1385 3746 non
1408 3702 1491 3746 est
1515 3693 1646 3746 milii
1673 3708 1768 3762 pa-

172 3779 256 3832 nis
280 3779 346 3834 ad
377 3780 574 3834 vietum
603 3822 618 3847 ,
651 3798 906 3838 nummus
943 3783 1008 3839 ad
1044 3795 1228 3854 potum
1253 3826 1268 3852 ,
1297 3795 1544 3855 sumptus
1570 3785 1638 3840 ad
1670 3787 1769 3842 ali-

170 3883 412 3954 mentum
435 3915 448 3937 ,
475 3873 542 3927 ad
570 3873 944 3930 indumentum
970 3876 1267 3932 substantia
1298 3897 1310 3933 :
1343 3878 1410 3933 da
1443 3878 1594 3945 mihi,
1640 3880 1766 3948 quia

171 3965 268 4018 tibi
302 3965 558 4020 Dominus
579 3963 728 4020 dedit
749 3965 891 4020 unde
919 3966 1099 4036 largiri
1123 3968 1346 4033 debeas,
1381 3969 1508 4024 mihi
1532 3983 1640 4023 non
1671 3969 1768 4026 de-

168 4057 290 4113 dit:
318 4056 383 4110 da
414 4056 583 4123 mihi,
615 4060 741 4128 quia
772 4058 876 4113 nisi
915 4066 970 4114 tu
1005 4059 1223 4115 dederis
1247 4103 1260 4127 ,
1294 4062 1492 4117 habere
1533 4077 1639 4117 non
1670 4076 1767 4131 po—

171 4159 292 4205 tero
322 4166 335 4203 :
369 4149 436 4203 da
484 4151 650 4218 mihi,
683 4151 808 4218 quia
854 4155 1116 4221 scriptum
1164 4160 1250 4207 est
1281 4168 1294 4207 :
1327 4151 1464 4208 Date
1490 4154 1769 4225 eleemosg-

170 4258 292 4296 nam
317 4239 470 4314 (Luc.
499 4258 555 4297 ιι
579 4281 593 4310 ,
621 4241 740 4312 bl).
768 4242 894 4298 Haec
931 4258 1092 4314 quam
1128 4244 1334 4314 abjecta
1363 4285 1376 4311 ,
1405 4262 1564 4316 quam
1607 4247 1764 4302 vilia!

169 4334 286 4391 Non
311 4335 516 4390 habent
543 4335 688 4392 enim
722 4335 1044 4392 humilitatis
1088 4336 1340 4393 allectum
1364 4379 1380 4405 ,
1423 4340 1518 4395 sed
1561 4340 1768 4409 cupidi-

172 4429 296 4485 tatis
322 4427 650 4484 incendium.
687 4427 743 4484 ln
767 4431 883 4500 ipsa
905 4440 1083 4486 autem
1104 4429 1411 4499 dejectione
1434 4441 1632 4503 quanta
1657 4434 1762 4488 im-

170 4522 421 4593 pudentia
441 4524 476 4594 !_
497 4521 582 4578 Da
612 4525 759 4590 mihi,
794 4524 965 4593 inquit.
992 4566 1006 4591 ,
1036 4525 1234 4581 vineam
1257 4536 1416 4582 tuam.
1465 4528 1764 4584 Confitetur

169 4614 421 4684 alienam,
457 4627 514 4670 ut
543 4627 729 4688 poscat
757 4616 1074 4674 indebitam.

241 4709 403 4782 568
430 4710 485 4764 9.
528 4708 598 4764 Et
624 4711 778 4777 dabo,
810 4710 1006 4780 inquit,
1034 4712 1124 4766 tibi
1148 4729 1243 4784 pro
1269 4729 1328 4768 ea
1353 4714 1510 4769 aliam
1539 4715 1757 4773 vineam.

175 4799 333 4856 Dives
363 4802 505 4871 quod
543 4817 698 4857 suum
729 4813 808 4857 est
842 4803 998 4874 quasi
1025 4805 1132 4859 vile
1163 4803 1400 4871 fastidit;
1427 4807 1571 4875 quod
1614 4810 1759 4864 enim

174 4894 404 4950 alienum
437 4906 549 4962 est,
577 4898 730 4968 quasi
763 4899 1216 4968 pretiosissimum
1246 4900 1601 4968 concupiscit.

246 4991 332 5047 10.
375 4992 436 5047 Si
462 5009 579 5047 vero
607 4993 859 5065 placuerit
886 4992 1014 5062 tibi,
1043 4993 1177 5047 dabo
1200 4993 1291 5047 tibi
1320 4995 1609 5061 pecuniam.
1641 4994 1763 5051 Cito

177 5087 520 5158 reprehendit
560 5103 801 5142 errorem
832 5102 990 5143 suum
1015 5130 1029 5154 ,
1057 5093 1338 5158 pecuniam
1365 5086 1640 5146 otl'erendo
1666 5104 1764 5160 pro

176 5181 343 5236 vinea.
371 5191 394 5218 ο
419 5179 561 5236 Nihil
591 5181 736 5237 enim
760 5180 875 5237 vult
894 5181 1122 5237 alterum
1148 5179 1447 5252 possidere,
1477 5182 1564 5252 qui
1590 5191 1760 5238 totum

176 5271 443 5329 desiderat
472 5277 584 5328 suis
618 5273 1059 5344 possessionibus
1089 5287 1379 5345 occupare.

246 5399 269 5426 ⁸
305 5383 507 5446 Omnes
537 5388 693 5455 edit.,
733 5386 884 5441 Nihil
910 5389 1043 5441 enim
1071 5389 1176 5460 uult
1203 5388 1431 5442 alienum
1467 5389 1752 5459 possidere.

178 5457 368 5515 Omnes
399 5477 557 5524 niss.,
594 5460 744 5514 Nihil
770 5460 903 5512 enim
926 5459 1031 5511 vult
1063 5457 1278 5529 alterum
1304 5457 1584 5529 possidere.

245 5529 270 5568 δ
302 5533 443 5586 Inter
465 5532 628 5585 verba
653 5536 777 5595 iSla,
798 5531 1102 5584 restituetur.
1135 5528 1568 5596 Danmum,'tuss.
1600 5530 1754 5587 multi

181 5603 402 5674 boniqtte
430 5605 677 5658 inserunt
703 5601 983 5674 sequentia
1019 5618 1031 5652 :
1068 5599 1242 5674 ﬂatile
1267 5602 1360 5674 hoc
1389 5606 1587 5672 facere,
1630 5606 1752 5674 quia

185 5667 328 5747 Deus'
355 5689 632 5747 pauperem
662 5689 763 5726 non
786 5667 1022 5747 ’δρειέιιὶιΣ
1075 5670 1223 5747 Unus
1267 5667 1429 5747 Albi)
1453 5745 1455 5747 ι
1475 5667 1750 5745 pauperem

182 5731 392 5817 inspicit.
427 5731 628 5817 Verum
659 5731 980 5817 cinn‘n'eq‘ue
1007 5741 1060 5796 in
1087 5731 1206 5797 aliis
1236 5731 1540 5817 Codicib'u's,
1567 5731 1742 5817 neque

185 5815 233 5874 in
259 5812 401 5878 'edit.
454 5815 580 5874 ullis
628 5812 968 5887 reperiantur
994 5853 1007 5878 ,
1048 5823 1208 5885 atque
1251 5814 1412 5871 etiam
1457 5812 1746 5876 rideattlur

1873 1921 2134 1993 q-uidquid
2173 1919 2412 1976 alienum
2458 1919 2562 1977 est.
2609 1917 2748 1989 Quid
2799 1935 2896 1974 vos
2942 1919 3216 1975 delectant
3260 1925 3468 1973 naturae

1873 2014 2189 2085 dispendia?
2239 2011 2521 2072 Universis
2569 2023 2782 2068 creatus
2840 2021 2922 2068 est
2971 2011 3240 2074 mundus,
3303 2026 3466 2082 queat

1874 2110 2029 2180 pauci
2058 2110 2255 2164 divites
2292 2110 2447 2163 vobis
2475 2100 2766 2163 defendere
2810 2103 3104 2160 conamini.
3155 2104 3270 2160 Non
3317 2106 3464 2158 enim

1874 2213 2088 2256 terrena
2117 2210 2324 2255 tantum
2373 2203 2681 2270 possessio,
2714 2198 2809 2254 sed
2853 2204 3049 2252 coelum
3092 2198 3264 2267 ipsum
3292 2244 3304 2262 ,
3340 2212 3466 2261 aer,

1869 2301 2044 2361 mare,
2080 2293 2133 2348 in
2161 2302 2318 2349 usum
2352 2309 2647 2364 paucorum
2677 2292 2910 2347 divitum
2945 2291 3267 2345 vindicatur.
3307 2299 3327 2326 ο
3370 2287 3468 2342 llic

1871 2405 1984 2457 ser,
2008 2405 2166 2461 quem
2187 2399 2246 2444 tu
2265 2388 2475 2444 diliusis
2499 2387 2730 2443 includis
2755 2385 3216 2453 possessionibus,
3238 2390 3469 2453 quantos

1870 2485 2021 2540 alere
2060 2486 2289 2555 populos
2332 2484 2548 2555 potest?
2588 2481 2858 2552 Numquid
2904 2480 3096 2549 Angeli
3122 2479 3297 2533 divisa
3343 2475 3468 2532 coeli

1871 2582 2044 2650 spatia
2086 2579 2321 2645 habent,
2365 2589 2424 2633 ut
2451 2586 2505 2633 tu
2550 2587 2755 2633 terram
2800 2574 2990 2646 positis
3028 2574 3328 2642 distinguas
3361 2580 3470 2624 ter-

1872 2676 2069 2730 minis?

1947 2767 2034 2822 12.
2078 2766 2287 2820 Clamat
2315 2764 2590 2836 Propheta
2617 2785 2629 2820 :
2660 2762 2753 2817 Vw
2790 2763 2855 2816 iis
2893 2761 2981 2832 qui
2997 2761 3228 2830 jungunt
3261 2757 3470 2810 domum

1873 2859 1942 2911 ad
1967 2860 2198 2920 domum,
2228 2866 2273 2912 et
2298 2857 2476 2911 villam
2503 2855 2571 2908 ad
2601 2854 2775 2909 uillam
2803 2851 2974 2923 (Esai.
3000 2867 3054 2915 v.
3079 2850 3134 2918 8)
3157 2852 3169 2904 l
3199 2849 3264 2903 Et
3293 2846 3473 2917 arguit

1872 2966 1968 3006 eos
1993 2949 2289 3004 iuel'licacis
2319 2949 2580 3003 avaritia.
2610 2945 2847 3015 Fugiunt
2872 2944 3016 2998 enim
3038 2940 3352 2995 cohabitare
3377 2941 3472 2990 Ito-

1874 3043 2132 3108 ntinibus,
2174 3054 2228 3098 et
2258 3042 2380 3098 ideo
2405 3039 2709 3097 excludunt
2732 3038 2940 3092 vicinos
2981 3053 2992 3086 :
3022 3032 3116 3087 sed
3147 3036 3335 3116 fugere
3361 3044 3469 3084 non

1876 3145 2136 3208 possunt;
2166 3138 2292 3207 quia
2320 3150 2441 3190 cum
2473 3134 2573 3187 hos
2602 3127 2956 3192 exeluserint,
2986 3125 3122 3181 alios
3143 3139 3357 3180 rursum
3392 3123 3473 3176 iu-

1799 3216 1844 3279 Ο
1877 3233 2100 3288 veniunt
2133 3249 2146 3285 :
2179 3239 2234 3284 et
2276 3244 2398 3283 cum
2446 3227 2566 3281 illos
2620 3222 3085 3294 prOpuIsaveriut,
3131 3219 3196 3274 ad
3240 3217 3468 3270 aliorum

1875 3333 2102 3380 necesse
2125 3333 2211 3378 est
2242 3334 2338 3376 eos
2365 3320 2614 3374 viciniam
2646 3316 2947 3387 pervenire.
2986 3313 3097 3368 Soli
3129 3312 3274 3368 enim
3307 3323 3472 3379 super

1873 3429 2076 3475 terrain
2115 3416 2357 3471 habitare
2403 3430 2510 3468 nott
2542 3420 2789 3482 possunt.
2835 3409 2980 3463 Aves
3009 3406 3198 3460 avibus
3225 3419 3286 3460 se
3315 3417 3470 3456 asso-

1870 3513 2055 3577 ciant,
2099 3510 2336 3579 denique
2383 3508 2614 3577 ingentis
2657 3504 2978 3574 plerumque
3015 3498 3249 3570 agniinis
3290 3497 3470 3551 volatu

1872 3607 2070 3662 caelum
2115 3606 2386 3660 obtexitur
2429 3621 2444 3658 :
2484 3616 2650 3672 pecus
2681 3601 2864 3669 pecori
2907 3596 3260 3667 adiungitur,
3293 3593 3471 3662 pisces

1872 3698 2112 3770 piscibus
2165 3715 2178 3751 :
2229 3711 2327 3752 nec
2373 3695 2632 3749 damnum
2674 3692 2909 3758 ducunt,
2937 3689 3033 3744 sed
3076 3683 3467 3742 commercium

1873 3793 2123 3859 vivendi,
2154 3809 2276 3847 cum
2326 3791 2617 3860 plut-imum
2663 3787 2981 3841 coinitatum
3033 3788 3321 3851 capessunt
3353 3815 3367 3842 ,
3414 3786 3471 3829 et

1869 3886 2144 3959 quoddam
2185 3885 2580 3940 munimentum
2621 3879 2818 3935 solatio
2861 3872 3250 3948 frequentioris
3295 3868 3471 3959 socie-

1871 3958 1995 4035 tatis
2027 3978 2300 4033 affectant.
2328 3974 2490 4030 Sulus
2520 3984 2596 4038 ιιι,
2626 3971 2813 4034 homo,
2839 3976 3149 4022 consortem
3180 3958 3420 4015 excludis
3455 3975 3468 4012 :

1873 4073 2109 4129 includis
2141 4071 2320 4130 feras;
2351 4069 2518 4123 struis
2541 4064 2850 4120 habitacula
2879 4060 3198 4122 bestiarum,
3227 4053 3468 4109 destrnis

1873 4165 2176 4221 hominum.
2208 4161 2423 4217 luducis
2450 4173 2599 4214 mare
2632 4159 2770 4212 intra
2803 4153 3002 4226 prtedia
3037 4160 3150 4218 tua,
3185 4163 3251 4203 ne
3286 4145 3472 4200 desint

1875 4259 2073 4315 belluie
2108 4273 2121 4311 :
2158 4254 2414 4326 producis
2440 4254 2576 4308 lines
2608 4260 2768 4306 terra:
2792 4287 2807 4316 ,
2847 4261 2915 4301 ne
2944 4243 3123 4315 possis
3154 4239 3356 4296 habere
3400 4237 3468 4291 fi-

1871 4353 2117 4408 nitimum
2131 4391 2143 4404 .

1941 4445 2034 4501 15.
2076 4441 2396 4500 Audivimus
2445 4453 2630 4494 vocem
2677 4435 2864 4492 divitis
2917 4433 3095 4487 aliena
3131 4427 3466 4501 quierentis,

1868 4537 2155 4593 audiamus
2185 4547 2371 4591 vocem
2406 4532 2656 4604 pauperis
2696 4527 2911 4600 prepria
2945 4523 3304 4581 vindicantis:
3339 4519 3466 4574 Non

1789 4623 1842 4686 D
1868 4633 1996 4704 ﬁat,
2024 4632 2234 4702 inquit,
2264 4632 2361 4684 hoc
2381 4645 2413 4682 a
2441 4625 2552 4680 Deo
2574 4665 2588 4689 ,
2632 4633 2689 4679 ut
2717 4624 2833 4678 dent
2862 4621 2953 4676 tibi
2991 4620 3342 4674 luereditatem
3372 4631 3468 4684 pa-

1865 4739 2000 4782 trum
2022 4741 2272 4781 meorum.
2305 4723 2472 4792 Quasi
2513 4719 2801 4790 quamdam
2833 4717 3211 4786 contagiouent
3244 4711 3324 4766 sui
3374 4723 3467 4778 pe-

1864 4820 2079 4876 cuniam
2109 4833 2234 4873 esse
2255 4816 2438 4871 di'vitls
2468 4812 2790 4876 arbitratur,
2823 4809 2976 4882 quasi
3005 4809 3150 4862 dicat
3182 4823 3193 4859 :
3233 4803 3465 4856 Pecunia

1866 4921 1954 4965 tua
1986 4921 2152 4964 tecum
2174 4912 2240 4964 sit
2271 4910 2325 4962 in
2364 4906 2704 4981 perditionem
2735 4905 2876 4974 (Act.
2910 4919 3002 4959 vnt
3022 4945 3035 4965 ,
3063 4899 3192 4969 20);
3239 4912 3338 4967 ego
3367 4911 3464 4949 au-

1865 5010 1974 5057 tem
2001 5004 2370 5058 haereditatem
2398 5008 2608 5071 patrum
2637 5013 2884 5056 meorum
2931 5011 3038 5052 non
3068 5005 3286 5064 possunt
3332 5004 3462 5044 ven-

1866 5092 2017 5150 dere.
2051 5093 2228 5148 Habes
2255 5093 2395 5164 quod
2427 5094 2694 5164 sequaris,
2725 5091 2898 5154 dives,
2929 5087 2973 5140 si
3015 5085 3229 5154 sapias:
3265 5093 3319 5134 ιιι
3353 5096 3459 5133 nou

1867 5173 2070 5242 vendas
2101 5203 2286 5258 agrum
2320 5199 2467 5243 luunt
2496 5204 2592 5257 pro
2615 5197 2775 5242 nocte
2799 5181 3103 5239 meretricis
3129 5199 3141 5233 :
3168 5177 3331 5251 569
3354 5191 3460 5230 non

1870 5283 2214 5340 transfundas
2237 5286 2326 5356 jus
2351 5295 2498 5341 tuum
2529 5297 2626 5357 pro
2651 5271 2868 5352 sumptu
2897 5275 3336 5336 comessatiOnis,
3366 5270 3463 5325 de-

1870 5401 2028 5467 paulo
2058 5401 2351 5469 eoactiora,
2384 5403 2436 5456 in
2472 5409 2619 5455 textu
2646 5383 3299 5469 ea”itttprirtterereligio
3333 5388 3451 5469 fuit.

1942 5482 1963 5507 θ
2008 5472 2148 5527 fidit.
2177 5489 2296 5527 eum
2324 5459 2472 5542 parte
2502 5468 2797 5542 mss.,ﬂ,ic
2822 5459 2966 5538 ager.
3003 5463 3098 5518 Alii
3131 5464 3250 5514 cod.
3287 5459 3456 5542 multo

1866 5543 2054 5608 majori
2100 5529 2358 5609 numero',
2400 5543 2497 5596 llic
2527 5529 2745 5595 aerfEt'
2787 5529 2926 5593 ιιιῖιε
2957 5549 3135 5609 verant
3185 5545 3308 5584 esse
3339 5529 3451 5586 lec-

1861 5604 2063 5667 tionem
2091 5625 2238 5682 patet
2259 5631 2321 5670 ex
2348 5604 2724 5683 superioribus
2751 5628 2761 5660 ε
2787 5609 2894 5683 Sed
2918 5606 3096 5683 cipiunt
3121 5604 3311 5671 ipsum,
3341 5618 3448 5683 aer,

1856 5699 2013 5750 mare,
2049 5672 2153 5740 et'c.
2191 5688 2299 5740 Nec
2327 5672 2617 5754 impropria
2655 5681 2852 5754 locutio
2879 5687 2981 5754 est.
3025 5673 3264 5754 Namque
3303 5672 3442 5740 apud

1855 5748 2114 5825 probatos
2143 5748 2721 5825 auctores'reperltur;
2754 5748 2983 5804 homines
3011 5762 3128 5801 aere
3153 5748 3336 5799 vivere.
