4066 6360
580 246 690 306 735

1937 243 2183 303 SANCTI
2221 244 2545 304 AMBROSII
3821 256 3903 313 736

583 359 948 430 liciarumque
977 359 1239 426 impensis
1271 379 1286 416 :
1315 373 1424 416 non
1461 358 1740 427 adjudiccs
1767 360 1989 416 domum
2039 370 2181 416 tuam
2211 366 2263 428 Α
2291 377 2458 432 panes
2487 363 2766 424 breviores
2805 368 2935 425 urbe
2980 369 3195 426 delatos
3241 385 3550 426 numerare
3593 371 3814 434 solere:
3861 386 3903 430 ut

595 455 663 510 ad
698 454 878 509 ludum
908 453 1078 514 alt-:e.
1111 468 1178 507 no
1202 453 1291 523 jus
1317 451 1676 510 ba-reditaria‘
1706 455 1924 525 pietatis
1946 455 2183 512 amittas.

669 545 756 602 14.
799 545 894 601 His
920 543 1141 609 auditis,
1169 547 1414 601 turbatus
1447 556 1530 602 est
1562 547 1784 615 spiritus
1810 547 1958 601 avari
1994 548 2137 618 regis
2175 564 2186 598 :

596 639 664 695 Et
691 639 930 694 dormivit
969 639 1022 693 in
1073 640 1201 694 lecto
1242 655 1355 698 suo.
1399 648 1446 692 et
1489 639 1670 694 velavit
1713 639 1898 710 [aciem
1931 655 2108 706 suam,
2143 648 2190 693 et

593 751 696 790 non
726 733 1053 788 manducavit
1091 750 1277 806 panem
1310 751 1478 788 suum.
1512 734 1720 798 Lugent
1753 734 1948 790 divites
1969 777 1984 800 ,
2013 736 2055 788 si
2085 749 2188 790 non

595 829 868 901 potuerint
901 828 1080 884 aliena
1107 827 1382 891 diripere:
1414 828 1459 882 si
1487 827 1599 882 suis
1634 843 1839 895 pauper
1870 843 1974 880 non
2007 843 2190 884 cesse-

595 921 668 978 rit
715 918 1090 986 tacultatibus,
1139 919 1246 972 vim
1280 920 1530 974 moi-roris
1575 929 1759 987 tegere
1805 934 1910 972 non
1942 929 2188 989 possunt.

596 1013 847 1070 Dormire
872 1011 1215 1076 de~iderant,
1244 1011 1427 1066 velant
1473 1010 1665 1065 faciem
1708 1026 1893 1074 suam;
1942 1027 2008 1065 ne
2037 1011 2195 1081 quid-

591 1123 754 1178 quam
795 1108 848 1163 in
879 1105 1013 1161 orbe
1059 1115 1328 1161 terrarmu
1367 1103 1604 1159 alienum
1646 1102 1900 1168 videant,
1935 1119 2001 1158 nc
2038 1102 2195 1174 quid-

593 1215 754 1272 quam
780 1199 831 1254 in
861 1199 964 1255 hoc
995 1198 1198 1252 mundo
1228 1215 1334 1252 non
1357 1211 1478 1253 esse
1507 1213 1660 1251 suum
1688 1197 1973 1262 noverint,
2004 1213 2072 1252 ne
2093 1213 2194 1252 au-

593 1291 748 1349 diant
775 1293 1010 1347 vieimnn
1040 1292 1190 1358 juxta
1227 1305 1287 1345 se
1317 1289 1522 1361 aliquid
1551 1291 1850 1360 passidcre,
1881 1307 1948 1347 ne
1975 1291 2195 1348 audiant

593 1399 894 1456 pauperem
919 1385 1023 1439 sibi
1056 1383 1544 1441 contradicetttetn.
1582 1383 1780 1439 Horum
1812 1396 1932 1438 sunt
1959 1385 2155 1440 11111111τὲ
2178 1428 2192 1452 ,

592 1477 793 1548 quibus
841 1477 974 1531 dicit
1025 1477 1286 1549 preplteta
1337 1493 1350 1532 :
1408 1475 1654 1532 Mulieres
1703 1478 1904 1548 divites,
1935 1481 2197 1552 exsurgite

596 1571 770 1643 (Esai.
801 1587 972 1640 χχχιι,
1004 1569 1083 1643 9).

1222 1709 1449 1767 CAPUT
1486 1710 1574 1767 IV.

601 1825 708 1880 Cur
751 1823 954 1881 dicatur
1010 1823 1186 1880 Achab
1238 1841 1422 1892 panem
1470 1824 1620 1879 suum
1665 1839 1767 1878 non
1814 1823 2196 1878 manducasse?

672 1919 1009 1976 Abstinentiae
1033 1919 1248 1974 divitum
1279 1935 1339 1973 ac
1367 1934 1652 1990 pauperum
1689 1919 1894 1989 elegans
1919 1934 2193 1986 compara-

677 2014 769 2069 tio.
798 2014 1001 2080 Quanta
1025 2013 1091 2068 sit
1120 2012 1338 2067 stultitia
1358 2010 1648 2066 hwredibus
1679 2027 1799 2080 opes
1828 2009 2044 2066 sollicite
2063 2025 2196 2064 com-

668 2124 888 2180 parare;
918 2110 1076 2179 deque
1101 2107 1273 2162 divitis
1299 2107 1571 2178 cujusdam
1595 2104 1852 2160 sordibus.

670 2228 760 2285 15.
803 2226 871 2281 Et
906 2243 1008 2281 non
1048 2224 1404 2290 manducavit,
1442 2221 1646 2294 inquit,
1698 2237 1880 2290 partem
1920 2235 2069 2274 suum
2101 2217 2198 2291 (ΙΙΙ

605 2323 736 2394 Reg.
771 2338 893 2388 ut,
920 2320 1013 2394 4);
1054 2319 1309 2391 quoniam
1351 2319 1629 2389 quaerebat
1674 2316 1932 2370 alienum.
1981 2313 2194 2368 Etenim

599 2417 798 2472 divites
836 2414 1007 2484 magis
1036 2415 1273 2468 alienum
1314 2427 1538 2482 panem,
1567 2425 1727 2481 quam
1773 2423 1928 2463 suum
1974 2406 2198 2479 mandu-

600 2519 747 2572 cant,
776 2507 870 2580 qui
897 2518 1052 2576 rapto
1077 2508 1266 2561 vivunt
1289 2548 1304 2568 ,
1330 2514 1385 2560 et
1410 2503 1612 2574 rapinis
1638 2514 1914 2571 sumptum
1941 2509 2200 2556 exercent

599 2615 783 2656 suum.
817 2607 924 2654 Aut
966 2612 1114 2655 certe
1154 2614 1260 2652 non
1295 2595 1641 2652 manducavit
1687 2610 1880 2666 panem
1914 2609 2069 2648 suum
2100 2608 2196 2649 vo-

605 2693 723 2750 lens
745 2707 805 2750 se
831 2700 1006 2748 morte
1032 2691 1318 2748 moletare.
1346 2690 1486 2762 quod
1510 2690 1561 2746 ei
1585 2690 1785 2761 aliquid
1813 2700 2122 2755 negaretur.

676 2787 765 2844 l6.
807 2788 1069 2858 Compara
1095 2801 1236 2842 nunc
1255 2785 1503 2841 allectum
1533 2787 1807 2856 pauperis.
1835 2784 1975 2840 Nihil
2011 2785 2193 2851 habet,

594 2892 650 2939 et
674 2882 924 2953 jejunare
948 2883 1285 2936 voluntarius
1315 2879 1417 2934 nisi
1449 2880 1557 2934 Deo
1585 2880 1793 2943 nescit,
1822 2879 2072 2948 jejunare
2094 2879 2194 2934 nisi

599 2993 665 3033 ex
713 2980 1038 3033 necessitate
1082 2992 1188 3032 non
1237 2975 1408 3030 novit.
1447 2973 1688 3039 bivites,
1735 2973 1945 3042 eripitis
1978 2972 2195 3040 quidem

601 3071 931 3142 pauperibus
961 3069 1244 3133 universa,
1272 3066 1497 3123 attici-tis
1522 3067 1701 3122 omnia
1723 3109 1738 3130 ,
1768 3063 1902 3120 nihil
1943 3063 2198 3135 relinqui-

2224 1772 2271 1832 B

2293 473 2390 527 pro
2425 475 2652 514 numero
2680 461 2834 528 panis
2864 463 3235 520 aestimaretur
3265 474 3407 535 quot
3439 465 3563 519 dies
3590 465 3647 518 in
3678 480 3812 531 agro
3841 467 3904 520 lu-

2293 560 2446 605 turus
2490 563 2656 608 esset.
2699 553 2928 610 Nolcbat
2957 557 3303 626 obsignatum
3351 558 3581 618 aperire
3630 557 3899 618 horreum;

2293 643 2516 712 nequid
2563 645 2630 699 de
2675 647 2894 702 condito
2945 650 3308 705 minueretur.
3347 649 3526 722 570
3573 649 3746 704 Panis
3787 668 3900 709 unus

2292 737 2516 800 singulis
2545 737 2737 793 diebus
2767 739 3148 808 deputabatur,
3178 744 3268 811 qui
3308 755 3572 797 ιυηιιρυιιι
3607 743 3698 796 vix
3727 745 3898 801 satiare

2295 841 2495 900 posset.
2527 843 2547 870 ε
2579 833 2829 903 Comperi
2859 837 3019 888 etiam
3049 837 3160 891 veri
3191 836 3321 903 lide,
3351 838 3397 890 si
3427 837 3663 907 quando
3688 837 3738 890 ei
3766 854 3895 893 unm

2294 936 2435 978 esset
2459 926 2788 994 appositum,
2817 930 2968 997 queri
2993 930 3134 996 quiod
3162 930 3341 998 pullus
3364 939 3520 985 esset
3541 931 3788 984 occisus.
3813 930 3894 987 Hec

2297 1016 2417 1072 ideo
2446 1020 2624 1074 scribo
2646 1063 2660 1081 ,
2692 1031 2747 1073 ut
2778 1023 3120 1091 cognoscatis
3150 1023 3424 1076 vindicem
3457 1038 3589 1078 esse
3638 1022 3741 1076 Dei
3766 1024 3895 1089 justi-

2295 1109 2459 1174 tiam,
2495 1127 2615 1182 quae
2645 1112 2915 1186 lacrymas
2947 1129 3244 1185 pauperum
3279 1126 3477 1171 vestro
3511 1115 3817 1172 ulciscatur
3838 1116 3895 1188 je-

2291 1217 2465 1272 junio.

2931 1297 3161 1355 CAPUT
3203 1300 3266 1354 γ.

2300 1391 2587 1446 Mullorum
2616 1409 2900 1465 pauperum
2921 1395 3170 1460 sanguine
3201 1413 3264 1449 ac
3291 1396 3395 1448 vita
3426 1405 3680 1450 constare
3705 1397 3892 1451 dit-itu
3979 1397 3984 1465 Ξ

2371 1502 2602 1549 mensas;
2629 1497 2780 1551 atque
2805 1486 2930 1540 inibi
2953 1487 3018 1539 de
3039 1500 3187 1558 patre
3213 1488 3464 1556 quodam.
3501 1493 3686 1561 cujus,
3715 1508 3746 1540 α
3769 1491 3893 1543 dicit:

2371 1579 2534 1631 coacti
2563 1579 2632 1630 ad
2659 1579 2974 1633 vendendum
3021 1579 3208 1645 ﬁliuni,
3257 1580 3410 1633 dolor
3461 1597 3526 1633 ac
3565 1593 3734 1634 cestus
3759 1584 3889 1634 animi

2373 1674 2714 1746 pulcherrime
2740 1675 3099 1728 describuntur
3121 1690 3141 1728 :
3169 1674 3295 1728 item
3324 1675 3607 1728 immanem
3645 1691 3759 1728 esse
3787 1674 3890 1728 diri-

2371 1776 2478 1820 tum
2507 1767 2769 1827 duritiem.
2799 1783 2950 1837 quam
2977 1777 3184 1838 sumptu
3207 1783 3303 1822 suo
3329 1779 3375 1823 et
3403 1768 3537 1822 luxu
3562 1769 3702 1836 ipse
3721 1784 3889 1839 quoque

2371 1869 2560 1930 augent
2584 1859 2842 1913 mulieres.

2375 1951 2459 2004 19.
2502 1950 2672 2019 Quam
2701 1951 3014 2019 religiosum
3044 1962 3182 2007 esset
3213 1951 3482 2022 jejunium
3507 1996 3523 2018 ,
3555 1954 3604 2009 si
3632 1965 3886 2020 sumptu

2299 2045 2529 2098 eouvivii
2578 2045 2650 2098 ιιιί
2697 2044 2989 2111 deputares
3019 2047 3372 2115 pauperibus!
3401 2046 3885 2111 Tolerabiliorjsm

2300 2137 2454 2191 dives
2484 2135 2594 2202 ille,
2624 2137 2781 2206 cujus
2810 2137 2878 2193 de
2911 2153 3096 2191 mensa
3127 2153 3188 2193 ea
3222 2155 3344 2207 quae
3373 2138 3677 2194 cadebant.
3712 2155 3885 2207 pauper

2301 2231 2538 2288 Lazarus
2563 2232 2842 2301 colligebat
2869 2233 3098 2286 saturari
3125 2234 3350 2300 cupiens
3374 2249 3388 2286 :
3412 2233 3508 2288 sed
3540 2233 3713 2288 etiam
3744 2236 3882 2301 ipsius

2303 2341 2490 2380 mensa
2525 2326 2818 2380 multorum
2851 2339 3147 2394 pauperum
3193 2325 3480 2380 coiistabat
3519 2325 3818 2396 sanguine;
3843 2335 3882 2380 et

2302 2419 2472 2489 ipsius
2501 2418 2714 2487 poeula,
2750 2419 3041 2472 multorum
3070 2431 3203 2486 quos
3229 2416 3297 2472 ad
3329 2418 3586 2490 laqueum
3625 2427 3879 2489 coegerat,

2300 2511 2556 2567 rorabant
2592 2526 2863 2567 cruorem.

2372 2601 2462 2656 ευ.
2503 2602 2703 2668 Quanti
2738 2611 3020 2665 necantur,
3056 2613 3112 2657 ut
3139 2603 3290 2658 vobis
3320 2603 3463 2673 quod
3495 2603 3763 2670 delectat,
3806 2619 3876 2674 pa-

2301 2694 2488 2750 retur?
2520 2694 2752 2750 Funesta
2791 2695 2958 2750 bitnes
2988 2705 3199 2759 vestra,
3247 2696 3459 2751 funesta
3510 2696 3776 2752 luxuries.
3805 2696 3875 2752 ille

2300 2789 2368 2845 de
2409 2791 2636 2844 sntt'mis
2665 2789 2995 2844 culminibus
3023 2791 3157 2855 ruit,
3192 2800 3248 2844 Ill.
3278 2791 3564 2845 frumentis
3595 2794 3775 2859 ampla
3803 2808 3873 2845 ve-

2301 2884 2430 2938 stris
2471 2884 2813 2952 receptacula
2858 2893 3208 2953 praepararet.
3256 2883 3350 2939 llle
3391 2884 3459 2939 de
3491 2887 3715 2940 sublimi
3747 2901 3873 2941 caru-

2302 2977 2448 3032 mine
2478 2978 2601 3030 altae
2644 2978 2858 3032 arboris
2884 2978 3117 3042 decidit,
3151 2978 3276 3032 dttm
3307 2995 3508 3048 genera
3547 2997 3772 3035 uvarum
3797 2999 3872 3037 et-

2302 3070 2500 3139 plorat,
2537 3087 2670 3140 quas
2711 3069 2942 3138 delerat,
2973 3072 3168 3137 quibus
3195 3071 3352 3142 digna
3380 3075 3634 3128 convivio
3664 3087 3752 3129 tuo
3778 3076 3868 3128 vim

519 3177 522 3183 ‘
599 3163 667 3218 tis
697 3180 708 3216 :
741 3176 954 3232 poenam
990 3172 1166 3218 tamen
1216 3175 1511 3232 pauperum
1560 3174 1658 3213 Vos
1702 3158 1922 3229 potius,
1964 3155 2195 3224 divites,
2228 3173 2272 3237 ρ
2307 3162 2617 3217 fundantur.
2669 3161 2763 3218 Ille
2809 3164 2944 3218 mari
2994 3179 3204 3219 mersus
3234 3175 3350 3230 est,
3397 3166 3525 3219 dum
3573 3179 3784 3223 veretur
3822 3183 3868 3220 ne

593 3255 896 3310 sustinetis.
921 3253 1005 3310 Illi
1033 3253 1364 3323 jejuuaut,si
1386 3267 1491 3307 non
1515 3251 1779 3315 habeant;
1813 3264 1928 3313 vos,
1954 3266 2076 3304 cum
2105 3249 2200 3303 ba-

603 3349 764 3404 betis.
800 3350 842 3403 A
872 3349 1028 3402 vobis
1069 3348 1229 3417 igitur
1257 3347 1405 3416 prius
1435 3361 1648 3414 pinnam
1696 3344 1910 3411 exigitis
1931 3386 1944 3407 ,
1975 3353 2000 3381 α
2039 3358 2199 3413 quam

599 3441 928 3510 pauperibus
968 3441 1241 3510 irrogatis.
1272 3438 1385 3494 Vos
1416 3439 1578 3509 igitur
1617 3445 1806 3492 vestro
1834 3435 2027 3491 affectu
2056 3437 2203 3491 luitis

600 3533 817 3588 miserae
866 3532 1201 3604 paupertatis
1244 3546 1516 3587 :rrmnnas
1545 3547 1562 3584 ι
1592 3540 1647 3585 et
1688 3544 1954 3600 pauperes
1983 3528 2198 3598 quidem

606 3639 714 3680 non
741 3623 936 3679 habent
963 3639 1070 3695 quo
1101 3631 1352 3687 utantur;
1385 3637 1480 3677 vos
1507 3632 1685 3676 autem
1711 3637 1810 3676 nec
1835 3622 1933 3690 ipsi
1965 3621 2202 3687 utimini,

603 3731 708 3775 nec
731 3719 868 3774 alios
900 3719 972 3773 uti
998 3717 1196 3773 sinitis.
1233 3716 1438 3772 Eruilis
1466 3731 1654 3770 aurum
1683 3714 1752 3770 de
1780 3713 1980 3768 metalli
2015 3715 2164 3768 venis
2185 3755 2198 3778 ,

603 3811 700 3867 sed
729 3827 944 3867 rursum
971 3809 1308 3866 absconditis
1335 3809 1485 3864 illud.
1509 3810 1846 3878 Quantorum
1871 3807 2008 3863 vitas
2030 3807 2084 3862 in
2105 3805 2199 3861 illo

597 3904 842 3962 infoditis
871 3921 1007 3960 auro
1036 3905 1049 3959 ε

678 3999 766 4053 17.
807 3997 905 4053 Cui
934 3997 1025 4054 illa
1053 4009 1359 4065 servantur,
1393 4013 1514 4054 cum
1545 3999 1786 4069 legeritis
1813 3997 1881 4053 de
1910 4012 2077 4054 avaro
2116 3998 2198 4052 di-

603 4093 715 4148 vite
748 4109 760 4146 :
795 4091 1087 4147 Tltesauros
1125 4093 1334 4157 condit,
1367 4101 1414 4144 et
1443 4092 1648 4161 ignorat
1676 4091 1761 4145 cui
1803 4099 2078 4162 congregat
2119 4107 2202 4144 eos

604 4185 782 4259 (Psal.
815 4201 1053 4250 xxxviii,
1085 4185 1179 4259 7)?
1218 4185 1402 4241 llaeres
1431 4187 1642 4240 otiosus
1667 4193 1981 4253 exspectat,
2029 4184 2202 4238 lia-res

607 4279 923 4336 fas'tidiosus
955 4280 1232 4350 increpat,
1265 4280 1408 4352 quod
1439 4296 1565 4337 sero
1609 4269 1935 4335 moriamiui.
1968 4279 2094 4335 Odit
2124 4280 2205 4334 iti-

605 4388 884 4429 cretnenta
928 4373 1258 4429 bwreditatis
1300 4391 1448 4439 suae,
1479 4375 1546 4429 ad
1574 4373 1772 4429 damna
1799 4373 2034 4427 leSIiuat.
2065 4371 2203 4441 Quid

605 4465 768 4538 igitur
793 4466 1063 4529 miserius,
1093 4465 1311 4537 quando
1341 4482 1439 4522 nec
1467 4467 1609 4534 apud
1637 4467 1787 4521 illum
1813 4465 1900 4520 cui
1927 4464 2204 4534 laboratis,

606 4561 835 4632 gratiam
866 4560 1282 4632 derelinquitis?
1327 4559 1561 4632 Pmpter
1591 4561 1739 4615 illum
1788 4559 1914 4614 telis
1954 4567 2202 4614 mutuam

601 4654 800 4710 diebus
833 4652 1076 4709 toleratis
1123 4651 1318 4709 famem
1344 4697 1358 4718 ,
1396 4654 1713 4726 quotidiana
1764 4667 1966 4706 mensae
2011 4661 2205 4705 vestrm

606 4747 803 4802 damna
837 4756 1140 4802 metuentes
1168 4764 1182 4801 :
1211 4755 1432 4818 propter
1463 4747 1611 4802 illum
1642 4744 1670 4785 1³
1706 4743 1900 4801 diurna
1927 4743 2207 4799 adornatis

607 4839 836 4912 jejunis.
1571 4848 1578 4854 ’
1656 4885 1665 4892 .

683 4933 770 4989 18.
811 4932 944 4989 Novi
992 4949 1092 5005 ego
1137 4935 1361 4990 divitem
1407 4935 1461 4989 in
1500 4949 1686 5005 agrum
1735 4931 2204 5002 proficiscentem,

675 5075 701 5102 ίι
739 5064 831 5122 Sic
858 5081 990 5120 mss.
1021 5079 1245 5124 omnes.
1275 5079 1339 5117 ac
1369 5072 1476 5116 vet.
1507 5061 1639 5117 edit.
1670 5061 1830 5114 Rom.
1866 5076 2017 5125 vero,
2049 5075 2204 5130 quam

603 5138 916 5208 pauperibus
959 5139 1194 5206 erogetis.
1232 5135 1367 5188 Male
1389 5175 1404 5196 ,
1437 5150 1543 5208 non
1571 5131 1714 5208 eri-ii
1748 5131 1799 5184 id
1833 5132 1940 5183 vult
1979 5133 2207 5185 Ambro-

601 5203 719 5263 sius
741 5208 964 5263 divitem
995 5203 1146 5273 prius
1177 5222 1389 5273 pinnam
1416 5206 1513 5258 abs
1544 5218 1604 5256 se
1628 5203 1868 5268 exigere,
1898 5218 2057 5269 quam
2087 5217 2209 5253 ero-

600 5289 712 5350 εει,
749 5279 850 5359 hoc
878 5279 1233 5359 est-,neleem-o
1267 5292 1427 5359 yuain
1459 5275 1730 5359 impertiat
1765 5275 2123 5359 pauperibus}
2157 5281 2210 5325 at

603 5344 735 5406 vero
767 5350 818 5405 id
850 5351 1145 5422 significat.
1176 5344 1415 5422 divitem
1435 5346 1584 5417 prius
1610 5345 1708 5422 abs
1735 5359 1794 5398 se
1823 5360 2032 5422 pinnam
2065 5344 2212 5422 illam

601 5416 1115 5492 reposcerefquam
1143 5422 1337 5485 irroga!
1362 5462 1376 5484 ,
1407 5416 1508 5472 boc
1548 5428 1664 5492 est,
1697 5416 1924 5492 imponit
1955 5416 2208 5486 pauperi;

601 5486 723 5560 bna,
755 5510 896 5559 quos
921 5486 985 5549 ad
1013 5501 1307 5562 ege~tatem
1333 5502 1494 5562 atque.
1523 5490 1758 5562 inediam
1786 5486 1972 5555 adigit.

670 5559 797 5621 b’lu
845 5568 947 5623 hac
991 5559 1122 5622 vnee
1171 5567 1303 5620 mira
1355 5559 1611 5617 varietas.
1659 5560 1804 5615 Edit.
1840 5568 1975 5617 vet.
2019 5559 2206 5614 diurna

597 5635 852 5712 adnutatis
874 5640 1100 5712 jejunio.
1134 5638 1394 5712 Rom“...
1423 5635 1679 5712 aggeratis
1697 5631 1932 5712 jejunio.
1962 5629 2206 5712 Plur‘es'e

591 5722 751 5776 mss“
777 5701 1046 5776 diuiui'ua,
1077 5713 1186 5776 vel,
1218 5701 1921 5769 diurnatolleratisz'liqui,
1953 5701 2206 5776 adlult'etis

589 5763 826 5852 Ieiunia.
856 5763 1504 5848 itiiiritdiid‘eiii,diuturno
1534 5763 2060 5845 adlueretitiiej'unio.
2095 5763 2200 5831 Vc—

2233 4597 2284 4658 D

2307 3254 2473 3325 piscis
2503 3270 2705 3309 mensae
2739 3264 2843 3307 tua:
2872 3255 3034 3318 desit,
3061 3267 3153 3308 aut
3185 3267 3388 3312 ostrea.
3418 3257 3517 3312 llle
3544 3259 3771 3315 brumali
3796 3259 3868 3313 lri-

2304 3363 2437 3417 gore
2482 3345 2606 3401 dum
2655 3347 2868 3418 lepores
2915 3347 3275 3416 investigare,
3324 3359 3416 3403 aut
3470 3350 3681 3418 laqueis
3725 3351 3868 3405 studet

2305 3453 2435 3494 aves
2465 3448 2714 3503 captare,
2741 3439 2981 3508 diriguit.
3017 3440 3113 3494 Ille
3142 3451 3268 3495 ante
3295 3442 3484 3496 oculos
3515 3452 3640 3499 tuos
3663 3487 3677 3509 ,
3706 3447 3746 3499 si
3770 3445 3867 3514 qu'd

2307 3531 2446 3585 forte
2471 3531 2776 3599 disitlicuit,
2809 3532 3129 3588 verberatur
3155 3533 3219 3586 ad
3255 3548 3482 3589 mortem
3504 3578 3519 3600 ,
3551 3547 3714 3605 atque
3757 3540 3866 3607 ipsas

2308 3623 2496 3692 epulas
2529 3622 2648 3676 fusa
2679 3624 2938 3695 respergit
2971 3639 3184 3680 cruore.
3221 3627 3460 3696 Denique
3487 3628 3644 3684 dives
3669 3641 3773 3684 erat
3797 3631 3864 3698 qui

2307 3717 2408 3773 sibi
2441 3717 2507 3772 ad
2539 3733 2782 3774 mensam
2813 3728 2974 3788 caput
3026 3723 3302 3789 propbelm
3342 3723 3597 3790 pauperis
3632 3724 3780 3792 jussit
3803 3722 3864 3776 al-

2306 3809 2480 3865 ferri:
2525 3821 2578 3864 et
2625 3809 2768 3864 aliud
2818 3810 2959 3864 unde
2987 3812 3246 3866 saltatrici
3292 3814 3574 3882 praemium
3625 3816 3861 3872 solt-cret.

2307 3917 2412 3956 non
2447 3902 2749 3966 invenerat,
2781 3903 2882 3956 nisi
2912 3913 2967 3956 ut
2996 3918 3286 3974 pauperem
3312 3906 3528 3973 inberet
3549 3909 3740 3963 occidi.

2379 3997 2471 4050 2|.
2519 3995 2635 4050 Vidi
2681 4012 2781 4064 ego
2815 4012 3106 4066 pauperem
3137 3996 3289 4065 duci,
3324 3999 3452 4053 dum
3484 4016 3761 4071 cogeretur
3783 4002 3862 4058 sol-

2310 4101 2438 4140 vere
2467 4087 2608 4157 qtiod
2643 4103 2747 4142 non
2778 4087 3032 4146 habebat.
3069 4089 3208 4142 trahi
3236 4092 3299 4142 ad
3330 4105 3636 4159 Caroerem,
3667 4094 3780 4163 quia
3805 4092 3860 4145 ti-

2308 4194 2438 4233 num
2488 4179 2704 4234 deesset
2773 4179 2839 4233 ad
2902 4195 3144 4234 mensam
3195 4182 3464 4250 potentis;
3519 4183 3779 4240 deducere
3821 4185 3860 4238 in

2307 4273 2614 4325 auctionem
2659 4271 2798 4324 lilios
2825 4287 2975 4338 suos,
3005 4283 3062 4327 ut
3101 4273 3166 4327 ad
3203 4283 3412 4343 tempus
3442 4292 3656 4345 prauam
3685 4277 3862 4332 diﬂ'erre

2308 4373 2512 4432 posset.
2557 4361 2784 4418 Invenio
2825 4363 2962 4418 forte
3012 4365 3192 4435 aliquo
3235 4367 3324 4436 qui
3364 4367 3415 4422 in
3447 4369 3533 4422 illa
3579 4371 3862 4426 neceSsitale

2309 4457 2642 4522 subveniret,
2677 4457 2818 4512 redit
2853 4459 2918 4513 ad
2951 4459 3245 4530 hospitium
3271 4476 3392 4515 cum
3424 4462 3536 4516 suis
3567 4480 3774 4533 panper,
3800 4463 3864 4518 di-

2312 4564 2462 4622 repta
2505 4565 2758 4620 Spectaiis
2785 4555 2997 4620 Omnia,
3030 4556 3164 4609 nihil
3192 4556 3291 4610 sibi
3320 4555 3384 4610 ad
3417 4557 3598 4613 cibum
3632 4560 3858 4624 relictum,

2312 4649 2676 4718 ingemiscens
2705 4648 2936 4703 filiorum
2983 4649 3177 4704 famem
3198 4692 3212 4714 ,
3245 4650 3435 4704 dolens
3475 4653 3618 4722 quod
3664 4669 3749 4705 eos
3778 4669 3860 4705 non

2314 4742 2490 4811 potius
2529 4741 2577 4795 ei
2607 4741 2695 4812 qui
2739 4751 2924 4810 posset
2956 4757 3203 4811 pascere,
3238 4743 3589 4800 vendidi~st-t.
3633 4744 3776 4799 Redit
3811 4743 3862 4798 ad

2310 4837 2628 4901 Consilium,
2682 4837 2948 4893 vendendi
2994 4839 3159 4892 sumit
3207 4839 3509 4894 arbitrium.
3559 4837 3860 4910 Compugna-

2311 4931 2442 4987 bant
2467 4943 2644 4988 tamen
2676 4933 2873 5003 inopiae
2917 4932 3109 5004 injuria
3130 4975 3143 4998 ,
3187 4943 3242 4989 et
3272 4943 3514 5005 paternae
3541 4933 3744 5006 pietatis
3769 4951 3861 5006 gri-

2245 5027 2304 5036 ο...

2309 5075 2424 5115 ram
2468 5059 2755 5116 lectionem
2806 5061 3009 5116 habent
3047 5061 3286 5124 Tltuan.,
3311 5061 3469 5118 alter.
3501 5063 3657 5116 Poni.
3685 5072 3729 5115 et
3761 5061 3858 5117 Alli.

2310 5133 2473 5186 etiam
2515 5133 2672 5189 alter.
2704 5147 2840 5198 quos
2871 5133 3166 5193 ~cqttimttr.
3199 5133 3290 5185 Est
3317 5146 3495 5187 autem
3527 5136 3709 5186 dittroa
3736 5133 3864 5183 ξηιαν-

2313 5219 2442 5256 nare
2468 5204 2672 5272 jejuuia
2699 5247 2712 5262 .
2761 5205 2813 5256 in
2845 5204 3089 5273 singulos
3119 5203 3235 5257 dies
3258 5204 3460 5268 ieiunia
3496 5219 3684 5272 parare
3703 5219 3754 5255 ac
3777 5202 3862 5252 dis-

2312 5290 2515 5344 ponere.
2541 5294 2553 5326 τ
2585 5275 2726 5343 quod
2757 5291 2876 5329 eum
2909 5278 3131 5329 bismria
3162 5276 3411 5342 St‘fllli'llli
3473 5277 3608 5330 belle
3635 5288 3808 5340 congru
3829 5281 3859 5325 t.

2391 5358 2412 5384 ο
2455 5346 2652 5401 Omnes-
2676 5348 2807 5402 edit.
2837 5362 2959 5401 cum
2990 5346 3164 5401 tribus
3191 5363 3347 5407 mssa.
3376 5347 3614 5410 Comperi
3633 5350 3766 5400 etiam
3792 5345 3862 5395 riri

2315 5418 2487 5486 ﬁdem.
2536 5419 2638 5472 Alii
2691 5434 2820 5472 mss.
2858 5421 3148 5486 partium...
3181 5420 3274 5472 viri
3315 5418 3460 5488 ﬁde:
3489 5419 3676 5478 partim
3719 5417 3862 5468 nobis-

2315 5503 2436 5543 cum
2456 5531 2469 5552 ,
2494 5490 2597 5542 reri
2622 5490 2742 5556 ﬁde.
2778 5488 3072 5559 Utrumque
3099 5490 3381 5543 commode.
3402 5489 3656 5550 evplicari
3685 5496 3828 5552 potest
3851 5504 3860 5537 :

2312 5562 2546 5630 primum
2573 5562 2788 5616 uuideut
2819 5573 2870 5615 ut
2899 5563 2987 5627 sit,
3022 5562 3260 5626 comperi
3296 5561 3394 5614 tida
3421 5572 3471 5613 et
3501 5561 3751 5630 probitate
3769 5561 3862 5630 ejus

2312 5628 2343 5714 ξ
2365 5649 2472 5714 quo
2497 5634 2625 5688 mihi
2657 5637 2756 5714 hoc
2783 5644 3055 5688 narratum
3085 5647 3161 5689 ρει
3193 5628 3552 5714 :‘secumlum,
3577 5628 3792 5702 comperi
3812 5642 3859 5684 ea

2313 5703 2417 5763 [ide
2437 5709 2598 5777 quam
2632 5706 3101 5764 veritasmeretur
3123 5721 3186 5763 ac
3217 5703 3466 5775 postulat.

2528 5895 2580 5968 “vi
