4066 6360
90 357 213 414 757

1099 354 1190 413 DE
1228 352 1554 414 NABUTI‘IE
1592 353 2016 415 JEZRAELITA
2056 354 2260 415 LIBER
2299 355 2501 416 UNUS.

3339 357 3444 420 738

96 473 176 527 tia
212 492 226 528 :
264 472 457 529 fames
486 472 712 541 urgebat
740 471 807 527 ad
840 470 1103 542 pretium,
1138 483 1331 527 natura
1358 472 1423 526 ad
1455 471 1695 527 otlicium
1728 489 1741 524 :
1773 476 1823 536 Α
1920 472 2010 526 23.
2056 473 2182 529 lla-c
2206 491 2410 546 pauper
2436 485 2489 530 te
2520 483 2787 544 praesente
2817 474 3092 545 deplorat,
3123 482 3177 530 et
3206 474 3298 531 tibi
3329 491 3455 530 ava-

94 569 404 623 cinntnori
438 568 563 621 [iiiis
590 578 827 632 paratus,
859 581 1020 634 quam
1051 581 1078 617 a
1102 566 1235 633 .liliis
1280 564 1552 634 separari,
1600 578 1746 629 smpe

98 661 361 731 gradum
412 661 669 732 protulit,
703 676 849 729 sa-pe
878 659 1171 714 revocavit.
1207 657 1346 713 Vicit
1377 670 1553 712 tamen
1600 658 1650 710 iit
1680 672 1747 712 eo

102 758 471 822 necessitas,
505 771 610 811 non
641 754 910 820 voluntas,
937 762 993 807 et
1015 755 1127 823 ipsa
1152 753 1424 808 concessit
1448 752 1618 821 pietas
1648 766 1742 806 ne-

105 848 418 905 cessitati.

186 940 294 996 22.
342 941 773 997 Consideremus
805 955 949 996 nunc
1000 940 1189 1011 patria:
1235 938 1434 995 mentis
1476 939 1748 1009 procellas

109 1046 547 1101 exmstttantes,
579 1050 735 1106 quem
771 1034 839 1088 de
869 1034 1053 1087 liberis
1084 1034 1231 1102 prius
1257 1034 1511 1088 traderet.
1539 1033 1711 1101 Quem
1733 1073 1748 1097 ,

111 1129 337 1198 inquit,
376 1129 606 1185 vendam
638 1127 913 1196 priorem?
945 1126 1070 1181 Scio
1099 1126 1243 1203 enim
1274 1127 1416 1193 quod
1445 1124 1605 1197 571
1642 1140 1746 1178 non

110 1224 264 1277 satis
312 1231 411 1277 est
454 1225 611 1277 unius
640 1220 868 1290 pretium
898 1220 963 1273 ad
1004 1230 1213 1288 pastum
1247 1218 1599 1287 reliquouun.
1634 1216 1745 1271 llue

115 1319 315 1372 solum
368 1318 524 1371 dives
576 1316 871 1371 fecunditas
917 1313 981 1368 ad
1033 1328 1354 1368 aerumnam.
1405 1312 1577 1381 Quem
1619 1310 1750 1366 oﬂ'e-

117 1427 246 1467 rain
272 1410 299 1463 ?
328 1410 509 1479 Quem
549 1408 803 1464 frumenti
847 1410 1185 1462 auctionatur
1229 1408 1459 1462 libenter
1486 1406 1753 1474 a~pieiet?

124 1502 579 1572 Priniogenitutn
609 1500 871 1556 oli'eiatu?
904 1501 1009 1556 Sed
1057 1501 1261 1569 primus
1290 1516 1375 1555 me
1417 1511 1621 1570 patrem
1652 1515 1748 1553 vo-

117 1598 300 1653 cavit.
340 1597 386 1652 ll
415 1613 446 1651 e
488 1607 572 1652 est
600 1599 772 1665 major
800 1611 865 1650 ex
904 1596 1048 1656 filiis,
1079 1610 1239 1665 quem
1273 1609 1512 1663 coiigrue
1544 1596 1753 1650 honoro

123 1692 449 1745 seniorem.
494 1689 599 1744 Sed
639 1690 911 1756 juniorent
962 1687 1141 1741 dabo?
1174 1691 1243 1742 At
1272 1687 1431 1741 istum
1481 1688 1753 1743 teneriore

118 1802 322 1840 amere
348 1785 716 1850 complector.
753 1783 904 1837 l'lum
936 1783 1222 1841 erubesco.
1257 1781 1419 1847 hujus
1450 1782 1712 1837 misereor
1738 1799 1750 1836 :

1852 564 1973 619 ritia
2004 580 2187 620 aui-ein
2213 569 2475 629 obstruit,
2506 584 2605 623 nec
2632 585 2784 625 mens
2827 578 2914 623 tua
2949 568 3072 623 laeti
3121 567 3450 624 miserabilis

1849 662 2076 717 horrore
2102 664 2360 718 mollitur.
2391 664 2561 720 Totus
2590 666 2822 736 populus
2856 663 3185 734 ingeiuiscit,
3218 674 3272 718 et
3298 662 3448 718 solus

1850 756 1999 812 dives
2032 772 2135 810 non
2168 760 2424 827 ﬂecteris,
2456 775 2555 815 nt-c
2584 759 2739 815 audis
2768 760 3103 831 Scripturatn
3134 758 3403 814 dicentem
3435 775 3450 810 :

1850 848 2021 903 Perde
2064 849 2333 918 pecuniam
2364 861 2573 921 pr0pter
2602 852 2847 922 fratrem,
2887 862 2936 906 et
2976 850 3234 910 anticum,
3263 860 3311 905 et
3350 863 3452 902 non

1851 943 2135 997 abscondas
2156 959 2269 997 eum
2292 945 2384 997 sub
2415 943 2588 1015 lapide
2612 944 2664 998 in
2689 955 2899 999 mortem
2924 942 3115 1016 (Ereti.
3145 959 3303 1006 nix,
3336 942 3453 1012 15).

1854 1036 1920 1091 Ει
1950 1038 2073 1107 quia
2106 1051 2212 1090 non
2260 1035 2451 1101 audis,
2500 1036 2622 1091 ideo
2663 1037 2932 1101 exclamat
2974 1036 3337 1091 Ecclesiastes
3372 1033 3456 1089 di-

1852 1144 1981 1184 cens
2007 1145 2023 1184 :
2058 1129 2148 1183 Est
2176 1131 2397 1203 languor
2427 1131 2617 1188 malus.
2648 1147 2796 1198 quem
2825 1131 2927 1183 uidi
2955 1131 3049 1185 sub
3072 1129 3184 1184 sole
3202 1172 3217 1188 .
3246 1128 3454 1183 divitias

1853 1222 2103 1276 custodiri
2126 1222 2177 1275 in
2209 1224 2401 1274 malum
2432 1220 2748 1290 possidentis
2776 1238 2860 1276 eas
2890 1219 3087 1290 (Eccle.
3119 1236 3171 1286 v,
3204 1219 3320 1293 12).
3349 1217 3453 1275 Sed

1856 1314 2088 1370 forta~se
2116 1313 2307 1369 redeas
2327 1313 2547 1368 domum
2587 1325 2788 1369 etcum
2822 1328 2989 1367 more
3017 1310 3271 1367 conferas
3304 1327 3317 1364 :
3367 1310 3457 1365 illa

1856 1414 1908 1461 te
1960 1406 2205 1460 hortetur
2248 1414 2303 1460 nt
2350 1405 2589 1460 redimas
2624 1405 3033 1460 venunidatiim.
3076 1405 3246 1459 Immo
3283 1402 3456 1474 magis

1856 1499 2165 1553 hortabitur
2208 1509 2265 1553 ut
2310 1500 2568 1553 mundum
2613 1499 2932 1554 muliebrem
2984 1500 3263 1560 conteras,
3314 1497 3457 1553 unde

1855 1602 2010 1662 potes
2040 1590 2065 1629 δ
2095 1592 2179 1646 vel
2216 1607 2379 1661 parvo
2412 1606 2701 1664 pauperem
2733 1593 2985 1647 liberare.
3025 1589 3119 1645 llla
3152 1591 3246 1646 tibi
3278 1592 3454 1658 impn-

1857 1695 1949 1739 net
1977 1694 2288 1754 smnptnnm
2318 1685 2736 1750 necessitatem;
2763 1697 2818 1738 ut
2843 1699 3056 1755 gemma
3090 1682 3259 1749 bibat,
3291 1681 3453 1754 572

1858 1779 1911 1834 iit
1958 1788 2108 1833 ostro
2156 1778 2424 1847 dormiat,
2477 1780 2529 1833 itt
2576 1790 2831 1848 argentea
2883 1779 3088 1849 sponda
3139 1781 3457 1846 recumbat,

121 1878 280 1935 illius
310 1878 545 1947 gradum
577 1878 790 1947 suspiro
811 1921 825 1941 ,
860 1876 1019 1943 hujus
1047 1886 1261 1931 aetatem
1290 1894 1303 1926 τ
1338 1876 1431 1930 ille
1453 1878 1563 1942 jam
1593 1879 1757 1930 sentit
1786 1880 1835 1939 B
1860 1889 1991 1927 auro
2021 1882 2214 1928 oneret
2241 1887 2455 1935 manus.
2484 1874 2751 1928 cervicem
2783 1874 3093 1928 monilibus.

122 1987 475 2035 arrutuuatu,
508 1971 609 2024 iste
634 1971 845 2041 ignorat
873 1988 887 2024 :
917 1970 1089 2023 ﬂectit
1116 1984 1201 2022 inc
1225 1970 1367 2023 illius
1392 1969 1569 2029 dolor,
1598 1968 1755 2036 hujus

127 2050 384 2119 inscitia.
422 2063 502 2119 Ad
533 2064 673 2117 alios
699 2078 785 2117 me
808 2060 1127 2118 conferam?
1158 2060 1252 2115 Ille
1280 2061 1408 2114 ttiilii
1442 2061 1560 2129 plus
1602 2060 1753 2116 blan-

127 2159 310 2219 ditur,
348 2158 458 2212 iste
492 2158 608 2225 plus
636 2156 1033 2211 vereenndatnr
1066 2174 1077 2209 :
1114 2156 1204 2211 ille
1254 2158 1461 2226 parenti
1504 2156 1753 2223 similior,

132 2251 231 2307 hic
276 2251 474 2305 utilior
513 2269 526 2304 ι
575 2252 626 2305 in
658 2250 750 2305 illo
796 2251 1080 2320 imaginem
1126 2266 1300 2306 meam
1342 2249 1537 2310 vendo.
1572 2251 1622 2304 in
1653 2250 1757 2304 isto

131 2359 298 2413 spem
333 2360 516 2399 meum
551 2345 741 2414 prodo.
785 2345 867 2399 Me
896 2344 1186 2398 miserunt!
1221 2343 1334 2399 Non
1374 2344 1593 2399 invenio
1628 2344 1757 2415 quid

1928 1968 2019 2021 26.
2066 1967 2412 2022 Delectantnr
2456 1974 2512 2022 et
2554 1966 2909 2037 compedibus
2958 1966 3249 2033 mulieres,
3294 1964 3457 2020 dum-

1858 2060 2019 2115 modo
2050 2074 2183 2113 auro
2214 2059 2465 2128 ligentur.
2498 2058 2615 2114 Non
2650 2068 2840 2131 putant
2865 2075 3031 2114 onera
3060 2074 3181 2115 esse
3204 2100 3219 2125 ,
3248 2060 3292 2113 si
3337 2074 3461 2130 pre-

1860 2153 1994 2207 tiosa
2040 2152 2150 2207 sint
2185 2170 2197 2207 :
2241 2170 2346 2207 non
2376 2155 2688 2208 existimant
2721 2153 2934 2208 vincula
2983 2168 3136 2218 esse,
3190 2152 3235 2207 si
3278 2152 3333 2207 in
3376 2152 3461 2208 Itis

1862 2244 2100 2299 thesauri
2133 2256 2444 2300 coruscent.
2490 2246 2639 2300 Delei
2655 2254 2770 2300 tant
2805 2255 2861 2300 et
2893 2246 3155 2309 vulnera;
3186 2254 3241 2299 tit
3266 2257 3456 2299 aurum

1863 2340 2087 2393 auribus
2116 2338 2409 2405 inseratur,
2439 2350 2495 2395 et
2524 2340 2835 2409 margarita:
2861 2342 3220 2411 depemleant.
3250 2338 3465 2395 Habent

133 2436 381 2503 faciam,
435 2454 539 2491 non
585 2437 761 2492 habeo
802 2436 927 2507 qtiil
964 2440 1179 2508 eligam.
1221 2435 1641 2493 CirCitnivallant
1671 2454 1758 2494 me
1797 2426 1805 2436 ”

136 2532 316 2586 facies
344 2530 745 2593 calamitatum,
774 2547 1137 2585 :erunmarutn
1170 2530 1390 2586 chorus.

214 2625 315 2679 9.3.
360 2623 564 2678 Ferina
597 2626 711 2678 ha'c
742 2624 919 2678 rabies
965 2634 1080 2685 est.
1117 2624 1318 2694 eligere
1362 2638 1522 2692 quem
1558 2621 1756 2678 tradas.

138 2718 304 2775 Ferte
330 2719 467 2787 ip~zc
497 2733 620 2772 cum
656 2719 893 2786 pericula
922 2718 1207 2772 imminere
1250 2718 1385 2787 proli
1416 2732 1477 2772 ac
1507 2716 1609 2772 sibi
1637 2734 1762 2770 seu-

143 2814 312 2877 tittnt,
355 2815 534 2867 solent
582 2812 786 2881 eligere
830 2828 967 2883 quos
996 2812 1262 2874 liberent,
1299 2827 1405 2866 non
1448 2827 1584 2881 quos
1630 2810 1763 2867 olfe-

141 2918 293 2961 rant.
323 2906 618 2974 Quomodo
662 2906 823 2977 igitur
867 2905 1169 2961 discernam
1220 2907 1471 2961 aﬂ’ectttnt
1520 2906 1763 2961 naturic?

142 2998 451 3067 Quomodo
490 2998 811 3059 obliviscar.
863 3000 1137 3069 quomodo
1181 3015 1373 3056 exoam
1412 3002 1575 3069 patris
1608 3017 1761 3055 men-

148 3092 301 3147 tem?
336 3092 629 3158 Quomodo
661 3092 751 3145 lilii
777 3093 1083 3147 anetiourm
1112 3095 1475 3147 constituam?
1508 3096 1624 3161 Quo
1652 3110 1766 3149 scr-
1870 3100 1987 3152 tati.
2035 3098 2152 3152 Non
2189 3102 2368 3152 abnuo
2394 3111 2606 3167 gratum
2638 3098 2926 3170 quemdam
2960 3097 3197 3167 lapidum
3241 3096 3470 3152 istorum

147 3201 318 3241 mone
352 3186 605 3256 pacisrar
646 3186 911 3255 pretium?
938 3187 1139 3255 Quibus
1174 3187 1379 3241 tradam
1419 3188 1666 3242 manibus
1710 3189 1761 3243 iu
1869 3206 1995 3246 esse
2026 3192 2311 3261 fulget-em,
2341 3192 2434 3247 sed
2463 3203 2639 3247 tamen
2665 3192 2927 3263 lapidum.
2959 3190 3027 3245 Et
3054 3191 3152 3260 ipsi
3180 3188 3478 3244 admonent.

149 3280 482 3335 scivitutem
519 3280 720 3333 tilium?
762 3281 968 3348 Quibus
999 3281 1172 3336 oculis
1222 3282 1480 3349 εειιὶοἰηηι
1528 3280 1842 3344 servien-C
1876 3294 2065 3339 contra
2117 3293 2361 3339 naturam
2412 3285 2672 3355 expoliti,
2735 3294 2790 3339 ut
2837 3299 3091 3339 saxorum
3137 3281 3478 3353 deponerent

152 3374 308 3430 teni?
351 3375 564 3442 Quibus
602 3376 801 3429 osculis
845 3376 1141 3430 discedi-nti
1172 3376 1510 3429 vah-dicam?
1564 3377 1770 3444 Quibus
1875 3380 2257 3447 aSpeiitalem,
2306 3379 2539 3449 rigorem
2580 3378 2751 3450 magis
2795 3378 2993 3434 mentis
3034 3392 3154 3433 esse
3192 3374 3479 3447 espolien~

152 3468 362 3523 factum
411 3483 665 3523 excusem
707 3469 1086 3525 sermonibus?
1134 3468 1270 3533 Fili,
1301 3484 1400 3539 ego
1427 3479 1477 3523 te
1510 3485 1608 3539 pro
1651 3485 1771 3524 meo
1875 3471 2027 3535 dum,
2056 3488 2217 3543 quam
2245 3473 2506 3543 lapidum.

154 3562 283 3618 cibo
319 3562 559 3616 vendidi.
600 3561 884 3616 Fituestior
932 3578 1062 3633 ergo
1097 3562 1207 3633 jam
1261 3565 1511 3633 pauperis
1550 3580 1770 3635 mensa,
2490 3609 2718 3667 CAPUT
2758 3608 2826 3666 VI

158 3668 324 3723 quam
359 3652 571 3707 divitis.
605 3653 695 3709 Ille
723 3654 923 3708 addicit
951 3655 1180 3721 alienus,
1210 3653 1309 3724 ego
1341 3672 1518 3711 meum
1553 3657 1770 3713 vendo:
1890 3726 1920 3734 ﬁ
2159 3725 2189 3734 η
2282 3724 2292 3734 _
2493 3652 2605 3734 ως
2631 3652 2714 3734 υξ
3182 3719 3212 3734 μ

159 3719 256 3803 ille
284 3756 672 3803 necessitatem
706 3749 931 3816 imponit
960 3766 971 3801 :
1002 3764 1103 3817 ego
1130 3719 1297 3803 διπηιῖο
1326 3752 1679 3805 voluntatem.
1705 3751 1775 3807 Ut.
1880 3726 2047 3793 Qum"
2079 3725 2221 3779 "una
2249 3724 2315 3778 ‘5‘
2346 3740 2499 3792 opm"
2526 3723 2747 3793 θθῖίαεία
2773 3740 2792 3777 ³
2819 3731 2867 3777 εί
2899 3737 2989 3777 cur
3025 3721 3133 3775 mm
3159 3719 3352 3773 divitia!
3377 3733 3479 3817 ’φ’

161 3839 235 3895 sit
267 3842 646 3897 excusabilior
675 3857 861 3901 causa,
894 3841 1143 3907 adiit-iam
1174 3859 1185 3894 :
1222 3841 1351 3903 Fili.
1390 3858 1487 3912 pio
1519 3843 1759 3897 fratribus

1949 3823 2238 3895 pellentur!
2268 3820 2588 3875 Miseriorem
2621 3838 2728 3874 esse
2754 3819 2967 3873 divitum
2995 3835 3151 3885 quam
3186 3816 3481 3883 mancipio-

1950 3933 2064 3970 rum
2106 3917 2397 3971 seruitulein
2434 3930 2452 3969 :
2480 3916 2562 3969 ubi
2591 3914 2732 3968 locus
2763 3914 2846 3967 hic
2872 3912 3174 3983 Evangelii,
3217 3910 3358 3978 Quid
3395 3908 3477 3964 fa-

164 3935 275 3988 tuis
305 3935 547 3999 servies,
591 3941 647 3987 ut
677 3934 781 3987 illis
808 3944 1122 4004 quaerantur
1148 3934 1447 3989 aliinenta.~
1467 3936 1531 3989 Et
1570 3935 1771 4003 Joseph

167 4042 196 4080 ιι
232 4027 497 4082 fratribus
522 4028 634 4079 suis
661 4027 712 4080 in
737 4029 1051 4081 servitutem
1076 4028 1435 4082 Venumdatus
1458 4038 1557 4087 est.
1590 4036 1759 4098 posti-5

1951 4011 2185 4066 ciam...
2217 4010 2491 4065 destruam
2513 4007 2705 4064 horrea
2733 4022 2876 4076 mea,
2907 4016 3039 4071 ete.,
3065 4007 3148 4077 pie
3168 4021 3229 4059 ac
3255 4002 3482 4076 facunde

1952 4104 2283 4175 expenditur.

167 4128 225 4175 et
260 4122 412 4187 ipsos
457 4131 514 4174 et
560 4130 763 4189 patrem
799 4120 961 4190 pavit.
997 4120 1369 4189 Respondebit
1399 4130 1456 4176 et
1500 4121 1586 4176 ille
1616 4139 1627 4174 :
1670 4121 1777 4177 Sed

172 4230 285 4271 non
319 4231 446 4286 eum
499 4214 739 4268 vendidit
797 4226 967 4285 pater,
1016 4226 1069 4268 at
1104 4215 1251 4269 ﬂevit
1306 4215 1564 4269 amissum
1616 4234 1631 4267 :
1682 4217 1778 4272 sed

171 4318 367 4378 postea
403 4308 568 4363 etiam
602 4308 714 4383 ipse
748 4308 798 4361 itt
830 4319 1151 4378 potestatem
1180 4306 1361 4363 divitis
1394 4309 1567 4374 venit,
1611 4318 1663 4363 et
1692 4310 1780 4364 vix

174 4405 354 4473 potuit
402 4402 641 4457 liberari.
698 4403 888 4457 Postea
938 4419 1110 4472 genus
1152 4403 1270 4473 ejus
1315 4404 1522 4458 divitiis
1560 4403 1782 4478 Egypti

174 4502 345 4552 multa
379 4509 541 4552 :rtate
562 4499 803 4553 servivit.
837 4498 1019 4553 Vende
1053 4515 1138 4554 me
1179 4508 1476 4570 postremo,
1511 4510 1684 4571 pater,
1717 4516 1781 4556 ea
1885 4501 2062 4554 dantia
2089 4500 2406 4567 divitiarum,
2438 4500 2640 4571 inquit,
2674 4500 2776 4554 vita
2806 4503 2918 4573 ejus
2949 4497 3105 4571 (Luc.
3141 4514 3238 4555 stt.
3270 4496 3381 4557 liii.
3418 4497 3487 4554 Et

175 4589 514 4655 coiidilinne,
546 4606 612 4644 ne
639 4590 836 4645 divites
864 4603 1067 4647 emant.
1884 4594 2011 4647 alibi
2046 4612 2057 4648 :
2096 4594 2246 4647 Nihil
2274 4605 2487 4661 prosunt
2538 4592 2761 4647 thesauri
2791 4594 2996 4664 injustis
3030 4608 3049 4647 :
3075 4592 3281 4663 justitia
3310 4602 3485 4645 autem

249 4680 342 4734 ‘24.
390 4682 526 4735 Il:rsi
555 4724 568 4744 ,
614 4683 790 4738 lateor
821 4701 833 4737 :
868 4700 1054 4738 verum
1100 4684 1226 4756 quid
1279 4683 1510 4741 faciam?
1558 4685 1775 4741 Nullum
1804 4685 1856 4746 D
1884 4688 2117 4743 liberata
2141 4699 2301 4743 morte
2328 4687 2512 4760 (Prav.
2547 4704 2600 4751 κ,
2624 4687 2705 4759 2).
2738 4687 2925 4755 Merito
2952 4688 3150 4743 clamat
3177 4683 3484 4754 Propheta:

183 4774 453 4829 vendam?
483 4774 587 4831 Sed
631 4774 758 4831 dum
799 4794 960 4831 unum
1005 4777 1314 4844 Considera,
1347 4795 1536 4834 omnes
1581 4779 1779 4835 videbo
1890 4781 2096 4836 Divitia:
2122 4783 2165 4836 si
2191 4782 2399 4852 umnam
2422 4822 2436 4844 ,
2467 4781 2625 4835 nolite
2655 4798 2744 4835 cor
2772 4762 3030 4853 apponere
3058 4778 3180 4847 (Ps.
3218 4792 3336 4836 LXI.
3377 4772 3484 4847 Η).

182 4865 322 4921 fami-
351 4877 661 4939 pereuules.
694 4869 749 4924 Si
795 4886 956 4924 unum
986 4872 1228 4935 tradam,
1262 4872 1455 4939 quibus
1491 4874 1665 4927 oculis
1694 4874 1778 4928 vi-
1886 4873 2021 4941 Quid
2049 4874 2193 4927 enim
2228 4872 2356 4927 mihi
2388 4883 2632 4943 prosunt,
2666 4874 2708 4927 si
2737 4889 2824 4928 me
2851 4890 2880 4927 a
2914 4883 3088 4927 morte
3115 4871 3348 4925 liberare
3377 4882 3485 4923 non

183 4959 323 5016 debo
349 4974 576 5017 eaiteios
607 4962 675 5017 de
717 4979 833 5018 mea
878 4965 1155 5034 impietate
1194 4974 1515 5032 suspectos,
1550 4980 1617 5020 ne
1646 4966 1782 5019 alios
1888 4967 2152 5038 possunt?
2181 4966 2319 5033 Quid
2355 4966 2484 5021 tuilti
2515 4976 2767 5037 prosunt,
2797 4967 2841 5019 si
2876 4980 3086 5021 mecum
3112 4970 3233 5033 post
3258 4972 3488 5015 lllOl‘lem

184 5069 399 5126 quoque
449 5057 709 5111 vendam?
760 5057 877 5125 Quo
927 5056 1134 5127 pudore
1192 5057 1469 5125 regrediar
1522 5057 1781 5111 domum?
1890 5074 2141 5113 essenon
2173 5058 2950 5129 possunt?llieacquiruntnr.
2978 5056 3485 5125 bicreliuqttuntnr.

188 5148 473 5215 Qultmndo
500 5152 750 5206 intrabo?
779 5156 895 5217 Quo
926 5151 1183 5206 habitabo
1213 5150 1411 5205 alicctu
1434 5192 1447 5214 ,
1478 5161 1502 5189 ἰ
1531 5152 1619 5222 qtti
1653 5150 1785 5207 mihi
1892 5153 2175 5209 Somnium
2212 5154 2373 5223 igitur
2403 5153 2690 5224 loquimur,
2738 5170 2842 5208 non
2888 5151 3290 5222 patrimonium.
3333 5148 3492 5205 Unde

189 5244 447 5312 abin-gari
475 5245 640 5299 lilium
668 5287 681 5308 ,
721 5262 882 5314 quem
915 5260 1019 5298 non
1056 5246 1275 5299 morbus
1303 5246 1639 5313 absumpsit,
1679 5262 1783 5299 non
1889 5248 2032 5303 bene
2075 5249 2150 5300 ait
2197 5247 2334 5301 idem
2383 5246 2652 5317 Propheta
2699 5246 2769 5301 de
2809 5246 3110 5300 divitibus:
3157 5243 3491 5299 Doi'mierunt

193 5349 338 5390 m0rs
368 5338 626 5392 alnlulit?
655 5339 767 5405 Qua
796 5337 1125 5391 Conscientia
1154 5332 1516 5393 considerabo
1545 5354 1785 5393 mensttn
1892 5357 2130 5395 somnum
2152 5358 2335 5402 suum,
2378 5351 2427 5394 et
2466 5341 2597 5394 nihil
2623 5344 2921 5393 invenerunt
2951 5355 3125 5394 omnes
3154 5338 3248 5393 viri
3288 5335 3493 5390 divitia-

195 5442 401 5486 meatu.
435 5448 592 5503 quam
637 5430 776 5486 sicut
809 5432 1019 5485 novella
1050 5430 1317 5485 olivarum
1348 5431 1400 5485 iii
1442 5430 1671 5486 cireuittt
1712 5440 1791 5487 tot
1862 5448 2010 5499 {rum
2054 5437 2105 5490 iu
2156 5435 2392 5489 manibus
2434 5435 2541 5488 suis
2587 5431 2761 5503 (Psal.
2796 5447 2959 5497 Lxxv,
2993 5433 3085 5501 6);
3141 5431 3244 5485 hoc
3285 5440 3369 5484 est
3413 5427 3497 5483 di-

198 5518 289 5575 ﬁlii
320 5524 644 5578 vestiebant.
1827 5543 2019 5642 {cere
2050 5548 2063 5585 :
2095 5530 2237 5586 Nihil
2276 5531 2600 5585 invenerunt
2630 5524 2682 5578 in
2714 5524 2969 5594 operibus
2999 5526 3114 5580 suis
3149 5522 3375 5586 divites,
3404 5520 3498 5592 qtti

274 5669 297 5697 υ
338 5661 536 5717 Omnes
564 5661 723 5723 edit.,
754 5661 841 5727 qui
870 5656 993 5714 mihi
1033 5658 1261 5733 ablegari
1288 5661 1457 5731 ﬁlium
1486 5660 1797 5733 Elegantius
1906 5680 2115 5733 omnes.
2144 5668 2223 5733 uel

274 5683 297 5697 “⁸
338 5683 536 5717 υιιιηες
564 5683 723 5723 ειιιι..
754 5683 839 5727 qm
870 5683 992 5714 "illi!
1033 5683 1258 5733 aUngllvl
1288 5683 1457 5731 puum
1486 5683 1759 5733 Dlegilllllu

203 5733 625 5807 tnss.,jobuegaui
656 5735 839 5807 ﬁlium.
1608 5803 1637 5807 μ

1900 5683 2062 5807 Γέἶίὣῗ

272 5801 298 5878 ξ’
343 5805 482 5860 Edit.
513 5801 656 5868 ant.,
682 5806 759 5858 vel
799 5820 995 5878 pauper
1034 5819 1307 5878 pauperem
1345 5804 1580 5878 liberare.
1607 5803 1793 5869 Rom.,
1902 5801 2069 5866 nitidi.

210 5873 285 5927 vel
332 5892 489 5947 parvo
540 5886 765 5949 tempore
799 5873 1092 5947 ’pauperem
1140 5873 1375 5930 liberare.
1427 5877 1616 5969 Melius
1660 5890 1793 5931 mss.

1487 5978 1557 6071 ’μ’

1863 2442 1916 2488 et
1945 2448 2172 2504 gemma:
2203 2434 2438 2503 pondera
2463 2450 2580 2502 sua,
2610 2435 2807 2491 habent
2835 2444 2891 2490 et
2915 2437 3232 2490 vestimenta
3261 2434 3462 2507 frigora

1862 2544 1980 2584 sua.
2016 2529 2253 2585 Sndatur
2297 2532 2347 2585 iu
2380 2533 2610 2603 gemmis
2632 2572 2646 2598 ,
2680 2532 2890 2602 algetur
2920 2532 2972 2586 iit
3012 2532 3236 2597 sericis;
3280 2542 3462 2587 tamen

1866 2625 2036 2693 pretia
2060 2625 2248 2691 juvant
2273 2643 2286 2678 :
2316 2636 2368 2680 et
2397 2641 2518 2695 quae
2554 2639 2746 2680 natura
2779 2639 3085 2691 aversatur,
3117 2626 3467 2681 commendat

1864 2720 2112 2773 avaritia.
2145 2720 2491 2789 Siuaragdos,
2523 2729 2578 2775 et
2607 2722 2949 2793 hyacinthos,
2980 2719 3266 2792 beryllum,
3300 2717 3465 2773 aeha-

1864 2820 1995 2876 tem,
2024 2815 2272 2884 topiziun
2294 2856 2307 2879 ,
2337 2816 2727 2886 ainethystutn,
2753 2814 2954 2884 jzispiu,
2981 2813 3226 2879 sardion,
3248 2825 3464 2868 sutan

1866 2917 2115 2979 quaerunt
2164 2907 2349 2965 lurore
2382 2926 2395 2962 :
2430 2910 2513 2965 vel
2553 2913 2597 2963 si
2650 2910 2932 2964 dimidium
2978 2906 3285 2978 patrimonii
3319 2916 3470 2977 peta-

1871 3011 1978 3067 tUr,
2022 3021 2129 3058 non
2164 3014 2392 3074 parcunt
2422 3003 2737 3074 dispendio,
2777 3003 2904 3058 dum
2939 3002 3221 3073 indulgent
3261 3000 3475 3071 cupidi-

1953 4218 2043 4273 27.
2084 4220 2217 4287 Quis
2261 4217 2450 4274 artifex
2495 4234 2659 4273 unum
2690 4216 2834 4272 diem
2872 4216 2995 4272 vita:
3040 4215 3277 4271 hominis
3307 4213 3483 4284 potttit

1883 4313 2211 4382 adjungere?
2232 4316 2400 4381 Quem
2425 4311 2625 4367 divitia!
2648 4312 2767 4379 ejus
2791 4312 2862 4366 ab
2885 4312 3074 4365 inferis
3100 4310 3483 4365 redemerunt?

1883 4405 2049 4477 Cujus
2075 4409 2449 4468 aegritudinem
2484 4408 2711 4478 pecunia
2746 4406 3046 4477 mitigavit?
3077 4404 3196 4460 Non
3226 4406 3278 4459 in
3317 4404 3484 4460 abun-

2260 5680 2421 5739 ρανυο
2444 5676 2719 5739 pauperem
2761 5659 2994 5739 liberare.
3023 5658 3097 5739 lbi
3128 5658 3270 5739 enim
3312 5655 3502 5739 subin-

2115 5729 2330 5810 polest,
2379 5729 2592 5808 pretio,
2638 5730 2961 5800 dispendio,
3005 5731 3091 5787 vel
3140 5731 3266 5803 quid
3314 5729 3504 5801 hujus-

1648 6125 1676 6153 Ὃ
