4066 6360
609 333 715 402 ian

1940 342 2186 403 SANCTI
2223 331 2547 400 AMBROSII

3813 343 3908 400 7M

613 461 743 516 nihil
789 459 1117 532 pauperibus
1146 459 1535 516 contulerunt:
1570 460 1769 515 nullius
1800 460 2061 531 juverunt
2086 461 2207 516 ino-
2241 464 2285 524 Α
2317 464 2535 512 vocatus
2556 455 2706 526 cupit
2732 467 2992 512 revocare
3028 456 3380 524 sententiam,
3425 455 3473 512 si
3501 455 3679 527 possit
3703 457 3909 510 vivendi

612 555 786 624 piam,
836 553 968 608 nihil
1015 552 1082 607 ad
1112 551 1401 608 utilitatem
1447 567 1597 608 suam
1630 553 1922 624 proﬁciens
1964 553 2207 623 reperire

617 656 925 718 potuerunt.
953 669 958 672 -

683 739 770 794 28.
813 738 995 805 ipsum
1027 754 1224 796 nomen
1255 740 1562 796 considera.
1598 740 1774 796 Ditem
1819 740 2007 795 dicunt
2035 739 2212 809 genti-

615 833 692 889 les
723 831 1020 889 inferorum
1051 834 1360 903 praesulem,
1392 835 1659 896 arbitrum
1693 835 1884 891 mortis
1908 833 2075 890 ditem
2105 849 2203 904 ap-

613 925 814 996 pellant
848 933 904 980 et
944 926 1165 982 divitem
1187 968 1201 993 ,
1233 926 1378 998 quod
1425 929 1526 982 nisi
1561 937 1791 983 mortem
1821 927 1977 984 dives
2009 925 2212 982 inferre

614 1031 721 1072 non
755 1021 1000 1082 noverit.
1034 1019 1121 1075 cui
1154 1035 1379 1091 regnum
1423 1021 1494 1076 de
1525 1021 1786 1087 mortuis,
1819 1020 1906 1076 cui
1933 1021 2091 1076 sedes
2132 1020 2213 1074 in-

610 1107 709 1164 feri
741 1120 886 1166 sunt.
916 1110 1056 1178 Quid
1081 1121 1165 1168 est
1193 1111 1338 1167 enim
1365 1113 1540 1178 dives,
1574 1114 1677 1168 nisi
1717 1113 1934 1183 quidam
1969 1112 2214 1182 inexple-

610 1201 737 1258 bilis
781 1217 978 1274 gurges
1020 1204 1365 1273 divitiarum,
1416 1206 1762 1275 inexplebilis
1791 1206 1907 1261 auri
1952 1207 2122 1261 lames
2150 1219 2214 1260 ac

613 1295 922 1363 silis?Quo
954 1297 1073 1366 plus
1100 1298 1376 1364 hauserit,
1428 1299 1550 1366 plus
1597 1298 1907 1355 inardescit.
1957 1298 2048 1355 Sic
2093 1313 2218 1369 pro-

614 1390 778 1459 pheta
804 1389 1106 1446 admonet:
1141 1390 1243 1456 Qui
1288 1392 1494 1462 diligit,
1534 1393 1738 1463 inquit,
1783 1402 2082 1464 argentum,
2111 1406 2218 1444 non

614 1482 891 1538 satiabitur
935 1493 1150 1553 argento
1200 1481 1398 1554 (Eccle.
1437 1500 1491 1549 v,
1522 1483 1599 1545 9).
1634 1483 1714 1545 Et
1751 1482 1886 1538 infra
1932 1483 2073 1538 idem
2104 1498 2117 1534 :
2148 1479 2220 1535 Et

615 1573 818 1643 quidem
865 1576 962 1630 hoc
1002 1575 1248 1640 pessimus
1293 1575 1531 1647 languor.
1563 1574 1711 1632 Sicut
1740 1575 1876 1630 enim
1915 1573 2041 1644 fuit,
2074 1573 2146 1626 ita
2174 1581 2223 1626 et,

620 1665 772 1738 obiit,
795 1675 842 1721 ct
870 1666 1191 1722 abundantia
1211 1669 1324 1738 ejus
1355 1669 1554 1730 laborat
1586 1671 1639 1723 in
1670 1680 1891 1722 uentum.
1927 1666 1996 1722 Et
2017 1666 2221 1737 quidem

620 1775 796 1818 atati“
816 1760 926 1817 dies
946 1763 1057 1833 ejus
1080 1763 1133 1815 in
1157 1761 1396 1829 tenebris,
1419 1773 1465 1818 et
1488 1763 1648 1828 luctu,
1671 1772 1719 1818 et
1739 1759 2012 1815 iracundia
2032 1758 2217 1824 multa,

2313 551 2670 606 substantiam
2721 550 2986 620 reperire.
3035 550 3243 617 Aspicit
3295 549 3442 605 nuda
3487 551 3714 614 omnia,
3750 564 3909 604 vacua

2312 644 2528 707 omnia,
2561 653 2616 700 ot
2639 642 2714 698 ait
2745 660 2758 696 :
2793 642 2932 710 Quid
2972 644 3206 715 faciant?
3255 643 3413 700 Unde
3446 643 3584 698 mibi
3624 642 3906 711 alimenta,

2313 739 2456 794 unde
2500 737 2778 794 vestitus?
2825 737 2963 793 Volo
2984 737 3202 804 vivere,
3260 738 3304 792 si
3354 736 3587 793 habeam
3645 737 3912 807 quamde

2314 833 2513 904 possim
2544 832 2706 885 vitam
2737 830 2877 887 hanc
2907 831 3175 886 sustinere
3203 849 3215 883 :
3241 831 3335 886 sed
3381 830 3583 902 quibus
3609 829 3774 897 cibis,
3805 833 3909 900 qui-

2315 925 2419 980 bus
2443 924 2738 980 subsidiis?

2388 1020 2475 1075 5i.
2511 1018 2649 1086 Quid
2672 1018 2892 1088 feriant,
2919 1017 3123 1088 inquit,
3177 1018 3314 1089 quod
3336 1034 3436 1072 non
3483 1017 3700 1072 habeo!
3720 1013 3907 1072 Clamat

2319 1127 2378 1168 se
2415 1112 2574 1172 dives
2614 1126 2720 1172 non
2748 1111 2971 1166 habere.
3009 1111 3348 1181 Paupertatis
3375 1110 3463 1166 bic
3487 1124 3681 1165 sermo
3705 1117 3790 1165 est
3815 1128 3830 1164 :
3855 1111 3908 1165 de

2320 1204 2501 1274 inopia
2551 1203 2800 1274 queritur
2821 1203 3104 1259 abundans
3151 1203 3429 1259 iructibus.
3465 1201 3597 1257 Non
3625 1203 3816 1266 habeo,
3839 1203 3907 1257 itt-

2318 1296 2457 1366 quit,
2488 1311 2589 1367 otto
2615 1311 2918 1366 congregem
2947 1295 3152 1365 fructus
3189 1312 3342 1350 meos.
3381 1295 3616 1350 Putares
3664 1294 3818 1348 illum
3844 1295 3911 1347 ὧ-

2320 1403 2448 1445 cere
2473 1406 2487 1442 :
2516 1387 2632 1448 Non
2661 1387 2837 1443 habeo
2884 1387 3114 1454 fructus,
3141 1387 3284 1443 unde
3312 1385 3610 1465 vivendum
3653 1396 3746 1446 est
3778 1386 3906 1440 mibi.

2321 1481 2517 1536 Beatus
2544 1481 2636 1552 qui
2663 1480 2731 1536 de
2756 1481 3086 1542 abundantia
3135 1482 3505 1553 periclitatur;
3537 1480 3721 1536 immo
3769 1481 3911 1535 mise-

2322 1575 2435 1630 rior
2454 1574 2556 1629 iste
2588 1572 3005 1648 fecunditatibus
3024 1572 3171 1642 suis,
3207 1589 3368 1646 quam
3402 1588 3636 1644 pauper,
3671 1573 3762 1628 cui
3792 1574 3912 1642 peri-

2324 1670 2506 1724 culum
2559 1668 2628 1724 de
2681 1677 2922 1739 egestate
2969 1678 3073 1723 est.
3136 1669 3308 1725 Habet
3356 1668 3449 1727 ille
3505 1667 3656 1722 unde
3712 1678 3914 1722 excuset

2327 1776 2657 1826 :rrumnam;
2689 1760 2855 1818 habet
2874 1770 3024 1818 certe
3049 1760 3322 1830 iniuriam,
3357 1775 3464 1816 non
3489 1760 3660 1817 habet
3680 1761 3914 1830 culpata:

617 1862 664 1905 et
693 1853 963 1924 languore,
992 1864 1038 1908 et
1069 1856 1148 1909 ira
1177 1854 1342 1928 (Ibid.
1365 1897 1381 1922 ,
1415 1856 1481 1911 l5
1507 1866 1555 1910 et
1593 1853 1764 1927 “9.);
1799 1862 1856 1909 ut
1884 1851 2221 1908 tolerabilior
2250 1867 2301 1928 ῃ
2325 1854 2428 1910 iste
2456 1870 2563 1908 non
2593 1853 2757 1910 liabet
2785 1869 2945 1924 quem
2972 1864 3172 1926 praeter
3196 1869 3255 1911 se
3280 1864 3494 1924 arguat.

616 1946 688 2004 sit
729 1947 972 2004 conditio
1019 1949 1384 2006 servulorum.
1434 1948 1516 2004 illi
1565 1949 1708 2003 enim
1745 1945 2054 2002 hominibus
2101 1958 2216 2000 ser-

621 2039 800 2106 viunt,
831 2041 933 2096 iste
964 2050 1206 2110 peccato.
1238 2043 1330 2097 Sic
1372 2041 1546 2109 inquit
1584 2040 1884 2111 Apostolus
1918 2038 2095 2108 (Rom.
2130 2051 2217 2100 vt,

619 2132 713 2201 l6)
744 2150 756 2186 :
790 2131 890 2199 Qui
935 2133 1079 2193 enim
1121 2132 1248 2189 facit
1295 2144 1610 2204 peccatum,
1641 2147 1835 2188 servus
1863 2139 1946 2186 est
1988 2128 2214 2200 peccati.

618 2223 844 2295 Semper
891 2227 946 2286 in
990 2227 1229 2298 laqueis,
1276 2242 1494 2297 semper
1526 2227 1581 2282 in
1612 2226 1842 2281 vinculis
1887 2232 1970 2278 est
2006 2241 2020 2277 :
2065 2237 2221 2278 num.

618 2335 780 2388 quam
827 2320 964 2378 liber
992 2337 1020 2374 ει
1052 2321 1409 2390 compedibus
1429 2362 1445 2390 ,
1479 2321 1602 2390 quia
1632 2333 1848 2390 semper
1889 2318 1941 2372 in
1979 2315 2222 2372 crimini-

619 2413 740 2474 bus.
788 2413 963 2482 Quam
994 2413 1155 2486 573
1188 2415 1388 2490 misera
1417 2413 1682 2474 servitus,
1712 2411 1918 2467 servire
1950 2409 2218 2480 peccatis!

694 2502 787 2564 ἓξ).
830 2503 1046 2565 Natura:
1087 2504 1256 2573 ipsius
1294 2505 1464 2563 nescit
1492 2503 1698 2568 munia,
1731 2517 1834 2558 nec
1858 2501 2034 2558 somni
2057 2501 2227 2569 ipsius

624 2595 938 2656 novitvices
958 2637 976 2663 ,
993 2606 1084 2657 aut
1110 2597 1216 2657 cibi
1244 2596 1487 2668 fungitur
1513 2596 1801 2660 suavitate,
1830 2597 1988 2664 cujus
2016 2594 2226 2656 nullum

623 2699 712 2752 est
749 2691 992 2750 immune
1033 2690 1336 2748 servitium.
1386 2691 1574 2752 Dulcis
1598 2690 1741 2750 enim
1780 2703 2004 2746 somnus
2035 2687 2176 2746 servi
2207 2727 2226 2753 ,

623 2785 725 2846 etsi
752 2783 1024 2844 modicum
1058 2783 1142 2838 vel
1177 2782 1406 2844 multum
1431 2782 1596 2842 edat:
1630 2791 1686 2840 at
1711 2790 1735 2820 ει
1776 2781 1973 2842 satiato
1997 2778 2226 2846 divitiis,

629 2895 737 2936 non
765 2885 855 2938 est
883 2878 975 2948 qui
1000 2894 1123 2938 eum
1157 2878 1301 2936 sinat
1329 2864 1609 2937 dormire/
1619 2875 1840 2939 Excitat
1859 2892 1982 2936 eum
2013 2875 2228 2946 cupidi-

625 2980 737 3037 tas,
767 2973 1011 3043 exagitat
1039 2987 1166 3030 cura
1217 2969 1443 3042 pervigil
1472 2971 1649 3031 aliena
1678 2969 1921 3039 rapiendi
1947 3010 1961 3034 ,
2013 2975 2230 3040 torquet

624 3065 853 3129 invidia,
881 3079 1030 3128 mora
1055 3073 1243 3130 vexat,
1269 3064 1529 3122 sterilitas
1553 3073 1911 3135 proventunm
1942 3060 2231 3124 infecunda

625 3159 934 3229 pet-turbat,
969 3157 1224 3218 sollicitat
1249 3157 1600 3214 abundantia.
1635 3155 1789 3216 Unde
1823 3156 1899 3212 illi
1923 3154 2109 3219 diviti,
2137 3168 2232 3211 cu-

617 3251 708 3321 jus
737 3250 1008 3322 possessio
1035 3253 1230 3310 uberes
1255 3251 1464 3308 fructus
1484 3251 1690 3315 attulit,
1716 3250 1806 3319 qui
1833 3250 2070 3320 cogitavit
2097 3248 2232 3309 intra
2257 3266 2304 3332 ο

624 3363 680 3410 ac
701 3348 917 3404 dicens:
968 3345 1107 3415 Quid
1136 3346 1356 3416 faciant,
1407 3345 1540 3413 quod
1579 3361 1680 3398 non
1705 3343 1866 3399 habeo
1891 3359 1990 3414 quo
2011 3357 2229 3414 congre-

625 3455 737 3508 gem
783 3442 981 3509 fructus
1027 3439 1210 3492 meos?
1255 3448 1304 3492 et
1345 3437 1476 3491 dixit
1509 3452 1526 3490 :
1559 3435 1674 3492 Hoc
1706 3437 1938 3506 (ariam,
1967 3436 2230 3492 destruant

624 3527 809 3582 horrea
839 3545 981 3595 mea,
1014 3541 1061 3583 et
1092 3529 1294 3599 maiora
1325 3530 1550 3606 faciant;
1592 3527 1686 3581 illo
1708 3529 2026 3599 congregubo
2057 3529 2229 3580 omnia

624 3638 738 3693 qua:
781 3632 901 3675 nata
929 3632 1047 3676 sunt
1075 3623 1229 3688 mihi,
1283 3631 1330 3675 et
1375 3622 1543 3674 dicunt
1590 3623 1778 3674 animo:
1813 3636 1938 3674 mea:
1965 3636 1984 3674 :
2009 3619 2224 3687 Anima,

626 3714 781 3797 haec!
803 3715 965 3769 nauita
991 3715 1124 3768 bona
1153 3716 1206 3768 in
1250 3731 1417 3769 annos
1463 3714 1650 3770 multos
1690 3717 1888 3785 posita,
1933 3713 2225 3784 requiesce,

627 3810 908 3875 manduca,
937 3808 1082 3875 bibe,
1110 3809 1320 3881 epulare
1343 3826 1360 3875 ;
1387 3808 1667 3879 respondit
1697 3807 1870 3863 Deus:
1906 3807 2105 3874 Stulte,
2131 3805 2227 3862 hac

626 3911 772 3956 nocte
790 3903 1018 3956 animum
1043 3911 1186 3962 tuam
1214 3910 1452 3974 repetunt
1475 3910 1578 3956 ate
1601 3919 1619 3956 :
1640 3917 1756 3974 qua
1788 3911 1957 3956 autem
1997 3901 2223 3973 parasti,

624 4001 778 4070 cujus
807 4008 952 4056 erant
995 3995 1148 4068 (Luc.
1197 4013 1303 4060 xu,
1353 3997 1420 4052 Π
1469 4006 1516 4050 et
1545 3995 1817 4066 uq.)‘iNe
1862 3995 1978 4066 ipse
2007 3994 2224 4065 quidem

623 4089 767 4144 Deus
797 4105 919 4144 enm
945 4089 1184 4144 dormire
1215 4089 1502 4160 permittit.
1528 4088 1844 4160 interpellat
1872 4089 2222 4160 cogitantem,

625 4185 825 4240 excitat
855 4181 1237 4238 dormientem.

698 4275 785 4332 50.
828 4274 933 4329 Sed
963 4289 1062 4334 nec
1107 4275 1222 4344 ipse
1250 4289 1310 4332 se
1334 4273 1576 4344 quietum
1602 4289 1723 4335 esse
1750 4275 1974 4346 patitur,
2024 4275 2113 4346 qui
2156 4273 2226 4336 de

627 4367 956 4424 abundantia
1007 4367 1319 4426 divitiarum
1369 4383 1594 4429 suarutn
1661 4369 2006 4437 sollicitatur,
2057 4380 2110 4428 et
2169 4370 2224 4430 in

626 4463 871 4524 ubertate
902 4464 1170 4516 fructuum
1211 4477 1400 4522 vocem
1437 4463 1650 4533 egentis
1692 4463 1914 4524 emittit.
1960 4461 2103 4528 Quid
2144 4462 2224 4532 [a-

626 4557 788 4618 ciatu,
821 4555 1029 4624 inquit?
1058 4555 1247 4614 Nonne
1278 4553 1393 4612 haec
1424 4556 1679 4626 pauperis
1709 4569 1814 4614 vox
1838 4561 1954 4620 est,
1995 4571 2101 4607 non
2131 4553 2225 4608 ltu-

2389 1947 2479 2009 δί.
2523 1946 2591 2004 Et
2617 1947 2797 2002 dixit:
2849 1946 2964 2002 Hoc
3008 1948 3221 2018 (uiuat,
3255 1946 3443 2006 horrea
3492 1964 3609 2002 mea
3650 1949 3916 2022 destruet.

2321 2041 2487 2096 Putes
2530 2040 2708 2096 adhuc
2760 2041 2944 2098 dicere
2993 2042 3146 2097 illum
3177 2061 3194 2096 ξ
3241 2042 3500 2110 Aperiam
3531 2042 3743 2099 horrea
3783 2058 3910 2110 mea,

2321 2133 2699 2204 ingrediantur
2747 2135 2840 2206 qui
2891 2135 3125 2192 tolerare
3169 2136 3363 2192 famem
3396 2152 3506 2192 non
3553 2148 3804 2208 queunt.
3846 2151 3918 2190 ve-

2323 2229 2478 2283 niant
2506 2229 2722 2299 inopes,
2745 2229 2952 2285 intrent
2979 2244 3276 2302 pauperes,
3309 2231 3566 2301 repleant
3599 2233 3761 2287 sinus
3788 2247 3913 2294 suos.

2322 2323 2598 2380 destruant
2651 2323 2885 2394 parietes
2935 2327 3028 2397 qui
3085 2325 3385 2383 excludunt
3442 2327 3810 2384 esurientem.
3864 2324 3919 2383 Ut

2324 2419 2450 2490 quid
2481 2435 2584 2488 ego
2625 2417 2956 2474 abscondam
2978 2460 2990 2484 ,
3022 2421 3108 2478 cui
3142 2421 3282 2476 Deus
3313 2419 3445 2476 facit
3475 2422 3771 2476 abundare
3798 2419 3919 2490 quod

2327 2513 2564 2582 largiar?
2595 2511 2664 2567 Ut
2715 2513 2843 2581 quid
2882 2513 3154 2584 repagulis
3202 2523 3480 2583 portarum
3523 2513 3782 2569 claudam
3830 2514 3919 2567 lru-

2327 2617 2506 2663 menta
2532 2647 2547 2670 ,
2577 2607 2606 2650 h
2627 2607 2821 2678 quibus
2868 2607 3012 2664 Deus
3054 2618 3223 2663 totum
3255 2606 3418 2681 57‘
3458 2609 3696 2679 replevit
3722 2624 3916 2679 campo-

2328 2719 2444 2759 rum
2473 2703 2756 2770 ambitum,
2789 2717 2910 2774 qute
2941 2703 3059 2759 sine
3079 2703 3306 2760 custode
3333 2711 3640 2759 nascuntur
3686 2715 3744 2759 et
3775 2703 3919 2758 abun-

2330 2795 2504 2851 dant?

2946 2929 3178 2986 CAPUT
3221 2929 3326 2986 VII.

2334 3042 2590 3104 Eumdem
2647 3043 2815 3104 locum
2864 3043 2928 3102 Β.
2984 3040 3184 3100 Doctor
3232 3043 3583 3118 prosequitur,
3624 3045 3913 3114 ostenditque

2403 3151 2586 3190 avaros
2617 3151 2732 3190 cum
2763 3136 2826 3194 de
2853 3133 3000 3195 bonis
3024 3134 3319 3208 benefacere
3363 3134 3635 3198 deberent,
3667 3137 3821 3192 malle
3844 3152 3912 3204 pr-

2409 3231 2584 3284 cunias
2605 3228 2657 3281 in
2679 3227 2992 3296 wdiﬁcando
3014 3242 3330 3294 consumere;
3347 3229 3592 3298 ipsosque
3603 3231 3773 3300 magis
3786 3243 3909 3282 enor-

2406 3323 2583 3380 mitate
2605 3322 2908 3391 pretiorum,
2968 3337 3122 3394 quam
3167 3322 3394 3378 ubertate
3423 3331 3768 3391 proventura
3795 3321 3908 3375 dcte-

2405 3413 2535 3475 Ctari
2557 3432 2574 3470 :
2591 3432 2718 3486 quos
2735 3425 2902 3476 tamen
2917 3415 3062 3474 docet
3075 3432 3173 3486 quo
3188 3419 3390 3487 [ructus
3408 3431 3532 3472 suos
3545 3431 3727 3472 secure
3746 3414 3908 3488 possiet

2379 3511 2382 3514 ’
2403 3509 2698 3564 recondere.

2404 3626 2493 3684 35.
2539 3623 2691 3682 Victa
2717 3634 2804 3682 est
2842 3639 2967 3694 spes
2997 3625 3167 3680 avari.
3200 3624 3547 3695 Rutuptrutur
3575 3634 3788 3681 vetusta
3809 3625 3908 3680 bon»

2332 3733 2422 3780 rea
2447 3719 2714 3777 messibus
2741 3718 2918 3776 novis.
2947 3716 3120 3776 Ninus
3139 3758 3156 3784 ,
3185 3718 3358 3788 inquit
3379 3759 3396 3785 ,
3420 3718 3589 3773 habui
3607 3761 3622 3785 ,
3650 3729 3708 3774 et
3734 3718 3904 3773 frustra

2331 3810 2541 3866 servavi
2571 3826 2584 3862 :
2620 3811 2737 3880 plus
2765 3823 2948 3868 uatum
2976 3819 3088 3874 est,
3134 3817 3192 3866 et
3213 3811 3300 3865 cui
3346 3812 3670 3881 congrege?
3702 3812 3824 3866 Dum
3844 3813 3906 3862 iu—

2331 3913 2605 3962 cremeuta
2633 3905 2932 3974 pretiorum
2961 3918 3225 3973 aucupor,
3267 3904 3428 3963 amisi
3456 3920 3616 3964 usum
3647 3904 3905 3960 beneﬁcio-

2332 4013 2472 4055 rum.
2506 3996 2752 4064 Quantas
2768 3996 2898 4054 anui
2926 3997 3222 4067 superioris
3249 3995 3522 4054 frumento
3550 3999 3707 4068 potui
3729 3998 3904 4052 auium

2333 4104 2629 4160 pauperum
2661 4091 2990 4148 reservare?
3045 4089 3172 4148 Haec
3200 4107 3291 4147 me
3329 4092 3502 4161 magis
3528 4106 3762 4148 scrvare
3784 4091 3904 4146 dele~

2330 4194 2538 4244 starent
2572 4186 2770 4254 pretia,
2823 4200 2944 4255 quae
2992 4199 3100 4242 nou
3154 4200 3375 4242 nummo
3419 4186 3782 4249 “limantur,
3826 4182 3903 4239 sed

2328 4275 2521 4348 gratia.
2554 4276 2810 4338 imitabor
2837 4284 3082 4335 sanctum
3111 4275 3311 4346 Ioseph
3359 4277 3718 4334 inmanitatis
3741 4276 3905 4347 prndi-

2328 4371 2542 4431 catione
2602 4387 2614 4423 :
2665 4368 2916 4430 clamabo
2940 4383 3078 4428 voce
3130 4384 3364 4438 tuasne:
3392 4369 3606 4436 Venite,
3633 4385 3901 4442 pauperes,

2329 4464 2474 4526 edite
2526 4476 2693 4533 panes
2745 4477 2929 4532 meos,
2983 4462 3277 4532 expendite
3316 4464 3617 4533 gretnium,
3675 4462 3904 4531 suscipite

2329 4556 2678 4611 frumentum.
2711 4555 3040 4611 Fecunditas
3089 4556 3294 4622 divitis,
3344 4557 3509 4612 totius
3557 4556 3712 4615 orbis
3763 4557 3904 4609 abun-

629 4647 806 4716 beutis
859 4646 1097 4706 subsidia
1141 4646 1402 4708 vivendi?
1433 4646 1612 4717 Egens
1654 4646 1897 4706 omnium
1928 4643 2030 4700 huc
2060 4653 2223 4716 atque
2251 4669 2300 4729 ι)
2328 4651 2532 4716 dantia,
2562 4650 2808 4712 omnium
2857 4649 3018 4710 debet
3054 4665 3176 4706 esse
3202 4649 3476 4708 fertilitas.
3509 4648 3594 4706 Tu
3642 4664 3774 4706 vero
3816 4663 3901 4702 non

625 4741 751 4803 illuc
779 4741 1032 4812 respicit,
1065 4749 1336 4800 scrutatur
1368 4740 1682 4814 hospitium,
1729 4738 1867 4800 nihil
1913 4737 2120 4796 invenit
2150 4736 2219 4794 ad

624 4852 780 4897 usum
809 4834 1050 4896 alimenti
1081 4853 1093 4887 :
1119 4833 1425 4890 considerat
1454 4833 1582 4887 nihil
1613 4833 1864 4894 miserius
1890 4847 2050 4904 quam
2077 4830 2222 4888 fame

625 4927 850 4994 conﬁci,
884 4936 940 4986 et
959 4926 1064 4983 cibi
1099 4925 1394 4994 indigentia
1425 4924 1561 4986 mori
1595 4943 1607 4978 :
1639 4925 1830 4999 quaerit
1861 4923 2050 4984 mortis
2071 4937 2222 4983 corn-

626 5021 820 5091 pendia
846 5063 861 5086 ,
887 5029 944 5084 et
976 5018 1342 5080 tolerabiliora
1375 5017 1608 5076 obeundi
1635 5019 1900 5092 supplicia
1929 5017 2156 5080 rimatur
2203 5034 2218 5074 :

622 5115 815 5189 arripit
843 5114 1083 5187 gladium
1102 5155 1118 5180 ,
1142 5110 1425 5183 suspendit
1455 5112 1704 5180 laqueum
1729 5152 1745 5175 ,
1778 5111 1957 5182 ignem
1999 5110 2219 5178 adolet,

621 5210 867 5280 explorat
894 5224 1201 5268 venenum:
1234 5217 1290 5264 et
1314 5208 1454 5266 inter
1485 5203 1602 5266 haec
1631 5204 1758 5275 quid
1785 5205 1950 5276 eligat
1979 5203 2219 5274 dubius,

621 5302 752 5360 dicit
777 5321 790 5359 :
823 5301 964 5372 Quid
987 5303 1210 5374 faciant?
1239 5301 1439 5364 Deinde
1472 5298 1599 5360 vita:
1629 5297 1790 5370 huius
1829 5299 2099 5360 suavitate
2130 5314 2215 5358 re-

692 5457 719 5485 ἰ
741 5449 849 5504 Sic.
884 5448 1016 5503 edit.
1042 5455 1153 5501 ant.
1179 5447 1337 5501 Rom.
1363 5456 1415 5502 et
1437 5459 1626 5501 omnes
1654 5458 1782 5498 mss.
1808 5451 2002 5502 praeter
2026 5456 2210 5508 unum,

2327 4744 2430 4802 hoc
2457 4743 2594 4803 dicis
2614 4785 2629 4809 ,
2659 4743 2752 4803 sed
2779 4742 2859 4800 ais
2885 4759 2897 4795 :
2933 4742 3216 4802 Destruans
3240 4741 3426 4800 horrea
3448 4758 3586 4800 mea.
3617 4741 3788 4798 Recte
3827 4741 3904 4795 de-

2324 4835 2488 4899 Struis
2513 4851 2601 4903 ea,
2630 4850 2662 4890 a
2696 4835 2892 4904 quibus
2917 4835 3098 4893 nullus
3131 4843 3580 4903 pautternnustns
3613 4837 3901 4892 revertitur.

2327 4929 2530 4986 llorrea
2561 4927 2860 4998 luiquitatis
2880 4937 3006 4986 sunt
3029 4927 3392 4996 receptacula,
3428 4941 3538 4984 non
3563 4929 3780 4998 pietatis
3800 4927 3906 4983 sub-

2325 5021 2482 5085 sidia.
2519 5021 2690 5080 [tecte
2708 5019 2938 5082 destruit
2965 5019 3059 5092 qui
3091 5021 3366 5090 sapienter
3399 5021 3672 5082 aediﬁcare
3696 5038 3801 5079 non
3827 5037 3907 5078 no-

2326 5115 2421 5176 vit.
2459 5113 2694 5176 Destruit
2724 5129 2822 5172 sua
2847 5114 3026 5182 dives,
3067 5115 3164 5186 qui
3187 5116 3362 5176 nescit
3399 5125 3609 5176 aeterna
3655 5119 3903 5175 :destrttil

2321 5208 2516 5266 horrea
2541 5248 2554 5273 ,
2591 5207 2684 5278 qui
2715 5221 2825 5268 non
2880 5207 3034 5266 novit.
3078 5223 3178 5270 sua
3220 5207 3492 5272 frumenta
3531 5210 3796 5279 dividere,
3825 5211 3904 5270 sed

2319 5299 2593 5356 claudere.

2321 5454 2452 5516 mss.
2484 5439 2729 5510 plerique
2759 5438 2883 5494 boni
2927 5438 3025 5516 αενί
3069 5439 3275 5516 addunt
3303 5443 3404 5497 ista
3451 5441 3739 5516 {Denique
3772 5462 3903 5501 etian-

621 5520 674 5575 in
714 5536 852 5591 quo,
896 5521 1148 5585 satiatus;
1196 5522 1422 5574 alterum
1475 5520 1528 5592 in
1573 5516 1994 5592 quo,‘satietur;
2019 5519 2216 5592 ct’ter-
2263 5575 2285 5592 ἓ,
2319 5512 2482 5581 gelico
2518 5522 2728 5592 utamur
2771 5512 3026 5592 exemplo,
3060 5521 3114 5564 ut
3163 5515 3432 5584 probemur
3458 5512 3668 5592 divitem
3699 5518 3904 5572 dormire

621 5582 751 5646 tium
782 5593 876 5645 ubi
925 5608 1046 5646 cum
1089 5582 1223 5645 edit.
1258 5582 1794 5660 quilntsdam'Paris.
1826 5587 1880 5639 in
1930 5587 2207 5660 "uirgine,
2244 5582 2284 5621 θ’
2319 5599 2420 5660 non
2451 5599 2619 5660 posse.
2654 5582 2864 5660 Atcum
2899 5582 3184 5638 videantur
3222 5599 3326 5660 non
3369 5602 3466 5660 suo
3494 5591 3617 5660 loco
3645 5593 3904 5653 posita,et

617 5663 840 5715 sanatio.
869 5664 1082 5717 Emdem
1107 5678 1237 5717 vero
1264 5655 1316 5717 in
1345 5675 1576 5740 corpore
1607 5659 1838 5722 habent,
1881 5656 2083 5780 agitatio
2123 5655 2208 5708 dio

618 5733 761 5780 vltis-
793 5750 894 5780 non
925 5744 996 5780 eat
1037 5749 1151 5780 (mm
1193 5736 1325 5780 sinat
1371 5750 1486 5780 eum
1528 5733 1775 5780 dormire.
1821 5726 1908 5780 LX
2008 5698 2206 5780 tni’cro.

618 5698 840 5715 υωισιιιιν.
871 5698 1080 5717 υθιιυυιη
1113 5698 1237 5717 νυσυ
1264 5698 1316 5717 ιιι
1345 5698 1429 5717 bVI
1501 5698 1576 5716 ἐν
1607 5698 1805 5713 ἰη-’νη-
1881 5698 1917 5710 "‘
1944 5698 2079 5708 ""‘"
2123 5698 2176 5708 '"

618 5733 762 5795 uitis,
793 5750 894 5786 non
925 5744 996 5789 est
1037 5749 1151 5801 qua:
1193 5736 1325 5788 sinat
1371 5698 1486 5787 eain
1528 5733 1775 5784 dormire.
1821 5698 1962 5782 LXX
2008 5698 2206 5801 ini’egrp.

621 5805 798 5858 Eccle.
831 5819 882 5861 v.
918 5805 1004 5869 ll,
1029 5795 1110 5860 aut
1131 5815 1203 5861 τῶ
1227 5806 1525 5876 ὶμπληθέντι
1557 5810 1648 5860 τοῦ
1675 5803 1962 5859 πλουτῆσαι
1982 5799 2073 5876 Ρύκ
2094 5795 2208 5876 ἔστι

618 5877 773 5952 iraira»
804 5875 956 5930 αὐτὸν
987 5882 1080 5931 τοῦ
1101 5869 1355 5933 ὐπνῶὰαι.
1391 5877 1560 5929 Porro
1599 5885 1719 5946 post
1747 5888 1930 5928 vocctu
1957 5869 2206 5934 dormire,

2323 5655 2373 5707 iu
2416 5657 2600 5726 multis
2635 5655 2800 5708 etiam
2846 5669 2979 5709 mss.
3030 5666 3084 5709 et
3112 5659 3320 5710 cunctis
3349 5658 3479 5712 edit.
3507 5658 3898 5726 desiderentur,

2319 5726 2450 5778 satis
2484 5725 2770 5780 habuimus
2803 5726 2960 5794 hujus
2985 5727 3062 5781 rei
3096 5727 3353 5782 lectorem
3387 5731 3708 5787 admonere.

2390 5795 2417 5833 ι’
2447 5799 2653 5875 Atn.et
2683 5799 2808 5875 Era.
2826 5797 2998 5875 linito
3028 5799 3208 5875 capite
3242 5809 3362 5868 post
3385 5817 3576 5875 vocem
3597 5844 3610 5866 ,
3641 5805 3896 5875 ﬁumenta,

2319 5882 2552 5936 sequens
2578 5870 2659 5923 his
2690 5869 2872 5924 verbis
2889 5868 3328 5940 auspicabantur,
3361 5872 3586 5928 Audiant
3605 5868 3717 5929 hinc
3737 5868 3898 5947 quibus

2443 6103 2474 6129 σ
