4066 6360
184 344 283 399 'Ml

1123 342 1213 399 DE
1253 341 1581 399 NABuruu
1620 339 2044 401 ιιςιιιιΑΕιιτΑ
2085 343 2286 404 LIBER
2331 337 2533 406 UNUS.

3387 344 3494 404 τις

257 455 347 509 5i.
388 454 457 508 Et
480 456 700 525 majora,
735 454 942 526 inquit,
975 455 1182 525 facian.
1229 455 1441 519 Infelix,
1470 455 1555 510 vel
1585 454 1637 509 id
1682 454 1793 509 dis—
1818 455 1871 516 Α
1899 457 2063 514 immo
2110 468 2166 515 et
2193 461 2286 517 tibi
2328 461 2560 527 adimis;
2610 462 2783 534 magis
2820 461 2963 518 enim
2992 459 3253 518 'servares
3281 461 3412 527 tibi,
3449 465 3494 517 si

187 555 414 617 peitsato
467 547 811 616 pauperibus,
841 547 982 616 quod
1033 563 1130 617 pro
1163 558 1380 615 sumptu
1413 546 1786 602 mdiﬁcatiottis

185 639 478 708 impendis.
514 640 648 695 Dum
688 640 1031 698 liberalitatis
1059 640 1290 712 gratiam
1322 639 1518 712 refugis
1543 682 1556 705 ,
1589 641 1787 695 damna

187 736 564 792 :ediﬁcationis
594 736 852 792 exsolvis.
943 796 950 802 ,

261 827 350 885 55.
398 829 464 882 Et
491 829 694 882 addidit
745 846 757 880 :
801 827 906 882 Illo
935 827 1255 900 congregaba
1301 829 1475 882 omnia
1502 845 1618 900 quas
1665 836 1789 882 stata

189 933 309 978 sunt
338 924 461 976 mihi
479 964 492 986 ,
524 933 569 977 et
588 923 757 976 dicam
779 923 969 977 animos
995 939 1119 976 meaD
1150 939 1170 977 .·
1193 922 1378 980 Anima
1400 963 1414 987 ,
1445 923 1601 982 habes
1627 923 1792 976 multa

193 1014 345 1070 boua.
383 1023 408 1052 εί
445 1013 736 1070 Conlicitur
785 1029 979 1068 avarus
1007 1030 1221 1081 semper
1267 1015 1512 1070 ubertate
1557 1031 1792 1086 proven-

193 1120 372 1176 tuum,
404 1109 530 1166 dum
563 1109 824 1165 vilitatem
864 1109 1135 1164 alimonize
1169 1109 1485 1168 calculator.
1520 1108 1790 1163 Fecundi.

195 1211 275 1258 tas
297 1204 439 1257 enim
489 1203 862 1258 universorum
895 1213 1017 1268 est,
1060 1201 1319 1257 sterilitas
1359 1202 1463 1256 soli
1500 1217 1672 1256 avaro
1708 1209 1794 1258 est

192 1304 519 1367 quaestuosa.
561 1295 872 1352 Delectatur
899 1296 1069 1365 magis
1111 1296 1439 1349 enormitate
1470 1295 1792 1364 pretiorum,

191 1403 352 1458 quam
402 1387 729 1442 abundantia
761 1388 1072 1455 cupiarum;
1103 1397 1158 1442 et
1188 1387 1389 1446 mavult
1422 1386 1621 1442 habere
1649 1386 1795 1457 quod

189 1482 341 1537 solus
365 1523 380 1548 ,
413 1498 575 1552 quam
601 1481 746 1551 quod
775 1497 897 1536 cum
917 1483 1175 1538 omnibus
1197 1481 1418 1538 vendat.
1448 1480 1579 1536 Vide
1603 1483 1796 1536 timeo.

193 1585 302 1634 tem
334 1591 400 1631 ue
438 1574 736 1644 superﬂuat
772 1577 1021 1631 cumulus
1071 1576 1488 1641 frumentorum,
1538 1591 1608 1631 ne
1633 1590 1796 1645 super

195 1670 388 1724 horrea
420 1668 732 1724 redundans
763 1669 1176 1724 transfundatur
1203 1670 1255 1723 in
1281 1685 1566 1739 pauperes,
1595 1679 1649 1724 et
1669 1669 1797 1725 boni

193 1762 421 1830 alicujus
469 1763 684 1816 occasio
728 1762 1093 1833 indigentibus
1140 1761 1472 1832 acquiratur.
1518 1760 1634 1817 Soli
1689 1761 1794 1816 sibi

1893 548 2254 619 dispertireris
2281 554 2420 608 aliis.
2468 554 2743 611 Bonorum
2779 555 2924 610 enim
2961 555 3166 610 fructus
3208 571 3494 611 munerant

1893 643 1945 697 in
1975 660 2067 696 eos
2099 645 2248 714 ipms
2285 646 2378 717 qui
2417 649 2778 717 contulerint,
2819 659 3189 714 revertuntur,
3232 658 3286 704 et
3315 649 3488 718 gratia

1891 735 2240 792 liberalitatis
2285 749 2306 776 ε
2351 739 2402 792 lu
2433 751 2710 796 auctorem
2765 741 2922 797 redlt.
2959 741 3201 810 Denique
3236 741 3497 811 scriptum

1894 838 1980 884 est
2035 846 2050 883 :
2103 829 2372 886 Sentinate
2423 833 2558 890 vobis
2608 835 2677 888 ad
2717 835 2978 908 justitiam
3028 834 3190 905 (Ose.
3226 850 3261 888 x
3291 876 3305 900 ,
3367 831 3494 905 ιι).

1894 920 2028 976 Esto
2051 921 2312 990 spiritalis
2335 925 2594 994 agrieola,
2623 941 2742 980 sere
2792 925 2934 996 quod
2985 926 3077 980 tibi
3128 925 3319 995 prosit.
3350 924 3498 980 Bona

1895 1017 2036 1070 satio
2066 1017 2117 1072 in
2141 1017 2306 1072 corde
2333 1018 2638 1074 viduarum.
2690 1019 2747 1075 Si
2782 1029 2926 1075 terra
2961 1020 3056 1077 tibi
3088 1019 3263 1076 reddit
3296 1021 3502 1078 lructtts

1896 1109 2175 1164 uberiores
2193 1124 2352 1179 quam
2375 1110 2668 1180 acceperit,
2688 1123 2893 1180 quanto
2917 1112 3093 1182 magis
3113 1110 3503 1167 misericordiae

1896 1201 2262 1258 remuneratio
2287 1201 2478 1258 reddet
2510 1203 2952 1273 multiplicatiora
2978 1219 3102 1275 quae
3132 1203 3349 1261 dederis
3378 1205 3391 1258 !

2491 1339 2720 1402 CAPUT
2758 1341 2898 1399 Vill.

1898 1451 2273 1528 lncogitantem
2298 1471 2514 1512 avarum
2541 1467 2702 1518 morte
2754 1459 2948 1529 urgeri,
2978 1475 3190 1530 euntque
3210 1462 3334 1532 jure
3361 1461 3496 1516 stul-

1971 1557 2076 1602 tum
2106 1550 2315 1606 vocitari
2365 1561 2644 1612 memorata
2675 1550 2944 1624 Evangelii
2971 1552 3082 1611 loco
3125 1571 3144 1608 :
3179 1563 3371 1626 quanta
3393 1571 3502 1614 meo

1970 1641 2072 1696 lius
2117 1646 2345 1715 pecunia:
2390 1643 2796 1714 distribuantur.
2848 1661 3002 1717 quam
3046 1647 3400 1712 retineantur;
3447 1654 3505 1708 ot

1970 1754 2124 1807 quam
2151 1740 2324 1812 inepte
2369 1755 2480 1802 sese
2505 1739 2568 1794 ab
2601 1739 2941 1811 impertienda
2972 1741 3296 1822 eleemasyua
3324 1741 3508 1802 divites

195 1862 383 1925 partus
428 1864 692 1910 terrarum
738 1832 980 1910 vindicat
1019 1854 1208 1921 dives,
1270 1869 1376 1908 non
1427 1868 1535 1924 quo
1577 1855 1694 1923 ipso
1721 1853 1797 1910 uti
1830 1845 1877 1908 Β
1975 1832 2252 1892 θεουδθηεί

198 1949 365 2014 velit,
399 1950 494 2002 sed
523 1947 644 2004 aliis
669 1948 962 2019 denegare.

268 2041 359 2097 '56.
409 2040 600 2107 "abes,
634 2041 804 2111 inquit
831 2084 845 2107 ,
878 2040 1038 2095 multa
1069 2041 1220 2094 bona.
1253 2037 1440 2094 Nescit
1465 2052 1662 2093 avarus
1705 2038 1800 2093 bo-

199 2153 265 2190 na
292 2177 306 2198 ,
339 2136 440 2193 nisi
472 2151 535 2190 ea
563 2150 685 2204 qua:
723 2143 1031 2204 quaestuosa
1059 2145 1213 2198 sunt,
1247 2133 1548 2190 nominare.
1574 2131 1682 2187 Sed
1705 2147 1800 2186 ac-

197 2227 424 2296 quiesco
444 2228 492 2280 ei
519 2268 533 2293 ,
567 2235 625 2282 ut
663 2225 800 2282 bona
823 2226 1071 2281 dicantur
1118 2241 1239 2296 quae
1288 2234 1416 2280 sunt
1463 2211 1797 2294 pecuniaria.

200 2322 312 2378 Cur
341 2337 472 2392 ergo
492 2321 560 2375 de
584 2320 742 2375 bonis
772 2319 944 2376 tacitis
971 2321 1145 2384 mala,
1184 2335 1306 2375 cum
1337 2319 1405 2374 de
1452 2317 1612 2373 malis
1657 2317 1801 2372 bona

199 2418 383 2474 facere
412 2416 694 2476 debeatis?
727 2415 997 2484 Scriptum
1039 2419 1122 2470 est
1166 2414 1310 2468 enim
1371 2431 1383 2467 :
1434 2411 1615 2466 Facite
1663 2410 1802 2465 nobis

201 2512 396 2566 amicos
426 2509 490 2564 de
519 2523 811 2564 mammona
834 2507 1121 2578 iniquitatis
1156 2503 1306 2575 (Luc.
1333 2519 1451 2567 xvt,
1482 2503 1560 2573 9).
1599 2503 1803 2571 Eiorgo

201 2603 292 2674 qui
320 2602 396 2658 uti
420 2601 588 2665 sciat,
621 2600 764 2656 bella
791 2609 915 2654 sunt
947 2616 959 2652 :
1003 2599 1053 2652 ei
1081 2597 1107 2635 ι’
1139 2598 1230 2666 qui
1277 2597 1351 2650 uti
1383 2595 1620 2660 nesciat,
1656 2601 1803 2649 recte

203 2695 364 2750 mala.
397 2676 681 2763 Dis-parsit,
708 2691 851 2748 dedit
879 2691 1191 2762 pauperibus
1213 2731 1228 2751 ,
1252 2689 1461 2758 justitia
1488 2689 1603 2757 ejus
1634 2693 1804 2740 manet

209 2791 264 2844 in
283 2799 526 2844 temnunt
557 2786 677 2859 (Ps.
703 2801 812 2851 CXI,
833 2784 911 2854 9).
937 2784 1078 2852 Quid
1108 2783 1207 2840 hoc
1230 2782 1458 2837 melius?
1491 2780 1640 2834 Bona
1657 2787 1801 2845 sunt,

216 2883 262 2939 si
289 2883 450 2956 575
476 2880 800 2950 pauperibus
824 2878 1104 2948 largioris,
1148 2878 1203 2932 in
1250 2891 1358 2946 quo
1385 2875 1481 2931 tibi
1505 2873 1806 2929 debitorem

221 2978 389 3032 Deum
416 2975 650 3044 quadam
680 2966 892 3044 pietatis
934 2971 1269 3027 feneratione
1308 2969 1628 3023 constituas.
1663 2965 1808 3022 Bona

210 3077 336 3123 sunt
365 3067 412 3124 si
438 3066 650 3136 aperias
679 3065 871 3120 horrea
891 3063 1114 3133 iustitiae
1139 3071 1242 3118 tute
1263 3102 1278 3126 ,
1306 3070 1367 3114 ut
1391 3059 1466 3114 sis
1498 3058 1652 3132 panis
1681 3072 1810 3126 pau-

211 3175 397 3229 perum
418 3200 432 3221 ,
479 3159 583 3212 vita
613 3156 909 3226 egentium,
939 3154 1130 3210 oculus
1159 3167 1450 3216 catcorutn,
1494 3151 1808 3206 orbatorum

212 3253 492 3309 infantium
531 3260 699 3320 pater.

287 3347 377 3402 57.
420 3345 595 3408 Habes
622 3344 766 3400 unde
799 3343 997 3407 iacias,
1027 3341 1152 3410 quid
1181 3339 1385 3398 vereris
1410 3340 1434 3393 ?
1465 3339 1578 3394 'l‘na
1603 3347 1654 3396 te
1680 3351 1812 3393 voce

215 3440 502 3498 convenio.
529 3439 707 3494 Habes
735 3440 900 3493 multa
932 3437 1071 3492 bona
1105 3437 1156 3491 in
1186 3451 1362 3490 annos
1383 3434 1584 3490 multos
1615 3433 1812 3502 posita,

218 3545 373 3605 petes
415 3542 472 3589 et
521 3531 617 3586 tibi
649 3540 701 3586 et
731 3529 854 3586 aliis
894 3529 1193 3588 abundare.
1227 3527 1404 3585 [labes
1432 3525 1814 3584 fecunditatem

225 3627 515 3696 publicam,
541 3622 670 3691 quid
691 3622 928 3678 destruis
971 3622 1164 3679 horrea
1193 3620 1315 3676 tua?
1337 3619 1584 3676 Ostendo
1609 3618 1705 3675 tibi
1729 3617 1816 3678 ubi

222 3718 417 3774 melius
448 3725 534 3770 tua
567 3714 836 3770 frumenta
883 3713 1188 3777 custodias,
1223 3713 1310 3770 tibi
1342 3713 1478 3768 bene
1519 3713 1730 3780 septas,
1763 3719 1820 3766 ut

223 3810 372 3866 fures
394 3826 457 3866 ea
482 3809 578 3863 tibi
601 3807 818 3862 auferre
848 3823 953 3862 non
984 3806 1210 3876 possint.
1242 3804 1461 3864 include
1493 3819 1557 3862 ea
1582 3804 1634 3860 in
1657 3802 1822 3862 corde

227 3917 526 3975 pauperum
548 3941 564 3966 ,
613 3899 702 3954 ubi
732 3915 794 3954 ca
823 3899 1004 3954 nullus
1046 3897 1294 3968 gurgulio
1320 3905 1644 3961 consumat,
1675 3893 1818 3950 nulla

226 4003 539 4063 corrumpat
559 4000 821 4048 vetustas.
850 3992 1023 4046 llabes
1046 3989 1361 4059 apothecas,
1386 3990 1608 4056 inopum
1633 3986 1782 4041 sinus
1809 4003 1822 4038 :

230 4090 400 4146 habes
428 4087 720 4158 apothecas
743 4126 757 4149 ,
786 4084 1070 4140 viduarum
1101 4083 1295 4138 domos
1326 4100 1338 4136 :
1382 4081 1550 4138 habes
1598 4080 1824 4150 apothe-

229 4196 321 4237 cas
343 4223 357 4246 ,
390 4195 484 4234 ora
535 4178 853 4242 infantium,
905 4183 961 4230 ut
991 4175 1202 4230 dicatur
1233 4173 1326 4230 tibi
1359 4191 1375 4229 :
1411 4172 1492 4230 Ea:
1521 4188 1608 4228 ore
1649 4173 1828 4243 infau-

233 4275 360 4328 tium
384 4282 432 4328 et
475 4270 773 4326 luctantium
824 4268 1083 4340 perfecisti
1121 4267 1326 4324 laudm
1357 4265 1530 4337 (Psal.
1567 4281 1659 4320 vin
1683 4306 1697 4331 ,
1747 4262 1827 4336 5).

231 4368 352 4424 Ista!
377 4377 504 4423 sunt
526 4365 828 4436 apotheca,
861 4380 980 4434 qua:
1023 4371 1278 4418 maneant
1311 4363 1362 4415 in
1394 4368 1658 4418 aeternum
1688 4378 1701 4417 :
1729 4359 1830 4420 ista

233 4463 462 4527 horrea,
490 4476 610 4531 quae
658 4457 956 4520 fecunditas
996 4455 1174 4512 futura
1226 4469 1331 4510 non
1377 4453 1644 4512 destruat.
1698 4453 1831 4508 Nam

1973 1945 2061 1999 58.
2096 1944 2330 2014 Deinde,
2365 1946 2548 2014 homo,
2581 1949 2756 2004 nescis
2787 1949 2911 2020 quia
2942 1957 3106 2005 terra)
3129 1957 3343 2019 partum
3377 1965 3510 2018 prato

1903 2035 2050 2090 venit
2071 2036 2187 2092 dics
2209 2039 2420 2100 mortis.
2453 2040 2828 2102 misericordia
2851 2053 3028 2098 autem
3059 2043 3334 2098 incursum
3361 2057 3506 2098 mor-

1905 2128 1974 2181 tis
2015 2129 2286 2184 excludit?
2316 2130 2604 2187 Adsistunt
2650 2133 2759 2203 jam
2791 2134 2880 2205 qui
2928 2144 3218 2204 reposcant
3269 2136 3506 2190 animam

1906 2226 2072 2284 tuam,
2104 2231 2158 2276 et
2210 2232 2264 2274 tu
2295 2221 2471 2277 adhuc
2518 2223 2706 2279 differs
2751 2241 2974 2294 operum
3018 2225 3225 2281 fructus
3272 2237 3506 2284 tuorum.

1906 2316 2095 2373 Adhuc
2147 2329 2201 2372 tu
2255 2320 2348 2375 tibi
2390 2316 2418 2356 ἀ
2469 2329 2710 2391 tempora
2759 2323 2974 2379 vivendi
3021 2325 3177 2395 longa
3236 2325 3509 2381 molaris?

1907 2407 2097 2469 Stulte.
2127 2409 2228 2466 hac
2247 2421 2396 2465 nocte
2419 2422 2654 2482 repetunt
2675 2414 2905 2469 animum.
2927 2426 3068 2470 istaut
3097 2433 3130 2474 a
3151 2424 3201 2470 te
3229 2414 3379 2486 (Luc.
3412 2431 3509 2484 xtt,

1904 2500 2018 2573 :20).
2054 2501 2202 2560 Bene
2225 2504 2300 2560 ait
2325 2513 2518 2570 nocte;
2553 2517 2715 2562 nocte
2759 2508 2906 2562 enim
2958 2510 3137 2568 anima
3165 2510 3314 2564 avari
3347 2525 3509 2580 repo-

1876 2595 2079 2684 _scitur
2109 2615 2120 2650 :
2153 2611 2182 2651 a
2213 2597 2451 2654 tenebris
2481 2598 2701 2668 incipit,
2735 2610 2791 2654 et
2820 2600 2873 2656 in
2905 2602 3146 2657 tenebris
3167 2611 3510 2673 perseverat.

1909 2686 2085 2746 Avaro
2113 2703 2332 2757 semper
2353 2703 2457 2745 nox
2477 2699 2591 2754 est;
2615 2690 2736 2747 dies
2758 2691 2933 2762 justo,
2955 2694 3042 2750 cui
3068 2693 3296 2756 dicitur:
3325 2695 3511 2763 Amen,

1911 2773 2077 2840 aute-tt
2103 2779 2220 2836 dico
2251 2780 2341 2838 tibi
2364 2823 2379 2843 ,
2429 2781 2584 2838 hodie.
2627 2799 2829 2842 meum
2853 2787 2952 2840 rvis
3001 2787 3058 2840 in
3089 2787 3334 2856 paradiso
3357 2787 3512 2858 (Luc.

1910 2887 2040 2930 xxnt
2062 2913 2078 2938 ,
2131 2871 2250 2940 43).
2284 2873 2494 2933 Stultus
2543 2885 2714 2933 autem
2741 2877 2870 2934 sicut
2900 2878 3025 2934 [una
3064 2879 3512 2949 mutatur(Eocli.

1910 2980 2090 3031 xxvii.
2127 2964 2220 3034 12)
2258 2983 2272 3022 :
2295 2967 2432 3039 justi
2473 2978 2646 3027 autem
2671 2969 2945 3040 fulgebunt
2984 2972 3117 3028 sicut
3156 2973 3238 3028 sol
3277 2974 3331 3028 in
3360 2990 3517 3046 regno

1916 3057 2092 3116 Patris
2119 3059 2200 3118 atii
2224 3058 2439 3131 (Matth.
2471 3077 2564 3117 χιιι
2585 3103 2599 3124 ,
2631 3063 2749 3133 45).
2777 3062 2947 3120 Recte
2977 3065 3223 3134 arguitur
3249 3066 3515 3133 stultitia,

1913 3149 2085 3220 quiin
2138 3151 2518 3211 manducando
2571 3161 2626 3212 et
2667 3153 2902 3214 bibendo.
2926 3155 3116 3212 Iocarit
3155 3172 3306 3226 spem
3339 3171 3515 3214 sitam.

1839 3230 1884 3296 C
1921 3241 1989 3296 Et
2039 3242 2160 3302 ideo
2204 3243 2254 3299 ei
2288 3253 2504 3313 tempus
2527 3246 2720 3306 mortis
2771 3256 3020 3316 urgetur.
3046 3247 3342 3308 secundum
3373 3248 3520 3319 quod

1920 3337 2120 3390 dictum
2150 3349 2231 3390 est
2261 3338 2328 3392 ab
2353 3337 2486 3408 ipsis
2515 3340 2604 3408 qui
2634 3339 2777 3410 gulae
2817 3343 3062 3402 serviunt
3095 3357 3111 3400 :
3148 3340 3522 3404 laudum

1920 3438 1964 3482 et
1993 3427 2262 3495 bibamus;
2308 3447 2424 3484 cras
2474 3431 2610 3490 enim
2665 3432 3156 3506 moriemur-(Emi.
3213 3451 3376 3502 χιιι,
3409 3434 3540 3508 i3).'

1922 3520 2090 3585 Recte
2114 3522 2313 3582 dicitur
2335 3522 2553 3587 Stultus,
2576 3523 2700 3593 quia
2727 3525 2922 3586 animae
2947 3541 3060 3585 suae
3075 3528 3378 3598 corporalia
3399 3528 3526 3585 sub-

1925 3613 2234 3680 tniuiStrat;
2278 3613 2404 3683 quia
2434 3615 2682 3674 recondit
2703 3631 2827 3684 quae
2851 3616 2939 3678 cui
2967 3627 3184 3686 servet,
3218 3620 3450 3690 ignorat.

1994 3704 2160 3778 576
2169 3706 2258 3761 59.
2295 3706 2358 3760 Et
2374 3705 2494 3762 ideo
2509 3705 2561 3764 ei
2574 3706 2772 3768 dicitur
2787 3723 2802 3764 :
2823 3708 2952 3775 Quae
2963 3719 3132 3770 autem
3142 3712 3362 3782 parasti,
3374 3715 3525 3785 cujus

1926 3808 2076 3854 erant
2106 3796 2261 3866 (Luc.
2293 3813 2398 3864 xu,
2431 3795 2561 3868 20)?
2591 3799 2730 3864 Quid
2758 3800 3004 3874 quntidie
3049 3802 3287 3870 metiris,
3337 3810 3396 3866 et
3423 3820 3528 3866 ultr

1929 3903 2128 3951 meras,
2154 3897 2210 3942 et
2229 3888 2524 3959 obsiguas?
2554 3889 2694 3958 Quid
2723 3906 2914 3950 aurum
2939 3895 3202 3960 trutinas,
3241 3907 3530 3966 argentum

1933 3981 2246 4054 ponderas?
2273 3982 2485 4051 Quanto
2509 3983 2704 4043 melius
2729 3996 2814 4040 est
2844 3984 3125 4048 liberalem
3164 4001 3287 4046 esse
3308 3987 3531 4059 dispen-

1931 4082 2168 4128 satorem
2188 4117 2201 4140 ,
2225 4089 2386 4145 quam
2432 4075 2728 4136 sollicitum
2763 4078 3042 4138 custodem
3067 4080 3082 4134 ι
3131 4079 3406 4149 Quantum
3435 4083 3532 4144 tibi

1935 4167 2221 4239 prodesset
2246 4167 2313 4222 ad
2339 4168 2590 4239 gratiam.
2630 4169 2925 4230 multorum
2953 4173 3282 4242 pupillorum
3323 4184 3531 4246 patrem

1937 4258 2237 4323 nominari,
2267 4275 2430 4330 quam
2458 4260 2770 4322 innumeras
2796 4269 3032 4322 staterae
3064 4265 3117 4319 in
3147 4266 3369 4326 mulo
3391 4267 3534 4330 (Μ-

1933 4361 2126 4425 gnatas
2147 4351 2378 4410 habere!
2413 4352 2646 4412 Pecunia
2676 4352 2880 4412 etenim
2912 4353 2999 4414 hic
3018 4356 3345 4429 relinquitur
3379 4374 3536 4431 ςενι-

1937 4451 2012 4506 tia
2059 4456 2238 4503 autem
2285 4461 2510 4520 operum
2563 4447 2831 4511 bonorum
2861 4448 3143 4510 nobiscum
3185 4452 3256 4517 ad
3297 4454 3537 4531 iudicem

233 4556 362 4628 quid
387 4557 577 4610 iterum
604 4553 766 4612 facias
787 4597 802 4620 ,
826 4553 872 4610 si
905 4552 996 4608 tibi
1027 4554 1146 4622 plus
1172 4562 1355 4609 natum
1388 4549 1546 4606 fuerit
1574 4564 1716 4608 anno
1745 4562 1834 4606 se-
1941 4541 2122 4603 meriti
2146 4541 2407 4602 defertur.

237 4648 462 4720 quenti?
491 4648 685 4708 lterum
713 4661 842 4717 ergo
889 4655 942 4701 et
987 4646 1075 4700 illa
1116 4645 1368 4702 destrues
1388 4686 1402 4709 ,
1434 4659 1554 4714 qnze
1585 4657 1728 4700 nunc
1760 4642 1835 4696 [ιι-ο
1862 4629 1913 4690 Ι)
2010 4633 2100 4692 40.
2143 4633 2249 4692 Sed
2289 4633 2516 4692 (tutasse
2546 4635 2719 4704 dicas,
2740 4636 2886 4708 quod
2916 4637 3076 4706 vulgo
3100 4639 3287 4696 soletis
3314 4640 3539 4700 dicere:

237 4759 360 4798 cere
389 4756 574 4812 paras,
607 4749 662 4796 et
693 4739 895 4808 majora
926 4738 1111 4796 iacies.
1162 4737 1261 4794 Dat
1290 4737 1434 4792 enim
1463 4737 1555 4794 tibi
1593 4735 1837 4792 fecundi-

241 4844 402 4892 tatem
433 4834 597 4898 Deus,
644 4842 698 4888 ut
729 4842 821 4886 aut
850 4831 1030 4886 vincat
1057 4838 1151 4884 aut
1179 4830 1507 4886 condemnet
1554 4829 1835 4883 avaritiam

241 4941 414 4997 tuam;
445 4947 550 5002 quo
580 4929 983 4984 excusationem
1019 4926 1220 4980 habere
1244 4941 1349 4980 non
1373 4925 1548 4994 possis
1578 4941 1590 4978 z
1618 4935 1670 4978 tu
1709 4940 1838 4980 vero

242 5025 384 5096 quod
437 5041 532 5096 per
562 5032 612 5079 te
657 5023 836 5078 multis
884 5020 1034 5076 nasci
1062 5019 1263 5085 voluit,
1296 5019 1388 5074 tibi
1418 5019 1518 5074 soli
1549 5033 1796 5075 reservas
1820 5060 1836 5086 ,

248 5161 386 5218 Deus
407 5172 602 5226 totum,
633 5171 736 5215 etc.
765 5159 832 5214 Et
861 5167 1006 5214 certe
1037 5158 1145 5212 illis
1169 5158 1348 5212 favent
1372 5170 1502 5212 mss.
1529 5154 1733 5221 aliquot
1760 5166 1842 5212 sat

249 5238 402 5291 boote
433 5247 605 5293 none;
641 5231 733 5285 sed
765 5247 888 5284 cum
914 5233 965 5284 in
999 5231 1165 5284 multo
1193 5230 1434 5301 pluribus
1458 5243 1518 5283 ea
1549 5243 1654 5301 non
1683 5243 1843 5298 repe-

251 5309 357 5362 rirc
383 5309 450 5362 sit
470 5346 483 5367 ,
521 5305 606 5357 hic
635 5303 703 5356 ab
729 5303 863 5358 edit.
890 5302 1015 5358 Gill.
1045 5319 1108 5357 ac
1135 5299 1292 5356 Roiu.
1323 5316 1425 5356 non
1459 5299 1718 5356 recedere
1739 5315 1842 5372 op-

253 5380 439 5433 litnntn
469 5376 638 5430 visum
664 5382 765 5427 est.

326 5459 350 5486 ³
379 5448 580 5503 Omnes
611 5445 738 5500 edit.
773 5454 825 5499 et
849 5444 1001 5512 pauci
1022 5459 1177 5508 mss.,
1207 5444 1488 5515 Conﬁtetur
1509 5458 1694 5496 avarus
1715 5458 1844 5497 sem.

256 5539 346 5591 per
377 5520 651 5574 ubertatem
678 5527 1046 5591 prouentuunt;
1075 5515 1165 5591 alii
1197 5532 1326 5591 mss.
1356 5530 1551 5591 magno
1584 5529 1809 5591 numero
1829 5552 1846 5582 ,

255 5586 312 5646 ut
345 5607 442 5646 nos
487 5592 538 5642 in
578 5598 749 5642 textu.
784 5588 988 5658 Rursus
1027 5586 1156 5640 edit.
1189 5589 1310 5640 Am.
1343 5601 1393 5642 et
1437 5586 1559 5643 Gill.
1596 5586 1648 5640 in
1677 5600 1847 5658 tnarg.

255 5679 379 5717 cum
419 5677 547 5714 mss.
605 5659 795 5723 tribus,
830 5657 1023 5711 vilitate
1067 5659 1330 5712 alimoniae
1355 5660 1604 5714 calcatur.
1652 5657 1850 5710 Eadem

257 5735 380 5789 Gill.
416 5734 469 5786 in
501 5745 730 5798 corpore
757 5738 810 5784 et
855 5731 1037 5792 ltom.,
1079 5729 1322 5786 vilitatem
1352 5729 1614 5783 alimonia:
1655 5728 1854 5784 calum-

260 5807 453 5859 niatur.
488 5802 730 5870 Denique
763 5801 884 5854 Era.
935 5810 989 5855 et
1038 5801 1230 5870 reliqui
1258 5817 1387 5855 mss.
1436 5815 1664 5855 numero
1693 5806 1855 5866 atque

261 5876 581 5946 antiquitate
619 5869 991 5941 potiores,....
1040 5869 1345 5925 calculalttr.
1395 5872 1606 5927 Alicubi
1673 5881 1857 5928 tamen

1943 4728 2060 4784 Non
2087 4729 2351 4788 debemus
2377 4728 2427 4784 ei
2466 4727 2700 4796 donare,
2749 4731 2834 4786 cui
2869 4732 3009 4789 Deus
3041 4732 3116 4788 ita
3142 4734 3450 4801 maledixit,
3485 4743 3544 4798 ut

1940 4841 2066 4880 eum
2085 4839 2243 4895 egere
2260 4823 2444 4880 vellet.
2474 4822 2580 4878 Sed
2610 4838 2719 4880 non
2762 4839 3029 4895 pauperes
3069 4827 3341 4888 maledicti
3371 4869 3388 4891 ,
3418 4843 3542 4888 cum

1941 4920 2198 4989 scriptum
2222 4919 2290 4972 sit
2323 4935 2334 4970 :
2363 4916 2510 4971 Beati
2541 4934 2792 4988 pauperes
2809 4919 2994 4990 spiritu
3012 4962 3024 4986 ,
3050 4920 3291 4990 quoniam
3314 4922 3545 4991 ipsarum

1941 5025 2015 5068 est
2043 5026 2260 5082 regnum
2285 5009 2526 5066 caelorum
2554 5009 2774 5093 (Matth.
2814 5026 2868 5081 v,
2899 5013 2983 5084 3).,
3027 5011 3145 5068 Non
3177 5013 3245 5068 dc
3276 5028 3544 5086 paupere,

1945 5153 2130 5222 legas,
2159 5150 2450 5205 utilitatem.
2488 5193 2500 5205 .
2532 5153 2788 5212 calcat....
2833 5163 2881 5208 et
2929 5154 3180 5211 calculat.
3217 5156 3311 5212 sed
3352 5157 3548 5218 calami

1947 5233 2041 5280 aut
2069 5223 2385 5293 typograpbi
2420 5239 2574 5278 error
2600 5233 2704 5279 cst.

2020 5295 2047 5333 δ
2080 5296 2278 5363 Omnes
2308 5294 2462 5354 edit..
2493 5297 2581 5358 qui
2630 5297 2706 5351 uti
2737 5297 2896 5363 sciat,
2952 5297 3117 5354 multa
3159 5299 3289 5354 bona
3334 5311 3549 5358 διψία..

1953 5367 2090 5436 Quid
2117 5368 2210 5450 itoc
2233 5367 2414 5450 melius
2444 5367 2572 5450 bona
2592 5410 2607 5434 ,
2637 5369 2682 5422 si
2712 5367 3024 5441 pauperibus
3044 5412 3059 5437 ,
3079 5382 3185 5426 etc.
3219 5371 3348 5426 Mss.
3379 5374 3551 5450 magis

1951 5447 2194 5511 apposite
2219 5447 2350 5493 utin
2375 5447 2544 5494 textu.
3489 5447 3494 5450 '

2030 5524 2050 5548 ε
2086 5510 2258 5574 Edit.,
2289 5511 2342 5562 in
2394 5520 2650 5564 auctorem
2699 5509 2818 5566 boni
2844 5511 3010 5580 operis
3033 5511 3185 5568 redit.
3235 5514 3364 5572 Mss.
3393 5530 3554 5578 voces

1954 5584 2070 5639 boni
2099 5583 2269 5648 aperis
2295 5596 2399 5635 non
2431 5590 2750 5650 agnoscunt.
3236 5630 3239 5635 ,
3273 5605 3276 5608 ~

2027 5653 2054 5692 d
2082 5655 2240 5708 Rom.
2275 5655 2433 5726 edit..
2455 5663 2686 5721 tempora
2713 5651 2914 5726 uiuendi
2935 5655 3090 5726 loirga
3111 5657 3392 5721 promittis.
3429 5659 3552 5726 vet.

1958 5743 2079 5783 cum
2119 5739 2249 5786 mss.
2273 5725 2570 5803 ali_qttot,...
2612 5722 2895 5803 meditaris.
2932 5722 3067 5803 _Ms_s.
3101 5735 3280 5803 autem
3311 5722 3558 5803 complu-

1967 5814 2149 5861 res,...
2184 5793 2400 5868 metiris.
2429 5793 2500 5848 At
2542 5794 2791 5868 omnium
2810 5796 3287 5868 _antiquissimi....
3323 5793 3554 5868 metatis.

1961 5870 2094 5938 Quae
2121 5866 2513 5938 signiﬁcatione
2536 5877 2724 5934 parum
2743 5864 3020 5923 diﬂ'erunt.
3348 5889 3350 5892 ν
