4066 6360
202 347 308 403 745

1129 348 1219 404 DE
1257 346 1580 403 NABUTHE
1618 345 2048 403 JI‘IthAlCLITA
2089 347 2291 403 LIBER
2329 346 2528 405 UNUS.

3388 345 3492 402 7&6

201 475 392 520 tectum
419 464 632 520 inducas
656 467 711 520 in
742 465 947 519 domum
991 473 1149 518 tuum.
1183 464 1461 532 Quomodo
1487 464 1585 522 vis.
1612 463 1784 526 dives,
1820 465 1864 524 A
1895 465 2009 516 mit.
2039 463 2275 532 Denique
2302 474 2353 518 et
2379 464 2470 519 Jez
2490 459 2591 516 ibel
2636 459 2802 526 ipsam
2833 456 3191 512 comederunt
3221 470 3404 523 cantes,
3439 467 3493 511 et

201 569 262 614 ut
290 560 432 614 Deus
464 569 516 614 te
541 559 811 623 exaudiat,
842 575 960 613 cum
1000 568 1051 612 tu
1082 559 1243 632 5'78
1295 558 1459 610 Deum
1490 573 1594 611 non
1643 566 1796 622 putes

198 653 572 710 audiendum?
622 653 679 710 Si
731 668 833 708 non
892 653 1260 723 acquiescmur
1314 651 1540 705 arbitrio
1590 649 1792 715 divitis,

198 762 362 803 scena
396 748 772 818 componitur:
799 745 894 802 Dei
944 747 1241 802 insumatur
1269 744 1487 817 injuria,
1537 744 1583 800 si
1615 743 1796 799 divitis

197 841 392 912 petitio
440 841 723 898 refutetur.

821 931 1046 990 CAPUT
1076 930 1168 989 XI.

201 1025 448 1085 Nabuthe
482 1045 513 1084 a
542 1029 736 1084 duobus
773 1029 921 1100 [aliis
947 1028 1156 1083 testibus
1184 1037 1454 1085 accusatus
1497 1027 1794 1098 lapidatur;

269 1124 446 1178 Achab
475 1125 594 1178 inde
633 1123 796 1192 primo
819 1122 1081 1177 tristitiam
1108 1123 1351 1190 simulat,
1407 1136 1528 1175 mox
1579 1121 1633 1172 in
1688 1121 1795 1190 ejus

266 1218 460 1272 invadit
514 1218 900 1282 possessionem.
959 1219 1124 1284 Quam
1180 1218 1481 1273 sententiam
1528 1217 1582 1270 in
1627 1218 1796 1286 ipsum

270 1308 410 1364 Deus
439 1311 883 1380 pronuntiaverit;
911 1321 959 1366 et
990 1312 1275 1379 priesertiin
1309 1327 1400 1363 cur
1426 1308 1713 1362 meretrices
1741 1308 1795 1360 in

263 1404 494 1474 ejusdem
520 1406 771 1476 sanguine
800 1404 1040 1460 dicantur
1094 1422 1203 1460 sese
1233 1405 1517 1459 lavaturw:
1547 1403 1634 1456 ubi
1657 1411 1701 1456 et
1734 1401 1796 1455 de

263 1498 526 1572 supplicio
555 1497 787 1553 .leznbel.

263 1592 354 1649 46.
413 1591 618 1658 Deum,
663 1591 868 1663 inquit,
917 1593 1172 1648 benedixit
1220 1602 1268 1647 et
1308 1608 1478 1665 regem
1523 1589 1631 1663 (III
1662 1587 1791 1660 Reg.

189 1701 321 1752 XXI,
361 1685 492 1758 I0),
522 1687 746 1758 mqualis
777 1687 1030 1742 videlicet
1062 1702 1328 1756 peremta,
1373 1696 1429 1738 ut
1465 1685 1535 1738 sit
1571 1683 1795 1751 mquaIiS

187 1781 542 1836 contumelia.
595 1779 899 1844 Benedixit,
946 1779 1160 1844 inquit,
1206 1777 1370 1833 Deum
1406 1789 1454 1832 et
1493 1796 1683 1852 regem.
1716 1775 1794 1830 Ne

1903 556 2149 609 volucres
2182 560 2301 612 caeli
2330 577 2343 617 ς
2381 568 2430 610 ιιι
2455 555 2833 611 ostenderetur
2855 553 2995 622 quod
3027 553 3281 622 Spiritalis
3307 553 3495 616 nequi-

1901 646 2003 704 lice'
2037 654 2119 702 liat
2153 650 2512 723 579prmda
2560 649 2742 706 divitis
2786 650 3082 710 sepultura.
3147 647 3290 717 Fuge
3337 663 3486 716 ergo,

1899 743 2069 806 dives,
2107 745 2413 808 huiusmodi
2447 748 2669 801 exitum.
2698 746 2804 802 Sed
2840 746 3009 816 fugies
3041 743 3346 808 huiusmodi
3379 743 3493 797 cxi-

1899 849 2030 897 tutu.
2059 841 2100 894 si
2130 841 2328 911 fugeris
2359 841 2660 911 litijitstnodi
2687 841 2966 911 Ilagiltmn.
2993 838 3109 893 Noli
3139 855 3259 893 esse
3285 837 3490 902 Acliab,

1898 945 1955 990 ut
1987 937 2382 1003 possessionem
2418 938 2696 990 liuitituaitt
2729 936 3103 999 concupiscas.
3140 932 3254 988 Non
3281 932 3373 987 tibi
3405 946 3496 986 co-

1900 1030 2104 1087 liabitet
2133 1030 2347 1086 .Ii-zabel
2380 1031 2467 1084 illa
2503 1031 2686 1085 feralis
2715 1029 2939 1085 avaritia
2986 1045 3106 1100 qua:
3148 1028 3242 1082 tibi
3273 1037 3492 1082 cruenta

1899 1126 2217 1198 persuadeat
2239 1146 2250 1180 :
2269 1143 2386 1199 qum
2409 1126 2729 1188 copiditates
2753 1136 2868 1180 tuas
2895 1141 3000 1179 nou
3019 1130 3258 1184 revocet,
3289 1123 3495 1194 sedim-

1900 1221 2067 1290 pellat
2097 1240 2109 1274 :
2138 1238 2259 1292 quac
2291 1233 2342 1276 te
2373 1220 2838 1274 l'aciattristiorem
2864 1220 3026 1272 etiam
3052 1235 3171 1272 cum
3189 1217 3494 1271 desiderata

1901 1314 2205 1385 possederis
2235 1334 2247 1368 :
2279 1331 2398 1388 qua:
2427 1325 2480 1370 te
2512 1313 2672 1368 faciat
2704 1313 2926 1377 nudum,
2951 1328 3072 1368 cum
3130 1312 3280 1368 dives
3309 1312 3491 1366 lucris.

2503 1413 2735 1472 CAPUT
2765 1413 2878 1469 XII.

1899 1508 2126 1564 Avarum
2144 1527 2358 1581 egenum
2386 1527 2446 1564 ac
2468 1513 2745 1580 profugum
2770 1525 2895 1562 esse.
2930 1509 3098 1576 Quam
3135 1507 3363 1581 objectus
3385 1510 3495 1578 fue-

1969 1602 2034 1655 rit
2059 1619 2147 1657 γεω
2178 1602 2350 1656 Achab
2377 1619 2550 1657 coram
2580 1599 2728 1667 Elia;
2746 1601 3080 1672 etquoniodo
3106 1609 3340 1668 peccator
3369 1615 3499 1652 sem-

1971 1714 2060 1765 per
2108 1697 2563 1766 deprehendatur?
2602 1697 2681 1750 Ad
2711 1707 2991 1750 extremum
3039 1695 3220 1748 divites
3271 1694 3339 1750 ad
3370 1694 3498 1765 legi-

1971 1791 2148 1844 timum
2189 1792 2486 1845 divitiarum
2518 1807 2668 1844 usum
2697 1789 3050 1843 stimulantur.

187 1873 412 1930 divitem
458 1873 730 1928 maledicti
761 1889 954 1927 nomen
986 1873 1225 1928 oll'endat
1252 1915 1263 1934 ,
1293 1881 1347 1927 et
1374 1873 1644 1927 sermonis
1677 1872 1793 1940 ipso

1969 1879 2058 1937 50.
2082 1883 2084 1885 ’
2104 1882 2484 1953 Pauperioretn
2513 1883 2654 1936 enim
2681 1897 2738 1937 se
2755 1881 2963 1946 juilicat
2987 1882 3164 1936 omnis
3183 1881 3497 1948 abundans;

185 1967 422 2022 ltrdaiur
470 1983 645 2034 sono,
698 1967 1006 2023 benedictio
1056 1984 1151 2036 pro
1204 1967 1490 2021 maledicto
1542 1978 1788 2019 vocatur.

190 2061 523 2131 Qua'ruutur
564 2061 671 2116 duo
724 2069 887 2116 testes
932 2057 1252 2128 iniquitatis.
1310 2061 1526 2113 Duobus
1566 2057 1795 2112 lt‘rlllllls

193 2165 249 2210 et
305 2155 557 2211 Susanna
589 2162 675 2211 est
721 2157 956 2226 appetita
988 2173 999 2207 :
1031 2153 1168 2210 dans
1215 2164 1379 2208 testes
1425 2163 1478 2207 et
1510 2153 1792 2224 Syuaguga

194 2249 431 2315 invenit,
504 2247 600 2321 qui
639 2249 924 2304 adversum
974 2248 1248 2303 Christum
1307 2249 1434 2303 falsa
1481 2248 1791 2317 Ῑιιρι.ινιιιιι;

192 2342 408 2400 duobus
435 2345 664 2399 testibus
693 2360 726 2415 p
746 2359 896 2413 iupcr
924 2343 1206 2398 Occiditur.
1244 2342 1611 2396 Produxeiunt
1642 2343 1798 2412 igitur

192 2438 445 2496 Nabuthe
471 2441 635 2510 foras,
669 2450 714 2494 et
767 2438 1126 2512 lapidaverunt
1155 2456 1274 2494 eum
1304 2435 1492 2508 (lbid.,
1531 2436 1645 2508 15).
1679 2434 1794 2490 Uti-

192 2551 315 2590 nam
347 2535 436 2590 vel
468 2536 520 2589 iit
553 2539 666 2591 suis
694 2535 744 2590 ei
770 2536 956 2590 liceret
983 2535 1149 2589 mori!
1186 2534 1415 2604 Pauperi
1446 2534 1616 2603 ipsam
1645 2532 1796 2588 dives

193 2630 405 2686 invidet
436 2629 796 2699 sepulturam.

265 2725 359 2780 47.
408 2723 471 2776 Et
504 2726 697 2796 factum
728 2737 821 2788 est,
856 2723 1048 2794 inquit,
1081 2741 1197 2778 cttm
1223 2721 1450 2776 audisset
1479 2722 1652 2776 Achab
1682 2724 1801 2794 quia

195 2827 436 2872 mortuus
457 2805 531 2872 est
579 2817 844 2884 Nabuthe,
875 2819 1128 2872 conscidit
1150 2819 1448 2873 vestimenta
1469 2835 1581 2878 sua.
1610 2829 1658 2873 et
1683 2836 1800 2874 coo-

198 2911 372 2982 peruit
402 2924 456 2966 se
482 2912 671 2966 cilicio.
727 2910 796 2966 Et
837 2916 1032 2983 factum
1061 2925 1135 2965 est
1163 2922 1276 2980 post
1301 2911 1412 2966 ha'c
1433 2957 1446 2972 .
1477 2923 1526 2965 et
1554 2914 1800 2979 surrexit,

197 3014 246 3058 et
268 3004 530 3059 descendit
556 3003 729 3058 Achab
759 3004 828 3058 ad
858 3005 1053 3058 vineam
1079 3002 1323 3060 Nabuthc
1342 3004 1656 3064 Jrzraeliue,
1685 3022 1802 3072 pos-

197 3098 367 3152 sidere
392 3095 703 3170 eam(lbid.,
726 3097 832 3168 l6).
850 3097 1162 3152 lra~Cuntur
1182 3098 1378 3152 divites
1393 3107 1445 3150 et
1463 3098 1798 3151 calumnian-

201 3200 307 3254 tur,
332 3203 384 3245 ιιι
404 3199 650 3256 noceant,
679 3191 721 3245 si
749 3208 855 3246 nou
880 3191 1162 3247 obtineant
1187 3190 1326 3261 quod
1345 3189 1798 3246 desideraverint.

1896 1973 2018 2042 quia
2045 1973 2143 2028 sibi
2171 1975 2361 2030 deesse
2396 1975 2692 2028 arbitratur
2718 1973 2974 2042 quidquid
3008 1974 3074 2028 ab
3099 1975 3219 2028 aliis
3248 1975 3498 2046 posside-

1895 2076 2002 2121 tur.
2035 2065 2174 2120 Toto
2205 2068 2404 2122 mundo
2430 2077 2572 2137 eget,
2597 2067 2751 2131 cujus
2783 2084 2888 2122 non
2912 2068 3058 2134 capit
3086 2068 3316 2122 tnuudus
3347 2069 3499 2137 copi-

1895 2160 2092 2215 ditates
2123 2179 2136 2214 :
2168 2161 2285 2230 ejus
2317 2169 2492 2216 autem
2517 2163 2603 2230 qui
2635 2161 2804 2215 ﬁdelis
2835 2170 2939 2226 est,
2975 2170 3120 2215 totus
3160 2163 3390 2230 mundus
3421 2162 3504 2217 di-

1896 2256 2146 2309 vitiarum
2174 2255 2431 2310 est.Tuto
2458 2255 2660 2309 inuudo
2688 2257 2840 2325 fugit,
2872 2257 2960 2325 qui
2991 2257 3344 2312 οιιιιςὶιιθτξιηε
3371 2274 3502 2314 cou-

1897 2349 2180 2404 scieutiam
2213 2365 2386 2414 suain,
2425 2350 2608 2402 mt’tttll
2640 2349 2997 2418 deprehendi.
3047 2350 3111 2406 Et
3164 2352 3286 2408 ideo
3320 2353 3503 2408 Achab

1898 2442 1963 2496 ad
1990 2442 2158 2496 Eliatn
2191 2443 2488 2498 scentulum
2525 2442 2803 2496 historiam
2853 2445 2948 2507 ait,
3001 2446 3298 2499 secundum
3335 2420 3503 2517 ze'uig-

1900 2548 2040 2593 mata
2071 2547 2249 2593 autem
2284 2537 2433 2592 dives
2483 2537 2548 2591 ad
2583 2553 2874 2607 pauperem
2907 2555 2920 2590 :
2959 2536 3209 2594 Invenisti
3243 2556 3338 2601 ine,
3404 2540 3508 2593 ini-

1898 2633 2062 2687 micus
2113 2649 2252 2686 mens
2300 2630 2490 2704 (ltud..
2538 2631 2654 2702 20).
2700 2632 2870 2699 Quam
2909 2632 3103 2688 misera
3149 2634 3503 2702 conscientia,

1900 2743 2023 2798 quae
2050 2742 2109 2781 Se
2138 2729 2403 2797 proditam
2436 2726 2642 2781 doluit!

1973 2821 2064 2876 51.
2110 2821 2177 2875 Et
2207 2821 2341 2874 dixit
2375 2819 2524 2873 Elius
2568 2818 2633 2872 ad
2683 2835 2804 2874 eum
2842 2838 2855 2874 :
2889 2819 3096 2886 Inveni,
3150 2822 3392 2892 quoniam
3421 2823 3502 2892 [c-

1902 2914 2018 2968 cisti
2040 2915 2229 2967 malum
2252 2914 2303 2964 in
2327 2922 2600 2983 conspectu
2632 2907 2846 2964 Domini
2875 2911 3084 2983 (lbid.).
3107 2913 3220 2967 Rex
3244 2925 3359 2970 i-rat
3388 2915 3502 2982 ille,

1905 3019 1955 3063 et
1987 3023 2078 3062 rex
2106 3007 2365 3063 Samaria:
2411 3006 2599 3061 Achab
2630 3023 2642 3056 :
2689 3006 2834 3061 Elius
2868 3023 3104 3079 panper,
3146 3019 3200 3062 et
3257 3009 3505 3079 indigens

1906 3101 2081 3171 panis,
2110 3101 2194 3154 cui
2219 3097 2484 3153 defuisset
2517 3110 2689 3150 virtus
2710 3099 3034 3164 substantia,
3078 3099 3176 3153 iii~i
3227 3102 3370 3154 corvi
3404 3100 3505 3154 alt-

1908 3193 2144 3247 lliOllInﬂl
2173 3192 2596 3245 iiiiitistrassctit.
2626 3190 2776 3244 Adeo
2797 3190 3002 3260 dl'jt'Clil
3032 3205 3148 3246 erat
3173 3193 3505 3247 conscientia

198 3285 335 3339 Cum
371 3296 549 3342 autem
570 3285 882 3341 calumiiiaii
907 3288 1210 3348 nocuerint,
1231 3288 1414 3341 dolere
1429 3299 1486 3338 se
1503 3287 1794 3340 simulant:
1826 3269 1870 3331 C
1907 3287 2230 3357 peccaturis.
2260 3297 2438 3341 utnec
2461 3284 2656 3356 rrgilis
2683 3285 2938 3355 potentiae
2966 3285 3102 3339 fastu
3139 3289 3501 3343 attolleretur.

195 3380 384 3438 tri~tcs
435 3391 613 3437 tamen
643 3391 699 3436 et
740 3393 1015 3450 tamquam
1064 3381 1274 3444 mwsti,
1334 3397 1437 3436 non
1489 3380 1674 3444 corde,
1705 3378 1798 3434 sed

195 3476 374 3543 Vttllu,
408 3479 458 3530 in
506 3476 864 3547 possessionis
911 3477 1138 3546 dirept:e
1201 3475 1376 3530 locum
1435 3473 1722 3545 prodeunt,
1746 3484 1801 3528 et

195 3567 577 3638 impressionis
603 3585 716 3626 suae
741 3569 1020 3640 iniquitate
1050 3571 1349 3640 potiuntur.

266 3662 359 3720 48.
385 3664 496 3720 Hoc
511 3665 688 3720 divina
707 3676 948 3719 movetur
968 3664 1202 3735 jtistitia,
1224 3675 1510 3719 i-tavarum
1535 3663 1693 3734 digna
1713 3679 1798 3719 se-

194 3761 424 3815 veritate
436 3759 760 3815 condemnat
777 3759 964 3814 dicens
985 3776 998 3812 :
1023 3757 1274 3812 Occidisti
1288 3770 1330 3810 et
1346 3758 1620 3828 possedisti
1635 3760 1798 3812 luere-

195 3851 450 3909 ditateni?
507 3852 731 3928 Propter
765 3853 864 3908 hoc
906 3855 960 3907 in
997 3852 1109 3906 loco
1137 3853 1189 3907 in
1214 3871 1314 3921 quo
1341 3853 1601 3906 tinxerunt
1648 3869 1798 3906 canes

195 3947 505 4020 sanguinem
523 3945 786 4009 Nabuthe,
805 3947 929 3999 ineo
943 3945 1136 4016 lingent
1151 3963 1301 3999 canes
1317 3947 1618 4015 sanguinem
1633 3954 1797 4010 tuum;

198 4049 247 4094 et
290 4040 579 4093 meretrices
622 4039 927 4093 lavabantur
955 4038 1008 4090 in
1040 4038 1291 4108 sanguine
1343 4047 1429 4091 tuo
1458 4035 1648 4110 (Ibid,
1682 4037 1792 4109 l9).

198 4134 556 4207 Quantjiista,
578 4150 735 4207 quam
755 4148 950 4189 severa
963 4133 1253 4191 sententia,
1271 4141 1329 4186 ut
1350 4148 1506 4194 quam
1529 4131 1703 4184 intulit
1722 4132 1799 4184 al-

199 4230 300 4286 teri
317 4231 506 4285 mortis
519 4229 888 4293 acerbitatem,
906 4243 1024 4283 eam
1049 4229 1162 4295 ipse
1191 4225 1380 4280 mortis
1399 4241 1510 4280 sum
1531 4225 1755 4280 horrore
1771 4233 1796 4261 ⁸

197 4323 500 4379 dissolvere
555 4321 908 4393 proderetur!
944 4321 1285 4377 Iuliumatum
1318 4335 1607 4390 pauperem
1657 4319 1794 4372 Deus

195 4415 411 4487 aspicit,
441 4414 629 4470 etideo
653 4414 980 4485 insepultum
1000 4413 1221 4468 divitem
1245 4411 1428 4482 jacere
1449 4410 1719 4477 decernit;
1740 4423 1795 4466 et

197 4515 256 4562 ut
307 4518 547 4563 mortuus
573 4507 683 4563 luat
730 4523 842 4562 suae
875 4504 1171 4576 iniquitatis
1203 4519 1519 4571 utrumnam,
1570 4505 1657 4575 qui
1693 4519 1792 4558 nec

197 4616 410 4661 mortuo
434 4605 637 4675 putavit
663 4620 784 4660 esse
823 4603 1171 4673 parcendum.
1220 4601 1401 4674 Itaque
1439 4600 1678 4655 vulneris
1706 4600 1788 4653 sui

1907 3385 2089 3452 Itaque
2120 3382 2274 3452 quasi
2327 3381 2444 3436 vilis
2475 3392 2525 3436 et
2578 3381 2815 3451 degener
2844 3400 2856 3435 :
2886 3379 3136 3436 Invenisti
3159 3400 3267 3448 ine,
3299 3384 3503 3453 inquit,

1903 3478 2140 3531 inimicus
2169 3492 2306 3529 meus
2341 3492 2353 3527 :
2382 3473 2790 3544 dt-prelietitlisti
2819 3473 2870 3527 in
2926 3491 3011 3529 ine
3043 3493 3159 3541 ιιιιει»
3191 3475 3358 3530 latere
3383 3491 3503 3531 crc-

1901 3573 2095 3628 dcbam
2124 3590 2134 3624 :
2165 3574 2307 3626 nulla
2338 3572 2534 3627 utentis
2567 3586 2701 3624 mete
2741 3571 2947 3624 occulta
2983 3580 3034 3625 te
3075 3570 3265 3625 fallunt
3297 3588 3310 3625 :
3347 3570 3498 3626 inve-

1905 3666 2028 3723 nisti
2063 3683 2178 3733 mc,
2230 3677 2411 3736 patent
2439 3664 2529 3718 tibi
2557 3666 2775 3718 vulnera
2811 3679 2958 3724 mea.
2989 3666 3278 3735 Captivitas
3303 3676 3500 3734 praesto

1903 3772 2004 3817 est.
2038 3761 2314 3816 Invenitur
2346 3771 2619 3828 peccatur,
2649 3773 2768 3812 cum
2801 3757 3053 3826 iniquitas
3082 3759 3199 3826 ejus
3231 3761 3498 3828 proditur,

1899 3857 2074 3925 justus
2123 3867 2301 3908 autem
2341 3853 2511 3908 dicit:
2549 3851 2674 3922 Igne
2714 3868 2793 3905 me
2823 3852 3146 3915 exuuiinnsti,
3179 3865 3224 3905 et
3281 3869 3385 3906 non
3429 3864 3503 3907 est

1902 3951 2106 4003 intenta
2130 3947 2184 4000 in
2210 3963 2286 3998 me
2313 3946 2554 4016 iniquitas
2579 3942 2754 4012 (Psal.
2777 3959 2886 4006 xvi,
2912 3945 2988 4009 ὃ).
3020 3944 3188 3996 Adam
3217 3959 3339 4000 cum
3369 3945 3501 3999 late-

1905 4052 2007 4110 ret,
2061 4045 2310 4098 lll\‘c‘lllIS
2339 4050 2423 4096 est
2452 4059 2464 4094 :
2498 4041 2665 4112 Moy~i
2695 4049 2874 4095 autem
2909 4056 3246 4111 nequaquam
3281 4042 3497 4097 iuventa

1902 4147 1986 4193 est
2013 4136 2287 4206 sepultura
2315 4153 2325 4188 :
2355 4134 2604 4188 inventus
2631 4143 2713 4187 est
2758 4132 2963 4194 Achab,
3011 4151 3115 4187 non
3144 4146 3226 4188 est
3249 4135 3500 4192 inventus

1905 4227 2091 4291 Elius;
2125 4234 2178 4281 et
2220 4225 2480 4295 Sapientia
2511 4225 2602 4278 Dei
2654 4225 2790 4278 dixit
2825 4242 2837 4278 :
2871 4224 3109 4292 anrent
3135 4242 3214 4279 me
3257 4228 3410 4292 mali,
3452 4237 3500 4284 et

1901 4337 2003 4376 non
2057 4320 2312 4374 invenient
2360 4317 2643 4391 (Pronus,
2689 4316 2804 4389 28).
2865 4316 3015 4373 Unde
3039 4319 3166 4374 etin
3209 4319 3499 4390 Evangelio

1901 4414 2085 4490 (Joan.
2116 4429 2228 4476 viti,
2262 4414 2354 4473 '21)
2388 4413 2648 4467 Dominus
2703 4421 2889 4466 noster
2930 4411 3089 4468 Jesus
3133 4419 3494 4484 qua-rebatur,

1899 4519 1953 4563 et
1980 4524 2084 4562 non
2110 4509 2501 4563 inveniebatur.
2527 4507 2690 4576 Culpa
2714 4505 2877 4576 igitur
2902 4517 3177 4562 aui-torem
3200 4524 3354 4564 suum
3375 4527 3496 4580 pro-

1898 4603 2164 4660 dit.Uude
2182 4603 2554 4674 etTltesbytcs
2578 4603 2678 4655 ait:
2709 4599 2911 4664 Ini-eui,
2938 4604 3180 4672 quoniam
3197 4606 3364 4675 fecisti
3385 4622 3496 4657 nia-

196 4716 389 4758 cruore
421 4700 1009 4770 perfusumcadaveriu
1036 4699 1273 4767 Speciem
1304 4697 1504 4750 itineris
1534 4698 1656 4750 vine
1679 4711 1790 4749 suze
1823 4678 1868 4735 υ
1901 4699 2006 4750 lum
2024 4698 2076 4750 in
2106 4707 2382 4763 conspectu
2420 4696 2664 4761 Domini;
2688 4710 2810 4765 quia
2845 4697 3014 4762 cnlpte
3048 4711 3165 4750 reos
3199 4697 3361 4750 tradit
3393 4697 3495 4750 Do-

199 4797 437 4866 prodtdit
455 4796 850 4851 crudelitatem.
885 4793 1144 4849 lla-ccum
1163 4791 1374 4863 pertulit
1407 4789 1794 4861 patiper.dites

198 4893 554 4961 arguebatur;
586 4907 704 4946 cum
728 4890 880 4944 dives
908 4889 1147 4955 excepit,
1169 4903 1370 4956 pauper
1397 4884 1789 4939 vindicabatur.

267 4981 357 5039 49.
392 4985 528 5054 Quid
559 4983 661 5040 sibi
692 4991 872 5038 autem
909 4981 1021 5035 vult
1046 4979 1188 5052 quod
1215 4980 1524 5033 meretrici-8
1551 4979 1795 5031 laverunt

201 5092 259 5132 se
287 5078 338 5134 in
365 5081 626 5150 sanguine
656 5079 772 5145 ejus
795 5095 810 5143 ;
847 5076 948 5131 nisi
975 5074 1109 5130 forte
1142 5083 1200 5128 ut
1228 5070 1528 5128 iiiereiricia
1549 5071 1789 5139 quasdam

206 5169 258 5225 in
304 5173 392 5227 illa
423 5173 636 5229 feritate
666 5171 832 5226 fuisse
879 5172 1021 5242 regis
1053 5167 1271 5237 perfidia
1327 5165 1675 5238 proderetur,
1711 5165 1794 5220 vel

205 5277 424 5322 cruenta
455 5267 713 5332 luxuries,
743 5263 832 5333 qui
853 5264 928 5317 sic
959 5263 1057 5318 fuit
1085 5260 1410 5325 luxuriosus,
1431 5266 1490 5314 ut
1540 5258 1659 5312 olus
1698 5257 1791 5313 de-

199 5357 493 5427 sideraret;
526 5363 606 5416 sic
629 5367 908 5420 cruentus,
933 5365 990 5410 ut
1011 5368 1228 5426 propter
1252 5357 1371 5408 olus
1399 5353 1672 5408 hominem
1696 5366 1790 5407 oc-

199 5448 435 5507 cideret?
464 5453 631 5523 Digna
653 5466 893 5517 avarum,
918 5449 1073 5520 digna
1103 5448 1382 5502 avaritiam
1416 5461 1568 5516 parua
1597 5461 1792 5500 consu-

273 5577 298 5603 τι
336 5567 423 5622 Sic
451 5570 580 5624 edit.
607 5583 797 5621 omnes
825 5583 888 5620 ac
917 5581 1046 5620 mss.
1071 5565 1294 5632 aliquot.
1331 5563 1576 5618 Nonnulli
1600 5572 1778 5618 autem

199 5634 324 5701 alii,
375 5640 651 5696 dissolvere
701 5637 984 5705 iuberetur.
1020 5641 1087 5691 At
1134 5637 1221 5689 alii
1256 5636 1443 5704 majoi-i
1473 5651 1698 5688 numero
1729 5645 1785 5688 et

202 5710 534 5779 antiquitate.
562 5712 836 5766 dissolvere
859 5708 1225 5777 prohiberetur,
1252 5708 1386 5760 torte
1405 5707 1785 5779 perhibentur;

203 5780 301 5831 nisi
328 5785 480 5838 uirilis
506 5785 644 5838 hunc
672 5797 792 5836 esse
820 5791 980 5835 totius
1013 5781 1116 5836 loci
1146 5796 1362 5832 sensum
1398 5797 1410 5831 :
1445 5780 1650 5832 sciltciet
1677 5787 1784 5832 tam

202 5862 437 5925 apertam
481 5870 695 5925 tamque
751 5854 1097 5925 tiiaitil'estaut
1148 5851 1310 5925 [ηιξ-β
1363 5865 1576 5925 pinnam
1647 5851 1785 5916 regis

201 5917 404 5996 Achab,
437 5935 495 5982 ut
524 5943 584 5982 ea
609 5917 942 5995 prohiberet,
980 5943 1046 5982 ne
1069 5922 1294 5980 dissolvi
1316 5936 1406 5978 aut
1432 5921 1578 5977 eludi
1603 5930 1792 5990 po5set

567 6021 846 6082 Ρλτιιοι.
895 6020 1061 6084 XIV.

1899 4791 2112 4855 minus,
2162 4789 2480 4846 innocentes
2529 4799 2709 4843 autem
2751 4805 2856 4842 non
2892 4787 3051 4841 tradit
3084 4788 3136 4841 iu
3170 4798 3491 4857 potestatein

1898 4883 2239 4937 iuiniiCurutn
2299 4899 2540 4938 suorum.
2592 4881 2836 4948 Denique
2865 4881 2992 4936 Saiil
3041 4883 3314 4952 qiuereliat
3362 4898 3490 4938 san-

1895 4986 2040 5030 ctum
2071 4976 2267 5040 David,
2319 4987 2373 5029 et
2429 4977 2670 5028 invenire
2719 4989 2824 5028 non
2859 4983 3067 5044 poterat
3105 4992 3119 5027 :
3155 4975 3315 5027 David
3366 4990 3492 5032 vero

1899 5082 2118 5126 sanctus
2163 5087 2342 5141 regem
2384 5070 2536 5133 Saiil,
2571 5086 2730 5140 quem
2767 5086 2870 5121 uoti
2906 5069 3201 5138 qumrebat,
3254 5063 3484 5138 invenit,

1896 5164 2150 5234 quoniam
2176 5174 2252 5216 lra
2279 5163 2392 5216 .idit
2420 5179 2540 5217 enin
2567 5161 2824 5216 Doiiti.iu~
2860 5162 2910 5214 iu
2938 5171 3257 5229 potestatein
3291 5161 3486 5232 ipsius.

1899 5257 2120 5326 Captiva
2157 5258 2313 5326 igitur
2337 5266 2419 5312 est
2446 5255 2745 5324 opulentia,
2779 5265 3062 5323 paupertas
3094 5253 3282 5308 libera.

1969 5350 2059 5405 δὲ..
2101 5349 2349 5413 Serviiis,
2392 5349 2611 5412 divites,
2645 5360 2707 5399 ac
2760 5346 3011 5399 miseram
3054 5346 3269 5416 quidem
3312 5350 3490 5403 servi-

1900 5453 2092 5509 tutem,
2110 5439 2202 5512 qui
2228 5440 2443 5496 servitis
2465 5438 2664 5501 errori,
2694 5439 2911 5492 servitis
2932 5439 3246 5508 cupiditati,
3269 5444 3487 5500 servitis

1886 5561 2155 5619 accusatio
2179 5560 2451 5614 interfecti
2486 5558 2808 5631 innocentis.
2844 5557 3051 5612 Etenim
3085 5559 3400 5631 plerumque
3427 5565 3484 5618 fit

1890 5645 1946 5689 ιιι
1977 5634 2071 5704 qui
2093 5631 2296 5686 crimen
2325 5631 2542 5700 aliquod
2566 5629 2796 5709 impune
2822 5632 3017 5691 l'etuiit,
3055 5629 3219 5700 ipsam
3253 5629 3486 5698 inipuui-

1890 5717 2051 5760 tatem
2083 5706 2132 5758 iu
2165 5712 2537 5770 ςινςςιιιιιιειιιιιιιι
2566 5706 2888 5770 innocentuc
2912 5711 3244 5758 convertiut.
3279 5707 3336 5759 Et
3363 5710 3485 5762 huic

1893 5769 2319 5842 llltcrpt't'tnlttitlt
2371 5774 2579 5844 vitii-tur
2609 5769 2825 5844 favi-re,
2854 5790 2921 5840 (ιιι
2949 5775 2992 5824 vti
3028 5791 3207 5843 ptui-ts
3241 5781 3480 5844 itum-Im-

1891 5851 2008 5904 sitis
2021 5847 2379 5912 stlitjtllullllt'.
2410 5842 2586 5910 Itaque
2599 5843 2819 5896 vulneris
2834 5862 2908 5897 sui
2925 5863 3008 5896 cru
3020 5842 3102 5898 ore
3124 5842 3482 5914 perfusum-cru

1892 5923 2046 5976 (laver
2068 5917 2355 5984 inspeciem
2373 5915 2573 5985 [niteris
2589 5920 2707 5965 vlli‘l’
2734 5933 2840 5971 sine
2855 5919 3078 5988 prodidit
3101 5923 3478 5977 crudelitatem.

2916 6010 2996 6072 εδ
